2338 3765
973 143 1303 183 FRAGMENTA,

52 226 204 266 Κάσσιον
241 223 361 275 μικρὸν
391 223 607 265 ἀντιστάντες
635 223 756 273 ἔφυγον
789 221 844 258 διὰ
875 222 912 258 τὸ
943 222 1080 259 ἐκείνων

50 286 196 328 πλῆθος·
216 284 245 318 οἱ
266 281 300 318 δὲ
315 282 412 318 ἄλλοι
432 281 469 317 τὸ
486 280 575 317 κατὰ
593 286 679 331 σφᾶς
697 279 920 330 περιέῧλεπον
935 294 942 301 ·
963 280 1029 320 τοῖς
1046 279 1080 315 δὲ

50 341 107 378 καὶ
133 339 346 390 βουλομένοις
366 333 406 384 ἦν
432 338 475 375 τὰ
502 337 703 387 γιγνόμενα.
732 337 832 375 (Ι)ασί
861 336 900 386 γε’
922 335 972 373 τοί
1005 352 1079 373 τινα

17 402 19 405 ”
50 399 160 434 αὐτῶν
171 397 275 433 εἰπεῖν
288 396 343 432 ἐπὶ
354 397 530 442 τεθνηῶτι·
544 394 662 437 «Ἅλις
671 394 834 446 τυράννου
851 393 1045 445 θεραπείας.
1065 411 1079 426 »

49 454 194 493 Οἰκέται
214 454 249 491 δὲ
276 452 316 498 δὴ
343 454 431 504 τρεῖς
459 454 518 502 (3),
548 452 644 504 οἵπερ
670 447 758 498 ἦσαν
784 452 942 498 πλησίον,
969 451 1082 501 ὀλίγον

49 512 187 562 ὕστερον
202 511 373 560 ἐνθέμενοι
386 511 442 548 τὸν
459 510 575 562 νεκρὸν
591 512 637 553 εἷς
653 510 783 562 φορεῖον
798 509 913 547 οἴκαδε
928 508 1080 558 ἐκόμιζον

50 570 105 608 διὰ
121 573 180 616 τῆς
194 572 320 621 ἀγορᾶς
334 569 518 621 ὁρώμενον,
532 568 623 606 ἔνθεν
640 568 699 606 καὶ
714 567 803 605 ἔνθεν
819 567 1081 617 ἀνεσταλμένων

49 631 116 666 τῶν
133 626 482 679 παρακαλυμμάτων,
504 626 737 678 αἰωρουμένας
751 626 794 677 (4)
811 624 872 668 τὰς
890 628 1008 676 χεῖρας
1024 625 1083 685 καὶ

51 686 111 729 τὰς
122 686 178 723 ἐπὶ
190 689 249 723 τοῦ
263 685 448 737 προσώπου
458 682 726 734 πληγάς.Ἔνθα
739 684 845 726 οὐδεὶς
862 683 1010 735 ἄδακρυς
1028 687 1082 729 ἠν,

51 746 137 795 ὁρῶν
164 743 221 781 τὸν
246 744 356 780 πάλαι
383 742 443 780 ἴσα
468 742 527 779 καὶ
547 742 621 779 θεὸν
646 741 859 792 τιμώμενον·
888 741 1022 791 οἰμωγή
1044 756 1080 778 τε

50 801 162 847 πολλὴ
183 801 242 839 καὶ
267 800 374 838 στενὼ
397 802 439 850 (5)
465 800 784 852 συμπαρεπέμπετο
806 799 896 837 ἔνθεν
915 799 973 837 καὶ
992 799 1083 836 ἔνθεν

51 858 308 910 ὀλοφυρομένων
336 859 405 895 ἀπό
430 873 466 895 τε
496 861 564 895 τῶν
591 861 698 907 τεγῶν
717 857 793 895 καθ’
811 857 866 899 οὒς
889 856 929 894 ἂν
954 856 1084 908 γένοιτο

55 916 112 954 καὶ
140 918 174 953 ἐν
199 921 273 959 ταῖς
296 917 382 958 ὁδοῖς
411 915 470 953 καὶ
490 916 684 967 προθύροις.
708 916 778 954 Καὶ
799 914 914 960 ἐπειδὴ
938 913 1084 960 πλησίον

50 977 110 1020 τ’ἧς
129 974 237 1016 οἰκίας
266 973 416 1024 ἐγένετο,
439 973 526 1010 πολὺ
548 974 588 1019 δὴ
614 973 739 1023 μείζων
760 972 893 1018 ὑπήντα
913 972 1085 1014 κωκυτός·

51 1032 297 1079 ἐξεπεπηδήκει
317 1033 357 1082 (6)
377 1031 443 1084 γὰρ
459 1034 481 1077 ἡ
496 1031 580 1082 γυνὴ
603 1031 690 1081 μετὰ
706 1032 832 1068 πολλοῦ
847 1030 951 1082 ὄχλου
967 1045 1086 1080 γυναι-

51 1094 119 1129 κῶν
136 1107 171 1128 τε
193 1089 251 1128 καὶ
265 1092 423 1137 οἰκετῶν,
445 1090 706 1139 ἀνακαλουμένη
725 1088 781 1126 τὸν
795 1088 915 1139 ἄνδρα,
931 1088 990 1125 καὶ
1007 1090 1086 1125 ἑαυ-

50 1148 111 1194 τὴν
145 1147 351 1199 ὀδυρομένη,
380 1147 430 1184 ὅτι
461 1147 574 1195 μάτην
602 1146 769 1199 προύλεγε
802 1146 849 1195 μὴ
871 1145 992 1189 ἐξιέναι
1025 1145 1086 1191 τὴν

51 1207 180 1258 ἡμέραν
211 1207 356 1252 ἐκείνην.
388 1208 450 1257 Τῷ
479 1206 508 1243 δ’
543 1206 609 1252 ἤδη
639 1211 742 1257 μοῖρα
773 1204 966 1257 ἐφειστήκει
1000 1203 1086 1242 πολὺ

51 1264 211 1317 κρείττων
228 1264 249 1310 ἢ
267 1263 356 1301 κατὰ
373 1263 433 1310 τὴν
454 1265 556 1308 αὐτῒς
570 1264 705 1302 ἐλπίδα.

107 1323 243 1361 XXVI.
268 1321 338 1360 Καὶ
367 1322 397 1358 οἱ
428 1319 488 1370 μὲν
507 1322 599 1372 αὐτῷ
629 1320 734 1372 τάφον
759 1319 976 1371 ηὖτρέπιζον,
1000 1321 1030 1357 οἵ
1057 1320 1086 1356 δ’

52 1377 490 1431 αὖτόχειρες,πολλοὺςπρὸ
511 1382 567 1416 τοῦ
587 1378 683 1429 ἔργου
703 1378 967 1427 ἑτοιμασάμενοι
987 1392 1086 1426 μονο-

54 1437 200 1488 μάχους,
217 1436 319 1483 ἡνίκα
332 1435 392 1485 μὲν
409 1435 551 1486 ἔμελλον
566 1435 794 1487 ἐγχειρήσειν,
811 1435 952 1488 ἵδρυσαν
967 1435 1090 1478 αὐτοὺς

55 1497 89 1532 ἐν
103 1495 220 1536 ὅπλοις
241 1493 368 1545 μεταξὺ
386 1498 444 1532 τοῦ
470 1510 507 1531 τε
529 1494 769 1545 βουλευτηρίου
788 1495 847 1531 καὶ
865 1497 924 1531 τοῦ
945 1494 1086 1544 θεάτρου

52 1556 86 1591 ἐν
96 1557 145 1605 τῷ
161 1553 348 1603 Πομπηίου
362 1553 556 1605 περιπάτῳ.
572 1547 641 1591 ὟΗν
659 1554 688 1590 δ’
704 1555 721 1590 ὃ
734 1551 869 1595 τούτους
884 1552 1086 1603 εὖτρεπίζων

53 1612 185 1661 Δέκμος
202 1614 350 1663 Βροῦτος
372 1612 433 1662 (ι),
453 1611 646 1664 προφάσεσι
666 1609 727 1661 μὲν
747 1612 791 1653 ὡς
809 1612 861 1647 ἐπ’
883 1610 990 1659 ἄλλο,
1008 1625 1090 1647 συν-

54 1670 210 1720 αρπάσαι
238 1669 280 1716 δή
309 1685 384 1706 τινα
419 1668 639 1720 βουλόμενος,
670 1671 715 1711 ὡς
745 1667 829 1720 ἔφη,
868 1670 935 1704 τῶν
975 1669 1021 1710 εἷς
1051 1667 1089 1704 τὸ

56 1727 195 1777 θέατρον
212 1727 393 1764 συνιόντων
414 1726 635 1777 μονομάχων,
656 1726 690 1769 ὃς
719 1726 819 1763 αὑτὸν
842 1725 960 1777 ἐκείνῳ
979 1739 1088 1775 προα-

55 1785 272 1835 πεμίσθωσεν
287 1786 431 1835 (ἀγῶνες
443 1784 509 1835 γὰρ
522 1784 599 1821 τότε
612 1780 699 1830 ἦσαν
712 1799 719 1807 ·
733 1783 789 1826 οὒς
803 1783 842 1828 δὴ
860 1784 902 1833 (2)
916 1783 974 1819 καὶ
991 1782 1090 1825 αὐτὸς

57 1840 176 1879 δώσειν
199 1841 333 1891 μέλλων
351 1844 590 1893 προσεποιεῖτο
610 1841 797 1893 φιλοτίμως
818 1840 907 1891 ἔχειν
928 1840 1010 1892 πρὸς
1029 1840 1086 1877 τὸν

56 1899 134 1936 τότε
161 1899 415 1949 ἀγωνοθέτην)·
444 1902 492 1950 τῷ
520 1900 549 1936 δ’
571 1898 660 1951 ἔργῳ
685 1902 706 1945 ἡ
732 1897 935 1950 παρασκευὴ
962 1898 1090 1948 ἐγίνετο

57 1957 111 1994 ἐπὶ
125 1956 181 1994 τὸν
197 1957 308 2008 φόνον,
323 1957 367 1994 ἵν’
383 1957 414 1994 εἴ
426 1973 457 1994 τι
475 1957 732 2008 ἀντικρούσεται
749 1959 815 1994 τῶν
831 1956 983 2007 Καίσαρι
999 1958 1089 2004 ἀμυ-

57 2014 220 2065 νομένων,
236 2015 362 2066 παρείη
381 2017 493 2058 αὖτοῒς
509 2018 530 2061 ἡ
551 2014 703 2066 βοήθεια.
719 2014 868 2056 Τούτους
886 2008 942 2051 οἶν
958 2014 1092 2065 ἔχοντες

56 2071 262 2110 κατέὸαινον
282 2074 320 2109 ἐκ
338 2076 397 2110 τοῦ
418 2073 641 2111 Καπιτωλίου
659 2073 717 2110 καὶ
736 2072 821 2109 ἄλλο
837 2074 978 2109 οἰκετῶν
996 2073 1090 2117 πλῆ-

54 2135 124 2174 θος.
153 2130 436 2180 Συγκαλέσαντες
457 2130 491 2168 δὲ
510 2130 566 2168 τὸν
601 2132 708 2179 δῆμον
732 2129 910 2180 διάπειραν
940 2129 1091 2179 ἔγνωσαν

58 2191 162 2226 αὐτοῦ
181 2189 240 2226 καὶ
261 2191 328 2227 τῶν
352 2192 386 2227 ἐν
413 2189 503 2227 τέλει
521 2189 756 2238 ποιήσασθαι,
775 2191 846 2231 πῶς
869 2188 987 2239 ἔχουσι
1006 2188 1094 2237 γνώ-

59 2262 125 2296 μης
153 2246 237 2298 πρὸς
263 2246 402 2294 αὐτοὺς,
432 2248 574 2298 πότερον
607 2250 652 2290 ὡς
677 2246 861 2298 τυραννίδα
892 2245 1092 2288 παύσαντας

61 2303 282 2353 ἀποδέχοιντο
301 2303 323 2349 ἢ
340 2307 384 2347 ὡς
403 2304 523 2356 φονέας
542 2304 577 2321 **
604 2305 709 2354 μείζω
730 2305 771 2354 (a)
793 2303 885 2341 κακὰ
906 2305 967 2340 ἀπ’
984 2305 1094 2340 αὐτῶν

63 2361 334 2412 ἐκραγήσεσθαι·
355 2363 392 2399 οὐ
409 2362 475 2413 γὰρ
501 2362 568 2400 ἀπὸ
586 2368 710 2413 μικρᾶς
733 2361 882 2403 διανοίας
898 2361 957 2398 καὶ
976 2377 1094 2412 παρα-

61 2422 182 2464 σκευῆς
209 2418 381 2469 γεγονέναι
406 2424 533 2466 ταῦτα,
561 2420 638 2458 οὔτε
658 2420 712 2471 ὑφ’
742 2414 789 2457 ὧν
815 2419 990 2470 ἐπράχθη,
1018 2419 1093 2457 οὔτε

62 2477 118 2514 ἐπὶ
148 2477 202 2520 οὒς
227 2477 420 2524 ἠὸουλήθη·
444 2478 577 2528 μεγάλα
603 2478 669 2528 γὰρ
693 2477 734 2523 δὴ
764 2478 980 2528 στρατόπεδα
1009 2471 1095 2514 εἶναι

61 2534 104 2572 τὰ
140 2535 318 2589 Καίσαρος
350 2536 551 2589 ἐπικουρικὰ
565 2566 574 2584 ,
616 2536 675 2574 καὶ
716 2537 884 2586 μεγάλους
923 2536 1096 2587 ἡγεμόνας

62 2592 137 2635 τοὺς
166 2593 344 2644 διαδόχους
366 2596 468 2632 αὐτοῦ
500 2597 560 2640 τῆς
592 2593 741 2637 διανοίας
767 2593 1093 2643 ἀπολελειμμένους.

65 2649 152 2701 Σιγὴ
181 2650 216 2688 δὲ
242 2651 319 2688 τότε
352 2650 448 2704 παρὰ
484 2651 522 2689 τὸ
547 2652 647 2699 ἄηθες
685 2653 718 2689 ἐν
754 2651 888 2703 θορύὸῳ
924 2655 984 2697 τῆς
1008 2651 1094 2701 γνώ-

65 2723 130 2757 μης
151 2708 261 2754 πολλὴ
283 2704 323 2755 ἦν
347 2708 388 2760 (4)
401 2739 409 2754 ‚
431 2709 711 2761 καραδοκούντων
731 2709 890 2756 πάντων,
908 2709 927 2746 ὅ
943 2725 975 2746 τι
996 2711 1096 2761 πρῶ-

64 2781 119 2803 τον
141 2768 185 2809 ὡς
205 2767 238 2803 ἐν
258 2769 307 2819 τῷ
327 2768 445 2819 τοιῷδε
466 2766 673 2816 τολμηθείη,
692 2767 752 2804 καὶ
781 2767 891 2818 ἄρξειε
914 2770 974 2813 τῆς
1001 2782 1095 2804 νεω-

65 2824 270 2874 τεροποιίας.
314 2824 376 2863 Ἔν
412 2825 522 2876 τούτῳ
556 2824 592 2862 δὲ
627 2825 767 2876 Μάρκος
802 2828 970 2877 Βροῦτος,
1007 2823 1097 2862 κατὰ

66 2881 196 2928 πολλὴν
216 2882 365 2933 ἡσυχίαν
385 2887 443 2921 τοῦ
468 2883 578 2932 δήμου
597 2882 636 2921 τὸ
655 2883 779 2933 μέλλον
796 2882 1074 2935 προσδεχομένου
1086 2911 1095 2929 ,

68 2940 267 2992 σωφροσύνῃ
284 2956 322 2978 τε
346 2941 420 2992 βίου
441 2940 497 2978 διὰ
512 2941 637 2984 παντὸς
655 2941 847 2991 τιμώμενος
872 2941 964 2978 κατά
979 2940 1095 3000 τεωεῦ-

69 2999 184 3035 κλειαν
211 2998 400 3049 προγόνων,
429 2999 489 3036 καὶ
508 2998 570 3045 τὴν
598 2999 656 3036 ἀπ’
678 3001 782 3037 αὐτοῦ
803 2998 986 3036 ἐπιείκειαν
1012 3002 1097 3035 εἶναι

2096 156 2167 189 447

1142 230 1241 269 siiqno
1262 232 1354 262 sociis
1373 233 1597 273 aliquantisper
1620 236 1818 274 restiterant,
1849 238 1974 276 propter
1996 237 2171 270 multitudi-

1143 296 1214 318 nem
1232 288 1482 321 adversar-nnnin
1507 293 1536 322 in
1560 293 1663 330 sugam
1687 303 1718 323 so
1734 294 1899 326 dederunt.
1926 296 2047 335 Reliqui
2064 300 2170 328 antem

1142 354 1253 375 omnes
1273 347 1395 377 nonnisi
1421 358 1487 379 snae
1510 353 1737 389 prospexerunt
1759 352 1870 390 saluli;
1898 354 2058 384 nonnullis
2077 354 2171 385 etiam

1144 402 1225 433 baud
1247 403 1351 434 invitis
1375 414 1423 435 res
1447 407 1570 438 accidit.
1596 410 1689 439 Certe
1710 418 1791 440 nnus
1814 419 1924 441 eorum
1945 412 1983 441 au
2010 414 2172 443 mortuum

1143 460 1257 491 dixisse
1272 462 1371 492 fertur
1391 475 1397 493 ι
1412 476 1426 489 «
1443 465 1527 494 Satis
1540 467 1586 496 est
1600 468 1728 505 prmsnn
1745 469 1878 506 tyranno
1892 469 2044 508 obsequii.
2063 483 2077 496 »
2093 473 2173 501 'san-

1143 517 1215 548 dem
1231 519 1312 549 servi
1330 520 1411 558 tres,
1429 521 1483 560 qni
1499 530 1593 561 prope
1607 523 1754 562 aderant,
1782 526 1889 564 paullo
1907 530 1975 565 post
1988 527 2121 558 cadaver
2142 527 2174 558 in

1143 575 1288 607 lecticam
1303 576 1485 616 impositum
1499 579 1629 610 «lonium
1645 583 1844 620 reportarunt
1860 592 1914 622 per
1931 585 2033 614 sorum
2045 608 2053 623 ,
2067 585 2108 615 ita
2122 586 2175 623 nt,

1144 634 1273 665 elevatis
1291 636 1427 674 utroque
1441 636 1538 667 latere
1551 637 1677 676 aulaeis,
1700 648 1811 670 manns
1831 640 2042 680 dependentes
2065 643 2174 673 vnlne-

1146 701 1243 732 raqne
1257 693 1345 723 facici
1365 694 1630 733 conspicerentur.
1645 698 1726 727 'lTurn
1750 697 1852 728 virum
1871 699 1981 730 videns
2000 702 2116 739 pariter
2137 709 2175 731 ac

1144 751 1239 781 deum
1254 750 1347 781 modo
1360 750 1561 789 honoratum,
1574 761 1667 783 nemo
1678 762 1738 784 non
1751 755 1958 794 lacrimabat3
1974 757 2081 796 iugens
2102 767 2175 790 cnm

1145 809 1328 840 lamentatio
1345 811 1376 840 et
1392 809 1527 847 gemitus
1553 811 1700 850 utrinque
1718 815 1967 853 prosequebatur
1984 817 2175 855 plorantium

1146 868 1176 898 in
1195 867 1305 906 tectis,
1320 866 1351 897 in
1370 868 1448 906 viis,
1463 868 1495 898 in
1513 869 1692 908 vestibulis,
1712 870 1902 911 ubicumque
1919 882 2031 913 corpus
2046 875 2177 907 transse-

1146 925 1286 956 rebsstnr.
1314 925 1374 956 Ubi
1402 926 1530 957 demum
1559 926 1599 957 ad
1630 927 1712 958 aedes
1737 930 1867 960 Caesaris
1888 932 2177 972 appropinquabat,

1147 984 1215 1014 tum
1226 992 1301 1014 vero
1316 983 1417 1014 multo
1428 984 1528 1023 major
1539 985 1725 1015 occurrebat
1739 985 1885 1024 ejulatus.
1899 989 1976 1018 Nam
1991 990 2179 1028 prosiluerat

1147 1050 1228 1072 uxor
1245 1051 1317 1072 cum
1342 1042 1513 1073 mulierum
1536 1050 1764 1082 servorumque
1784 1045 2004 1084 multitudine,
2029 1047 2179 1078 invocans

1147 1108 1261 1130 nomen
1278 1100 1399 1138 mariti,
1417 1108 1490 1131 cum
1514 1101 1588 1131 tletu
1607 1109 1640 1132 se
1656 1101 1755 1140 ipsam
1770 1110 1939 1141 accusans,
1963 1104 2047 1143 quod
2066 1105 2180 1136 frustra

1147 1166 1220 1188 eum
1236 1159 1477 1197 praemonuisset
1499 1168 1538 1190 ne
1553 1158 1648 1189 domo
1665 1159 1715 1190 die
1738 1159 1799 1190 ista
1819 1160 1969 1199 prodiret.
1994 1163 2033 1192 At
2055 1162 2097 1193 illi
2111 1165 2180 1194 tum

1148 1216 1248 1247 fatum
1262 1216 1327 1254 J'am
1344 1217 1479 1248 instabat
1493 1217 1594 1248 multo
1608 1217 1684 1248 illud
1698 1226 1794 1257 quam
1817 1227 1873 1258 pro
1890 1219 1997 1250 uxoris
2021 1223 2181 1260 exspecta-

1149 1274 1235 1305 tione
1252 1275 1423 1314 potentins.

1190 1335 1306 1364 XXVI.
1339 1337 1384 1365 Ac
1409 1333 1441 1364 hi
1471 1333 1598 1373 quidem
1621 1334 1716 1364 sunus
1740 1333 1955 1373 adornabant;
1984 1344 2183 1375 percussores

1150 1410 1224 1433 vero
1238 1402 1355 1433 multos
1367 1402 1459 1433 antea
1472 1402 1661 1442 gladiatores
1677 1402 1877 1442 collegerant,
1891 1412 1982 1443 quos,
1996 1404 2048 1435 ubi
2065 1405 2184 1436 Caesari

1150 1472 1263 1494 manus
1282 1464 1399 1494 illaturi
1413 1465 1502 1494 erant
1513 1487 1522 1502 ,
1539 1465 1677 1494 armatos
1692 1465 1773 1495 inter
1794 1465 1915 1496 curiam
1932 1467 1963 1497 et
1979 1466 2138 1498 theatrum
2153 1467 2183 1499 in

1151 1526 1291 1565 Pompeii
1304 1526 1528 1557 deambulacro
1545 1526 1788 1558 collocaverant.
1809 1529 2004 1559 Instruxerat
2017 1538 2070 1560 cos
2091 1530 2184 1561 Deci-

1151 1597 1221 1620 mus
1235 1590 1372 1626 Brutus,
1393 1589 1492 1620 verbo
1509 1590 1602 1620 tenus
1615 1591 1652 1621 ut
1671 1590 1875 1629 gladiatorem
1896 1599 1934 1622 ex
1949 1591 1985 1622 iis
2004 1592 2056 1631 qni
2079 1601 2116 1623 eo
2135 1593 2185 1624 die

1150 1651 1306 1691 prodituri
1335 1652 1368 1682 in
1392 1652 1553 1683 theatrum
1578 1653 1810 1685 conveniebant
1835 1654 2016 1693 quendam,
2045 1656 2097 1695 qui
2127 1657 2184 1697 ipsi

1151 1712 1236 1752 prius
1259 1722 1292 1744 se
1314 1714 1441 1753 accepta
1466 1714 1610 1745 mercede
1626 1714 1797 1754 elocasset,
1826 1716 2021 1756 corriperent
2047 1718 2186 1757 (scilicet

1151 1774 1216 1805 ludi
1230 1774 1404 1812 gladiatorii
1421 1774 1498 1805 tunc
1515 1775 1605 1805 erant
1617 1798 1625 1812 ‚
1643 1783 1723 1814 quos
1742 1784 1841 1814 quum
1865 1776 1930 1815 ipse
1947 1786 2075 1816 quoque
2093 1779 2186 1810 cdere

1151 1836 1264 1874 vellet,
1279 1836 1451 1867 simulabat
1463 1844 1495 1866 se
1514 1836 1718 1867 aemulatione
1733 1835 1867 1867 ductum
1885 1845 1958 1867 cum
1977 1846 2014 1869 eo
2031 1839 2085 1878 qui
2110 1843 2186 1871 tunc

1152 1897 1264 1929 edebat
1275 1921 1284 1936 ,
1300 1897 1527 1936 contendere);
1547 1906 1580 1928 re
1595 1906 1670 1928 vera
1687 1899 1794 1929 autem
1811 1900 1979 1938 apparatus
1996 1900 2047 1932 ille
2064 1901 2102 1931 ad
2121 1911 2185 1933 cae-

1153 1959 1224 1990 dem
1238 1959 1433 1999 pertinebat,
1449 1960 1498 1997 nt,
1513 1959 1537 1989 si
1552 1958 1627 1998 quid
1641 1958 1763 1990 adversi
1782 1968 1821 1990 ex
1842 1959 2084 1992 defendentibus
2107 1964 2181 1994 Cre·

1153 2030 1255 2052 sarem
1276 2021 1448 2058 accideret,
1471 2022 1586 2061 praesto
1611 2021 1732 2052 adesset
1751 2022 1916 2054 auxilium.
1945 2023 1999 2054 llis
2015 2023 2109 2062 igitur
2125 2026 2187 2064 gla-

1155 2083 1330 2114 diatoribus
1357 2083 1480 2123 aliaque
1509 2092 1674 2114 servorum
1700 2085 1826 2115 caterva
1850 2085 1956 2124 stipati
1985 2095 2002 2117 e
2033 2088 2188 2127 Capitolio

1155 2145 1396 2177 descemlerunt.
1412 2148 1456 2176 Ac
1470 2147 1645 2176 convocato
1660 2145 1793 2185 populo,
1810 2146 1983 2184 periculum
2001 2147 2067 2186 ejus
2079 2151 2109 2179 et
2124 2158 2187 2180 ma-

1155 2207 1342 2246 gistratuum
1357 2206 1458 2237 facere
1471 2206 1653 2244 voluerunt,
1664 2206 1823 2245 quomodo
1837 2209 1939 2238 essent
1951 2208 2066 2247 affecti,
2080 2213 2187 2241 utrum

1156 2277 1188 2299 se
1205 2269 1241 2299 ut
1266 2267 1450 2298 liberatores
1473 2268 1504 2298 et
1521 2267 1735 2306 tyrannicidas
1759 2269 1923 2307 excepturi
1945 2270 2067 2307 essent,
2092 2279 2133 2301 an
2151 2273 2186 2302 nt

1156 2329 1296 2360 sicarios.
1323 2329 1356 2345 **
1374 2338 1448 2359 mox
1463 2328 1583 2368 majora
1607 2329 1701 2359 etiam
1716 2329 1798 2359 mala
1818 2329 1848 2359 in
1866 2330 2092 2368 rempublicam
2110 2331 2187 2362 irru-

1156 2392 1249 2431 ptura
1264 2399 1347 2430 esse3
1362 2399 1434 2421 nam
1450 2390 1534 2421 baud
1551 2398 1648 2429 parvo
1669 2390 1798 2421 consilio
1813 2392 1843 2421 et
1857 2394 2006 2430 apparatu
2023 2391 2091 2423 baec
2108 2393 2190 2423 facta

1157 2461 1223 2484 esse
1233 2461 1334 2492 neque
1344 2461 1454 2483 eorum
1467 2451 1521 2491 qui
1535 2451 1723 2491 peregissent
1736 2474 1744 2489 ,
1758 2460 1860 2490 neque
1873 2460 1981 2482 eorum
1992 2454 2100 2483 contra
2111 2462 2190 2492 quos

1157 2515 1277 2545 structa
1290 2514 1410 2552 essent3
1424 2521 1553 2552 magnos
1567 2521 1632 2544 esse
1643 2513 1776 2544 Caesaris
1792 2512 1948 2543 exercitus
1961 2513 2139 2552 auxiliares,
2154 2522 2191 2544 ac

1158 2583 1287 2615 magnos
1308 2574 1405 2606 duces
1426 2574 1569 2613 relictos,
1588 2574 1641 2614 qui
1657 2573 1787 2604 consilia
1805 2574 1874 2613 ejus
1900 2575 2065 2614 coeptaque
2086 2583 2190 2614 perse·

1158 2637 1341 2677 querentur.
1357 2638 1448 2667 Tunc
1461 2635 1555 2675 igitur
1573 2636 1701 2675 propter
1714 2634 1759 2666 rei
1776 2634 1949 2666 novitatem
1963 2635 2064 2666 altum
2078 2635 2108 2665 in
2123 2644 2191 2671 ma-

1158 2706 1217 2737 gna
1230 2696 1409 2728 animorum
1428 2695 1667 2735 perturbatione
1689 2697 1757 2727 erat
1773 2695 1931 2726 silentium
1944 2720 1952 2734 ,
1974 2695 2096 2726 cunctis
2112 2704 2192 2735 prae-

1158 2758 1346 2790 stolantibus
1361 2757 1514 2797 quidnam
1540 2757 1678 2796 primum
1701 2756 1732 2787 in
1760 2758 1849 2787 tanto
1871 2757 2053 2788 discrimine
2084 2757 2191 2788 ausuri

1158 2821 1276 2858 essent,
1294 2819 1454 2859 quodnam
1470 2827 1576 2849 rerum
1590 2827 1745 2849 novarum
1765 2818 1846 2849 soret
1860 2817 1995 2849 initium.
2011 2820 2046 2849 In
2063 2818 2121 2849 bac
2137 2826 2192 2857 po-

1159 2879 1225 2919 puli
1240 2880 1252 2910 s
1253 2881 1346 2911 utura
1356 2878 1567 2918 exspectantis
1576 2878 1806 2917 tranquillitate
1817 2880 1860 2909 M.
1876 2879 2006 2917 Brutus,
2020 2878 2192 2909 honoratus

1159 2942 1211 2972 ille
1227 2941 1267 2971 ob
1286 2940 1534 2971 moderationem
1551 2948 1606 2979 per
1621 2941 1720 2970 totam
1735 2939 1802 2978 ejus
1815 2940 1913 2970 vitam
1936 2939 2138 2979 conspicuam
2152 2939 2191 2970 si-

1160 3002 1290 3041 mulque
1323 3001 1364 3032 ob
1393 3000 1524 3039 gloriam
1552 3000 1709 3039 majorum
1740 3001 1771 3031 et
1799 3009 1897 3039 quam
1921 3000 1979 3040 ipsi
2011 2999 2191 3030 tribuebant

72 3124 100 3151 3.
118 3120 165 3152 Cf.
182 3121 312 3160 Appian.
330 3123 371 3160 ll,
388 3124 442 3153 118
456 3123 536 3153 extr.
552 3124 681 3153 Sueton.
698 3126 747 3154 82.
766 3140 806 3145 --
821 3125 849 3153 4.
869 3121 1155 3162 αἰωρουμένας]
1170 3120 1383 3160 αἰωρουμένων
1397 3118 1466 3150 cod.
1484 3120 1614 3150 Sueton.
1630 3118 1651 3149 l.
1668 3119 1688 3149 l.
1710 3130 1717 3149 ε
1740 3119 1942 3155 Exanimis,
1967 3115 2188 3154 diffuqicnti-

73 3164 132 3196 bus
149 3168 281 3197 cunctis
292 3190 300 3204 ,
316 3168 537 3207 aliquamdiu
544 3169 670 3207 J'acm't,
688 3169 791 3200 donec
804 3169 931 3199 leeticae
944 3169 1139 3207 impositum
1152 3191 1159 3204 ‚
1176 3166 1382 3206 dependente
1398 3166 1551 3204 brachio,
1566 3168 1634 3197 tres
1647 3165 1773 3196 servula·
1788 3164 1923 3195 domum
1938 3162 2138 3193 retulerunt.
2150 3179 2189 3187 -.‚

76 3213 103 3241 5.
120 3211 261 3252 στενὼ]
275 3213 371 3243 στένω
386 3213 504 3253 codex3
521 3214 545 3245 si
559 3215 695 3253 genuina
709 3223 784 3253 vox,
798 3213 940 3244 addenda
953 3214 1071 3245 lexicis.
1088 3216 1124 3244 ln
1141 3215 1240 3244 antec.
1256 3213 1312 3243 ’ίσα
1322 3214 1373 3243 καὶ
1388 3215 1467 3244 Θεοῦ.
1480 3217 1557 3243 -6.
1575 3209 1875 3249 ἐξεπεπηδήκει]
1894 3209 2064 3244 ἐξεπηδήκει
2081 3206 2188 3260 codex,

115 3259 226 3290 XXVI.
255 3264 281 3290 1.
306 3259 437 3300 Attingit
453 3261 520 3291 baec
533 3261 663 3300 Appian.
680 3263 726 3298 11,
747 3264 811 3292 122.
824 3278 864 3282 —
878 3265 906 3291 2.
923 3260 988 3301 δὴ]
1007 3261 1037 3292 δὲ
1049 3260 1118 3292 cod.
1133 3279 1170 3283 -—
1185 3263 1214 3291 3.
1231 3261 1331 3291 Locus
1345 3258 1502 3290 turbatus.
1520 3258 1671 3297 Supplere
1688 3256 1786 3296 possis
1796 3256 1832 3287 Ὁ
1847 3256 1877 3285 δὲ
1891 3256 1983 3293 δῆμος
1997 3252 2189 3291 ὑπελαμὸανε

76 3303 125 3335 vel
138 3304 237 3337 simile
247 3305 335 3344 quid.
352 3324 390 3328 -—
403 3310 432 3337 4.
448 3319 469 3338 π
480 3318 496 3338 ο
507 3308 523 3337 λ
531 3307 548 3337 λ
558 3308 577 3344 ἡ
595 3307 614 3346 ἦ
624 3306 660 3347 ν]
676 3308 788 3344 πολλὴν
802 3307 915 3339 codex.
