2338 3765
563 311 623 354 94-

131 388 280 434 joseph.
306 389 351 422 A.
371 386 404 421 J.
429 384 537 430 ΧΥΙ,
559 395 600 429 9,
624 385 670 423 4:
694 378 807 429 Πέρας
826 378 921 416 οὐδὲν
946 381 1032 430 ὁρῶν
1052 381 1118 415 τῶν

79 443 316 495 περιεστώτων
336 455 452 478 κακων
479 439 543 488 (1),
565 437 653 486 ἔγνω
676 437 779 473 πάλιν
804 438 850 479 εἷς
871 435 1048 485 (Ρώμην
1030 451 1120 473 απο-

80 503 251 548 στέλλειν,
275 499 305 536 εἴ
317 515 349 536 τι
370 497 507 535 δύναιτο
528 493 751 547 μετριώτερον
772 497 880 545 εὑρεῖν
904 494 958 531 διά
989 509 1024 531 τε
1054 495 1119 530 τῶν

80 561 185 613 ’,φίλων
206 575 264 596 και
285 556 367 607 πρὸς
394 554 494 592 αὐτον
524 552 687 604 Καίσαρα
712 551 774 598 τὴν
801 552 958 603 ἐντυχίαν
979 551 1120 597 ποιησό-

81 633 203 667 μ·ενος
226 618 326 653 κάκεῖ
347 613 408 663 μὲν
429 615 446 650 ὃ
462 610 694 662 Δαμασκηνὸς
713 609 817 661 ἀπῄει
836 610 1017 652 Νικόλαος.

132 677 237 712 Idem
254 676 306 711 ib.
322 675 434 720 XVI
455 684 519 716 10,
539 671 587 708 8:
602 668 658 707 Τὰ
678 669 744 720 γὰρ
764 668 842 720 περὶ
864 667 926 713 τὴν
948 665 1122 706 Νικολάου

82 732 268 785 πρεσὸείαν
305 728 419 775 ἀπέὸη
457 732 573 765 τοῦτον
607 726 664 763 τὸν
695 726 835 776 τρόπον.
875 724 940 767 Ως
977 724 1121 768 ἀν’ἧλθεν

88 795 132 834 εἰς
150 790 211 835 τὴν
235 788 380 838 Ῥώμην
403 786 461 824 καὶ
489 801 568 838 περι
589 784 650 831 τὴν
671 783 779 830 αὐλὴν
807 783 958 853 ἐγένετο,
989 784 1123 832 πρῶτον

88 849 149 900 μὲν
166 851 227 887 οὐκ
242 850 293 898 ἐφ’
310 850 357 889 οἷς
371 844 528 891 ἐληλύθει
546 843 660 892 μόνον,
682 842 771 879 ἀλλὰ
790 842 848 878 καὶ
868 840 1041 879 Συλλαίου
1053 854 1116 875 κα-

87 922 209 958 τηγορε
197 911 243 943 εῖν
260 904 369 950 ηξίου.
396 902 466 940 Και
480 903 509 939 οἱ
525 899 672 953 Ἄραῧες
690 901 786 945 δῆλοι
803 898 869 950 πρὸ
885 901 946 943 τ·7,ς
963 895 1120 947 ἐντυγίας

89 969 177 1011 ἦσαν
190 963 359 1008 ἀλλήλους
374 962 616 1009 πολεμουντες,
634 957 693 995 καὶ
709 955 1000 1001 υπονοστήσαντες
1017 953 1050 997 ἐξ
1064 954 1122 989 αὖ·

88 1038 148 1060 του
166 1037 225 1059 και
242 1023 291 1058 τῶ
308 1018 439 1057 Νικολ
420 1034 470 1055 αω
483 1016 730 1068 προσελθόντες
754 1014 814 1056 τὰς
831 1012 964 1054 ἀδικίας
987 1010 1125 1052 ἁπάσας

91 1080 253 1130 ἐμήνυον,
277 1077 335 1115 καὶ
355 1092 421 1114 των
442 1075 589 1113 '060'806
614 1076 658 1116 ὡς
679 1071 932 1123 διαφθαρέντων
950 1068 1121 1106 πλείστων

90 1139 222 1189 ἐκφανῆ·
235 1134 406 1185 τεκμήρια
418 1133 638 1184 παρέγοντες.
659 1134 770 1169 Ἠσαν
785 1130 851 1180 γὰρ
864 1144 922 1165 και
935 1143 1001 1164 των
1012 1142 1125 1176 γραμ-

95 1196 214 1245 μάτιον
236 1209 340 1230 αυτου
358 1191 448 1229 κατὰ
463 1190 524 1236 τὴν
543 1190 733 1227 ἀπόστασιν
748 1185 974 1239 υρηρημένοι,
994 1200 1054 1221 και
1072 1182 1127 1221 διὰ

91 1253 218 1291 τούτων
233 1252 294 1298 ἥλε
298 1266 394 1302 γχον.
407 1249 482 1288 ‘O
466 1249 500 1286 05
515 1247 688 1290 Νικόλαος
705 1245 882 1296 ἐπιτυχίαν
897 1243 1024 1289 ταύτην
1039 1244 1126 1294 ὁρῶν

94 1328 187 1349 αυτω
217 1307 554 1362 προσγεγενημένην,
580 1307 621 1343 δι
652 1306 755 1351 αὐτης
782 1300 1063 1355 επραγματεύετο
1091 1299 1129 1337 τὸ

95 1352 236 1418 μέλλον
256 1367 400 1417 ἐπείγων
421 1368 509 1404 ελΟε
483 1381 528 1401 ειν
549 1366 593 1407 εἷς
614 1362 803 1413 διαλλαγὰς
825 1359 966 1412 Ἡρώδη
986 1362 1130 1404 ποιῆσαι

94 1427 282 1478 Καίσαρα·
314 1425 430 1475 σαφῶς
429 1424 516 1494 ’,γὰρ
536 1422 709 1468 ἠπίστατο
731 1418 955 1471 βουλομένω
950 1418 1010 1455 μὲν
1040 1418 1128 1453 ἀπο-

93 1485 202 1535 λογήσ
184 1488 308 1522 σασθαι
327 1498 406 1533 περι
426 1485 472 1519 ων
496 1480 640 1532 ἔπραξεν
670 1481 731 1516 οὐκ
755 1478 893 1516 ἔσεσθαι
911 1476 1130 1528 παρρησίαν·

96 1544 243 1581 ἐθέλοντι
272 1540 306 1578 85
334 1545 537 1590 κατηγορεῖν
572 1536 766 1586 Συλλαίου,
788 1535 992 1586 γενήσεσθαι
1012 1532 1130 1584 καιρὸν

96 1601 183 1653 ὑπὲρ
204 1599 361 1665 Ηρωδου
381 1598 504 1648 λέγειν.
537 1594 766 1634 Συνεστώτων
797 1597 854 1631 οὐν
876 1594 929 1630 ἐπ’
963 1591 1133 1637 ἀλληὶους

96 1669 155 1691 και
175 1653 325 1697 δοθείσης
343 1650 496 1701 ἡμέρας,
526 1647 715 1697 Νικολαος,
739 1646 918 1698 παρόντων
950 1646 1043 1681 αὐτω
1065 1645 1131 1679 τῶν

98 1712 221 1763 Ἀρέτα
234 1725 298 1761 πρε
285 1708 425 1754 έσὸεων,
445 1707 489 1744 τά
505 1722 541 1744 τε
559 1705 649 1743 ἄλλα
665 1704 850 1756 κατηγόρει
866 1718 926 1741 του
947 1684 1133 1747 Συλλαίου,

101 1770 163 1814 τήν
195 1785 232 1805 τε
263 1771 321 1804 τοῦ
347 1765 515 1817 βασιλεως
554 1764 731 1801 ἀπώλειαν
772 1762 881 1812 λέγων
911 1776 970 1798 και
997 1760 1134 1797 πολλῶν

99 1827 266 1899 Ἀρρίὸων,
286 1823 454 1876 χρηματά
473 1838 508 1860 τε
534 1825 579 1866 ὡς
602 1821 654 1867 εἴη
683 1819 938 1870 δεδανεισμένος
966 1818 1020 1856 ἐπ’
1040 1817 1116 1855 οὐδὲ
1120 1833 1135 1853 ν

100 1884 170 1936 ὑγιὲ
158 1902 209 1930 .ς,
229 1900 287 1922 και
302 1898 401 1934 μοιχε
389 1882 483 1924 .ίαςε
471 1880 560 1924 ἐξελε
564 1896 659 1931 γγων
673 1896 709 1918 ου
723 1882 789 1917 τῶν
809 1881 842 1916 ἐν
862 1876 1004 1930 Αραὸίᾳ
1022 1875 1137 1927 μόνον,

101 1942 190 1980 ἀλλὰ
218 1942 276 1979 καὶ
305 1943 372 1977 τῶν
405 1941 438 1976 ἐν
468 1938 592 1989 Ρωμη
613 1939 805 1988 γυναικῶν·
826 1935 1017 1988 προσετίθει
1046 1934 1080 1971 85
1100 1934 1139 1972 τὸ

102 1999 275 2049 μέγιστον,
304 2001 348 2041 ὡς
381 1996 624 2042 εξαναστήσειε
659 1995 822 2048 Καίσαρα
837 2025 846 2043 ,
884 1994 989 2044 μηδὲν
1017 1992 1139 2039 ἀληθὲς

102 2057 196 2094 ὀιδά
184 2074 239 2101 ας
259 2057 322 2094 υπὲ
328 2072 344 2108 ρ
373 2072 440 2093 των
461 2055 601 2106 <ιΗρωδη
629 2054 894 2106 πεπραγμένων.
920 2052 1022 2095 εΩς
1004 2050 1039 2089 05
1058 2056 1140 2098 ἡκεν

103 2115 160 2153 ἐπὶ
172 2119 289 2153 τοῦτον
300 2116 356 2152 τὸν
369 2115 488 2162 τόπον,
504 2116 521 2150 ὃ
538 2113 599 2162 μὲν
616 2114 751 2164 Καῖσαρ
764 2111 889 2163 ἐξειργε
892 2127 908 2147 ν
925 2110 1026 2148 αὐτον
1041 2125 1141 2147 τουτο

106 2173 205 2221 μόνον
226 2172 327 2216 ἀξιῶν
346 2171 430 2223 ὑπὲρ
447 2171 606 2222 ‘Hp‹·'›806
623 2171 746 2219 λέγειν,
763 2172 807 2212 ὡς
821 2171 857 2207 οὐ
876 2168 1039 2220 στρατιὰν
1055 2169 1143 2218 ἤγα·

105 2246 161 2280 γεν
194 2232 238 2273 εἷς
269 2230 445 2281 Ἀραὸίαν,
473 2229 560 2278 μηδὲ
594 2227 778 2278 δισχιλίους
809 2226 867 2264 καὶ
902 2226 1145 2267 πεντακοσίους

108 2288 337 2325 ἀποκτείνειεν
358 2291 425 2324 τῶν
447 2290 533 2333 ἐκεῖ,
564 2286 650 2335 μηδὲ
682 2284 924 2336 αἰχμαλώτους
953 2283 1055 2320 λάῧοι
1083 2282 1144 2327 τὴν

107 2345 232 2398 χώραν
263 2345 469 2397 διαρπάσας.
492 2343 585 2395 Πρὸς
614 2348 723 2380 ταῦτα
751 2345 768 2379 ὃ
789 2342 978 2387 Νικόλαος,
999 2360 1013 2373 «
1036 2340 1145 2414 εΥπὲρ

109 2404 256 2472 τούτων,
275 2403 357 2455 ἔφη,
386 2419 445 2440 και
468 2402 620 2451 μάλιστα
651 2400 813 2450 διδάξειν,
843 2399 894 2436 ο’τι
921 2398 1027 2449 μηδὲν
1053 2415 1075 2444 η
1104 2398 1147 2434 τὰ

111 2463 191 2499 πλ
163 2462 257 2499 ειστά
266 2477 314 2520 γε
341 2462 451 2497 αὐτῶν
484 2462 520 2497 οὐ
546 2459 699 2509 γέγονεν,
732 2460 778 2500 ὡς
811 2473 852 2495 συ
885 2457 1057 2505 ἀκηκοας,
1088 2472 1147 2493 και

114 2519 243 2555 δίκαιον
253 2523 304 2590 γἣν
326 2518 378 2555 ἐπ’
401 2519 513 2558 αὐτοῖς
537 2517 701 2567 γαλεπως
727 2515 900 2567 φέρειν.»
929 2515 1023 2565 Πρὸς
1052 2514 1086 2551 85
1111 2515 1148 2551 τὸ

114 2575 305 2627 παράδοξον
329 2576 505 2626 Καίσαρος
526 2573 677 2616 ἐνδόντος
698 2573 798 2610 αὑτον
817 2572 1002 2624 ἀκροατὴν,
1033 2588 1070 2610 το
1096 2571 1150 2609 δά-

115 2651 148 2671 νε
155 2650 202 2671 ιον
223 2634 327 2670 εἷπων
344 2636 410 2670 τῶν
431 2631 665 2670 πεντακοσίων
693 2631 872 2668 ταλάντων
898 2647 957 2668 και
976 2630 1038 2677 τὴν
1065 2645 1150 2678 συγ-

117 2708 267 2744 γραφην,
296 2693 329 2728 ἐν
353 2696 374 2740 ᾗ
396 2706 453 2728 και
477 2706 575 2728 τουτο
600 2706 640 2736 ην
667 2705 1008 2741 προσγεγραμμενον,
1030 2688 1151 2732 ἐξεῖναι

118 2767 178 2796 της
197 2750 406 2800 προθεσμίας
423 2750 532 2800 παρε)
526 2748 657 2793 Οούσης
678 2748 777 2799 ρύσια
798 2748 954 2798 λαμὸάνε
960 2764 987 2784 ιν
1008 2746 1041 2791 ἐξ
1062 2747 1152 2783 ἁπά-

120 2824 181 2854 σης
196 2811 256 2853 τῆς
269 2806 398 2857 χώρας,
413 2806 473 2851 τὴν
490 2806 549 2855 μὲν
564 2788 743 2857 στρατείαν
758 2807 818 2843 οὐκ
831 2805 1069 2857 ἐπιστρατείαν
1085 2805 1154 2842 ἔλε-

122 2881 194 2916 γεν,
210 2864 298 2901 ἀλλὰ
318 2864 451 2901 δικαίαν
471 2866 537 2900 τῶν
554 2864 645 2901 ἰδίων
661 2864 847 2909 ἀπαίτησιν
863 2862 1053 2916 χρημάτων
1067 2878 1074 2886 ·
1095 2863 1154 2900 καὶ

123 2921 212 2971 μηδὲ
226 2922 315 2973 ταχὺ
332 2922 474 2967 ταύτην,
494 2922 581 2971 μηδὲ
595 2924 639 2963 ὡς
656 2922 838 2972 ἐπέτρεπον
857 2924 892 2959 αἱ
906 2921 1102 2972 συγγραφαὶ
1116 2922 1155 2940 *²⁶

123 2981 290 3024 πολλάκις
305 2981 365 3029 μὲν
391 2980 447 3017 ἐπὶ
465 2982 689 3031 Σατουρνῖνον
715 2980 853 3017 ἐλθόντα
871 2980 930 3017 καὶ
945 2979 1156 3028 Οὐολόμνιον

124 3039 200 3082 τοὺς
217 3042 276 3084 τῆς
297 3038 423 3090 Συρίας
444 3038 633 3087 ἡγεμόνας,
655 3056 668 3071 «
686 3039 879 3075 τελευταῖον
899 3037 933 3074 85
962 3039 995 3074 ἐν
1013 3039 1156 3089 Βηρυτῷ

130 3097 253 3133 τούτων
269 3095 416 3133 ἐναντίον
433 3095 606 3134 Συλλαίου
621 3095 682 3141 τὴν
703 3095 765 3140 σὴν
786 3094 893 3145 τύχην
906 3094 1154 3145 ἐπομόσαντος,

1130 3167 2173 3179 -——-—-—--—————————

169 3209 219 3237 (ιἰ.
244 3208 322 3242 Quae
337 3208 526 3245 sequuntur,
543 3205 599 3235 etsi
626 3214 696 3235 non
706 3205 838 3235 laudatis
853 3205 971 3236 Nitolai
998 3204 1134 3235 historiis
1147 3205 1336 3241 asar-,unlus
1356 3201 1540 3242 apponenda
1556 3202 1662 3232 tamen
1678 3198 1879 3237 curavimus,
1898 3198 1981 3237 quod
1999 3198 2038 3229 ad
2060 3196 2178 3229 Nicolai
2201 3204 2249 3227 ies

885 206 1086 245 NICOLAI
1116 206 1406 245 DAMASCENI

1665 301 1723 332 94.

1221 389 1327 423 Quum
1354 385 1478 417 nullum
1503 384 1551 416 tot
1580 383 1736 414 malorum
1765 384 1856 413 finem
1881 383 2030 422 reperiret
2055 384 2212 421 Herodes,

1181 452 1344 483 constituit
1357 452 1471 482 iterum
1488 451 1622 480 Romam
1641 448 1782 486 mittere,
1797 448 1823 479 si
1838 447 1914 488 quid
1929 448 2105 479 amicorum
2114 449 2214 488 gratia

1182 523 1213 553 et
1229 521 1375 561 precibus
1390 519 1474 559 apud
1490 521 1649 551 Caesarem
1665 519 1834 558 impetrare
1846 518 1967 558 aequius
1981 520 2096 558 posset.
2117 521 2214 558 Lega-

1183 592 1302 624 tionem
1320 590 1456 630 suscepit
1468 589 1617 621 Nic-olaus
1634 591 1858 620 Damascenus.

1226 672 1343 706 Nicolai
1367 671 1481 712 legatio
1503 671 1587 702 hunc
1608 670 1640 702 in
1665 669 1796 701 modum
1817 671 1979 702 successit.
1998 672 2028 701 ls
2052 671 2217 710 postquam

1185 743 1317 773 Romam
1333 741 1364 771 et
1380 740 1412 770 in
1424 739 1527 770 aulam
1542 741 1692 777 venerat,
1707 747 1770 769 non
1783 747 1819 769 ea
1832 739 1957 770 tantum
1969 762 1978 777 ‚
1995 746 2133 778 quorum
2146 747 2219 780 ergo

1186 810 1316 847 missuS,
1343 807 1492 847 exsequi,
1515 807 1569 838 sed
1586 807 1670 838 ultro
1692 807 1843 847 syllaeum
1870 815 2018 839 accusare
2044 809 2218 840 constituit.

1186 880 1266 910 Nam
1278 877 1394 909 Arabes
1404 902 1412 916 ‚
1429 876 1611 916 priusquam
1625 883 1699 906 cum
1712 874 1749 906 iis
1762 874 2006 914 colloqueretur,
2021 877 2128 915 aperte
2140 876 2221 907 inter

1186 953 1218 976 se
1236 943 1480 982 dissentiebant,
1495 942 1638 982 'quorum
1660 941 1802 972 nonnulli
1815 950 1916 981 quum
1932 950 1965 973 se
1981 950 1999 972 a
2014 942 2129 981 Syllaeo
2144 942 2221 973 sub-

1187 1012 1367 1051 duxissent,
1385 1011 1426 1042 ad
1438 1010 1604 1043 Nicolaum
1621 1018 1654 1041 se
1670 1010 1869 1050 applicuere,
1883 1010 1967 1041 facta
1987 1009 2094 1041 omnia
2107 1010 2223 1049 injusta

1187 1082 1215 1113 ei
1249 1081 1421 1113 indicantes
1433 1105 1442 1120 ,
1473 1079 1708 1118 manifestisque
1740 1078 1862 1109 indiciis
1894 1077 2094 1110 ostendentes
2106 1102 2115 1117 ,
2150 1087 2223 1109 eum

1189 1153 1307 1184 multos
1321 1161 1360 1183 ex
1384 1150 1505 1183 obodae
1516 1148 1699 1181 hominibus
1711 1148 1903 1180 interfecisse
1921 1161 1928 1180 :
1943 1157 2043 1188 quum
2057 1148 2141 1180 enim
2160 1147 2225 1179 dis-

1189 1216 1362 1248 cessionem
1385 1215 1547 1254 fecissent,
1565 1214 1724 1254 subreptae
1742 1215 1829 1246 erant
1852 1213 1969 1252 literae,
1993 1213 2109 1254 quibus
2125 1213 2226 1253 ipsum

1191 1279 1431 1320 redarguebant.
1460 1282 1563 1317 Quam
1588 1287 1657 1310 rem
1681 1278 1740 1310 sibi
1761 1277 1855 1310 valde
1881 1281 2094 1318 opportunam
2117 1276 2229 1308 videns

1191 1343 1338 1376 Nicolaus
1348 1366 1356 1380 ‚
1375 1350 1411 1373 ea
1426 1341 1574 1373 utebatur
1588 1340 1628 1372 ad
1641 1340 1672 1371 id
1686 1339 1771 1380 quod
1785 1340 1843 1371 sibi
1856 1339 2013 1380 agendum
2026 1340 2111 1378 erat,
2127 1339 2230 1370 modis

1192 1403 1338 1435 omnibus
1353 1402 1483 1434 studens
1493 1426 1501 1442 ‚
1515 1403 1552 1433 ut
1566 1404 1724 1433 Caesarem
1747 1409 1820 1432 cum
1834 1400 1959 1432 Herode
1973 1401 2004 1431 in
2023 1401 2155 1440 gratiam
2178 1409 2229 1432 re-

1192 1466 1260 1497 dire
1281 1466 1408 1496 faceret.
1432 1465 1528 1496 Certo
1545 1463 1629 1495 enim
1655 1463 1796 1502 sciehat,
1821 1463 1845 1494 si
1869 1462 1964 1494 vellet
1989 1461 2122 1494 Herodis
2148 1462 2231 1494 facta

1193 1526 1379 1565 defendere,
1395 1533 1458 1556 non
1470 1526 1654 1557 habiturum
1674 1524 1882 1563 audientiam;
1902 1525 1950 1556 sin
1966 1525 2116 1564 Syllaenm
2139 1533 2231 1556 acen·

1193 1599 1262 1622 sare
1277 1592 1501 1629 constitueret,
1516 1591 1582 1622 sore
1598 1592 1634 1621 ut
1649 1590 1772 1621 occasio
1787 1590 1844 1621 sibi
1858 1589 1987 1621 daretur
2010 1588 2141 1622 Herodis
2160 1598 2233 1620 cau·

1195 1663 1263 1687 sam
1280 1655 1391 1686 melius
1403 1655 1525 1694 agendi.
1543 1655 1728 1686 contestata
1743 1654 1838 1694 igitur
1853 1653 1908 1685 lite
1930 1652 2077 1693 dictaque
2093 1653 2161 1693 die,
2175 1653 2230 1685 Ni—

1197 1717 1319 1755 colans,
1351 1715 1576 1748 adsistentibus
1603 1716 1661 1748 sibi
1683 1717 1787 1747 Aretae
1814 1715 1945 1755 legatis,
1975 1717 2006 1746 et
2030 1715 2091 1746 alia
2118 1715 2235 1755 Syllano

1197 1777 1386 1818 objiciebat,
1402 1782 1434 1810 et
1450 1777 1535 1818 quod
1556 1778 1620 1818 regi
1640 1786 1697 1809 sno
1712 1777 1914 1817 Arabumque
1935 1776 2044 1808 multis
2065 1777 2234 1817 perniciem

1186 1843 1371 1882 attulisset,
1386 1843 1536 1883 quodque
1553 1843 1592 1874 ad
1605 1841 1855 1883 perturbandum
1869 1843 1987 1873 statum
2003 1841 2152 1882 pecunias
2168 1851 2237 1873 mu-

1199 1907 1255 1938 tuo
1263 1906 1446 1945 sumpsisset
1456 1916 1464 1943 ;
1480 1914 1552 1936 eum
1563 1906 1658 1936 etiam
1669 1904 1819 1944 arguebat
1828 1903 1976 1935 mulieres
1987 1903 2164 1944 corrupisse
2171 1905 2236 1935 tam

1201 1971 1310 2001 Romae
1326 1977 1423 2009 qnam
1442 1969 1473 1999 in
1499 1968 1612 2016 Arabia
1634 1980 1640 1998 :
1668 1968 1717 2007 et,
1734 1967 1821 2007 quod
1843 1966 2019 1997 maximum
2043 1966 2146 2004 esset,
2161 1965 2237 2005 adji-

1203 2031 1323 2070 ciebat,
1339 2033 1499 2062 Caesarem
1513 2030 1680 2069 alienasse,
1698 2029 1785 2069 quod
1801 2030 1901 2069 ipsum
1915 2028 1993 2060 nihil
2010 2028 2075 2059 veri
2094 2027 2134 2059 de.
2146 2027 2240 2067 gestis

1203 2094 1243 2125 ab
1257 2093 1380 2125 Herode
1393 2092 1546 2123 docuerit.
1563 2092 1624 2123 Ubi
1640 2093 1746 2123 autem
1759 2090 1801 2122 ad
1816 2091 1901 2121 hunc
1913 2091 2019 2122 locum
2035 2092 2165 2122 ventum
2179 2091 2239 2129 est,

1204 2164 1276 2187 eum
1295 2155 1513 2195 interpellabat
1526 2156 1644 2193 caesar,
1658 2153 1772 2193 Jubens
1785 2153 1847 2184 hoc
1862 2161 1961 2184 unum
1981 2153 2098 2185 diceret
2114 2152 2154 2183 de
2175 2153 2240 2184 He-

1206 2217 1281 2248 rode
1292 2242 1300 2256 ,
1314 2225 1419 2248 annon
1432 2216 1606 2247 exercitum
1625 2215 1657 2246 in
1678 2214 1822 2246 Arabiam
1836 2214 1980 2245 duxisset
2002 2215 2033 2245 et
2047 2213 2095 2246 bis
2109 2214 2195 2245 mille
2210 2215 2242 2246 et

1206 2280 1396 2320 quingentos
1418 2279 1561 2310 homines
1587 2278 1648 2309 illic
1673 2277 1858 2316 occidisset,
1887 2278 1918 2308 et
1943 2275 2065 2316 direpto
2089 2284 2163 2316 agro
2185 2276 2241 2308 ab·

1207 2343 1348 2374 duxisset
1361 2343 1524 2382 captivos?
1538 2341 1584 2372 Ad
1600 2341 1668 2371 licec
1680 2341 1828 2372 Nicolaus
1840 2364 1848 2379 ‚
1861 2340 1899 2371 de
1915 2339 1962 2371 his
1973 2349 2006 2371 se
2022 2339 2071 2371 vel
2084 2340 2222 2371 maxime
2233 2364 2242 2379 ‚

1208 2404 1268 2442 ait,
1280 2404 1392 2435 docere
1405 2411 1510 2443 posse,
1528 2403 1595 2433 haec
1608 2403 1721 2442 partim
1739 2402 1815 2433 nihil
1828 2401 1942 2433 habere
1956 2401 2039 2441 veri,
2053 2403 2169 2442 partim
2181 2410 2243 2433 non

1210 2467 1252 2497 ita
1273 2466 1354 2497 facta
1377 2467 1412 2497 ut
1429 2467 1462 2497 tu
1482 2465 1646 2505 accepisti,
1672 2473 1729 2495 nec
1746 2465 1783 2495 ut
1801 2464 1842 2495 ob
1864 2473 1900 2495 ea
1922 2463 2035 2495 merito
2060 2473 2245 2496 succensere

1210 2527 1325 2559 Herodi
1351 2527 1475 2559 debeas.
1504 2527 1559 2558 ilis
1580 2528 1695 2567 praeter
1711 2526 1889 2566 opinionem
1915 2526 2049 2566 auditis,
2069 2527 2101 2558 et
2121 2528 2246 2558 Caesare

1211 2591 1411 2622 attentiorem
1428 2599 1461 2621 se
1475 2590 1634 2630 praebente
1644 2613 1652 2629 ,
1667 2598 1768 2629 quum
1782 2590 1938 2620 narrasset
1950 2588 1989 2620 de
2008 2588 2185 2628 quingentis
2199 2590 2246 2620 ta-

1213 2655 1303 2687 lentis
1313 2657 1425 2686 mutuo
1438 2654 1519 2685 datis
1530 2678 1538 2693 ‚
1556 2653 1638 2684 etde
1651 2653 1827 2693 syngrapha
1839 2676 1848 2692 ,
1863 2653 1894 2682 in
1910 2660 1974 2692 qua
1993 2653 2121 2683 cantum
2143 2651 2247 2683 fuerat

1214 2726 1248 2755 ut
1278 2724 1385 2755 liceret
1413 2722 1546 2761 Herodi,
1571 2722 1625 2753 ubi
1646 2722 1712 2753 dies
1737 2722 1915 2762 praestituta
1936 2720 2095 2758 cessisset,
2119 2721 2247 2760 pignora

1214 2795 1325 2826 capere
1338 2795 1377 2817 ex
1392 2786 1537 2817 universa
1557 2785 1698 2816 Arabum
1713 2785 1815 2823 terra,
1833 2784 1915 2814 hanc
1933 2783 2164 2823 expeditionem
2183 2792 2247 2815 non

1214 2850 1446 2890 expeditionem
1466 2857 1532 2880 esse
1550 2848 1647 2885 dixit,
1666 2847 1720 2879 sed
1734 2847 1826 2886 justis
1845 2846 1885 2878 de
1905 2846 2005 2878 causis
2020 2846 2165 2888 pecuniae
2188 2844 2246 2877 sibi

1214 2913 1329 2944 debitae
1354 2912 1563 2943 exactionem.
1594 2912 1701 2950 Neque
1719 2911 1825 2940 tamen
1846 2909 1908 2940 huc
1932 2909 2114 2940 festinanter
2132 2907 2246 2940 decur-

1217 2976 1291 3007 risse
1305 2975 1460 3006 Herodem
1472 2999 1480 3013 ,
1497 2973 1551 3005 sed
1571 2975 1641 3013 post
1654 2972 1756 3004 aditos
1779 2971 1945 3011 aliquoties
1959 2970 2058 3010 Syriae
2077 2970 2172 3001 duces
2189 2972 2247 3002 Sa·

1217 3037 1359 3068 turnium
1374 3038 1404 3067 et
1417 3035 1627 3067 Volumnium
1642 3047 1648 3065 ε
1664 3047 1678 3061 u
1691 3033 1826 3073 denique
1839 3057 1847 3071 ‚
1864 3033 2030 3072 postquam
2045 3030 2127 3071 apud
2147 3033 2246 3071 Bery-

1218 3101 1286 3131 tum
1301 3099 1349 3129 his
1360 3106 1466 3129 coram
1480 3097 1614 3137 Syllaeus
1626 3105 1680 3136 per
1692 3097 1780 3126 tuam
1795 3095 1952 3125 fortunam
1963 3093 2108 3132 jurasset,
2119 3093 2248 3124 omnino

129 3255 229 3291 gestas
244 3252 401 3291 pertinent
417 3254 448 3283 et
467 3252 649 3291 pr30babilit‹
652 3261 666 3281 r
683 3260 827 3289 magnam
845 3253 964 3290 partem
976 3260 1014 3282 ex
1032 3251 1127 3282 Nic·ol
1121 3251 1149 3280 ιί
1166 3259 1224 3289 op(
1228 3259 1259 3280 ie
1275 3249 1463 3288 deprompta
1479 3249 1563 3278 sunt.
1578 3265 1619 3270 —
1636 3251 1661 3278 1.
1682 3245 1838 3285 Loquitur
1851 3244 1890 3276 de
1906 3244 2030 3276 Herode
2045 3244 2098 3284 qui
2111 3243 2172 3273 ob'
2165 3252 2247 3273 irru-

131 3299 270 3336 ptionem
289 3297 318 3328 in
343 3299 489 3330 Aiabiam
509 3299 622 3328 factam
638 3300 803 3328 ··‹wusatus
819 3297 901 3336 *pud
920 3299 956 3328 C
958 3306 1096 3334 1·‹2‚ar11n
1112 3306 1210 3336 quum
1226 3296 1272 3326 1κι
1255 3296 1316 3335 gati
1332 3295 1370 3326 ad
1386 3304 1512 3326 causnn
1528 3294 1755 3326 defendendam
1775 3295 1906 3324 Romam
1921 3291 2005 3323 missi
2021 3300 2052 3322 re
2070 3291 2183 3322 infecta
2199 3298 2247 3321 re-
