<?xml version="1.0" encoding="UTF-8"?>
<!DOCTYPE html PUBLIC "-//W3C//DTD XHTML 1.0 Transitional//EN"
    "http://www.w3.org/TR/xhtml1/DTD/xhtml1-transitional.dtd">
<html xmlns="http://www.w3.org/1999/xhtml" xml:lang="en" lang="en">
 <head>
  <title>
</title>
<meta http-equiv="Content-Type" content="text/html;charset=utf-8" />
  <meta name='ocr-system' content='tesseract 3.04.00' />
  <meta name='ocr-capabilities' content='ocr_page ocr_carea ocr_par ocr_line ocrx_word'/>
</head>
<body>
  <div class='ocr_page' id='page_1' title='image "./fragmentahistori03mueluoft_0568.png"; bbox 0 0 2338 3765; ppageno 0'>
   <div class='ocr_carea' id='block_1_1' title="bbox 150 201 224 232">
    <p class='ocr_par' dir='ltr' id='par_1_1' title="bbox 150 201 224 232">
     <span class='ocr_line' id='line_1_1' title="bbox 150 201 224 232; baseline -0.014 0"><span class='ocrx_word' id='word_1_1' title='bbox 150 201 224 232; x_wconf 78' lang='lat'>558</span> 
     </span>
    </p>
   </div>
   <div class='ocr_carea' id='block_1_2' title="bbox 146 275 1184 2466">
    <p class='ocr_par' dir='ltr' id='par_1_2' title="bbox 146 275 1182 1828">
     <span class='ocr_line' id='line_1_2' title="bbox 147 275 1175 326; baseline -0.005 -9"><span class='ocrx_word' id='word_1_2' title='bbox 147 279 250 317; x_wconf 81' lang='grc' dir='ltr'>λοιπὰ</span> <span class='ocrx_word' id='word_1_3' title='bbox 271 280 336 315; x_wconf 77' lang='grc' dir='ltr'>τῶν</span> <span class='ocrx_word' id='word_1_4' title='bbox 353 276 558 326; x_wconf 84' lang='grc' dir='ltr'>ἐπειγόντων</span> <span class='ocrx_word' id='word_1_5' title='bbox 579 275 780 313; x_wconf 76' lang='grc' dir='ltr'>καθίστατο·</span> <span class='ocrx_word' id='word_1_6' title='bbox 802 276 861 312; x_wconf 81' lang='grc' dir='ltr'>καί</span> <span class='ocrx_word' id='word_1_7' title='bbox 880 291 976 312; x_wconf 84' lang='grc' dir='ltr'>τινων</span> <span class='ocrx_word' id='word_1_8' title='bbox 994 279 1076 314; x_wconf 77' lang='grc' dir='ltr'>ἐτῶν</span> <span class='ocrx_word' id='word_1_9' title='bbox 1099 278 1175 313; x_wconf 76' lang='grc' dir='ltr'>ἀνυ-</span> 
     </span>
     <span class='ocr_line' id='line_1_3' title="bbox 147 333 1176 387; baseline -0.004 -13"><span class='ocrx_word' id='word_1_10' title='bbox 147 337 292 374; x_wconf 82' lang='grc' dir='ltr'>σθέντων</span> <span class='ocrx_word' id='word_1_11' title='bbox 310 335 418 387; x_wconf 76' lang='grc' dir='ltr'>τρισὶν</span> <span class='ocrx_word' id='word_1_12' title='bbox 435 334 634 385; x_wconf 76' lang='grc' dir='ltr'>ἐπακτρίσιν</span> <span class='ocrx_word' id='word_1_13' title='bbox 658 335 705 376; x_wconf 83' lang='grc' dir='ltr'>εἷς</span> <span class='ocrx_word' id='word_1_14' title='bbox 729 333 789 379; x_wconf 85' lang='grc' dir='ltr'>τὴν</span> <span class='ocrx_word' id='word_1_15' title='bbox 810 333 1023 384; x_wconf 55' lang='grc' dir='ltr'>(Ηράκλειαν</span> <span class='ocrx_word' id='word_1_16' title='bbox 1047 334 1176 371; x_wconf 83' lang='grc' dir='ltr'>ἐπανά-</span> 
     </span>
     <span class='ocr_line' id='line_1_4' title="bbox 146 391 1177 445; baseline -0.004 -13"><span class='ocrx_word' id='word_1_17' title='bbox 146 411 258 445; x_wconf 85' lang='grc' dir='ltr'>γεται.</span> <span class='ocrx_word' id='word_1_18' title='bbox 317 393 534 444; x_wconf 73' lang='grc' dir='ltr'>Ἀφικόμενος</span> <span class='ocrx_word' id='word_1_19' title='bbox 553 391 588 429; x_wconf 79' lang='grc' dir='ltr'>δὲ</span> <span class='ocrx_word' id='word_1_20' title='bbox 616 392 730 429; x_wconf 82' lang='grc' dir='ltr'>πάντα</span> <span class='ocrx_word' id='word_1_21' title='bbox 749 391 874 443; x_wconf 83' lang='grc' dir='ltr'>τρόπον</span> <span class='ocrx_word' id='word_1_22' title='bbox 903 392 1033 429; x_wconf 81' lang='grc' dir='ltr'>ἐπενόει</span> <span class='ocrx_word' id='word_1_23' title='bbox 1051 392 1177 430; x_wconf 79' lang='grc' dir='ltr'>ἀνοικί-</span> 
     </span>
     <span class='ocr_line' id='line_1_5' title="bbox 147 449 1177 501; baseline -0.003 -11"><span class='ocrx_word' id='word_1_24' title='bbox 147 456 264 497; x_wconf 83' lang='grc' dir='ltr'>ζεσθαι</span> <span class='ocrx_word' id='word_1_25' title='bbox 295 451 358 497; x_wconf 80' lang='grc' dir='ltr'>τὴν</span> <span class='ocrx_word' id='word_1_26' title='bbox 377 451 488 497; x_wconf 86' lang='grc' dir='ltr'>πόλιν,</span> <span class='ocrx_word' id='word_1_27' title='bbox 517 449 672 501; x_wconf 79' lang='grc' dir='ltr'>καθάπερ</span> <span class='ocrx_word' id='word_1_28' title='bbox 693 452 738 492; x_wconf 87' lang='grc' dir='ltr'>εἷς</span> <span class='ocrx_word' id='word_1_29' title='bbox 763 450 1028 501; x_wconf 80' lang='grc' dir='ltr'>παλιγγενεσίαν</span> <span class='ocrx_word' id='word_1_30' title='bbox 1048 454 1177 488; x_wconf 83' lang='grc' dir='ltr'>ἀνακα-</span> 
     </span>
     <span class='ocr_line' id='line_1_6' title="bbox 146 507 1175 560; baseline -0.002 -13"><span class='ocrx_word' id='word_1_31' title='bbox 146 511 324 558; x_wconf 88' lang='grc' dir='ltr'>λούμενος.</span> <span class='ocrx_word' id='word_1_32' title='bbox 352 509 391 559; x_wconf 78' lang='lat'>(2)</span> <span class='ocrx_word' id='word_1_33' title='bbox 411 507 517 547; x_wconf 82' lang='grc' dir='ltr'>Ἀλλὰ</span> <span class='ocrx_word' id='word_1_34' title='bbox 532 507 645 545; x_wconf 84' lang='grc' dir='ltr'>πάντα</span> <span class='ocrx_word' id='word_1_35' title='bbox 660 508 820 560; x_wconf 83' lang='grc' dir='ltr'>πράττων</span> <span class='ocrx_word' id='word_1_36' title='bbox 841 508 938 558; x_wconf 81' lang='grc' dir='ltr'>μόλις</span> <span class='ocrx_word' id='word_1_37' title='bbox 954 510 998 551; x_wconf 87' lang='grc' dir='ltr'>εἷς</span> <span class='ocrx_word' id='word_1_38' title='bbox 1015 510 1175 546; x_wconf 82' lang='grc' dir='ltr'>ὀκτακισ-</span> 
     </span>
     <span class='ocr_line' id='line_1_7' title="bbox 149 565 1177 618; baseline -0.001 -14"><span class='ocrx_word' id='word_1_39' title='bbox 149 567 297 618; x_wconf 73' lang='grc' dir='ltr'>χιλίους,</span> <span class='ocrx_word' id='word_1_40' title='bbox 315 567 390 615; x_wconf 84' lang='grc' dir='ltr'>ἅμα</span> <span class='ocrx_word' id='word_1_41' title='bbox 418 571 486 608; x_wconf 85' lang='grc' dir='ltr'>τοῖς</span> <span class='ocrx_word' id='word_1_42' title='bbox 509 567 684 608; x_wconf 84' lang='grc' dir='ltr'>οἷκετικοῖς</span> <span class='ocrx_word' id='word_1_43' title='bbox 697 565 868 616; x_wconf 84' lang='grc' dir='ltr'>σώμασιν,</span> <span class='ocrx_word' id='word_1_44' title='bbox 888 569 1094 616; x_wconf 66' lang='grc' dir='ltr'>συλλεγῆναι</span> <span class='ocrx_word' id='word_1_45' title='bbox 1114 582 1177 603; x_wconf 86' lang='grc' dir='ltr'>κα-</span> 
     </span>
     <span class='ocr_line' id='line_1_8' title="bbox 147 623 1178 676; baseline -0.002 -14"><span class='ocrx_word' id='word_1_46' title='bbox 147 624 355 676; x_wconf 82' lang='grc' dir='ltr'>τεπράξατο.</span> <span class='ocrx_word' id='word_1_47' title='bbox 373 623 587 675; x_wconf 80' lang='grc' dir='ltr'>Βριθαγόρας</span> <span class='ocrx_word' id='word_1_48' title='bbox 603 623 654 672; x_wconf 79' lang='grc' dir='ltr'>δὲ,</span> <span class='ocrx_word' id='word_1_49' title='bbox 672 624 738 670; x_wconf 70' lang='grc' dir='ltr'>ἤδη</span> <span class='ocrx_word' id='word_1_50' title='bbox 753 627 812 670; x_wconf 73' lang='grc' dir='ltr'>τῆς</span> <span class='ocrx_word' id='word_1_51' title='bbox 828 625 958 667; x_wconf 85' lang='grc' dir='ltr'>πόλεως</span> <span class='ocrx_word' id='word_1_52' title='bbox 979 624 1178 673; x_wconf 72' lang='grc' dir='ltr'>αὐξομένης,</span> 
     </span>
     <span class='ocr_line' id='line_1_9' title="bbox 148 676 1177 728; baseline -0.002 -13"><span class='ocrx_word' id='word_1_53' title='bbox 148 679 289 720; x_wconf 78' lang='grc' dir='ltr'>ἐλπίδας</span> <span class='ocrx_word' id='word_1_54' title='bbox 309 677 495 722; x_wconf 74' lang='grc' dir='ltr'>ἐποιήσατο</span> <span class='ocrx_word' id='word_1_55' title='bbox 510 676 593 727; x_wconf 81' lang='grc' dir='ltr'>πρὸς</span> <span class='ocrx_word' id='word_1_56' title='bbox 610 677 802 728; x_wconf 79' lang='grc' dir='ltr'>ἐλευθερίαν</span> <span class='ocrx_word' id='word_1_57' title='bbox 825 677 882 714; x_wconf 81' lang='grc' dir='ltr'>τὸν</span> <span class='ocrx_word' id='word_1_58' title='bbox 903 678 1010 726; x_wconf 73' lang='grc' dir='ltr'>δῆμον</span> <span class='ocrx_word' id='word_1_59' title='bbox 1040 679 1177 725; x_wconf 81' lang='grc' dir='ltr'>ἀνενεγ-</span> 
     </span>
     <span class='ocr_line' id='line_1_10' title="bbox 147 733 1179 785; baseline -0.001 -13"><span class='ocrx_word' id='word_1_60' title='bbox 147 741 237 772; x_wconf 77' lang='grc' dir='ltr'>κεῖν·</span> <span class='ocrx_word' id='word_1_61' title='bbox 256 735 315 772; x_wconf 85' lang='grc' dir='ltr'>καὶ</span> <span class='ocrx_word' id='word_1_62' title='bbox 348 736 593 785; x_wconf 77' lang='grc' dir='ltr'>διαγεγονότων</span> <span class='ocrx_word' id='word_1_63' title='bbox 613 734 674 783; x_wconf 81' lang='grc' dir='ltr'>μὲν</span> <span class='ocrx_word' id='word_1_64' title='bbox 699 737 835 772; x_wconf 85' lang='grc' dir='ltr'>πολλῶν</span> <span class='ocrx_word' id='word_1_65' title='bbox 859 738 954 782; x_wconf 80' lang='grc' dir='ltr'>ἐτῶν,</span> <span class='ocrx_word' id='word_1_66' title='bbox 969 735 1037 781; x_wconf 71' lang='grc' dir='ltr'>ἤδη</span> <span class='ocrx_word' id='word_1_67' title='bbox 1065 733 1099 772; x_wconf 77' lang='grc' dir='ltr'>δὲ</span> <span class='ocrx_word' id='word_1_68' title='bbox 1120 739 1179 780; x_wconf 59' lang='grc' dir='ltr'>τῖς</span> 
     </span>
     <span class='ocr_line' id='line_1_11' title="bbox 147 792 1178 845; baseline -0.003 -14"><span class='ocrx_word' id='word_1_69' title='bbox 147 793 335 842; x_wconf 58' lang='grc' dir='ltr'>(Ρωμαίων</span> <span class='ocrx_word' id='word_1_70' title='bbox 370 792 556 842; x_wconf 73' lang='grc' dir='ltr'>ἡγεμονίας</span> <span class='ocrx_word' id='word_1_71' title='bbox 585 794 631 836; x_wconf 85' lang='grc' dir='ltr'>εἷς</span> <span class='ocrx_word' id='word_1_72' title='bbox 661 793 720 830; x_wconf 79' lang='grc' dir='ltr'>ἕνα</span> <span class='ocrx_word' id='word_1_73' title='bbox 753 793 1022 845; x_wconf 77' lang='grc' dir='ltr'>περιισταμένης</span> <span class='ocrx_word' id='word_1_74' title='bbox 1051 793 1178 842; x_wconf 76' lang='grc' dir='ltr'>ἄνδρα,</span> 
     </span>
     <span class='ocr_line' id='line_1_12' title="bbox 147 850 1179 902; baseline -0.003 -12"><span class='ocrx_word' id='word_1_75' title='bbox 147 850 249 890; x_wconf 79' lang='grc' dir='ltr'>Γάϊον</span> <span class='ocrx_word' id='word_1_76' title='bbox 263 850 404 888; x_wconf 82' lang='grc' dir='ltr'>Ἰούλιον</span> <span class='ocrx_word' id='word_1_77' title='bbox 419 850 579 901; x_wconf 84' lang='grc' dir='ltr'>Καίσαρα</span> <span class='ocrx_word' id='word_1_78' title='bbox 592 880 602 899; x_wconf 88' lang='grc'>,</span> <span class='ocrx_word' id='word_1_79' title='bbox 617 850 700 902; x_wconf 75' lang='grc' dir='ltr'>πρὸς</span> <span class='ocrx_word' id='word_1_80' title='bbox 715 855 832 889; x_wconf 66' lang='grc' dir='ltr'>τοῦτον</span> <span class='ocrx_word' id='word_1_81' title='bbox 845 851 1017 901; x_wconf 79' lang='grc' dir='ltr'>ἠπείγετο.</span> <span class='ocrx_word' id='word_1_82' title='bbox 1035 851 1073 901; x_wconf 79' lang='grc'>(3)</span> <span class='ocrx_word' id='word_1_83' title='bbox 1092 851 1179 888; x_wconf 85' lang='grc' dir='ltr'>Συν-</span> 
     </span>
     <span class='ocr_line' id='line_1_13' title="bbox 148 908 1180 961; baseline 0 -15"><span class='ocrx_word' id='word_1_84' title='bbox 148 908 354 960; x_wconf 68' lang='grc' dir='ltr'>επρέσῧευον</span> <span class='ocrx_word' id='word_1_85' title='bbox 377 908 411 945; x_wconf 79' lang='grc' dir='ltr'>δὲ</span> <span class='ocrx_word' id='word_1_86' title='bbox 446 910 538 959; x_wconf 81' lang='grc' dir='ltr'>αὐτῷ</span> <span class='ocrx_word' id='word_1_87' title='bbox 559 909 656 946; x_wconf 84' lang='grc' dir='ltr'>ἄλλοι</span> <span class='ocrx_word' id='word_1_88' title='bbox 677 910 714 947; x_wconf 82' lang='grc' dir='ltr'>τέ</span> <span class='ocrx_word' id='word_1_89' title='bbox 728 925 814 953; x_wconf 89' lang='grc' dir='ltr'>τινες</span> <span class='ocrx_word' id='word_1_90' title='bbox 834 912 900 947; x_wconf 81' lang='grc' dir='ltr'>τῶν</span> <span class='ocrx_word' id='word_1_91' title='bbox 921 912 1104 961; x_wconf 72' lang='grc' dir='ltr'>ἐπιφανῶν,</span> <span class='ocrx_word' id='word_1_92' title='bbox 1122 909 1180 946; x_wconf 83' lang='grc' dir='ltr'>καὶ</span> 
     </span>
     <span class='ocr_line' id='line_1_14' title="bbox 147 962 1179 1019; baseline 0 -15"><span class='ocrx_word' id='word_1_93' title='bbox 147 971 165 1004; x_wconf 82' lang='grc' dir='ltr'><em>ὃ</em></span> <span class='ocrx_word' id='word_1_94' title='bbox 184 967 253 1010; x_wconf 83' lang='grc' dir='ltr'>υἱὸς</span> <span class='ocrx_word' id='word_1_95' title='bbox 274 967 469 1018; x_wconf 83' lang='grc' dir='ltr'>Πρόπυλος.</span> <span class='ocrx_word' id='word_1_96' title='bbox 499 967 666 1010; x_wconf 76' lang='grc' dir='ltr'>Γνωσθεὶς</span> <span class='ocrx_word' id='word_1_97' title='bbox 684 962 740 1005; x_wconf 59' lang='grc' dir='ltr'>οὖν</span> <span class='ocrx_word' id='word_1_98' title='bbox 765 971 813 1019; x_wconf 84' lang='grc' dir='ltr'>τῷ</span> <span class='ocrx_word' id='word_1_99' title='bbox 832 969 985 1019; x_wconf 88' lang='grc' dir='ltr'>Καίσαρι</span> <span class='ocrx_word' id='word_1_100' title='bbox 1008 967 1179 1019; x_wconf 77' lang='grc' dir='ltr'>Βριθαγό-</span> 
     </span>
     <span class='ocr_line' id='line_1_15' title="bbox 150 1024 1179 1077; baseline 0 -16"><span class='ocrx_word' id='word_1_101' title='bbox 150 1041 228 1072; x_wconf 87' lang='grc' dir='ltr'>ρας,</span> <span class='ocrx_word' id='word_1_102' title='bbox 246 1024 305 1062; x_wconf 78' lang='grc' dir='ltr'>καὶ</span> <span class='ocrx_word' id='word_1_103' title='bbox 326 1024 598 1076; x_wconf 76' lang='grc' dir='ltr'>διαπραξάμενος</span> <span class='ocrx_word' id='word_1_104' title='bbox 613 1025 783 1077; x_wconf 80' lang='grc' dir='ltr'>ἐγγυτέρω</span> <span class='ocrx_word' id='word_1_105' title='bbox 800 1029 842 1076; x_wconf 74' lang='grc' dir='ltr'>τῇ</span> <span class='ocrx_word' id='word_1_106' title='bbox 859 1026 954 1077; x_wconf 69' lang='grc' dir='ltr'>φιλία</span> <span class='ocrx_word' id='word_1_107' title='bbox 967 1027 1179 1077; x_wconf 68' lang='grc' dir='ltr'>προσελθεῖν,</span> 
     </span>
     <span class='ocr_line' id='line_1_16' title="bbox 149 1082 1178 1134; baseline -0.001 -14"><span class='ocrx_word' id='word_1_108' title='bbox 149 1084 192 1120; x_wconf 77' lang='grc' dir='ltr'>δι’</span> <span class='ocrx_word' id='word_1_109' title='bbox 223 1082 443 1134; x_wconf 78' lang='grc' dir='ltr'>ὑποσχέσεως</span> <span class='ocrx_word' id='word_1_110' title='bbox 464 1082 614 1132; x_wconf 84' lang='grc' dir='ltr'>ἐγένετο·</span> <span class='ocrx_word' id='word_1_111' title='bbox 642 1085 680 1120; x_wconf 81' lang='grc' dir='ltr'>οὐ</span> <span class='ocrx_word' id='word_1_112' title='bbox 711 1083 778 1133; x_wconf 82' lang='grc' dir='ltr'>μὴν</span> <span class='ocrx_word' id='word_1_113' title='bbox 807 1084 842 1127; x_wconf 80' lang='grc' dir='ltr'>ἐξ</span> <span class='ocrx_word' id='word_1_114' title='bbox 861 1084 979 1132; x_wconf 71' lang='grc' dir='ltr'>ἐφόδου</span> <span class='ocrx_word' id='word_1_115' title='bbox 1001 1100 1038 1134; x_wconf 88' lang='grc' dir='ltr'>γε</span> <span class='ocrx_word' id='word_1_116' title='bbox 1058 1083 1178 1120; x_wconf 64' lang='grc' dir='ltr'>λαὲεῒν</span> 
     </span>
     <span class='ocr_line' id='line_1_17' title="bbox 149 1140 1178 1192; baseline -0.001 -14"><span class='ocrx_word' id='word_1_117' title='bbox 149 1140 212 1186; x_wconf 77' lang='grc' dir='ltr'>τὴν</span> <span class='ocrx_word' id='word_1_118' title='bbox 243 1140 436 1192; x_wconf 81' lang='grc' dir='ltr'>ἐλευθερίαν</span> <span class='ocrx_word' id='word_1_119' title='bbox 456 1140 630 1189; x_wconf 72' lang='grc' dir='ltr'>ἠδυνήθη,</span> <span class='ocrx_word' id='word_1_120' title='bbox 651 1140 711 1178; x_wconf 84' lang='grc' dir='ltr'>ἅτε</span> <span class='ocrx_word' id='word_1_121' title='bbox 735 1141 776 1186; x_wconf 78' lang='grc' dir='ltr'>δὴ</span> <span class='ocrx_word' id='word_1_122' title='bbox 811 1142 871 1178; x_wconf 81' lang='grc' dir='ltr'>οὐκ</span> <span class='ocrx_word' id='word_1_123' title='bbox 903 1143 936 1178; x_wconf 83' lang='grc' dir='ltr'>ἐν</span> <span class='ocrx_word' id='word_1_124' title='bbox 971 1144 1012 1191; x_wconf 74' lang='grc' dir='ltr'>τῇ</span> <span class='ocrx_word' id='word_1_125' title='bbox 1034 1141 1178 1192; x_wconf 78' lang='grc' dir='ltr'>Ῥώμῃ,</span> 
     </span>
     <span class='ocr_line' id='line_1_18' title="bbox 149 1195 1180 1251; baseline 0.001 -17"><span class='ocrx_word' id='word_1_126' title='bbox 149 1199 225 1235; x_wconf 87' lang='grc' dir='ltr'>ἀλλ’</span> <span class='ocrx_word' id='word_1_127' title='bbox 252 1199 303 1249; x_wconf 79' lang='grc' dir='ltr'>ἐφ’</span> <span class='ocrx_word' id='word_1_128' title='bbox 320 1197 417 1247; x_wconf 78' lang='grc' dir='ltr'>ἕτερα</span> <span class='ocrx_word' id='word_1_129' title='bbox 437 1201 495 1234; x_wconf 79' lang='grc' dir='ltr'>τοῦ</span> <span class='ocrx_word' id='word_1_130' title='bbox 511 1195 617 1236; x_wconf 69' lang='grc' dir='ltr'>Γαΐου</span> <span class='ocrx_word' id='word_1_131' title='bbox 634 1197 903 1250; x_wconf 68' lang='grc' dir='ltr'>περιτρέχοντας.</span> <span class='ocrx_word' id='word_1_132' title='bbox 922 1200 998 1237; x_wconf 77' lang='grc' dir='ltr'>Οὐκ</span> <span class='ocrx_word' id='word_1_133' title='bbox 1014 1199 1180 1251; x_wconf 83' lang='grc' dir='ltr'>ἀφίστατο</span> 
     </span>
     <span class='ocr_line' id='line_1_19' title="bbox 151 1255 1179 1307; baseline 0.002 -15"><span class='ocrx_word' id='word_1_134' title='bbox 151 1255 267 1304; x_wconf 84' lang='grc' dir='ltr'>μέντοι</span> <span class='ocrx_word' id='word_1_135' title='bbox 283 1271 321 1306; x_wconf 90' lang='grc' dir='ltr'>γε</span> <span class='ocrx_word' id='word_1_136' title='bbox 343 1255 576 1306; x_wconf 80' lang='grc' dir='ltr'>Βριθαγόρας,</span> <span class='ocrx_word' id='word_1_137' title='bbox 601 1255 690 1292; x_wconf 77' lang='grc' dir='ltr'>ἀλλὰ</span> <span class='ocrx_word' id='word_1_138' title='bbox 708 1256 786 1307; x_wconf 89' lang='grc' dir='ltr'>περὶ</span> <span class='ocrx_word' id='word_1_139' title='bbox 804 1261 920 1292; x_wconf 75' lang='grc' dir='ltr'>πᾶσαν</span> <span class='ocrx_word' id='word_1_140' title='bbox 943 1256 1004 1302; x_wconf 79' lang='grc' dir='ltr'>τὴν</span> <span class='ocrx_word' id='word_1_141' title='bbox 1022 1257 1179 1305; x_wconf 80' lang='grc' dir='ltr'>οἰκουμέ-</span> 
     </span>
     <span class='ocr_line' id='line_1_20' title="bbox 149 1313 1178 1365; baseline 0 -15"><span class='ocrx_word' id='word_1_142' title='bbox 149 1330 210 1359; x_wconf 85' lang='grc' dir='ltr'>νην</span> <span class='ocrx_word' id='word_1_143' title='bbox 230 1313 330 1355; x_wconf 81' lang='grc' dir='ltr'>αὖτός</span> <span class='ocrx_word' id='word_1_144' title='bbox 349 1328 385 1350; x_wconf 84' lang='grc' dir='ltr'>τε</span> <span class='ocrx_word' id='word_1_145' title='bbox 402 1313 462 1350; x_wconf 79' lang='grc' dir='ltr'>καὶ</span> <span class='ocrx_word' id='word_1_146' title='bbox 484 1313 665 1364; x_wconf 79' lang='grc' dir='ltr'>Πρόπυλος</span> <span class='ocrx_word' id='word_1_147' title='bbox 681 1313 1000 1364; x_wconf 81' lang='grc' dir='ltr'>συμπεριαγόμενος</span> <span class='ocrx_word' id='word_1_148' title='bbox 1019 1317 1067 1365; x_wconf 80' lang='grc' dir='ltr'>τῷ</span> <span class='ocrx_word' id='word_1_149' title='bbox 1090 1313 1178 1352; x_wconf 82' lang='grc' dir='ltr'>Καί-</span> 
     </span>
     <span class='ocr_line' id='line_1_21' title="bbox 151 1371 1180 1424; baseline 0.002 -16"><span class='ocrx_word' id='word_1_150' title='bbox 151 1387 232 1424; x_wconf 82' lang='grc' dir='ltr'>σαρι</span> <span class='ocrx_word' id='word_1_151' title='bbox 252 1371 418 1409; x_wconf 53' lang='lat' dir='ltr'>simin-ero</span> <span class='ocrx_word' id='word_1_152' title='bbox 451 1374 533 1423; x_wconf 84' lang='grc' dir='ltr'>παρ’</span> <span class='ocrx_word' id='word_1_153' title='bbox 554 1373 680 1418; x_wconf 77' lang='grc' dir='ltr'>αὐτοῦ,</span> <span class='ocrx_word' id='word_1_154' title='bbox 713 1374 758 1415; x_wconf 83' lang='grc' dir='ltr'>ὡς</span> <span class='ocrx_word' id='word_1_155' title='bbox 788 1373 1095 1422; x_wconf 82' lang='grc' dir='ltr'>ἐπισημειούμενον</span> <span class='ocrx_word' id='word_1_156' title='bbox 1124 1374 1180 1412; x_wconf 78' lang='grc' dir='ltr'>τὸν</span> 
     </span>
     <span class='ocr_line' id='line_1_22' title="bbox 150 1429 1177 1482; baseline 0.004 -16"><span class='ocrx_word' id='word_1_157' title='bbox 150 1429 387 1481; x_wconf 77' lang='grc' dir='ltr'>αὐτοκράτορα</span> <span class='ocrx_word' id='word_1_158' title='bbox 426 1432 486 1476; x_wconf 72' lang='grc' dir='ltr'>τῆς</span> <span class='ocrx_word' id='word_1_159' title='bbox 528 1430 746 1481; x_wconf 78' lang='grc' dir='ltr'>λιπαρήσεως</span> <span class='ocrx_word' id='word_1_160' title='bbox 784 1431 885 1468; x_wconf 74' lang='grc' dir='ltr'>αὐτὸν</span> <span class='ocrx_word' id='word_1_161' title='bbox 931 1432 1177 1482; x_wconf 77' lang='grc' dir='ltr'>ἀποδέχεσθαι.</span> 
     </span>
     <span class='ocr_line' id='line_1_23' title="bbox 152 1486 1180 1540; baseline 0.004 -16"><span class='ocrx_word' id='word_1_162' title='bbox 152 1488 190 1539; x_wconf 72' lang='lat'>(4)</span> <span class='ocrx_word' id='word_1_163' title='bbox 208 1486 447 1530; x_wconf 76' lang='grc' dir='ltr'>Δωδεκαετίας</span> <span class='ocrx_word' id='word_1_164' title='bbox 470 1486 503 1524; x_wconf 74' lang='grc' dir='ltr'>δὲ</span> <span class='ocrx_word' id='word_1_165' title='bbox 527 1487 589 1533; x_wconf 80' lang='grc' dir='ltr'>τὴν</span> <span class='ocrx_word' id='word_1_166' title='bbox 619 1488 807 1539; x_wconf 77' lang='grc' dir='ltr'>παρεδρίαν</span> <span class='ocrx_word' id='word_1_167' title='bbox 839 1489 1102 1540; x_wconf 79' lang='grc' dir='ltr'>διαμετρούσης,</span> <span class='ocrx_word' id='word_1_168' title='bbox 1122 1490 1180 1527; x_wconf 82' lang='grc' dir='ltr'>καὶ</span> 
     </span>
     <span class='ocr_line' id='line_1_24' title="bbox 147 1544 1177 1599; baseline 0.004 -18"><span class='ocrx_word' id='word_1_169' title='bbox 147 1544 228 1597; x_wconf 74' lang='grc' dir='ltr'>περὶ</span> <span class='ocrx_word' id='word_1_170' title='bbox 247 1548 306 1590; x_wconf 79' lang='grc' dir='ltr'>τῆς</span> <span class='ocrx_word' id='word_1_171' title='bbox 323 1546 368 1587; x_wconf 87' lang='grc' dir='ltr'>εἷς</span> <span class='ocrx_word' id='word_1_172' title='bbox 385 1544 528 1594; x_wconf 83' lang='grc' dir='ltr'>Ῥώμην</span> <span class='ocrx_word' id='word_1_173' title='bbox 553 1545 718 1583; x_wconf 77' lang='grc' dir='ltr'>ἐπανόδου</span> <span class='ocrx_word' id='word_1_174' title='bbox 746 1549 805 1582; x_wconf 82' lang='grc' dir='ltr'>τοῦ</span> <span class='ocrx_word' id='word_1_175' title='bbox 827 1546 1004 1599; x_wconf 85' lang='grc' dir='ltr'>Καίσαρος</span> <span class='ocrx_word' id='word_1_176' title='bbox 1028 1548 1177 1585; x_wconf 85' lang='grc' dir='ltr'>διανοου-</span> 
     </span>
     <span class='ocr_line' id='line_1_25' title="bbox 150 1603 1180 1655; baseline 0.002 -15"><span class='ocrx_word' id='word_1_177' title='bbox 150 1603 253 1652; x_wconf 82' lang='grc' dir='ltr'>μένου</span> <span class='ocrx_word' id='word_1_178' title='bbox 265 1632 276 1650; x_wconf 92' lang='grc'>,</span> <span class='ocrx_word' id='word_1_179' title='bbox 296 1603 360 1640; x_wconf 72' lang='grc' dir='ltr'>ὑπό</span> <span class='ocrx_word' id='word_1_180' title='bbox 379 1618 416 1640; x_wconf 89' lang='grc' dir='ltr'>τε</span> <span class='ocrx_word' id='word_1_181' title='bbox 436 1607 494 1640; x_wconf 79' lang='grc' dir='ltr'>τοῦ</span> <span class='ocrx_word' id='word_1_182' title='bbox 511 1603 635 1654; x_wconf 78' lang='grc' dir='ltr'>γήρους</span> <span class='ocrx_word' id='word_1_183' title='bbox 650 1603 789 1640; x_wconf 78' lang='grc' dir='ltr'>καὶτῶν</span> <span class='ocrx_word' id='word_1_184' title='bbox 811 1606 963 1655; x_wconf 71' lang='grc' dir='ltr'>συνεχῶν</span> <span class='ocrx_word' id='word_1_185' title='bbox 981 1605 1093 1642; x_wconf 89' lang='grc' dir='ltr'>πόνων</span> <span class='ocrx_word' id='word_1_186' title='bbox 1108 1622 1180 1643; x_wconf 72' lang='grc' dir='ltr'>κα·-</span> 
     </span>
     <span class='ocr_line' id='line_1_26' title="bbox 149 1660 1181 1715; baseline 0.003 -17"><span class='ocrx_word' id='word_1_187' title='bbox 149 1660 379 1712; x_wconf 76' lang='grc' dir='ltr'>τατρυχωθεὶς</span> <span class='ocrx_word' id='word_1_188' title='bbox 395 1660 608 1711; x_wconf 80' lang='grc' dir='ltr'>Βριθαγόρας</span> <span class='ocrx_word' id='word_1_189' title='bbox 627 1662 788 1711; x_wconf 76' lang='grc' dir='ltr'>τελευτᾷ,</span> <span class='ocrx_word' id='word_1_190' title='bbox 806 1661 896 1711; x_wconf 82' lang='grc' dir='ltr'>μέγα</span> <span class='ocrx_word' id='word_1_191' title='bbox 915 1661 1035 1705; x_wconf 79' lang='grc' dir='ltr'>πένθος</span> <span class='ocrx_word' id='word_1_192' title='bbox 1051 1666 1093 1715; x_wconf 76' lang='grc' dir='ltr'>τῇ</span> <span class='ocrx_word' id='word_1_193' title='bbox 1111 1680 1181 1701; x_wconf 89' lang='grc' dir='ltr'>πα-</span> 
     </span>
     <span class='ocr_line' id='line_1_27' title="bbox 150 1718 1182 1768; baseline 0.005 -14"><span class='ocrx_word' id='word_1_194' title='bbox 150 1718 238 1768; x_wconf 79' lang='grc' dir='ltr'>τρίδι</span> <span class='ocrx_word' id='word_1_195' title='bbox 259 1718 474 1756; x_wconf 80' lang='grc' dir='ltr'>καταλιπών.</span> <span class='ocrx_word' id='word_1_196' title='bbox 496 1719 554 1760; x_wconf 86' lang='grc' dir='ltr'>Εἰς</span> <span class='ocrx_word' id='word_1_197' title='bbox 573 1722 724 1756; x_wconf 75' lang='grc' dir='ltr'>τοιοῦτον</span> <span class='ocrx_word' id='word_1_198' title='bbox 750 1718 811 1768; x_wconf 79' lang='grc' dir='ltr'>μὲν</span> <span class='ocrx_word' id='word_1_199' title='bbox 830 1718 925 1762; x_wconf 83' lang='grc' dir='ltr'>τέλος</span> <span class='ocrx_word' id='word_1_200' title='bbox 943 1720 1001 1757; x_wconf 83' lang='grc' dir='ltr'>καὶ</span> <span class='ocrx_word' id='word_1_201' title='bbox 1027 1723 1044 1757; x_wconf 86' lang='grc' dir='ltr'>ὁ</span> <span class='ocrx_word' id='word_1_202' title='bbox 1060 1721 1104 1764; x_wconf 77' lang='grc' dir='ltr'>ις’</span> <span class='ocrx_word' id='word_1_203' title='bbox 1122 1721 1182 1759; x_wconf 87' lang='grc' dir='ltr'>λό-</span> 
     </span>
     <span class='ocr_line' id='line_1_28' title="bbox 149 1775 871 1828; baseline 0.003 -15"><span class='ocrx_word' id='word_1_204' title='bbox 149 1792 205 1826; x_wconf 89' lang='grc' dir='ltr'>γος</span> <span class='ocrx_word' id='word_1_205' title='bbox 235 1778 295 1821; x_wconf 69' lang='grc' dir='ltr'>τῆς</span> <span class='ocrx_word' id='word_1_206' title='bbox 320 1775 500 1824; x_wconf 87' lang='grc' dir='ltr'>Μέμνονος</span> <span class='ocrx_word' id='word_1_207' title='bbox 530 1776 680 1828; x_wconf 83' lang='grc' dir='ltr'>ἱστορίας</span> <span class='ocrx_word' id='word_1_208' title='bbox 715 1779 871 1828; x_wconf 76' lang='grc' dir='ltr'>τελευτᾷ.</span> 
     </span>
    </p>

    <p class='ocr_par' dir='ltr' id='par_1_3' title="bbox 150 1832 1184 2466">
     <span class='ocr_line' id='line_1_29' title="bbox 202 1832 1181 1889; baseline 0.003 -17"><span class='ocrx_word' id='word_1_209' title='bbox 202 1848 231 1872; x_wconf 83' lang='lat'>5.</span> <span class='ocrx_word' id='word_1_210' title='bbox 254 1832 359 1872; x_wconf 82' lang='grc' dir='ltr'>Ἔστι</span> <span class='ocrx_word' id='word_1_211' title='bbox 373 1833 407 1871; x_wconf 80' lang='grc' dir='ltr'>δὲ</span> <span class='ocrx_word' id='word_1_212' title='bbox 428 1836 449 1879; x_wconf 86' lang='grc' dir='ltr'>ἡ</span> <span class='ocrx_word' id='word_1_213' title='bbox 470 1834 650 1886; x_wconf 79' lang='grc' dir='ltr'>συγγραφὴ</span> <span class='ocrx_word' id='word_1_214' title='bbox 666 1834 829 1886; x_wconf 76' lang='grc' dir='ltr'>νουνεχὴς</span> <span class='ocrx_word' id='word_1_215' title='bbox 843 1833 904 1885; x_wconf 80' lang='grc' dir='ltr'>μὲν</span> <span class='ocrx_word' id='word_1_216' title='bbox 919 1835 978 1873; x_wconf 81' lang='grc' dir='ltr'>καὶ</span> <span class='ocrx_word' id='word_1_217' title='bbox 991 1835 1047 1874; x_wconf 80' lang='grc' dir='ltr'>τὸν</span> <span class='ocrx_word' id='word_1_218' title='bbox 1066 1837 1181 1889; x_wconf 80' lang='grc' dir='ltr'>ἰσχνὸν</span> 
     </span>
     <span class='ocr_line' id='line_1_30' title="bbox 150 1891 1182 1948; baseline 0.006 -20"><span class='ocrx_word' id='word_1_219' title='bbox 150 1891 412 1941; x_wconf 84' lang='grc' dir='ltr'>μεταδιώκουσα</span> <span class='ocrx_word' id='word_1_220' title='bbox 432 1895 662 1944; x_wconf 73' lang='grc' dir='ltr'>χαρακτῆρα,</span> <span class='ocrx_word' id='word_1_221' title='bbox 691 1894 727 1930; x_wconf 85' lang='grc' dir='ltr'>οὐ</span> <span class='ocrx_word' id='word_1_222' title='bbox 759 1891 827 1943; x_wconf 81' lang='grc' dir='ltr'>μὴν</span> <span class='ocrx_word' id='word_1_223' title='bbox 859 1892 935 1931; x_wconf 78' lang='grc' dir='ltr'>οὐδὲ</span> <span class='ocrx_word' id='word_1_224' title='bbox 964 1898 1023 1932; x_wconf 76' lang='grc' dir='ltr'>τοῦ</span> <span class='ocrx_word' id='word_1_225' title='bbox 1055 1900 1182 1948; x_wconf 78' lang='grc' dir='ltr'>σαφοῦς</span> 
     </span>
     <span class='ocr_line' id='line_1_31' title="bbox 151 1950 1182 2004; baseline 0.005 -18"><span class='ocrx_word' id='word_1_226' title='bbox 151 1951 326 1999; x_wconf 76' lang='grc' dir='ltr'>ἀμελοῦσα</span> <span class='ocrx_word' id='word_1_227' title='bbox 338 1979 348 1998; x_wconf 94' lang='grc'>,</span> <span class='ocrx_word' id='word_1_228' title='bbox 365 1950 599 1999; x_wconf 67' lang='grc' dir='ltr'>εὖλαὸουμένη</span> <span class='ocrx_word' id='word_1_229' title='bbox 621 1950 655 1988; x_wconf 80' lang='grc' dir='ltr'>δὲ</span> <span class='ocrx_word' id='word_1_230' title='bbox 671 1951 802 1994; x_wconf 79' lang='grc' dir='ltr'>καὶτὰς</span> <span class='ocrx_word' id='word_1_231' title='bbox 817 1952 975 2001; x_wconf 74' lang='grc' dir='ltr'>ἐκὸολὰς,</span> <span class='ocrx_word' id='word_1_232' title='bbox 988 1952 1078 1998; x_wconf 74' lang='grc' dir='ltr'>πλὴν</span> <span class='ocrx_word' id='word_1_233' title='bbox 1093 1956 1121 1991; x_wconf 89' lang='grc' dir='ltr'>εἷ</span> <span class='ocrx_word' id='word_1_234' title='bbox 1133 1955 1182 2004; x_wconf 84' lang='grc' dir='ltr'>μή</span> 
     </span>
     <span class='ocr_line' id='line_1_32' title="bbox 150 2007 1183 2060; baseline 0.006 -16"><span class='ocrx_word' id='word_1_235' title='bbox 150 2007 214 2045; x_wconf 84' lang='grc' dir='ltr'>πού</span> <span class='ocrx_word' id='word_1_236' title='bbox 231 2023 281 2049; x_wconf 85' lang='grc' dir='ltr'>τις</span> <span class='ocrx_word' id='word_1_237' title='bbox 301 2007 434 2058; x_wconf 79' lang='grc' dir='ltr'>ἀνάγκη</span> <span class='ocrx_word' id='word_1_238' title='bbox 455 2008 670 2060; x_wconf 77' lang='grc' dir='ltr'>συνυφαίνειν</span> <span class='ocrx_word' id='word_1_239' title='bbox 688 2008 746 2046; x_wconf 82' lang='grc' dir='ltr'>καὶ</span> <span class='ocrx_word' id='word_1_240' title='bbox 762 2008 806 2046; x_wconf 84' lang='grc' dir='ltr'>τὰ</span> <span class='ocrx_word' id='word_1_241' title='bbox 825 2009 945 2053; x_wconf 83' lang='grc' dir='ltr'>ἔξωθεν</span> <span class='ocrx_word' id='word_1_242' title='bbox 969 2011 1183 2060; x_wconf 81' lang='grc' dir='ltr'>ἐγκελεύεται</span> 
     </span>
     <span class='ocr_line' id='line_1_33' title="bbox 151 2065 1182 2121; baseline 0.005 -19"><span class='ocrx_word' id='word_1_243' title='bbox 151 2068 210 2110; x_wconf 83' lang='grc' dir='ltr'>τῆς</span> <span class='ocrx_word' id='word_1_244' title='bbox 233 2065 435 2117; x_wconf 71' lang='grc' dir='ltr'>προθέσεως.</span> <span class='ocrx_word' id='word_1_245' title='bbox 469 2065 560 2104; x_wconf 81' lang='grc' dir='ltr'>Οὐδὲ</span> <span class='ocrx_word' id='word_1_246' title='bbox 591 2066 676 2118; x_wconf 78' lang='grc' dir='ltr'>πρὸς</span> <span class='ocrx_word' id='word_1_247' title='bbox 693 2067 822 2114; x_wconf 82' lang='grc' dir='ltr'>ταύτην</span> <span class='ocrx_word' id='word_1_248' title='bbox 851 2067 886 2105; x_wconf 80' lang='grc' dir='ltr'>δὲ</span> <span class='ocrx_word' id='word_1_249' title='bbox 907 2068 964 2105; x_wconf 80' lang='grc' dir='ltr'>ἐπὶ</span> <span class='ocrx_word' id='word_1_250' title='bbox 992 2068 1030 2106; x_wconf 81' lang='grc' dir='ltr'>τὸ</span> <span class='ocrx_word' id='word_1_251' title='bbox 1059 2070 1182 2121; x_wconf 76' lang='grc' dir='ltr'>συχνὸν</span> 
     </span>
     <span class='ocr_line' id='line_1_34' title="bbox 152 2122 1183 2179; baseline 0.007 -20"><span class='ocrx_word' id='word_1_252' title='bbox 152 2122 348 2169; x_wconf 82' lang='grc' dir='ltr'>ἀποκλίνει,</span> <span class='ocrx_word' id='word_1_253' title='bbox 376 2122 466 2160; x_wconf 83' lang='grc' dir='ltr'>ἀλλὰ</span> <span class='ocrx_word' id='word_1_254' title='bbox 494 2123 532 2161; x_wconf 84' lang='grc' dir='ltr'>τὸ</span> <span class='ocrx_word' id='word_1_255' title='bbox 557 2130 760 2176; x_wconf 85' lang='grc' dir='ltr'>κατεπεῖγον</span> <span class='ocrx_word' id='word_1_256' title='bbox 789 2128 1038 2176; x_wconf 81' lang='grc' dir='ltr'>ἐπιμνησθεῗσα</span> <span class='ocrx_word' id='word_1_257' title='bbox 1066 2127 1183 2179; x_wconf 72' lang='grc' dir='ltr'>ἔχεται</span> 
     </span>
     <span class='ocr_line' id='line_1_35' title="bbox 150 2181 1184 2238; baseline 0.005 -20"><span class='ocrx_word' id='word_1_258' title='bbox 150 2181 255 2218; x_wconf 87' lang='grc' dir='ltr'>πάλιν</span> <span class='ocrx_word' id='word_1_259' title='bbox 281 2181 532 2234; x_wconf 82' lang='grc' dir='ltr'>εὐεπιστρόφως</span> <span class='ocrx_word' id='word_1_260' title='bbox 554 2185 614 2228; x_wconf 86' lang='grc' dir='ltr'>τ’ῆς</span> <span class='ocrx_word' id='word_1_261' title='bbox 633 2183 853 2234; x_wconf 85' lang='grc' dir='ltr'>προτεθείσης</span> <span class='ocrx_word' id='word_1_262' title='bbox 870 2186 956 2237; x_wconf 78' lang='grc' dir='ltr'>αὐτῇ</span> <span class='ocrx_word' id='word_1_263' title='bbox 980 2185 1056 2223; x_wconf 85' lang='grc' dir='ltr'>κατ’</span> <span class='ocrx_word' id='word_1_264' title='bbox 1073 2187 1184 2238; x_wconf 70' lang='grc' dir='ltr'>ἀρχὰς</span> 
     </span>
     <span class='ocr_line' id='line_1_36' title="bbox 150 2238 1183 2291; baseline 0.008 -17"><span class='ocrx_word' id='word_1_265' title='bbox 150 2238 304 2288; x_wconf 81' lang='grc' dir='ltr'>γνώμης.</span> <span class='ocrx_word' id='word_1_266' title='bbox 327 2240 367 2289; x_wconf 80' lang='lat' dir='ltr'>(o)</span> <span class='ocrx_word' id='word_1_267' title='bbox 391 2240 462 2278; x_wconf 83' lang='grc' dir='ltr'>Καὶ</span> <span class='ocrx_word' id='word_1_268' title='bbox 482 2239 591 2284; x_wconf 84' lang='grc' dir='ltr'>λέξεσι</span> <span class='ocrx_word' id='word_1_269' title='bbox 613 2240 669 2290; x_wconf 81' lang='grc' dir='ltr'>δὲ,</span> <span class='ocrx_word' id='word_1_270' title='bbox 693 2243 722 2279; x_wconf 87' lang='grc' dir='ltr'>εἷ</span> <span class='ocrx_word' id='word_1_271' title='bbox 751 2242 800 2291; x_wconf 84' lang='grc' dir='ltr'>μή</span> <span class='ocrx_word' id='word_1_272' title='bbox 828 2258 894 2280; x_wconf 90' lang='grc' dir='ltr'>που</span> <span class='ocrx_word' id='word_1_273' title='bbox 915 2244 1066 2287; x_wconf 89' lang='grc' dir='ltr'>σπανίως</span> <span class='ocrx_word' id='word_1_274' title='bbox 1086 2245 1183 2288; x_wconf 81' lang='grc' dir='ltr'>ἔξαλ-</span> 
     </span>
     <span class='ocr_line' id='line_1_37' title="bbox 151 2295 1183 2352; baseline 0.006 -19"><span class='ocrx_word' id='word_1_275' title='bbox 151 2295 378 2347; x_wconf 79' lang='grc' dir='ltr'>λαττούσαις,</span> <span class='ocrx_word' id='word_1_276' title='bbox 408 2300 482 2340; x_wconf 79' lang='grc' dir='ltr'>ταῖς</span> <span class='ocrx_word' id='word_1_277' title='bbox 514 2298 673 2343; x_wconf 78' lang='grc' dir='ltr'>συνήθεσι</span> <span class='ocrx_word' id='word_1_278' title='bbox 701 2306 843 2350; x_wconf 78' lang='grc' dir='ltr'>χρᾶται.</span> <span class='ocrx_word' id='word_1_279' title='bbox 873 2302 945 2343; x_wconf 84' lang='grc' dir='ltr'>Τὰς</span> <span class='ocrx_word' id='word_1_280' title='bbox 975 2301 1010 2338; x_wconf 79' lang='grc' dir='ltr'>δὲ</span> <span class='ocrx_word' id='word_1_281' title='bbox 1044 2302 1183 2352; x_wconf 85' lang='grc' dir='ltr'>πρώτας</span> 
     </span>
     <span class='ocr_line' id='line_1_38' title="bbox 152 2353 1181 2405; baseline 0.008 -15"><span class='ocrx_word' id='word_1_282' title='bbox 152 2353 185 2398; x_wconf 76' lang='grc' dir='ltr'>η’</span> <span class='ocrx_word' id='word_1_283' title='bbox 206 2353 357 2405; x_wconf 82' lang='grc' dir='ltr'>ἱστορίας</span> <span class='ocrx_word' id='word_1_284' title='bbox 381 2354 440 2392; x_wconf 80' lang='grc' dir='ltr'>καὶ</span> <span class='ocrx_word' id='word_1_285' title='bbox 461 2355 521 2398; x_wconf 82' lang='grc' dir='ltr'>τὰς</span> <span class='ocrx_word' id='word_1_286' title='bbox 542 2355 630 2404; x_wconf 86' lang='grc' dir='ltr'>μετὰ</span> <span class='ocrx_word' id='word_1_287' title='bbox 646 2356 708 2402; x_wconf 68' lang='grc' dir='ltr'>τὴν</span> <span class='ocrx_word' id='word_1_288' title='bbox 728 2356 829 2403; x_wconf 77' lang='grc' dir='ltr'>ἕκτην</span> <span class='ocrx_word' id='word_1_289' title='bbox 847 2358 906 2395; x_wconf 84' lang='grc' dir='ltr'>καὶ</span> <span class='ocrx_word' id='word_1_290' title='bbox 927 2359 1072 2405; x_wconf 82' lang='grc' dir='ltr'>δεκάτην</span> <span class='ocrx_word' id='word_1_291' title='bbox 1086 2359 1181 2398; x_wconf 87' lang='grc' dir='ltr'>οὔπω</span> 
     </span>
     <span class='ocr_line' id='line_1_39' title="bbox 155 2412 899 2466; baseline 0.008 -19"><span class='ocrx_word' id='word_1_292' title='bbox 155 2412 260 2448; x_wconf 84' lang='grc' dir='ltr'>εἰπεῖν</span> <span class='ocrx_word' id='word_1_293' title='bbox 281 2414 326 2455; x_wconf 88' lang='grc' dir='ltr'>εἰς</span> <span class='ocrx_word' id='word_1_294' title='bbox 346 2412 424 2449; x_wconf 83' lang='grc' dir='ltr'>θέαν</span> <span class='ocrx_word' id='word_1_295' title='bbox 442 2415 538 2463; x_wconf 79' lang='grc' dir='ltr'>ἡμῶν</span> <span class='ocrx_word' id='word_1_296' title='bbox 559 2414 747 2465; x_wconf 82' lang='grc' dir='ltr'>ἀφιγμένας</span> <span class='ocrx_word' id='word_1_297' title='bbox 763 2415 899 2466; x_wconf 84' lang='grc' dir='ltr'>ἔχομεν.</span> 
     </span>
    </p>
   </div>
   <div class='ocr_carea' id='block_1_3' title="bbox 161 2489 2140 2504">
    <p class='ocr_par' dir='ltr' id='par_1_4' title="bbox 161 2489 2140 2504">
     <span class='ocr_line' id='line_1_40' title="bbox 161 2489 2140 2504; baseline 0 1261"><span class='ocrx_word' id='word_1_298' title='bbox 161 2489 2140 2504; x_wconf 95' lang='lat' dir='ltr'> </span> 
     </span>
    </p>
   </div>
   <div class='ocr_carea' id='block_1_4' title="bbox 889 191 1518 230">
    <p class='ocr_par' dir='ltr' id='par_1_5' title="bbox 889 191 1518 230">
     <span class='ocr_line' id='line_1_41' title="bbox 889 191 1518 230; baseline 0.002 -2"><span class='ocrx_word' id='word_1_299' title='bbox 889 191 1157 230; x_wconf 76' lang='lat' dir='ltr'><strong>MEMNONIS</strong></span> <span class='ocrx_word' id='word_1_300' title='bbox 1186 191 1518 229; x_wconf 80' lang='lat' dir='ltr'><strong>FRAGMENTA.</strong></span> 
     </span>
    </p>
   </div>
   <div class='ocr_carea' id='block_1_5' title="bbox 1240 281 2282 1797">
    <p class='ocr_par' dir='ltr' id='par_1_6' title="bbox 1240 281 2282 1797">
     <span class='ocr_line' id='line_1_42' title="bbox 1241 281 2276 321; baseline -0.001 -8"><span class='ocrx_word' id='word_1_301' title='bbox 1241 283 1391 313; x_wconf 78' lang='lat' dir='ltr'>onerariis</span> <span class='ocrx_word' id='word_1_302' title='bbox 1403 283 1537 313; x_wconf 84' lang='lat' dir='ltr'>navibus</span> <span class='ocrx_word' id='word_1_303' title='bbox 1556 282 1587 312; x_wconf 88' lang='lat' dir='ltr'>in</span> <span class='ocrx_word' id='word_1_304' title='bbox 1601 282 1733 321; x_wconf 84' lang='lat' dir='ltr'>patriam</span> <span class='ocrx_word' id='word_1_305' title='bbox 1758 290 1912 320; x_wconf 69' lang='lat' dir='ltr'>regressus</span> <span class='ocrx_word' id='word_1_306' title='bbox 1923 306 1930 320; x_wconf 94' lang='lat'>‚</span> <span class='ocrx_word' id='word_1_307' title='bbox 1945 290 2001 311; x_wconf 88' lang='lat' dir='ltr'>ceu</span> <span class='ocrx_word' id='word_1_308' title='bbox 2019 281 2204 313; x_wconf 77' lang='lat' dir='ltr'>adulterum</span> <span class='ocrx_word' id='word_1_309' title='bbox 2228 291 2276 312; x_wconf 78' lang='lat' dir='ltr'>re-</span> 
     </span>
     <span class='ocr_line' id='line_1_43' title="bbox 1240 352 2278 392; baseline 0.001 -9"><span class='ocrx_word' id='word_1_310' title='bbox 1240 355 1382 384; x_wconf 81' lang='lat' dir='ltr'>vocatam</span> <span class='ocrx_word' id='word_1_311' title='bbox 1400 353 1557 389; x_wconf 83' lang='lat' dir='ltr'>natalem,</span> <span class='ocrx_word' id='word_1_312' title='bbox 1571 353 1658 382; x_wconf 89' lang='lat' dir='ltr'>omni</span> <span class='ocrx_word' id='word_1_313' title='bbox 1675 352 1778 382; x_wconf 86' lang='lat' dir='ltr'>studio</span> <span class='ocrx_word' id='word_1_314' title='bbox 1800 360 1946 392; x_wconf 83' lang='lat' dir='ltr'>reparare</span> <span class='ocrx_word' id='word_1_315' title='bbox 1965 353 2139 384; x_wconf 82' lang='lat' dir='ltr'>contendit.</span> <span class='ocrx_word' id='word_1_316' title='bbox 2156 354 2200 392; x_wconf 83' lang='lat'>(2)</span> <span class='ocrx_word' id='word_1_317' title='bbox 2218 356 2278 385; x_wconf 82' lang='lat' dir='ltr'>Ve-</span> 
     </span>
     <span class='ocr_line' id='line_1_44' title="bbox 1241 423 2278 464; baseline 0 -9"><span class='ocrx_word' id='word_1_318' title='bbox 1241 434 1310 455; x_wconf 89' lang='lat' dir='ltr'>rum</span> <span class='ocrx_word' id='word_1_319' title='bbox 1325 449 1332 464; x_wconf 92' lang='lat'>‚</span> <span class='ocrx_word' id='word_1_320' title='bbox 1347 425 1424 455; x_wconf 88' lang='lat' dir='ltr'>dum</span> <span class='ocrx_word' id='word_1_321' title='bbox 1439 424 1544 454; x_wconf 84' lang='lat' dir='ltr'>omnia</span> <span class='ocrx_word' id='word_1_322' title='bbox 1558 423 1700 461; x_wconf 89' lang='lat' dir='ltr'>molitur,</span> <span class='ocrx_word' id='word_1_323' title='bbox 1714 423 1767 453; x_wconf 71' lang='lat' dir='ltr'>vix</span> <span class='ocrx_word' id='word_1_324' title='bbox 1780 446 1789 462; x_wconf 93' lang='lat'>‚</span> <span class='ocrx_word' id='word_1_325' title='bbox 1802 424 1838 454; x_wconf 89' lang='lat' dir='ltr'>ut</span> <span class='ocrx_word' id='word_1_326' title='bbox 1852 424 1924 454; x_wconf 85' lang='lat' dir='ltr'>octo</span> <span class='ocrx_word' id='word_1_327' title='bbox 1937 424 2049 462; x_wconf 88' lang='lat' dir='ltr'>millia,</span> <span class='ocrx_word' id='word_1_328' title='bbox 2065 425 2169 455; x_wconf 76' lang='lat' dir='ltr'>vernis</span> <span class='ocrx_word' id='word_1_329' title='bbox 2184 425 2278 455; x_wconf 84' lang='lat' dir='ltr'>etiam</span> 
     </span>
     <span class='ocr_line' id='line_1_45' title="bbox 1240 496 2279 537; baseline 0 -9"><span class='ocrx_word' id='word_1_330' title='bbox 1240 497 1472 536; x_wconf 84' lang='lat' dir='ltr'>annumeratis,</span> <span class='ocrx_word' id='word_1_331' title='bbox 1490 497 1721 536; x_wconf 77' lang='lat' dir='ltr'>colligerentur,</span> <span class='ocrx_word' id='word_1_332' title='bbox 1744 496 1857 528; x_wconf 76' lang='lat' dir='ltr'>effecit.</span> <span class='ocrx_word' id='word_1_333' title='bbox 1874 497 2074 537; x_wconf 81' lang='lat' dir='ltr'>Britliagoras</span> <span class='ocrx_word' id='word_1_334' title='bbox 2096 499 2202 529; x_wconf 84' lang='lat' dir='ltr'>autem</span> <span class='ocrx_word' id='word_1_335' title='bbox 2214 523 2222 537; x_wconf 94' lang='lat'>‚</span> <span class='ocrx_word' id='word_1_336' title='bbox 2238 498 2279 528; x_wconf 89' lang='lat' dir='ltr'>ci-</span> 
     </span>
     <span class='ocr_line' id='line_1_46' title="bbox 1244 567 2278 607; baseline 0 -8"><span class='ocrx_word' id='word_1_337' title='bbox 1244 569 1340 599; x_wconf 81' lang='lat' dir='ltr'>vitate</span> <span class='ocrx_word' id='word_1_338' title='bbox 1356 568 1420 606; x_wconf 76' lang='lat' dir='ltr'>Jam</span> <span class='ocrx_word' id='word_1_339' title='bbox 1441 569 1648 606; x_wconf 72' lang='lat' dir='ltr'>augescente,</span> <span class='ocrx_word' id='word_1_340' title='bbox 1676 567 1830 606; x_wconf 88' lang='lat' dir='ltr'>populum</span> <span class='ocrx_word' id='word_1_341' title='bbox 1855 567 1888 598; x_wconf 90' lang='lat' dir='ltr'>in</span> <span class='ocrx_word' id='word_1_342' title='bbox 1910 568 2075 607; x_wconf 84' lang='lat' dir='ltr'>pristinam</span> <span class='ocrx_word' id='word_1_343' title='bbox 2101 568 2278 600; x_wconf 81' lang='lat' dir='ltr'>libertatem</span> 
     </span>
     <span class='ocr_line' id='line_1_47' title="bbox 1241 639 2278 680; baseline 0.002 -11"><span class='ocrx_word' id='word_1_344' title='bbox 1241 639 1418 670; x_wconf 78' lang='lat' dir='ltr'>vindicandi</span> <span class='ocrx_word' id='word_1_345' title='bbox 1433 648 1520 679; x_wconf 86' lang='lat' dir='ltr'>spem</span> <span class='ocrx_word' id='word_1_346' title='bbox 1544 639 1640 669; x_wconf 83' lang='lat' dir='ltr'>facit:</span> <span class='ocrx_word' id='word_1_347' title='bbox 1665 639 1819 678; x_wconf 89' lang='lat' dir='ltr'>annisque</span> <span class='ocrx_word' id='word_1_348' title='bbox 1835 639 1946 679; x_wconf 84' lang='lat' dir='ltr'>elapsis</span> <span class='ocrx_word' id='word_1_349' title='bbox 1962 639 2046 670; x_wconf 86' lang='lat' dir='ltr'>haud</span> <span class='ocrx_word' id='word_1_350' title='bbox 2067 640 2192 680; x_wconf 80' lang='lat' dir='ltr'>paucis,</span> <span class='ocrx_word' id='word_1_351' title='bbox 2216 642 2278 671; x_wconf 81' lang='lat' dir='ltr'>Ro—</span> 
     </span>
     <span class='ocr_line' id='line_1_48' title="bbox 1241 712 2279 751; baseline 0.001 -8"><span class='ocrx_word' id='word_1_352' title='bbox 1241 722 1407 744; x_wconf 83' lang='lat' dir='ltr'>manorum</span> <span class='ocrx_word' id='word_1_353' title='bbox 1421 712 1553 751; x_wconf 71' lang='lat' dir='ltr'>imperio</span> <span class='ocrx_word' id='word_1_354' title='bbox 1572 712 1636 751; x_wconf 88' lang='lat' dir='ltr'>jam</span> <span class='ocrx_word' id='word_1_355' title='bbox 1651 712 1691 743; x_wconf 88' lang='lat' dir='ltr'>ad</span> <span class='ocrx_word' id='word_1_356' title='bbox 1706 721 1805 743; x_wconf 92' lang='lat' dir='ltr'>unum</span> <span class='ocrx_word' id='word_1_357' title='bbox 1818 714 1855 744; x_wconf 91' lang='lat' dir='ltr'>C.</span> <span class='ocrx_word' id='word_1_358' title='bbox 1873 714 1891 744; x_wconf 91' lang='lat' dir='ltr'>J</span> <span class='ocrx_word' id='word_1_359' title='bbox 1896 712 1997 743; x_wconf 92' lang='lat' dir='ltr'>ulium</span> <span class='ocrx_word' id='word_1_360' title='bbox 2015 714 2172 744; x_wconf 79' lang='lat' dir='ltr'>caesarem</span> <span class='ocrx_word' id='word_1_361' title='bbox 2186 713 2279 744; x_wconf 79' lang='lat' dir='ltr'>devo·</span> 
     </span>
     <span class='ocr_line' id='line_1_49' title="bbox 1242 783 2280 823; baseline 0.002 -9"><span class='ocrx_word' id='word_1_362' title='bbox 1242 784 1326 822; x_wconf 87' lang='lat' dir='ltr'>luto,</span> <span class='ocrx_word' id='word_1_363' title='bbox 1352 783 1391 814; x_wconf 87' lang='lat' dir='ltr'>ad</span> <span class='ocrx_word' id='word_1_364' title='bbox 1416 793 1488 814; x_wconf 82' lang='lat' dir='ltr'>eum</span> <span class='ocrx_word' id='word_1_365' title='bbox 1505 783 1678 814; x_wconf 85' lang='lat' dir='ltr'>contendit.</span> <span class='ocrx_word' id='word_1_366' title='bbox 1711 783 1756 823; x_wconf 87' lang='lat'>(3)</span> <span class='ocrx_word' id='word_1_367' title='bbox 1777 784 1981 823; x_wconf 78' lang='lat' dir='ltr'>Legationem</span> <span class='ocrx_word' id='word_1_368' title='bbox 1999 793 2073 816; x_wconf 88' lang='lat' dir='ltr'>cum</span> <span class='ocrx_word' id='word_1_369' title='bbox 2093 794 2130 816; x_wconf 89' lang='lat' dir='ltr'>eo</span> <span class='ocrx_word' id='word_1_370' title='bbox 2146 785 2280 816; x_wconf 88' lang='lat' dir='ltr'>obibant</span> 
     </span>
     <span class='ocr_line' id='line_1_50' title="bbox 1241 854 2281 894; baseline 0.002 -9"><span class='ocrx_word' id='word_1_371' title='bbox 1241 864 1340 894; x_wconf 90' lang='lat' dir='ltr'>quum</span> <span class='ocrx_word' id='word_1_372' title='bbox 1348 854 1399 885; x_wconf 86' lang='lat' dir='ltr'>alii</span> <span class='ocrx_word' id='word_1_373' title='bbox 1410 863 1450 886; x_wconf 78' lang='lat' dir='ltr'>ex</span> <span class='ocrx_word' id='word_1_374' title='bbox 1460 854 1633 893; x_wconf 86' lang='lat' dir='ltr'>nobilitate,</span> <span class='ocrx_word' id='word_1_375' title='bbox 1646 856 1716 885; x_wconf 91' lang='lat' dir='ltr'>tum</span> <span class='ocrx_word' id='word_1_376' title='bbox 1725 855 1878 894; x_wconf 80' lang='lat' dir='ltr'>Propylus</span> <span class='ocrx_word' id='word_1_377' title='bbox 1889 855 1982 887; x_wconf 84' lang='lat' dir='ltr'>filius.</span> <span class='ocrx_word' id='word_1_378' title='bbox 1997 856 2042 887; x_wconf 90' lang='lat' dir='ltr'>lbi</span> <span class='ocrx_word' id='word_1_379' title='bbox 2057 857 2164 887; x_wconf 91' lang='lat' dir='ltr'>notior</span> <span class='ocrx_word' id='word_1_380' title='bbox 2179 856 2281 888; x_wconf 74' lang='lat' dir='ltr'>tactus</span> 
     </span>
     <span class='ocr_line' id='line_1_51' title="bbox 1241 926 2279 967; baseline 0.003 -10"><span class='ocrx_word' id='word_1_381' title='bbox 1241 927 1356 958; x_wconf 80' lang='lat' dir='ltr'>Coesari</span> <span class='ocrx_word' id='word_1_382' title='bbox 1382 927 1598 966; x_wconf 81' lang='lat' dir='ltr'>Brithagoras,</span> <span class='ocrx_word' id='word_1_383' title='bbox 1627 928 1658 958; x_wconf 90' lang='lat' dir='ltr'>et</span> <span class='ocrx_word' id='word_1_384' title='bbox 1684 926 1812 967; x_wconf 84' lang='lat' dir='ltr'>propius</span> <span class='ocrx_word' id='word_1_385' title='bbox 1840 927 1873 958; x_wconf 92' lang='lat' dir='ltr'>in</span> <span class='ocrx_word' id='word_1_386' title='bbox 1904 927 2075 959; x_wconf 83' lang='lat' dir='ltr'>amicitiam</span> <span class='ocrx_word' id='word_1_387' title='bbox 2102 928 2258 960; x_wconf 86' lang='lat' dir='ltr'>admissus</span> <span class='ocrx_word' id='word_1_388' title='bbox 2270 951 2279 967; x_wconf 89' lang='lat'>,</span> 
     </span>
     <span class='ocr_line' id='line_1_52' title="bbox 1241 998 2280 1039; baseline 0.002 -10"><span class='ocrx_word' id='word_1_389' title='bbox 1241 999 1477 1038; x_wconf 79' lang='lat' dir='ltr'>promissionem</span> <span class='ocrx_word' id='word_1_390' title='bbox 1494 998 1623 1038; x_wconf 87' lang='lat' dir='ltr'>quidem</span> <span class='ocrx_word' id='word_1_391' title='bbox 1644 998 1777 1038; x_wconf 72' lang='lat' dir='ltr'>accipit-3</span> <span class='ocrx_word' id='word_1_392' title='bbox 1795 999 1849 1030; x_wconf 87' lang='lat' dir='ltr'>sed</span> <span class='ocrx_word' id='word_1_393' title='bbox 1870 998 2048 1030; x_wconf 86' lang='lat' dir='ltr'>libertatem</span> <span class='ocrx_word' id='word_1_394' title='bbox 2066 999 2168 1039; x_wconf 85' lang='lat' dir='ltr'>prima</span> <span class='ocrx_word' id='word_1_395' title='bbox 2186 1009 2280 1031; x_wconf 87' lang='lat' dir='ltr'>occa—</span> 
     </span>
     <span class='ocr_line' id='line_1_53' title="bbox 1241 1070 2280 1111; baseline 0.002 -10"><span class='ocrx_word' id='word_1_396' title='bbox 1241 1071 1328 1102; x_wconf 86' lang='lat' dir='ltr'>sione</span> <span class='ocrx_word' id='word_1_397' title='bbox 1343 1079 1531 1111; x_wconf 84' lang='lat' dir='ltr'>recuperare</span> <span class='ocrx_word' id='word_1_398' title='bbox 1549 1070 1658 1111; x_wconf 83' lang='lat' dir='ltr'>nequit</span> <span class='ocrx_word' id='word_1_399' title='bbox 1675 1082 1682 1101; x_wconf 91' lang='lat'><strong>:</strong></span> <span class='ocrx_word' id='word_1_400' title='bbox 1701 1070 1787 1110; x_wconf 92' lang='lat' dir='ltr'>quod</span> <span class='ocrx_word' id='word_1_401' title='bbox 1803 1079 1867 1101; x_wconf 89' lang='lat' dir='ltr'>non</span> <span class='ocrx_word' id='word_1_402' title='bbox 1881 1072 2008 1111; x_wconf 81' lang='lat' dir='ltr'>Romae,</span> <span class='ocrx_word' id='word_1_403' title='bbox 2028 1071 2082 1103; x_wconf 90' lang='lat' dir='ltr'>sed</span> <span class='ocrx_word' id='word_1_404' title='bbox 2099 1071 2172 1102; x_wconf 88' lang='lat' dir='ltr'>alibi</span> <span class='ocrx_word' id='word_1_405' title='bbox 2186 1074 2280 1103; x_wconf 80' lang='lat' dir='ltr'>terra-</span> 
     </span>
     <span class='ocr_line' id='line_1_54' title="bbox 1242 1142 2280 1181; baseline 0.003 -9"><span class='ocrx_word' id='word_1_406' title='bbox 1242 1151 1312 1173; x_wconf 87' lang='lat' dir='ltr'>rum</span> <span class='ocrx_word' id='word_1_407' title='bbox 1339 1143 1444 1174; x_wconf 82' lang='lat' dir='ltr'>Julius</span> <span class='ocrx_word' id='word_1_408' title='bbox 1466 1143 1497 1173; x_wconf 92' lang='lat' dir='ltr'>in</span> <span class='ocrx_word' id='word_1_409' title='bbox 1521 1143 1720 1181; x_wconf 85' lang='lat' dir='ltr'>negotiorum</span> <span class='ocrx_word' id='word_1_410' title='bbox 1748 1142 1953 1174; x_wconf 83' lang='lat' dir='ltr'>distractione</span> <span class='ocrx_word' id='word_1_411' title='bbox 1977 1142 2175 1174; x_wconf 83' lang='lat' dir='ltr'>versabatur.</span> <span class='ocrx_word' id='word_1_412' title='bbox 2209 1145 2280 1175; x_wconf 88' lang='lat' dir='ltr'>Non</span> 
     </span>
     <span class='ocr_line' id='line_1_55' title="bbox 1241 1211 2280 1252; baseline 0.002 -10"><span class='ocrx_word' id='word_1_413' title='bbox 1241 1213 1347 1243; x_wconf 88' lang='lat' dir='ltr'>tamen</span> <span class='ocrx_word' id='word_1_414' title='bbox 1368 1212 1407 1243; x_wconf 86' lang='lat' dir='ltr'>ab</span> <span class='ocrx_word' id='word_1_415' title='bbox 1422 1213 1546 1252; x_wconf 81' lang='lat' dir='ltr'>incepto</span> <span class='ocrx_word' id='word_1_416' title='bbox 1562 1212 1681 1244; x_wconf 82' lang='lat' dir='ltr'>destitit</span> <span class='ocrx_word' id='word_1_417' title='bbox 1704 1212 1923 1252; x_wconf 82' lang='lat' dir='ltr'>Brithagoras‚</span> <span class='ocrx_word' id='word_1_418' title='bbox 1947 1211 2001 1243; x_wconf 76' lang='lat' dir='ltr'>sed</span> <span class='ocrx_word' id='word_1_419' title='bbox 2017 1221 2072 1251; x_wconf 87' lang='lat' dir='ltr'>per</span> <span class='ocrx_word' id='word_1_420' title='bbox 2091 1213 2196 1244; x_wconf 84' lang='lat' dir='ltr'>totum</span> <span class='ocrx_word' id='word_1_421' title='bbox 2216 1213 2280 1244; x_wconf 82' lang='lat' dir='ltr'>fere</span> 
     </span>
     <span class='ocr_line' id='line_1_56' title="bbox 1241 1281 2282 1320; baseline 0.001 -8"><span class='ocrx_word' id='word_1_422' title='bbox 1241 1281 1350 1313; x_wconf 85' lang='lat' dir='ltr'>orbem</span> <span class='ocrx_word' id='word_1_423' title='bbox 1365 1289 1436 1312; x_wconf 90' lang='lat' dir='ltr'>cum</span> <span class='ocrx_word' id='word_1_424' title='bbox 1449 1283 1574 1312; x_wconf 82' lang='lat' dir='ltr'>Caesare</span> <span class='ocrx_word' id='word_1_425' title='bbox 1589 1281 1826 1312; x_wconf 86' lang='lat' dir='ltr'>circumductus</span> <span class='ocrx_word' id='word_1_426' title='bbox 1840 1281 1905 1320; x_wconf 87' lang='lat' dir='ltr'>ipse</span> <span class='ocrx_word' id='word_1_427' title='bbox 1915 1282 1946 1312; x_wconf 91' lang='lat' dir='ltr'>et</span> <span class='ocrx_word' id='word_1_428' title='bbox 1959 1281 2125 1320; x_wconf 81' lang='lat' dir='ltr'>Propylus‚</span> <span class='ocrx_word' id='word_1_429' title='bbox 2140 1281 2172 1312; x_wconf 93' lang='lat' dir='ltr'>in</span> <span class='ocrx_word' id='word_1_430' title='bbox 2182 1281 2282 1313; x_wconf 85' lang='lat' dir='ltr'>oculis</span> 
     </span>
     <span class='ocr_line' id='line_1_57' title="bbox 1244 1349 2281 1390; baseline 0.002 -10"><span class='ocrx_word' id='word_1_431' title='bbox 1244 1349 1311 1389; x_wconf 83' lang='lat' dir='ltr'>ejus</span> <span class='ocrx_word' id='word_1_432' title='bbox 1324 1350 1410 1388; x_wconf 88' lang='lat' dir='ltr'>erat,</span> <span class='ocrx_word' id='word_1_433' title='bbox 1424 1350 1533 1380; x_wconf 86' lang='lat' dir='ltr'>utnon</span> <span class='ocrx_word' id='word_1_434' title='bbox 1544 1349 1676 1380; x_wconf 81' lang='lat' dir='ltr'>obscure</span> <span class='ocrx_word' id='word_1_435' title='bbox 1689 1349 1861 1389; x_wconf 86' lang='lat' dir='ltr'>imperator</span> <span class='ocrx_word' id='word_1_436' title='bbox 1875 1349 2065 1389; x_wconf 83' lang='lat' dir='ltr'>significaret</span> <span class='ocrx_word' id='word_1_437' title='bbox 2075 1372 2084 1389; x_wconf 95' lang='lat'>,</span> <span class='ocrx_word' id='word_1_438' title='bbox 2097 1349 2281 1390; x_wconf 78' lang='lat' dir='ltr'>petitionem</span> 
     </span>
     <span class='ocr_line' id='line_1_58' title="bbox 1242 1417 2278 1458; baseline 0.002 -10"><span class='ocrx_word' id='word_1_439' title='bbox 1242 1418 1377 1450; x_wconf 84' lang='lat' dir='ltr'>hominis</span> <span class='ocrx_word' id='word_1_440' title='bbox 1393 1427 1425 1449; x_wconf 90' lang='lat' dir='ltr'>se</span> <span class='ocrx_word' id='word_1_441' title='bbox 1444 1418 1631 1458; x_wconf 85' lang='lat' dir='ltr'>approbare.</span> <span class='ocrx_word' id='word_1_442' title='bbox 1653 1418 1695 1457; x_wconf 77' lang='lat'>(4)</span> <span class='ocrx_word' id='word_1_443' title='bbox 1713 1417 1888 1449; x_wconf 88' lang='lat' dir='ltr'>Duodecim</span> <span class='ocrx_word' id='word_1_444' title='bbox 1905 1418 2034 1449; x_wconf 87' lang='lat' dir='ltr'>tandem</span> <span class='ocrx_word' id='word_1_445' title='bbox 2061 1428 2160 1450; x_wconf 89' lang='lat' dir='ltr'>annos</span> <span class='ocrx_word' id='word_1_446' title='bbox 2179 1419 2211 1450; x_wconf 91' lang='lat' dir='ltr'>in</span> <span class='ocrx_word' id='word_1_447' title='bbox 2232 1419 2278 1450; x_wconf 78' lang='lat' dir='ltr'>sa·</span> 
     </span>
     <span class='ocr_line' id='line_1_59' title="bbox 1242 1482 2281 1525; baseline 0.001 -7"><span class='ocrx_word' id='word_1_448' title='bbox 1242 1487 1422 1519; x_wconf 83' lang='lat' dir='ltr'>miliaritate</span> <span class='ocrx_word' id='word_1_449' title='bbox 1435 1487 1652 1518; x_wconf 87' lang='lat' dir='ltr'>Romanorum</span> <span class='ocrx_word' id='word_1_450' title='bbox 1667 1494 1829 1525; x_wconf 78' lang='lat' dir='ltr'>emensuS‚</span> <span class='ocrx_word' id='word_1_451' title='bbox 1847 1493 1946 1524; x_wconf 83' lang='lat' dir='ltr'>quum</span> <span class='ocrx_word' id='word_1_452' title='bbox 1964 1486 2030 1525; x_wconf 84' lang='lat' dir='ltr'>jam</span> <span class='ocrx_word' id='word_1_453' title='bbox 2055 1485 2158 1518; x_wconf 84' lang='lat' dir='ltr'>redire</span> <span class='ocrx_word' id='word_1_454' title='bbox 2174 1482 2281 1519; x_wconf 81' lang='lat' dir='ltr'>C&#39;aesar</span> 
     </span>
     <span class='ocr_line' id='line_1_60' title="bbox 1243 1555 2282 1594; baseline 0.001 -6"><span class='ocrx_word' id='word_1_455' title='bbox 1243 1557 1426 1589; x_wconf 83' lang='lat' dir='ltr'>instituisset</span> <span class='ocrx_word' id='word_1_456' title='bbox 1442 1559 1577 1588; x_wconf 81' lang='lat' dir='ltr'>Romam</span> <span class='ocrx_word' id='word_1_457' title='bbox 1587 1579 1595 1594; x_wconf 96' lang='lat'><strong><em>‚</em></strong></span> <span class='ocrx_word' id='word_1_458' title='bbox 1610 1557 1733 1588; x_wconf 81' lang='lat' dir='ltr'>senecta</span> <span class='ocrx_word' id='word_1_459' title='bbox 1755 1557 1787 1587; x_wconf 89' lang='lat' dir='ltr'>et</span> <span class='ocrx_word' id='word_1_460' title='bbox 1802 1555 1948 1587; x_wconf 83' lang='lat' dir='ltr'>laborum</span> <span class='ocrx_word' id='word_1_461' title='bbox 1963 1557 2145 1588; x_wconf 83' lang='lat' dir='ltr'>assiduitate</span> <span class='ocrx_word' id='word_1_462' title='bbox 2166 1558 2282 1589; x_wconf 81' lang='lat' dir='ltr'>exhau-</span> 
     </span>
     <span class='ocr_line' id='line_1_61' title="bbox 1247 1628 2280 1669; baseline 0.002 -9"><span class='ocrx_word' id='word_1_463' title='bbox 1247 1630 1314 1660; x_wconf 87' lang='lat' dir='ltr'>stus</span> <span class='ocrx_word' id='word_1_464' title='bbox 1330 1628 1547 1668; x_wconf 84' lang='lat' dir='ltr'>Brithagoras,</span> <span class='ocrx_word' id='word_1_465' title='bbox 1561 1629 1658 1659; x_wconf 85' lang='lat' dir='ltr'>vitam</span> <span class='ocrx_word' id='word_1_466' title='bbox 1673 1628 1774 1659; x_wconf 83' lang='lat' dir='ltr'>finivit</span> <span class='ocrx_word' id='word_1_467' title='bbox 1785 1652 1794 1669; x_wconf 90' lang='lat'>,</span> <span class='ocrx_word' id='word_1_468' title='bbox 1809 1630 1841 1660; x_wconf 87' lang='lat' dir='ltr'>et</span> <span class='ocrx_word' id='word_1_469' title='bbox 1857 1628 2007 1668; x_wconf 86' lang='lat' dir='ltr'>grandem</span> <span class='ocrx_word' id='word_1_470' title='bbox 2030 1630 2140 1669; x_wconf 84' lang='lat' dir='ltr'>patriae</span> <span class='ocrx_word' id='word_1_471' title='bbox 2159 1631 2280 1662; x_wconf 84' lang='lat' dir='ltr'>luctum</span> 
     </span>
     <span class='ocr_line' id='line_1_62' title="bbox 1242 1696 2279 1736; baseline 0.003 -8"><span class='ocrx_word' id='word_1_472' title='bbox 1242 1706 1259 1727; x_wconf 89' lang='lat' dir='ltr'>a</span> <span class='ocrx_word' id='word_1_473' title='bbox 1273 1705 1305 1728; x_wconf 83' lang='lat' dir='ltr'>se</span> <span class='ocrx_word' id='word_1_474' title='bbox 1320 1696 1459 1736; x_wconf 87' lang='lat' dir='ltr'>reliquit.</span> <span class='ocrx_word' id='word_1_475' title='bbox 1483 1698 1656 1736; x_wconf 83' lang='lat' dir='ltr'>Hucusque</span> <span class='ocrx_word' id='word_1_476' title='bbox 1676 1696 1849 1736; x_wconf 82' lang='lat' dir='ltr'>perductus</span> <span class='ocrx_word' id='word_1_477' title='bbox 1866 1697 1961 1728; x_wconf 87' lang='lat' dir='ltr'>simul</span> <span class='ocrx_word' id='word_1_478' title='bbox 1981 1699 2075 1729; x_wconf 86' lang='lat' dir='ltr'>etiam</span> <span class='ocrx_word' id='word_1_479' title='bbox 2099 1699 2177 1730; x_wconf 83' lang='lat' dir='ltr'>liber</span> <span class='ocrx_word' id='word_1_480' title='bbox 2193 1699 2279 1731; x_wconf 85' lang='lat' dir='ltr'>deci-</span> 
     </span>
     <span class='ocr_line' id='line_1_63' title="bbox 1243 1765 2070 1797; baseline 0.001 -1"><span class='ocrx_word' id='word_1_481' title='bbox 1243 1774 1314 1796; x_wconf 90' lang='lat' dir='ltr'>mus</span> <span class='ocrx_word' id='word_1_482' title='bbox 1324 1766 1434 1796; x_wconf 86' lang='lat' dir='ltr'>sextus</span> <span class='ocrx_word' id='word_1_483' title='bbox 1445 1765 1655 1796; x_wconf 83' lang='lat' dir='ltr'>Historiarum</span> <span class='ocrx_word' id='word_1_484' title='bbox 1666 1765 1843 1796; x_wconf 88' lang='lat' dir='ltr'>Memnonis</span> <span class='ocrx_word' id='word_1_485' title='bbox 1852 1765 1948 1796; x_wconf 85' lang='lat' dir='ltr'>finem</span> <span class='ocrx_word' id='word_1_486' title='bbox 1962 1766 2070 1797; x_wconf 82' lang='lat' dir='ltr'>hahet.</span> 
     </span>
    </p>
   </div>
   <div class='ocr_carea' id='block_1_6' title="bbox 1243 1835 2281 2464">
    <p class='ocr_par' dir='ltr' id='par_1_7' title="bbox 1243 1835 2281 2464">
     <span class='ocr_line' id='line_1_64' title="bbox 1285 1835 2275 1879; baseline 0.002 -12"><span class='ocrx_word' id='word_1_487' title='bbox 1285 1840 1314 1867; x_wconf 83' lang='lat'>5.</span> <span class='ocrx_word' id='word_1_488' title='bbox 1331 1835 1464 1876; x_wconf 87' lang='lat' dir='ltr'>Scriptio</span> <span class='ocrx_word' id='word_1_489' title='bbox 1478 1835 1550 1866; x_wconf 80' lang='lat' dir='ltr'>haec</span> <span class='ocrx_word' id='word_1_490' title='bbox 1562 1837 1726 1866; x_wconf 88' lang='lat' dir='ltr'>auctorem</span> <span class='ocrx_word' id='word_1_491' title='bbox 1743 1835 1847 1875; x_wconf 86' lang='lat' dir='ltr'>prodit</span> <span class='ocrx_word' id='word_1_492' title='bbox 1862 1835 2105 1876; x_wconf 83' lang='lat' dir='ltr'>intelligentem,</span> <span class='ocrx_word' id='word_1_493' title='bbox 2122 1838 2275 1879; x_wconf 88' lang='lat' dir='ltr'>tenuique</span> 
     </span>
     <span class='ocr_line' id='line_1_65' title="bbox 1243 1893 2279 1936; baseline 0.004 -12"><span class='ocrx_word' id='word_1_494' title='bbox 1243 1893 1367 1925; x_wconf 85' lang='lat' dir='ltr'>dicendi</span> <span class='ocrx_word' id='word_1_495' title='bbox 1386 1895 1490 1933; x_wconf 85' lang='lat' dir='ltr'>generi</span> <span class='ocrx_word' id='word_1_496' title='bbox 1507 1893 1668 1924; x_wconf 85' lang='lat' dir='ltr'>addictum</span> <span class='ocrx_word' id='word_1_497' title='bbox 1678 1918 1687 1932; x_wconf 90' lang='lat'>,</span> <span class='ocrx_word' id='word_1_498' title='bbox 1702 1902 1766 1924; x_wconf 91' lang='lat' dir='ltr'>non</span> <span class='ocrx_word' id='word_1_499' title='bbox 1780 1893 1824 1924; x_wconf 83' lang='lat' dir='ltr'>ita</span> <span class='ocrx_word' id='word_1_500' title='bbox 1837 1895 1947 1925; x_wconf 85' lang='lat' dir='ltr'>tamen</span> <span class='ocrx_word' id='word_1_501' title='bbox 1960 1896 1996 1926; x_wconf 91' lang='lat' dir='ltr'>ut</span> <span class='ocrx_word' id='word_1_502' title='bbox 2012 1895 2147 1935; x_wconf 83' lang='lat' dir='ltr'>negligat</span> <span class='ocrx_word' id='word_1_503' title='bbox 2162 1897 2279 1936; x_wconf 83' lang='lat' dir='ltr'>perspi-</span> 
     </span>
     <span class='ocr_line' id='line_1_66' title="bbox 1245 1955 2281 1996; baseline 0.003 -9"><span class='ocrx_word' id='word_1_504' title='bbox 1245 1956 1408 1987; x_wconf 84' lang='lat' dir='ltr'>cuitatem.</span> <span class='ocrx_word' id='word_1_505' title='bbox 1430 1959 1456 1988; x_wconf 85' lang='lat' dir='ltr'>A</span> <span class='ocrx_word' id='word_1_506' title='bbox 1481 1955 1728 1996; x_wconf 85' lang='lat' dir='ltr'>digressionibus</span> <span class='ocrx_word' id='word_1_507' title='bbox 1749 1955 1902 1995; x_wconf 82' lang='lat' dir='ltr'>abstinet,</span> <span class='ocrx_word' id='word_1_508' title='bbox 1927 1956 1989 1987; x_wconf 90' lang='lat' dir='ltr'>nisi</span> <span class='ocrx_word' id='word_1_509' title='bbox 2017 1957 2098 1989; x_wconf 85' lang='lat' dir='ltr'>sorte</span> <span class='ocrx_word' id='word_1_510' title='bbox 2113 1958 2281 1990; x_wconf 80' lang='lat' dir='ltr'>necessitas</span> 
     </span>
     <span class='ocr_line' id='line_1_67' title="bbox 1244 2014 2280 2055; baseline 0.002 -9"><span class='ocrx_word' id='word_1_511' title='bbox 1244 2015 1393 2055; x_wconf 63' lang='lat' dir='ltr'>quaedam</span> <span class='ocrx_word' id='word_1_512' title='bbox 1407 2015 1502 2046; x_wconf 86' lang='lat' dir='ltr'>etiam</span> <span class='ocrx_word' id='word_1_513' title='bbox 1516 2022 1589 2054; x_wconf 79' lang='lat' dir='ltr'>quae</span> <span class='ocrx_word' id='word_1_514' title='bbox 1610 2015 1701 2045; x_wconf 81' lang='lat' dir='ltr'>extra</span> <span class='ocrx_word' id='word_1_515' title='bbox 1726 2014 1922 2054; x_wconf 81' lang='lat' dir='ltr'>propositum</span> <span class='ocrx_word' id='word_1_516' title='bbox 1942 2015 2002 2046; x_wconf 87' lang='lat' dir='ltr'>sita</span> <span class='ocrx_word' id='word_1_517' title='bbox 2020 2017 2094 2047; x_wconf 84' lang='lat' dir='ltr'>sunt</span> <span class='ocrx_word' id='word_1_518' title='bbox 2113 2016 2280 2048; x_wconf 78' lang='lat' dir='ltr'>subtexere</span> 
     </span>
     <span class='ocr_line' id='line_1_68' title="bbox 1243 2074 2281 2117; baseline 0.002 -11"><span class='ocrx_word' id='word_1_519' title='bbox 1243 2075 1372 2115; x_wconf 79' lang='lat' dir='ltr'>jubeat;</span> <span class='ocrx_word' id='word_1_520' title='bbox 1398 2083 1503 2115; x_wconf 88' lang='lat' dir='ltr'>neque</span> <span class='ocrx_word' id='word_1_521' title='bbox 1527 2083 1604 2106; x_wconf 89' lang='lat' dir='ltr'>vero</span> <span class='ocrx_word' id='word_1_522' title='bbox 1627 2075 1682 2106; x_wconf 92' lang='lat' dir='ltr'>ubi</span> <span class='ocrx_word' id='word_1_523' title='bbox 1708 2075 1770 2106; x_wconf 86' lang='lat' dir='ltr'>huo</span> <span class='ocrx_word' id='word_1_524' title='bbox 1794 2074 1975 2114; x_wconf 79' lang='lat' dir='ltr'>deflexerit,</span> <span class='ocrx_word' id='word_1_525' title='bbox 2003 2076 2140 2107; x_wconf 84' lang='lat' dir='ltr'>multum</span> <span class='ocrx_word' id='word_1_526' title='bbox 2164 2076 2281 2117; x_wconf 80' lang='lat' dir='ltr'>diuque</span> 
     </span>
     <span class='ocr_line' id='line_1_69' title="bbox 1245 2133 2279 2174; baseline 0.002 -10"><span class='ocrx_word' id='word_1_527' title='bbox 1245 2135 1400 2172; x_wconf 87' lang='lat' dir='ltr'>moratur,</span> <span class='ocrx_word' id='word_1_528' title='bbox 1415 2133 1468 2165; x_wconf 90' lang='lat' dir='ltr'>sed</span> <span class='ocrx_word' id='word_1_529' title='bbox 1478 2157 1486 2172; x_wconf 93' lang='lat'><strong>,</strong></span> <span class='ocrx_word' id='word_1_530' title='bbox 1502 2133 1640 2173; x_wconf 78' lang='lat' dir='ltr'>urgentis</span> <span class='ocrx_word' id='word_1_531' title='bbox 1653 2141 1776 2164; x_wconf 87' lang='lat' dir='ltr'>memor</span> <span class='ocrx_word' id='word_1_532' title='bbox 1789 2134 1923 2173; x_wconf 84' lang='lat' dir='ltr'>negotii,</span> <span class='ocrx_word' id='word_1_533' title='bbox 1935 2134 2051 2165; x_wconf 89' lang='lat' dir='ltr'>reverti</span> <span class='ocrx_word' id='word_1_534' title='bbox 2065 2135 2126 2165; x_wconf 87' lang='lat' dir='ltr'>scit</span> <span class='ocrx_word' id='word_1_535' title='bbox 2142 2135 2279 2174; x_wconf 89' lang='lat' dir='ltr'>proposi·</span> 
     </span>
     <span class='ocr_line' id='line_1_70' title="bbox 1245 2191 2278 2232; baseline 0 -9"><span class='ocrx_word' id='word_1_536' title='bbox 1245 2195 1378 2232; x_wconf 85' lang='lat' dir='ltr'>tumque</span> <span class='ocrx_word' id='word_1_537' title='bbox 1394 2192 1483 2223; x_wconf 87' lang='lat' dir='ltr'>initio</span> <span class='ocrx_word' id='word_1_538' title='bbox 1497 2192 1661 2223; x_wconf 90' lang='lat' dir='ltr'>consilium</span> <span class='ocrx_word' id='word_1_539' title='bbox 1675 2200 1847 2223; x_wconf 89' lang='lat' dir='ltr'>resumere.</span> <span class='ocrx_word' id='word_1_540' title='bbox 1870 2191 1912 2232; x_wconf 83' lang='lat'>(6)</span> <span class='ocrx_word' id='word_1_541' title='bbox 1926 2192 2039 2224; x_wconf 87' lang='lat' dir='ltr'>Verbis</span> <span class='ocrx_word' id='word_1_542' title='bbox 2056 2193 2157 2224; x_wconf 74' lang='lat' dir='ltr'>utitur</span> <span class='ocrx_word' id='word_1_543' title='bbox 2177 2193 2278 2224; x_wconf 86' lang='lat' dir='ltr'>usita-</span> 
     </span>
     <span class='ocr_line' id='line_1_71' title="bbox 1244 2250 2278 2293; baseline 0 -11"><span class='ocrx_word' id='word_1_544' title='bbox 1244 2251 1284 2282; x_wconf 89' lang='lat' dir='ltr'>tis</span> <span class='ocrx_word' id='word_1_545' title='bbox 1296 2275 1304 2289; x_wconf 98' lang='lat'>,</span> <span class='ocrx_word' id='word_1_546' title='bbox 1325 2250 1383 2282; x_wconf 86' lang='lat' dir='ltr'>etsi</span> <span class='ocrx_word' id='word_1_547' title='bbox 1400 2251 1479 2281; x_wconf 88' lang='lat' dir='ltr'>raris</span> <span class='ocrx_word' id='word_1_548' title='bbox 1491 2250 1681 2290; x_wconf 87' lang='lat' dir='ltr'>quibusdam</span> <span class='ocrx_word' id='word_1_549' title='bbox 1697 2250 1775 2281; x_wconf 85' lang='lat' dir='ltr'>locis</span> <span class='ocrx_word' id='word_1_550' title='bbox 1790 2251 1886 2281; x_wconf 85' lang='lat' dir='ltr'>etiam</span> <span class='ocrx_word' id='word_1_551' title='bbox 1902 2251 2103 2293; x_wconf 83' lang='lat' dir='ltr'>immutantia</span> <span class='ocrx_word' id='word_1_552' title='bbox 2116 2251 2278 2290; x_wconf 82' lang='lat' dir='ltr'>vulgarem</span> 
     </span>
     <span class='ocr_line' id='line_1_72' title="bbox 1245 2308 2278 2348; baseline 0 -9"><span class='ocrx_word' id='word_1_553' title='bbox 1245 2309 1415 2339; x_wconf 85' lang='lat' dir='ltr'>dictionem</span> <span class='ocrx_word' id='word_1_554' title='bbox 1433 2310 1617 2340; x_wconf 88' lang='lat' dir='ltr'>occurrunt.</span> <span class='ocrx_word' id='word_1_555' title='bbox 1636 2311 1684 2340; x_wconf 89' lang='lat' dir='ltr'>De</span> <span class='ocrx_word' id='word_1_556' title='bbox 1696 2309 1769 2339; x_wconf 82' lang='lat' dir='ltr'>octo</span> <span class='ocrx_word' id='word_1_557' title='bbox 1784 2308 1871 2339; x_wconf 91' lang='lat' dir='ltr'>libris</span> <span class='ocrx_word' id='word_1_558' title='bbox 1888 2308 2044 2348; x_wconf 85' lang='lat' dir='ltr'>prioribus</span> <span class='ocrx_word' id='word_1_559' title='bbox 2057 2310 2088 2339; x_wconf 81' lang='lat' dir='ltr'>et</span> <span class='ocrx_word' id='word_1_560' title='bbox 2106 2308 2145 2339; x_wconf 86' lang='lat' dir='ltr'>de</span> <span class='ocrx_word' id='word_1_561' title='bbox 2163 2309 2210 2339; x_wconf 78' lang='lat' dir='ltr'>liis</span> <span class='ocrx_word' id='word_1_562' title='bbox 2223 2308 2278 2348; x_wconf 89' lang='lat' dir='ltr'>qui</span> 
     </span>
     <span class='ocr_line' id='line_1_73' title="bbox 1245 2365 2278 2406; baseline 0.002 -10"><span class='ocrx_word' id='word_1_563' title='bbox 1245 2366 1407 2406; x_wconf 79' lang='lat' dir='ltr'>excipiunt</span> <span class='ocrx_word' id='word_1_564' title='bbox 1427 2368 1554 2397; x_wconf 86' lang='lat' dir='ltr'>sextum</span> <span class='ocrx_word' id='word_1_565' title='bbox 1571 2368 1602 2397; x_wconf 88' lang='lat' dir='ltr'>et</span> <span class='ocrx_word' id='word_1_566' title='bbox 1624 2365 1784 2397; x_wconf 82' lang='lat' dir='ltr'>decimum</span> <span class='ocrx_word' id='word_1_567' title='bbox 1798 2390 1806 2404; x_wconf 92' lang='lat'><strong>,</strong></span> <span class='ocrx_word' id='word_1_568' title='bbox 1825 2366 1910 2406; x_wconf 90' lang='lat' dir='ltr'>quod</span> <span class='ocrx_word' id='word_1_569' title='bbox 1934 2375 1988 2397; x_wconf 85' lang='lat' dir='ltr'>eos</span> <span class='ocrx_word' id='word_1_570' title='bbox 2009 2366 2150 2397; x_wconf 87' lang='lat' dir='ltr'>nondum</span> <span class='ocrx_word' id='word_1_571' title='bbox 2173 2367 2278 2398; x_wconf 84' lang='lat' dir='ltr'>videre</span> 
     </span>
     <span class='ocr_line' id='line_1_74' title="bbox 1244 2424 1756 2464; baseline 0 -9"><span class='ocrx_word' id='word_1_572' title='bbox 1244 2424 1410 2463; x_wconf 88' lang='lat' dir='ltr'>contigerit</span> <span class='ocrx_word' id='word_1_573' title='bbox 1421 2448 1430 2464; x_wconf 92' lang='lat'>,</span> <span class='ocrx_word' id='word_1_574' title='bbox 1445 2433 1508 2455; x_wconf 91' lang='lat' dir='ltr'>non</span> <span class='ocrx_word' id='word_1_575' title='bbox 1529 2424 1628 2455; x_wconf 79' lang='lat' dir='ltr'>liabeo</span> <span class='ocrx_word' id='word_1_576' title='bbox 1642 2424 1756 2455; x_wconf 86' lang='lat' dir='ltr'>dicere.</span> 
     </span>
    </p>
   </div>
   <div class='ocr_carea' id='block_1_7' title="bbox 2143 2498 2263 2502">
    <p class='ocr_par' dir='ltr' id='par_1_8' title="bbox 2143 2498 2263 2502">
     <span class='ocr_line' id='line_1_75' title="bbox 2143 2498 2263 2502; baseline 0 0"><span class='ocrx_word' id='word_1_577' title='bbox 2143 2498 2263 2502; x_wconf 95' lang='lat' dir='ltr'> </span> 
     </span>
    </p>
   </div>
   <div class='ocr_carea' id='block_1_8' title="bbox 198 2522 2273 2568">
    <p class='ocr_par' dir='ltr' id='par_1_9' title="bbox 198 2522 2273 2568">
     <span class='ocr_line' id='line_1_76' title="bbox 198 2522 2273 2568; baseline 0.004 -17"><span class='ocrx_word' id='word_1_578' title='bbox 198 2522 262 2552; x_wconf 86' lang='lat' dir='ltr'>Lx.</span> <span class='ocrx_word' id='word_1_579' title='bbox 291 2526 315 2552; x_wconf 89' lang='grc'>1.</span> <span class='ocrx_word' id='word_1_580' title='bbox 341 2522 545 2563; x_wconf 72' lang='grc' dir='ltr'>ἐπανάγεται]</span> <span class='ocrx_word' id='word_1_581' title='bbox 563 2527 619 2562; x_wconf 84' lang='grc' dir='ltr'>Α.;</span> <span class='ocrx_word' id='word_1_582' title='bbox 638 2524 742 2562; x_wconf 77' lang='grc' dir='ltr'>ἄγεται</span> <span class='ocrx_word' id='word_1_583' title='bbox 761 2525 846 2564; x_wconf 74' lang='lat' dir='ltr'>vulg.</span> <span class='ocrx_word' id='word_1_584' title='bbox 863 2545 900 2552; x_wconf 89' lang='lat'>-</span> <span class='ocrx_word' id='word_1_585' title='bbox 923 2526 1147 2567; x_wconf 81' lang='grc' dir='ltr'>ἀνοικίζεσθαι]</span> <span class='ocrx_word' id='word_1_586' title='bbox 1169 2532 1193 2559; x_wconf 87' lang='grc' dir='ltr'>Α</span> <span class='ocrx_word' id='word_1_587' title='bbox 1209 2539 1217 2566; x_wconf 91' lang='grc'>;</span> <span class='ocrx_word' id='word_1_588' title='bbox 1247 2529 1371 2564; x_wconf 81' lang='grc' dir='ltr'>ἐνοικίζ.</span> <span class='ocrx_word' id='word_1_589' title='bbox 1393 2529 1479 2568; x_wconf 66' lang='lat' dir='ltr'>vulg.</span> <span class='ocrx_word' id='word_1_590' title='bbox 1498 2547 1537 2554; x_wconf 88' lang='lat'>-—</span> <span class='ocrx_word' id='word_1_591' title='bbox 1552 2533 1580 2559; x_wconf 84' lang='lat'>3.</span> <span class='ocrx_word' id='word_1_592' title='bbox 1602 2528 1740 2568; x_wconf 78' lang='grc' dir='ltr'>ἐγένετο]</span> <span class='ocrx_word' id='word_1_593' title='bbox 1758 2529 1797 2559; x_wconf 83' lang='lat' dir='ltr'>al.</span> <span class='ocrx_word' id='word_1_594' title='bbox 1817 2528 1942 2567; x_wconf 82' lang='grc' dir='ltr'>ἐγίνετο.</span> <span class='ocrx_word' id='word_1_595' title='bbox 1958 2545 1998 2550; x_wconf 88' lang='grc'>-</span> <span class='ocrx_word' id='word_1_596' title='bbox 2018 2533 2045 2559; x_wconf 82' lang='lat'>5.</span> <span class='ocrx_word' id='word_1_597' title='bbox 2069 2526 2273 2566; x_wconf 66' lang='grc' dir='ltr'>τοιοῦτονῙΞίἱ.</span> 
     </span>
    </p>
   </div>
   <div class='ocr_carea' id='block_1_9' title="bbox 162 2569 714 2610">
    <p class='ocr_par' dir='ltr' id='par_1_10' title="bbox 162 2569 714 2610">
     <span class='ocr_line' id='line_1_77' title="bbox 162 2569 714 2610; baseline 0.009 -14"><span class='ocrx_word' id='word_1_598' title='bbox 162 2570 265 2598; x_wconf 77' lang='grc' dir='ltr'>τοῦτο.</span> <span class='ocrx_word' id='word_1_599' title='bbox 281 2587 320 2593; x_wconf 94' lang='grc'>-</span> <span class='ocrx_word' id='word_1_600' title='bbox 335 2573 364 2599; x_wconf 84' lang='grc'>6.</span> <span class='ocrx_word' id='word_1_601' title='bbox 383 2569 512 2609; x_wconf 82' lang='grc' dir='ltr'>χρᾶται]</span> <span class='ocrx_word' id='word_1_602' title='bbox 532 2570 573 2600; x_wconf 83' lang='lat' dir='ltr'>al.</span> <span class='ocrx_word' id='word_1_603' title='bbox 594 2574 714 2610; x_wconf 79' lang='grc' dir='ltr'>χρῆται.</span> 
     </span>
    </p>
   </div>
   <div class='ocr_carea' id='block_1_10' title="bbox 2308 2676 2338 3765">
    <p class='ocr_par' dir='ltr' id='par_1_11' title="bbox 2308 2676 2338 3765">
     <span class='ocr_line' id='line_1_78' title="bbox 2308 2676 2338 3765; baseline 0 0"><span class='ocrx_word' id='word_1_604' title='bbox 2308 2676 2338 3765; x_wconf 95' lang='lat' dir='ltr'> </span> 
     </span>
    </p>
   </div>
  </div>
 </body>
</html>
