2338 3765
139 188 212 220 442

136 268 289 320 χόντων)
311 267 371 304 καὶ
404 267 446 318 (6)
468 266 654 313 κατέθηκεν
677 268 778 305 αὑτοῦ
802 268 869 320 πρὸ
890 271 957 306 τῶν
989 272 1102 309 ποδῶν
1134 273 1172 309 τὸ

137 327 305 375 διάδημα.
327 327 480 367 Βοῶντος
500 324 534 362 δὲ
555 328 612 361 τοῦ
631 325 762 374 δήμου,
784 327 840 364 ἐπὶ
865 327 926 373 τὴν
944 329 1097 378 κεφαλὴν
1116 329 1170 368 τί-

135 388 229 421 θεται
241 400 249 407 ·
270 383 327 421 καὶ
344 383 400 420 ἐπὶ
417 387 534 421 τοῦτον
547 383 697 421 Λέπιδον
711 385 894 428 καλοῦντος
907 386 963 424 τὸν
978 387 1170 438 ἱππάρχην,

135 439 151 473 ὑ
172 436 233 485 μὲν
251 436 372 473 ὤκνει·
401 436 436 472 ἐν
456 435 565 487 τούτῳ
585 434 619 472 δὲ
653 435 803 479 Κάσσιος
829 440 1012 488 Λογγῖνος,
1042 434 1088 482 εἷς
1104 443 1170 477 τῶν

135 494 439 542 ἐπιὸουλευόντων,
455 496 499 535 ὡς
517 495 615 539 δῆθεν
630 492 743 536 εὔνους
759 492 820 545 ὢν,
838 495 893 532 ἵνα
914 496 972 533 καὶ
992 497 1169 535 λανθάνειν

134 555 266 602 μᾶλλον
286 551 443 600 δύναιτο,
468 550 618 602 ὑποφθὰς
641 551 792 589 ἀνείλετο
807 552 845 589 τὸ
866 553 1018 601 διάδημα
1035 555 1093 592 καὶ
1114 556 1170 592 ἐπὶ

133 610 176 648 τὰ
198 610 326 662 γόνατα
351 611 455 646 αὐτοῦ
478 609 591 656 ἔθηκε.
619 611 732 656 Συνῆν
761 610 795 647 δὲ
826 611 885 648 καὶ
917 613 1069 656 Πόπλιος
1093 613 1167 651 Κά-

133 684 217 712 σκας
232 671 284 719 (7).
303 668 478 718 Καίσαρος
493 667 526 704 δὲ
543 667 768 717 διωθουμένου
785 669 844 706 καὶ
859 673 916 706 τοῦ
935 670 1044 719 δήμου
1063 673 1167 721 βοῶν-

133 742 209 776 τος,
245 727 333 778 ταχὺ
369 725 602 777 προσδραμὼν
638 725 810 769 Ἀντώνιος
845 727 970 778 γυμνὸς
1013 730 1167 778 ἀληλιμ-

133 785 230 834 μένος
250 787 311 835 (8),
330 783 447 835 ὥσπερ
480 783 692 834 ἐπόμπευεν,
714 784 770 821 ἐπὶ
798 784 860 830 τὴν
888 786 1040 837 κεφαλὴν
1061 786 1166 824 ἐπιτί-

130 847 221 890 θησι.
243 844 382 894 Καῖσαρ
403 842 437 880 δὲ
452 842 654 892 ἀνελόμενος
674 842 757 880 αὐτὸ
775 844 820 886 εἷς
840 843 895 880 τὸν
911 843 1013 895 ὄχλον
1035 844 1165 896 ἔρριψε.

132 902 204 940 Καὶ
223 904 253 939 οἱ
268 901 329 951 μὲν
346 902 535 938 τελευταῖοι
549 900 737 952 ἐκρότησαν
752 901 807 938 ἐπὶ
825 902 934 952 τούτῳ
946 933 955 951 ,
975 904 1005 939 οἱ
1023 902 1057 939 δὲ
1075 905 1164 949 πλη·

130 960 202 997 σίον
223 960 331 998 §adona
352 960 511 1010 δέχεσθαι
530 958 588 996 καὶ
609 959 657 1008 μὴ
680 959 874 997 διωθεῖσθαι
893 958 954 1004 τὴν
975 964 1033 997 τοῦ
1055 960 1164 1009 δήμου

128 1019 245 1071 χάριν.
265 1016 383 1056 Ἄλλοι
408 1016 474 1069 γὰρ
498 1017 606 1063 ἄλλην
631 1016 771 1066 γνώμην
799 1017 876 1068 περὶ
895 1020 962 1055 τῶν
983 1018 1165 1069 δρωμένων

128 1071 232 1128 εἶχον·
250 1078 279 1114 οἱ
301 1075 362 1125 μὲν
389 1075 455 1126 γὰρ
475 1074 725 1126 ἐδυσχέραινον,
748 1074 808 1112 ἅτε
832 1075 1030 1118 δυναστείας
1048 1076 1164 1122 δήλω-

127 1150 180 1172 σιν
204 1136 243 1185 (9)
266 1134 414 1184 μείζονος
433 1132 454 1178 ἢ
475 1132 565 1170 κατὰ
588 1133 840 1183 δημοκρατίαν·
859 1135 889 1170 οἱ
909 1134 943 1170 δὲ
964 1134 1164 1185 χαρίζεσθαι

127 1193 275 1240 οἰόμενοι
296 1191 527 1242 συνέπραττον
543 1206 550 1214 ·
570 1193 600 1228 οἱ
619 1190 653 1227 δὲ
672 1192 732 1228 οὐκ
752 1190 815 1234 ἔξω
834 1194 893 1237 τῆς
909 1194 1047 1242 γνώμης
1061 1194 1163 1230 αὐτοῦ

127 1250 296 1301 διεθρόουν
326 1253 425 1286 τοῦτο
445 1248 620 1287 Ἀντώνιον
655 1248 710 1298 (10)
746 1249 971 1294 πεποιηκέναι
986 1265 993 1272 ·
1026 1251 1164 1293 πολλοῖς

127 1310 155 1345 δ’
175 1303 216 1354 ἦν
233 1308 291 1345 καὶ
312 1307 527 1358 βουλομένοις
551 1305 695 1357 βασιλέα
716 1307 816 1344 αὐτὸν
838 1307 1081 1359 ἀναμφιλόγως
1103 1325 1162 1358 γε-

126 1367 256 1405 νέσθαι.
280 1364 510 1404 Παντοδαπαὶ
531 1364 592 1413 μὲν
610 1367 722 1416 φῆμαι
738 1366 772 1401 ἐν
791 1367 839 1416 τῷ
859 1365 969 1417 ὁμίλῳ
987 1360 1090 1411 ἦσαν.
1111 1366 1161 1404 Τὸ

126 1426 157 1462 δ’
175 1420 232 1463 οὖν
250 1425 402 1474 δεύτερον
425 1423 602 1461 Ἀντωνίου
623 1422 849 1474 ἐπιτιθέντος,
875 1427 892 1461 ὁ
910 1425 1017 1472 δῆμος
1037 1424 1161 1471 ε’ὅόησε

126 1501 141 1515 «
160 1484 273 1534 Χαῖρε
295 1483 436 1534 βασιλεῦ
457 1500 470 1514 »
485 1484 546 1527 τῆς
566 1484 687 1518 ἑαυτοῦ
705 1481 874 1531 γλώττης.
892 1482 936 1520 ‘O
957 1482 991 1519 δὲ
1012 1484 1049 1520 οὐ
1065 1483 1161 1534 δεχό-

126 1556 224 1590 μενος
247 1543 304 1591 (11)
324 1540 498 1578 ἐκέλευσεν
520 1541 565 1581 εἷς
585 1539 623 1576 τὸ
642 1543 701 1576 τοῦ
723 1540 949 1577 Καπιτωλίου
971 1540 1048 1583 Διὸς
1071 1542 1160 1591 ἱερὸν

125 1598 307 1650 ἀποφέρειν
332 1597 434 1634 αὐτό·
456 1597 573 1647 ἐκείνῳ
590 1597 656 1647 γὰρ
681 1599 810 1646 μᾶλλον
831 1597 1028 1648 ἁρμόττειν.
1088 1599 1159 1637 Καὶ

124 1658 228 1694 πάλιν
249 1655 440 1707 ἐκρότησαν
460 1657 490 1692 οἱ
511 1655 628 1704 αὐτοὶ,
648 1653 764 1706 ὥσπερ
784 1655 844 1692 καὶ
869 1655 991 1694 πάλαι.
1010 1656 1158 1705 Λέγεται

124 1716 159 1753 δὲ
190 1715 249 1752 καὶ
284 1715 393 1764 ἕτερος
429 1714 546 1762 λόγος,
577 1715 622 1755 ὣς
647 1716 756 1750 ταῦτα
784 1713 952 1763 ἔπραττεν
986 1713 1159 1758 Ἀντώνιος

123 1773 241 1824 ἐκείνῳ
261 1772 334 1821 μὲν,
352 1771 395 1814 ὥς
411 1787 447 1821 γε
467 1770 552 1822 ᾤετο
565 1800 573 1816 ,
591 1770 793 1821 χαρίζεσθαι
817 1771 1020 1821 βουλόμενος
1032 1801 1042 1820 ,
1064 1775 1157 1824 αὑτῷ

122 1831 158 1868 δὲ
172 1830 294 1868 ἐλπίδα
313 1829 488 1879 μνώμενος
502 1830 531 1865 εἰ
544 1827 676 1877 γένοιτο
690 1828 828 1872 ποιητὸς
845 1828 927 1872 υἱός.
947 1831 1155 1867 Τελευταῖον

122 1889 155 1926 δὲ
172 1888 416 1936 ἀσπασάμενος
434 1887 593 1938 Καίσαρα
609 1886 727 1923 δίδωσι
741 1889 807 1923 τῶν
819 1886 1050 1938 παρεστώτων
1069 1889 1155 1926 τισὶν

120 1950 285 1985 ἐπιθεῖναι
306 1945 388 1982 αὐτὸ
405 1944 461 1982 ἐπὶ
480 1944 541 1990 τὴν
573 1944 727 1995 κεφαλὴν
746 1948 806 1981 τοῦ
830 1945 976 1990 πλησίον
998 1947 1155 1997 ἀνδριάν-

119 2020 175 2047 τος
194 2003 384 2054 Καίσαρος·
402 2004 432 2040 οἵ
450 2002 484 2039 δὲ
503 2002 680 2041 ἐπέθεσαν.
722 2003 781 2039 Ἔν
801 2002 828 2039 δ’
846 1998 903 2040 οὖν
919 2008 988 2046 τοῖς
1001 2003 1077 2040 τότε
1099 2004 1154 2055 (12)

119 2063 250 2105 οὐδενὸς
277 2057 378 2107 ἧττον
408 2060 468 2098 καὶ
496 2060 574 2098 τόδε
606 2060 759 2111 πραχθὲν
787 2060 901 2112 ἤγειρε
938 2064 1060 2098 θᾶττον
1079 2062 1156 2104 τοὺς

119 2119 423 2163 ἐπιδουλεύοντας,
444 2117 558 2154 πίστιν
577 2119 610 2154 ἐν
640 2119 828 2170 ὀφθαλμοῖς
849 2118 954 2168 μείζω
970 2118 1153 2171 παρασχὸν

117 2177 216 2214 τῶνδ’
236 2177 257 2213 ἃ
279 2178 335 2228 (13]
360 2175 400 2212 δι’
423 2174 568 2226 ὑποψίας
586 2169 692 2226 εἶχον.

172 2236 296 2273 XXll.
321 2234 448 2276 Κίννας
468 2233 501 2270 δὲ
521 2234 595 2282 μετ’
611 2235 648 2270 οὐ
665 2233 751 2271 πολὺ
770 2235 970 2285 στρατηγῶν
991 2233 1152 2286 Καίσαρα

117 2291 420 2341 παραιτησάμενος
437 2291 548 2340 δόγμα
569 2290 739 2342 ἐκύρωσεν
754 2291 908 2328 κατιέναι
925 2291 1002 2334 τοὺς
1019 2293 1151 2330 ἀπελα-

117 2348 233 2391 θέντας
252 2349 451 2400 δημάρχους
470 2348 528 2385 καὶ
541 2377 551 2397 ,
579 2348 696 2400 ὥσπερ
716 2349 875 2397 βούλεται
895 2352 911 2385 ὃ
942 2350 1065 2398 δῆμος,
1085 2365 1150 2386 πε-

117 2407 309 2455 παυμένους
327 2410 387 2452 τῆς
401 2408 510 2456 ἀρχῆς
533 2405 670 2448 ἰδιώτας
692 2401 857 2443 εἶναιτῶν
873 2409 992 2444 κοινῶν
1012 2406 1059 2455 μὴ
1081 2409 1148 2458 εἷρ-

116 2464 278 2513 γομένους
303 2465 382 2515 (τῆς
403 2458 526 2515 ἀρχῆς)
555 2465 615 2513 (1).
637 2466 776 2515 Καῖσαρ
801 2463 835 2500 δὲ
853 2465 889 2500 οὐ
911 2464 1072 2501 διεκώλυε
1087 2464 1148 2510 τὴν

116 2523 275 2559 κάθοδον·
296 2522 355 2558 καὶ
374 2524 404 2559 οἱ
421 2522 481 2566 μὲν
498 2521 673 2571 κατῄεσαν
691 2523 744 2571 (2).
760 2522 993 2573 Ἀρχαιρεσίαι
1008 2523 1037 2558 δ’
1060 2518 1148 2569 ἦσαν

116 2580 296 2625 ἐνιαύσιοι,
313 2580 378 2617 ὑπὸ
397 2580 571 2629 Καίσαρος
590 2579 774 2629 ἀγόμεναι·
796 2579 894 2622 αὐτὸς
912 2578 978 2631 γὰρ
995 2574 1065 2631 εἶχε
1086 2580 1148 2626 τὴν

114 2637 243 2675 τούτων
267 2637 436 2683 ἐξουσίαν,
466 2637 583 2689 ὥσπερ
612 2638 769 2674 ἐκέλευσε
793 2637 831 2674 τὸ
859 2637 990 2687 δόγμα·
1022 2638 1081 2675 καὶ
1106 2638 1146 2684 δὴ

116 2695 334 2732 ἀποδείκνυσι
355 2698 399 2738 εἷς
414 2696 452 2733 τὸ
471 2696 564 2733 ἐπιὸν
586 2695 734 2738 ὑπάτους
751 2695 894 2734 Οὐίὸιον
912 2696 1056 2734 Πάνσαν
1078 2696 1116 2747 (3)
1133 2726 1143 2743 ‚

114 2753 172 2793 καὶ
204 2747 318 2791 Αὖλον
349 2752 478 2804 Ἵρτιον
493 2769 501 2776 ·
534 2755 580 2796 εἷς
611 2754 645 2790 δὲ
679 2753 791 2804 τρίτον
830 2753 901 2796 ἔτος
941 2753 1076 2802 Δέκμον
1106 2755 1144 2805 (1)

115 2812 276 2861 Βροῦτον,
296 2811 354 2846 ἕνα
380 2813 446 2847 τῶν
477 2811 685 2857 ἐπιδούλων,
717 2811 776 2848 καὶ
798 2812 989 2849 Μουνάτιον
1011 2812 1145 2861 Πλάγ-

113 2883 172 2905 κον
201 2868 259 2918 (5).
289 2868 444 2906 Κατόπιν
479 2868 513 2905 δὲ
540 2868 660 2906 τούτου
691 2869 750 2906 καὶ
777 2868 890 2921 ἕτερον
921 2869 1099 2921 ἐπράχθη,
1127 2869 1145 2907 ὃ

928 184 1129 223 NICOLAI
1161 186 1451 227 DAMASCENI

1233 281 1265 312 et
1277 283 1351 313 ante
1361 282 1455 322 pedes
1468 284 1536 322 ejus
1548 283 1692 316 diadema
1704 284 1847 325 deposuit
1859 296 1867 325 ;
1881 286 1954 320 dein
1968 289 2125 322 clamante
2135 295 2263 332 populo,

1234 342 1265 373 in
1281 345 1377 382 caput
1393 345 1492 383 ponit.
1510 347 1629 377 Contra
1650 346 1736 378 hunc
1752 348 1859 379 Caesar
1872 349 2024 388 Lepidum
2045 351 2180 384 advocat
2195 363 2264 385 ma-

1232 405 1364 444 gistrum
1387 407 1541 446 equitum.
1558 409 1587 438 15
1600 416 1676 439 vero
1690 417 1795 440 moras
1817 411 1974 442 nectebat.
2000 414 2122 445 Interea
2139 415 2265 447 Cassius

1232 469 1391 507 Longinus
1400 494 1408 508 ,
1425 470 1663 509 conjuratorum
1679 480 1761 503 unus
1770 496 1778 511 ‚
1790 472 1870 504 bene
1883 482 1916 505 se
1929 474 2082 506 affectum
2095 476 2246 508 simulans
2255 502 2263 516 ‚

1231 541 1296 571 quo
1312 532 1425 563 lateret
1442 534 1529 564 tanto
1544 534 1683 574 facilius,
1697 535 1836 567 detraxit
1849 537 1992 569 diadema
2008 540 2040 570 et
2057 539 2088 570 in
2104 549 2205 580 genua
2219 550 2263 572 re·

1231 593 1346 632 posuit.
1365 596 1433 625 Una
1452 603 1526 625 cum
1542 603 1579 625 eo
1593 596 1660 626 erat
1676 596 1771 627 etiam
1791 598 1918 630 Publius
1941 601 2050 631 Casca.
2069 601 2194 631 Caesare
2206 609 2263 631 au-

1230 659 1293 688 tem
1314 657 1472 696 rejiciente
1493 657 1655 698 diadema,
1681 660 1859 700 populoque
1883 662 2071 702 plaudente,
2097 664 2262 696 confestim

1229 730 1396 753 accurrens
1411 722 1569 753 Antonius
1595 723 1700 754 nudus
1726 725 1860 764 unctus,
1888 726 1979 757 sicuti
2000 729 2067 758 erat
2083 728 2115 758 in
2128 737 2262 769 pompa,

1229 794 1337 816 rursus
1355 785 1487 825 imponit
1502 785 1608 825 capiti.
1628 788 1709 817 Tum
1729 787 1909 820 detractum
1935 790 2040 820 Caesar
2055 789 2087 820 in
2109 792 2261 831 populum

1228 849 1370 889 projecit.
1387 854 1431 881 Ac
1444 850 1592 890 postremi
1605 851 1734 890 quidem
1748 851 1789 882 ob
1800 851 1830 883 id
1844 852 1990 892 plausum
2005 854 2189 895 ediderunt,
2207 856 2260 887 sed

1229 913 1356 952 propius
1369 912 1528 944 adstantes
1544 913 1744 954 clamabant,
1767 915 1803 945 ut
1816 915 1974 955 acciperet
1995 925 2097 957 neque
2117 918 2261 957 rejiceret

1227 974 1346 1006 donum
1355 976 1472 1015 populi.
1484 976 1607 1007 Etenim
1621 977 1673 1008 alii
1683 978 1774 1009 aliter
1784 978 1823 1010 de
1834 979 1882 1010 1115
1893 981 2081 1013 sentiebant.
2094 983 2169 1014 Pars
2179 991 2260 1021 aegre

1227 1036 1256 1067 id
1269 1037 1420 1076 serebant,
1434 1039 1468 1069 ut
1479 1038 1599 1078 imperii
1609 1039 1732 1078 signum
1743 1040 1870 1079 majoris
1880 1050 1976 1081 quam
1988 1043 2148 1083 popularis
2159 1045 2260 1076 status

1226 1099 1424 1139 admitteret3
1444 1108 1516 1140 pars
1538 1101 1706 1140 gratificari
1733 1103 1876 1135 volentes
1904 1113 1972 1135 rem
1996 1106 2257 1146 comprobabant.

1226 1164 1285 1195 Alii
1302 1164 1385 1194 hand
1399 1164 1516 1204 absque
1527 1165 1623 1205 ipsius
1638 1167 1771 1197 caesaris
1784 1168 1940 1199 sententia
1954 1170 2126 1201 Antonium
2139 1171 2198 1202 boc
2216 1172 2256 1202 se-

1225 1226 1302 1257 cisse
1318 1226 1517 1258 dictitabant.
1533 1228 1641 1259 Multis
1654 1228 1750 1259 etiam
1766 1229 1853 1260 haud
1867 1230 2003 1261 invitum
2015 1232 2081 1263 crat
2099 1234 2257 1265 Caesarem

1224 1289 1290 1320 sine
1303 1290 1516 1321 controversia
1532 1291 1652 1330 regium
1665 1292 1772 1323 tencre
1786 1292 1967 1332 imperium.
1984 1296 2062 1326 Tam
2084 1295 2163 1326 varii
2177 1295 2258 1327 inter

1224 1353 1459 1384 multitudinem
1477 1362 1620 1384 rumores
1636 1355 1874 1394 spargebantur.
1919 1358 2017 1388 Porro
2033 1366 2132 1397 quum
2144 1359 2257 1390 iterum

1224 1417 1377 1447 Antonius
1392 1416 1535 1448 diadema
1551 1417 1645 1457 capiti
1657 1418 1790 1449 Caesaris
1802 1418 1997 1458 admoveret,
2011 1420 2149 1453 clamare
2163 1430 2257 1462 popu·

1223 1480 1271 1511 lus
1290 1493 1296 1511 2
1314 1480 1413 1511 Salve
1429 1488 1502 1511 rem.
1518 1480 1575 1511 1116
1591 1489 1664 1512 vero
1678 1489 1825 1513 recusans
1838 1482 1983 1513 diadema
1994 1484 2066 1514 Jovi
2077 1484 2109 1515 in
2130 1486 2256 1525 Capito·

1222 1542 1300 1572 lium
1318 1542 1399 1574 mitti
1415 1542 1525 1582 jussit,
1543 1542 1615 1574 111116
1635 1543 1732 1582 magis
1749 1543 1780 1574 id
1797 1544 1964 1576 convenire
1982 1545 2101 1577 dicens.
2121 1547 2169 1578 Ad
2186 1557 2257 1587 (111110

1222 1606 1325 1636 denuo
1343 1605 1437 1636 iidem
1454 1605 1663 1645 plaudebant,
1678 1606 1771 1637 sicuti
1785 1609 1888 1638 antea.
1914 1609 2063 1639 Ceterum
2080 1610 2161 1641 alius
2174 1620 2254 1650 quo-

1221 1678 1283 1708 que
1299 1668 1338 1699 de
1352 1669 1400 1699 liis
1416 1677 1520 1700 sermo
1541 1669 1650 1708 fertur,
1668 1678 1707 1700 ex
1723 1678 1786 1709 quo
1805 1670 1961 1703 Antonius
1976 1672 2029 1703 illa
2045 1673 2118 1704 fecit
2139 1674 2254 1705 Caesari

1220 1731 1365 1771 quidem,
1383 1733 1427 1762 uti
1442 1732 1604 1771 sperabat,
1619 1732 1849 1771 gratificaturus
1861 1756 1870 1772 ,
1890 1733 1947 1763 sibi
1971 1735 2078 1765 autem
2103 1743 2190 1774 spem
2209 1735 2253 1765 so-

1219 1803 1296 1826 vens
1306 1819 1314 1833 ,
1332 1795 1356 1825 si
1374 1795 1453 1826 sorte
1469 1804 1527 1835 pro
1541 1794 1604 1826 filio
1626 1795 1665 1826 ab
1679 1804 1716 1826 60
1737 1795 1954 1835 adoptaretur.
1969 1797 2134 1828 Postremo
2148 1799 2254 1830 coesa-

1219 1867 1286 1890 rem
1299 1858 1464 1897 amplexus
1477 1857 1673 1889 adstantibus
1683 1857 1872 1897 quibusdam
1886 1858 2031 1890 diadema
2044 1860 2185 1900 tradidit,
2198 1862 2252 1901 qui
2294 1851 2297 1853 μ

1216 1921 1330 1952 statuae
1357 1920 1488 1951 Caesaris
1521 1920 1675 1960 proximae
1691 1920 1900 1959 imponerent.
1928 1920 2030 1960 quue
2050 1921 2121 1952 illos
2144 1921 2253 1953 secisse

1216 1982 1315 2013 aiunt.
1334 1982 1421 2013 Inter
1440 1990 1477 2012 ea
1493 1981 1587 2025 igitur
1606 1990 1680 2021 quae
1703 1982 1780 2013 tunc
1802 1984 1992 2022 evenerunt,
2010 1983 2106 2015 etiam
2126 1983 2186 2015 hoc
2202 1984 2249 2015 in-

1217 2045 1326 2086 primis
1336 2045 1517 2084 conjuratos
1532 2045 1571 2075 ad
1585 2045 1772 2076 maturanda
1786 2045 1941 2077 destinata
1956 2046 2082 2077 consilia
2096 2047 2249 2086 incitavit,

1215 2118 1313 2149 quum
1327 2109 1479 2149 majorem
1496 2108 1590 2139 fidem
1608 2116 1718 2139 eorum
1739 2116 1811 2148 quae
1828 2108 2069 2148 suspicabantur
2085 2108 2126 2139 ob
2142 2109 2250 2140 oculos

1214 2172 1356 2209 poneret.

1254 2234 1353 2264 XXII.
1378 2230 1470 2263 Haud
1496 2232 1597 2262 multo
1622 2231 1693 2271 post
1712 2231 1829 2270 praetor
1854 2232 1889 2262 L.
1926 2231 2104 2262 Cornelius
2127 2231 2247 2269 Cinna,

1214 2293 1338 2323 Caesare
1363 2290 1509 2330 precibus
1538 2290 1680 2330 placato,
1709 2289 1872 2320 decretum
1895 2288 1988 2320 scribi
2015 2289 2157 2328 curavit,
2183 2298 2247 2329 quo

1212 2349 1309 2388 pulsis
1322 2348 1457 2379 tribunis
1473 2348 1660 2388 permissum
1675 2348 1739 2386 651,
1757 2347 1835 2378 utin
1850 2347 1984 2387 patriam
1996 2346 2151 2386 redirent,
2164 2348 2245 2379 etex

1212 2407 1318 2447 populi
1344 2407 1525 2444 voluntate,
1555 2405 1704 2445 adempta
1737 2406 1893 2444 potestate
1917 2405 2104 2444 tribunicia,
2131 2405 2244 2445 privati

1210 2466 1331 2503 essent,
1346 2464 1401 2495 sed
1413 2473 1431 2495 a
1445 2464 1608 2505 republica
1624 2464 1813 2503 capessenda
1822 2471 1886 2494 11011
1901 2464 2095 2494 arcerentur.
2114 2464 2224 2503 Itaque
2234 2488 2243 2502 ,

1209 2533 1273 2555 non
1298 2523 1474 2563 refragante
1500 2524 1643 2561 Caesare,
1663 2524 1795 2553 Romam
1820 2520 1939 2552 tribuni
1967 2520 2141 2552 redierunt.
2167 2523 2241 2552 Mox

1209 2584 1315 2613 Caesar
1329 2581 1458 2612 comitia
1478 2589 1584 2611 annua
1605 2579 1840 2619 magistratibus
1861 2578 2005 2610 creandis
2026 2578 2122 2609 babet
2146 2578 2242 2618 (nam

1210 2640 1323 2671 borum
1334 2648 1461 2679 quoque
1481 2647 1520 2670 ex
1539 2638 1665 2669 decreto
1676 2646 1770 2677 penes
1785 2637 1889 2676 ipsmn
1903 2637 2041 2676 potestas
2053 2636 2146 2675 erat),
2160 2637 2193 2667 ct
2211 2636 2242 2667 in

1206 2707 1327 2729 annmn
1348 2698 1531 2737 sequentem
1555 2696 1700 2727 consules
1720 2695 1860 2735 designat
1888 2696 1927 2726 C.
1956 2693 2084 2725 Vibium
2107 2696 2241 2725 Pansam

1207 2758 1238 2789 et
1262 2759 1299 2788 Α.
1325 2755 1484 2794 Hirtium,
1503 2755 1535 2785 in
1556 2754 1686 2786 tertium
1707 2761 1826 2784 annum
1853 2751 2017 2783 Decimum
2042 2752 2195 2791 Brutum,
2222 2761 2240 2783 c

1205 2814 1380 2854 commatis
1393 2822 1509 2852 unum,
1523 2813 1554 2844 ct
1573 2812 1750 2844 Munatium
1773 2811 1936 2842 Plancum.
1966 2811 2039 2841 Post
2057 2810 2126 2841 liaec
2149 2809 2237 2841 aliud

1205 2873 1338 2911 accidit,
1356 2872 1443 2912 quod
1455 2871 1658 2902 vehementer
1674 2869 1856 2908 conjuratos
1871 2867 2033 2899 excitavit.
2048 2867 2176 2899 Etenim
2192 2867 2238 2899 fo-

112 2992 250 3032 στεφάνω
274 2990 439 3031 περιελίξας
458 2990 610 3026 ’Λντώνιος
635 2992 716 3022 Ρ1ιι1.
736 2993 850 3023 Antan.
871 2995 925 3031 12,
945 2996 971 3023 l.
998 3010 1037 3015 —
1057 2997 1085 3023 6.
1105 2991 1192 3032 καὶ]
1208 2990 1393 3030 particulam
1413 2989 1451 3020 dc
1468 2997 1539 3019 meo
1555 2987 1674 3018 addidi.
1692 3004 1732 3009 —
1749 2989 1778 3018 7.
1800 2984 1974 3040 Κάσκας]
1991 2985 2120 3037 κασικας
2138 2984 2238 3036 codex

113 3039 143 3073 11.
160 3039 181 3068 Ι.
202 3023 400 3068 et⁸i11t'ra.—
419 3039 447 3066 8.
470 3036 765 3075 ἀληλιμμένος]
779 3037 990 3076 ἁληλειμένος,
1016 3038 1126 3069 codex.
1149 3055 1189 3064 ..-
1203 3042 1232 3068 9.
1251 3033 1440 3073 δήλωσιν]
1456 3035 1571 3070 ὃήλωσι
1594 3032 1705 3062 codex.
1720 3051 1760 3057 --
1778 3036 1825 3061 10.
1850 3028 2067 3086 Αντωνιονῃ]
2089 3040 2237 3083 αντωνιου

111 3084 223 3115 codex.
244 3100 282 3104 —
307 3087 352 3114 11.
369 3083 409 3112 οὐ
428 3082 657 3121 δεχόμενος]
675 3083 735 3113 οὐδ’
754 3083 896 3122 ἐχόμενος
911 3084 981 3115 cod.
1003 3104 1042 3109 —
1062 3088 1110 3115 12.
1125 3086 1202 3119 τοῖς
1221 3082 1328 3122 τότε]
1344 3081 1485 3121 supplevi
1506 3082 1579 3115 τοῖς.
1602 3097 1641 3104 -
1670 3081 1715 3109 13.
1740 3085 2054 3117 παρασχοντωνο
2085 3073 2238 3115 οὶ]παρα-

111 3131 229 3172 χόντων
245 3129 261 3159 ὃ
281 3128 394 3159 codex.

153 3178 250 3208 xxll.
279 3179 305 3205 1.
323 3178 386 3211 τῆς
401 3172 539 3213 ἀρχῆς]
555 3173 684 3211 inclusi,
707 3174 742 3204 ut
759 3174 966 3212 abundantia,
984 3176 1015 3205 et
1034 3174 1236 3214 probabiliter
1251 3183 1290 3204 ex
1304 3171 1561 3204 antecedentibus
1576 3169 1659 3222 male
1675 3168 1816 3209 repetita.
1833 3184 1874 3190 —-
1887 3171 1917 3198 2.
1935 3165 2154 3206 κατῄεσαν]
2176 3165 2236 3196 Α11-

111 3225 158 3254 161
178 3222 309 3262 Appian.
330 3222 354 3251 ll
370 3243 378 3257 ,
396 3224 467 3256 122,
485 3219 538 3250 ubi
556 3219 680 3250 Cassius
699 3221 729 3249 et
744 3222 860 3250 Brutus
875 3222 1092 3258 postmortem
1108 3221 1240 3251 cxi-saris
1256 3219 1478 3250 tribunosillos
1491 3227 1529 3249 ex
1545 3218 1638 3248 exilio
1653 3214 1845 3267 revocandos
1858 3222 1924 3244 csse
1937 3214 2077 3262 censent.
2101 3213 2233 3271 51161011.

111 3257 139 3300 c.
153 3273 191 3299 80
210 3280 217 3299 ι
239 3269 313 3298 Post
336 3267 477 3296 remotos
494 3267 671 3295 (Iceseciccm
690 3267 721 3295 et
740 3266 929 3297 Μαι-11111011
950 3267 1124 3303 lrilmnos,
1144 3267 1281 3306 reperla
1299 3267 1380 3296 sunt
1401 3265 1569 3303 proximis
1590 3264 1738 3293 comitiis
1757 3260 1936 3311 complana
1958 3258 2136 3317 suffsaff'a
2162 3263 2236 3308 (οη-

110 3315 199 3346 autes
216 3322 268 3343 eos
286 3312 576 3343 dvclmunlc'um...
595 3312 685 3346 Quod
705 3311 777 3341 item
795 3311 833 3341 de
846 3311 1027 3342 amentibus
1047 3313 1281 3350 intelligrunlum
1298 3319 1364 3341 esse
1379 3310 1512 3341 videtur.
1543 3327 1575 3329 ᾉ
1593 3310 1621 3338 3.
1651 3308 1817 3339 Οὐίῢιον
1842 3304 2015 3343 11ανσαν]
2033 3314 2132 3343 ορυιον
2152 3312 2232 3332 πανα

110 3359 220 3393 codex.
236 3376 273 3381 —
290 3360 317 3389 si.
336 3356 503 3396 Δέκμον]
521 3357 629 3395 &imm-z
654 3357 762 3387 sodex.
784 3378 802 3381 -
838 3362 864 3388 s).
889 3360 935 3388 ll)
952 3358 1065 3397 ’λγ-κο».
1084 3359 1088 3398 l
1110 3360 1261 3397 rim-snm
1287 3357 1395 3388 «sodex.
