2338 3765
959 166 1284 204 FRAGMENTA.

556 254 591 291 8.

114 371 244 406 Malaia
263 383 302 417 p.
341 368 408 411 164
439 382 446 403 ;
470 366 674 418 Δηιάνειραν
696 366 857 418 νεώτερός
877 383 925 410 τις
949 368 1089 416 ὀνόματι

62 427 227 478 Ἀχελῷος
239 455 248 472 ,
265 425 333 468 υἱὸς
349 424 600 470 Ποσειδωνίου,
615 426 844 473 συγκλητικοῦ
861 428 920 462 τοῦ
940 426 1089 472 Τυδέως,

62 483 332 532 ἐμνηστεύσατο.
354 481 400 521 ‘O
420 482 454 519 δὲ
475 481 639 532 Ἀχελῷος
659 482 724 532 πρὸ
744 486 803 520 τοῦ
823 482 936 532 γάμου
959 482 1088 534 ἔφθειρε

61 540 121 586 τὴν
155 540 359 590 Δηιάνειραν
398 539 508 590 λάθρᾳ
522 569 532 586 ,
564 539 623 575 καὶ
655 539 742 588 μετὰ
777 543 886 576 ταῦτα
916 540 1006 589 λέγει
1041 542 1089 592 τῷ

64 597 167 648 πατρὶ
186 598 291 642 αὐτῆς
304 600 353 648 τῷ
370 598 467 635 Οἰνεῖ
481 611 489 619 ·
508 613 523 630 «
540 597 616 635 Οὐκ
633 596 744 638 ἄλλως
763 597 933 643 λαμὸάνω
947 597 1007 643 τὴν
1028 601 1089 634 θυ-

63 655 191 706 γατέρα
211 670 270 693 σου
285 685 294 703 ,
314 657 342 692 εἷ
361 653 408 704 μὴ
427 655 693 706 παραχωρήσεις
713 671 771 704 μοι
785 655 822 692 τὸ
845 656 1015 706 βασίλειόν
1031 671 1089 693 σου

63 713 211 752 διοικεῖν.
233 731 247 746 u
271 712 315 751 ‘O
332 712 366 750 δὲ
382 715 443 750 οὐκ
465 713 605 758 ἐπείσθη
627 714 736 765 αὐτῷ·
755 713 814 750 καὶ
831 713 946 751 λοιπὸν
967 714 1027 750 σὺν
1043 716 1091 765 τῷ

64 769 137 821 ἰδίῳ
153 770 259 822 πατρὶ
277 772 419 822 ἀντ’ἧρεν
437 773 454 807 ὃ
471 770 639 822 Ἀχελῷος
657 773 704 822 τῷ
723 772 820 809 Οἰνεῖ
842 772 899 809 καὶ
920 771 1092 821 ἐπολέμη-

65 843 120 864 σεν
142 829 246 879 αὐτῷ.
268 827 339 866 Καὶ
357 827 558 878 ἠναγκάσθη
579 831 595 865 ὁ
624 828 745 871 Οἰνεὺς
770 829 1027 880 προτρέψασθαι
1054 830 1092 866 ἐκ

64 889 124 930 τῆς
144 886 257 929 Φθίας
281 886 399 937 χώρας
424 885 616 936 στρατηγὸν
643 889 810 936 γενναῖον,
840 886 1016 938 Ἡρακλέα
1036 887 1091 924 τὸν

66 942 246 992 λεγόμενον
269 943 497 996 Πολύφημον,
514 944 763 993 συνταξάμενος
782 944 908 982 διδόναι
925 946 1017 996 αὐτῷ
1031 944 1092 990 τὴν

66 1003 188 1038 ἑαυτοῦ
220 1001 389 1052 θυγατέρα
416 1000 478 1046 τὴν
510 1002 728 1054 Δηιάνειραν.
765 1001 889 1044 υΟστις
919 1001 1092 1039 κατελθὼν

67 1058 154 1108 μετὰ
179 1062 239 1104 τῆς
267 1059 409 1097 ἐνόπλου
439 1060 542 1096 αὐτοῦ
563 1066 724 1110 στρατιᾶς
753 1060 917 1097 συνέὸαλε
943 1060 1092 1108 πόλεμον

67 1117 154 1163 μετὰ
173 1118 401 1156 Ποσειδωνίου
430 1118 488 1155 καὶ
516 1122 573 1155 τοῦ
592 1121 663 1155 υἱοῦ
685 1120 789 1155 αὐτοῦ
813 1117 994 1169 Ἀχελῴου.
1025 1119 1094 1156 Καὶ

564 1234 597 1264 8.

107 1327 287 1369 Deianiram
299 1327 421 1366 juvenis
440 1327 568 1366 quidam
598 1327 749 1359 Achelous
766 1328 909 1366 nomine,
927 1328 1009 1359 silius
1038 1330 1098 1359 Po-

68 1377 195 1416 sidonii,
213 1378 268 1417 qui
282 1377 389 1417 Tydeo
403 1386 443 1408 ex
456 1378 640 1408 consiliariis
659 1379 744 1417 erat,
761 1378 945 1418 desponsam
965 1379 1022 1410 sibi
1042 1380 1096 1409 ha·

69 1430 163 1467 bens,
178 1431 250 1460 ante
265 1429 390 1467 nuptias
406 1429 585 1459 clanculum
599 1429 721 1460 vitiavit
735 1443 741 1460 :
757 1429 870 1461 deinde
885 1439 961 1461 vero
976 1432 1078 1461 OEneo
1090 1454 1098 1469 ‚

69 1481 150 1521 putri
174 1481 261 1520 ejus,
288 1481 389 1520 dixit,
406 1493 420 1507 «
451 1480 561 1512 Filiam
589 1483 677 1512 tuam
703 1491 766 1512 non
788 1482 900 1512 ducam
918 1482 975 1513 nisi
995 1484 1026 1513 et
1051 1492 1100 1513 re·-

73 1533 122 1572 gni
137 1531 440 1562 administrationem
463 1531 539 1562 mihi
558 1532 757 1564 concesseris.
775 1545 789 1559 υ
808 1535 913 1563 OEneo
929 1534 1034 1564 autem
1055 1542 1100 1564 re-

73 1585 188 1615 nuente
201 1606 209 1620 ‚
227 1583 384 1614 Achelous
398 1592 470 1613 cum
486 1585 573 1622 patre
586 1592 644 1613 suo
666 1583 783 1614 bellum
797 1584 824 1614 ei
838 1584 940 1614 infert.
960 1585 1100 1625 Necessi-

72 1635 136 1666 tate
160 1634 253 1673 igitur
277 1633 407 1664 adactus
437 1635 558 1664 OEneus
588 1634 620 1664 in
650 1634 804 1664 auxilium
827 1634 884 1665 sibi
915 1644 954 1665 ex
988 1635 1101 1666 Phthia

73 1687 196 1726 regione
209 1685 376 1717 Herculem
386 1709 395 1724 ,
412 1686 466 1724 qui
482 1686 513 1716 et
528 1685 738 1724 Polyphemus
753 1685 856 1716 dictus
873 1687 918 1716 est
929 1710 936 1724 ‚
951 1688 1077 1717 vocavit
1092 1700 1099 1718 ι

74 1739 125 1769 cui
139 1738 171 1768 in
190 1746 322 1768 uxorem
338 1745 370 1768 se
384 1736 532 1767 daturum
556 1737 652 1767 liliam
668 1745 756 1767 suam
776 1737 927 1775 promisit.
947 1738 1101 1777 Polyphe-

74 1799 145 1821 mus
159 1790 264 1828 itaque
276 1797 348 1819 cum
361 1789 502 1819 exercitu
516 1789 661 1827 veniens,
679 1789 710 1818 in
725 1788 925 1819 Posidonium
942 1788 1102 1828 liliumque

75 1843 142 1881 ejus
153 1841 324 1873 Acheloum
339 1849 427 1871 arma
443 1841 553 1872 movit.
599 1841 715 1881 inipso
731 1842 837 1872 autem
863 1849 1027 1881 congressu
1046 1844 1102 1874 Po-

2095 178 2160 208 ss3l

1152 255 1195 293 εἷς
1212 252 1272 298 τὴν
1293 253 1469 302 συμίὲολὴν
1490 253 1574 302 ξίφει
1593 258 1609 291 ὁ
1636 255 1844 305 Πολύφημος
1866 255 1920 292 τὸν
1944 255 2168 294 Ποσειδώνιον

1151 313 1259 347 ἀνεῖλε
1275 340 1285 359 ,
1302 311 1357 347 τὸν
1377 311 1507 362 πατέρα
1525 312 1712 363 Ἀχελῴου·
1733 312 1786 349 διὰ
1808 316 1905 350 τοῦτο
1924 313 1957 350 δὲ
1976 314 2123 356 ἐξέθεντο
2139 316 2168 350 οἱ

1151 368 1290 412 ποιηταὶ
1305 368 1354 405 ὅτι
1369 369 1406 405 τὸ
1430 369 1530 420 κέρας
1544 373 1602 406 τοῦ
1627 369 1795 421 Ἀχελῴου
1813 371 2011 408 ἀπέσπασεν
2029 374 2046 408 ὁ
2061 371 2168 420 ‘lipot-

1150 426 1252 471 κλῆς,
1283 426 1365 477 ὅπερ
1398 426 1469 463 ἐστὶ
1500 426 1561 472 τὴν
1590 428 1759 478 πατρικὴν
1791 430 1890 465 αὐτοῦ
1920 428 2081 477 δύναμιν·
2112 430 2169 465 καὶ

1151 482 1310 533 ἑωρακὼς
1346 484 1402 520 τὸν
1436 483 1518 521 ἴδιον
1552 486 1650 521 αὐτοῦ
1685 486 1819 536 πατέρα
1855 486 2020 533 πεσόντα,
2056 486 2171 537 φεύγει

1151 537 1313 589 ἔφιππος·
1332 542 1381 577 διὸ
1401 541 1458 577 καὶ
1475 541 1658 592 γράφουσιν
1678 543 1777 579 αὐτὸν
1797 543 2079 593 ἱπποκένταυρον.
2099 544 2170 580 Καὶ

1153 598 1187 632 ἓν
1219 598 1267 648 τῷ
1293 597 1518 634 καταδιώκειν
1548 598 1647 635 αὐτὸν
1672 599 1728 636 τὸν
1759 600 1967 651 Πολύφημον
1996 600 2171 650 ἹΙρακλεά

1154 654 1311 706 στραφεὶς
1327 655 1452 698 τοξεύει
1478 655 1576 692 αὐτὸν
1597 656 1686 693 κατὰ
1708 661 1767 694 τοῦ
1798 662 1927 706 μαστοῦ
1941 674 1948 680 ·
1976 658 2035 695 καὶ
2052 658 2172 700 εὐθέως

1152 712 1367 763 ὃἹΙρακλῆς
1394 712 1608 756 ἁντετόξευσε
1637 715 1692 751 τον
1725 716 1900 766 Ἀχελῷον,
1927 718 1972 758 ὡς
2002 722 2092 768 περᾷ
2116 716 2172 753 τὸν

1152 769 1304 819 ποταμὸν
1333 770 1473 818 ὀνόματι
1499 771 1652 821 Φορῧοίν.
1676 772 1744 810 Καὶ
1765 773 1943 823 φιὸλωθεὶς
1967 776 1984 810 ὃ
2002 773 2170 823 Ἀχελῷος

1152 827 1345 877 κατηνέχθη
1365 827 1431 864 ἀπὸ
1455 831 1513 864 τοῦ
1529 827 1635 865 ἵππου
1654 831 1698 872 εἷς
1714 829 1757 866 τὰ
1782 832 1896 882 ῥεῖθρα
1916 834 1974 867 τοῦ
1990 835 2147 879 ποταμοῦ
2162 861 2171 875 ,

1152 885 1210 922 καὶ
1226 885 1395 923 ἀπώλετο.
1430 885 1502 922 Καὶ
1523 886 1713 934 μετεκλήθη
1735 887 1850 924 ἔκτοτε
1871 889 1887 924 ὃ
1906 888 2004 931 αὐτὸς
2021 889 2176 937 ποταμὸς

1154 943 1222 980 ἀπὸ
1243 945 1310 980 τῶν
1330 946 1389 988 τ’ἧς
1417 943 1589 985 Αἰτωλίας
1611 943 1726 994 χώρας
1745 945 1910 996 Ἀχελῷος
1938 944 1998 988 ἕως
2022 948 2082 989 τῆς
2101 947 2174 993 νῦν,

1153 1001 1240 1039 καθὰ
1270 1000 1452 1052 Κεφαλίων
1478 1003 1495 1037 ὃ
1529 1001 1627 1052 σοφὸς
1658 1001 1796 1045 ἐξέθετο.
1828 1001 1871 1040 ‘O
1901 1002 1934 1039 δὲ
1970 1003 2176 1055 Πολύφημος

1155 1059 1331 1110 Ἡρακλῆς
1348 1059 1386 1095 ἐκ
1400 1060 1460 1104 τῆς
1475 1059 1609 1107 πληγῆς
1628 1063 1685 1096 τοῦ
1704 1063 1835 1108 μαστοῦ
1851 1061 1922 1109 μεθ’
1938 1060 2066 1111 ἡμέρας
2085 1060 2176 1102 τινὰς

1154 1121 1310 1169 τελευτᾷ.

1160 1229 1326 1268 lyphemus
1340 1228 1540 1259 Posidonium
1555 1228 1681 1259 Acheloi
1695 1230 1815 1267 patrem
1826 1228 1926 1267 gladio
1940 1229 2078 1267 peremit.
2091 1229 2180 1260 Unde

1159 1282 1258 1319 poetae
1273 1280 1454 1310 fabulantur
1464 1279 1633 1311 Herculem
1645 1279 1771 1309 Acheloi
1786 1288 1883 1309 cornu
1901 1280 2062 1317 avulsisse,
2076 1282 2180 1318 paler-

1159 1341 1236 1363 num
1258 1333 1376 1363 scilieet
1391 1332 1557 1363 auxilium.
1602 1331 1758 1363 Achelous
1771 1355 1779 1369 ,
1796 1331 1849 1361 uhi
1864 1333 1982 1370 patrem
2003 1340 2118 1362 caesum
2135 1332 2180 1361 vi-

1159 1384 1222 1422 dit,
1244 1383 1350 1422 sugam
1364 1383 1395 1413 in
1413 1392 1495 1422 equo
1515 1382 1664 1422 capessit,
1678 1382 1761 1412 unde
1779 1382 1874 1413 etiam
1895 1382 2182 1421 Hippocentaurum

1161 1434 1254 1465 fuisse
1281 1434 1413 1473 fingunt.
1460 1433 1643 1473 Fugientem
1671 1434 1776 1464 autem
1801 1432 1972 1463 Acheloum
1986 1432 2066 1462 dum
2090 1433 2182 1472 Poly-

1161 1485 1292 1524 phemus
1317 1485 1503 1524 insequitur,
1534 1493 1703 1516 conversus
1733 1484 1904 1523 Achelous,
1927 1485 2037 1523 sagitta
2058 1485 2089 1514 in
2111 1493 2183 1514 eum

1160 1536 1289 1578 emissa,
1312 1535 1403 1574 juxta
1435 1535 1608 1566 mamillam
1636 1536 1791 1566 vulnerat.
1836 1535 2046 1574 Polyphemus
2079 1537 2184 1566 autem

1160 1588 1334 1618 Acheloum
1348 1611 1356 1625 ‚
1374 1587 1449 1618 dum
1470 1588 1624 1618 Phorham
1641 1587 1772 1617 fluvium
1789 1587 1915 1626 trajicit,
1927 1587 2038 1626 sagitta
2050 1588 2185 1618 vicissim

1162 1639 1291 1677 petivit:
1308 1647 1370 1678 qua
1391 1638 1551 1669 confossus
1567 1637 1721 1669 Achelous
1734 1646 1772 1668 ex
1789 1646 1871 1676 equo
1884 1637 1916 1668 in
1933 1637 2064 1668 fluvium
2075 1638 2184 1669 detur-

1161 1691 1252 1721 batus
1265 1690 1379 1721 ibidem
1390 1690 1492 1729 periit.
1507 1690 1637 1721 Flumen
1651 1690 1755 1728 itaque
1765 1688 1847 1720 istud
1855 1690 1948 1720 AEtoli
1962 1690 2132 1720 Acheloum
2147 1691 2186 1721 ad

1163 1742 1246 1772 hunc
1261 1750 1360 1780 usque
1372 1741 1454 1772 diem
1468 1742 1600 1778 vocant,
1619 1740 1699 1771 sicut
1722 1741 1832 1771 auctor
1849 1742 1894 1771 est
1915 1741 2035 1779 sapiens
2060 1742 2183 1780 Cepha-

1162 1792 1236 1822 lion.
1262 1792 1474 1831 Polyphemus
1487 1800 1613 1830 quoque
1627 1791 1732 1830 paucis
1745 1791 1855 1823 diebus
1871 1793 1939 1831 post
1954 1800 1993 1823 ex
2007 1792 2136 1823 vulnere
2152 1792 2183 1823 in

1162 1843 1300 1874 mamilla
1319 1844 1447 1882 accepto
1463 1845 1608 1874 mortuus
1631 1844 1686 1874 est.

785 2316 1479 2343 ——Qssffffi—
