<?xml version="1.0" encoding="UTF-8"?>
<!DOCTYPE html PUBLIC "-//W3C//DTD XHTML 1.0 Transitional//EN"
    "http://www.w3.org/TR/xhtml1/DTD/xhtml1-transitional.dtd">
<html xmlns="http://www.w3.org/1999/xhtml" xml:lang="en" lang="en">
 <head>
  <title>
</title>
<meta http-equiv="Content-Type" content="text/html;charset=utf-8" />
  <meta name='ocr-system' content='tesseract 3.04.00' />
  <meta name='ocr-capabilities' content='ocr_page ocr_carea ocr_par ocr_line ocrx_word'/>
</head>
<body>
  <div class='ocr_page' id='page_1' title='image "./fragmentahistori03mueluoft_0682.png"; bbox 0 0 2338 3765; ppageno 0'>
   <div class='ocr_carea' id='block_1_1' title="bbox 139 186 212 217">
    <p class='ocr_par' dir='ltr' id='par_1_1' title="bbox 139 186 212 217">
     <span class='ocr_line' id='line_1_1' title="bbox 139 186 212 217; baseline 0 0"><span class='ocrx_word' id='word_1_1' title='bbox 139 186 212 217; x_wconf 62' lang='lat'>(272</span> 
     </span>
    </p>
   </div>
   <div class='ocr_carea' id='block_1_2' title="bbox 136 256 1162 361">
    <p class='ocr_par' dir='ltr' id='par_1_2' title="bbox 136 256 1162 361">
     <span class='ocr_line' id='line_1_2' title="bbox 137 256 1159 324; baseline -0.004 -27"><span class='ocrx_word' id='word_1_2' title='bbox 137 261 197 310; x_wconf 71' lang='grc' dir='ltr'>μὲν</span> <span class='ocrx_word' id='word_1_3' title='bbox 220 275 390 324; x_wconf 73' lang='grc' dir='ltr'>χρονικων</span> <span class='ocrx_word' id='word_1_4' title='bbox 408 259 429 304; x_wconf 70' lang='grc' dir='ltr'>ἢ</span> <span class='ocrx_word' id='word_1_5' title='bbox 451 259 586 294; x_wconf 62' lang='lat' dir='ltr'>mim.»</span> <span class='ocrx_word' id='word_1_6' title='bbox 608 275 628 301; x_wconf 83' lang='grc' dir='ltr'>η</span> <span class='ocrx_word' id='word_1_7' title='bbox 656 259 722 293; x_wconf 80' lang='grc' dir='ltr'>των</span> <span class='ocrx_word' id='word_1_8' title='bbox 753 256 921 293; x_wconf 80' lang='grc' dir='ltr'>πλείστων</span> <span class='ocrx_word' id='word_1_9' title='bbox 930 258 1159 318; x_wconf 39' lang='grc' dir='ltr'>’διαπεφιοΝΗη</span> 
     </span>
     <span class='ocr_line' id='line_1_3' title="bbox 136 309 1162 361; baseline -0.004 -13"><span class='ocrx_word' id='word_1_10' title='bbox 136 313 258 360; x_wconf 66' lang='grc' dir='ltr'>αιένωι,</span> <span class='ocrx_word' id='word_1_11' title='bbox 279 328 344 348; x_wconf 87' lang='grc' dir='ltr'>των</span> <span class='ocrx_word' id='word_1_12' title='bbox 361 311 394 348; x_wconf 82' lang='grc' dir='ltr'>δὲ</span> <span class='ocrx_word' id='word_1_13' title='bbox 410 310 581 361; x_wconf 78' lang='grc' dir='ltr'>υπερόρων</span> <span class='ocrx_word' id='word_1_14' title='bbox 603 325 660 345; x_wconf 89' lang='grc' dir='ltr'>και</span> <span class='ocrx_word' id='word_1_15' title='bbox 680 324 832 359; x_wconf 74' lang='grc' dir='ltr'>φανερων</span> <span class='ocrx_word' id='word_1_16' title='bbox 857 309 962 359; x_wconf 80' lang='grc' dir='ltr'>πράξε</span> <span class='ocrx_word' id='word_1_17' title='bbox 950 324 1011 345; x_wconf 87' lang='grc' dir='ltr'>ων</span> <span class='ocrx_word' id='word_1_18' title='bbox 1030 324 1162 345; x_wconf 84' lang='grc' dir='ltr'>συυ.πε-</span> 
     </span>
    </p>
   </div>
   <div class='ocr_carea' id='block_1_3' title="bbox 134 368 353 419">
    <p class='ocr_par' dir='ltr' id='par_1_3' title="bbox 134 368 353 419">
     <span class='ocr_line' id='line_1_4' title="bbox 134 368 353 419; baseline -0.01 -14"><span class='ocrx_word' id='word_1_19' title='bbox 134 384 274 419; x_wconf 51' lang='lat' dir='ltr'>&lt;qumque</span> <span class='ocrx_word' id='word_1_20' title='bbox 268 368 353 404; x_wconf 71' lang='grc' dir='ltr'>ἰ.νι)ν</span> 
     </span>
    </p>
   </div>
   <div class='ocr_carea' id='block_1_4' title="bbox 635 419 667 454">
    <p class='ocr_par' dir='ltr' id='par_1_4' title="bbox 635 419 667 454">
     <span class='ocr_line' id='line_1_5' title="bbox 635 419 667 454; baseline -0.063 0"><span class='ocrx_word' id='word_1_21' title='bbox 635 419 667 454; x_wconf 84' lang='lat'>3.</span> 
     </span>
    </p>
   </div>
   <div class='ocr_carea' id='block_1_5' title="bbox 137 489 1164 601">
    <p class='ocr_par' dir='ltr' id='par_1_5' title="bbox 137 489 1164 601">
     <span class='ocr_line' id='line_1_6' title="bbox 189 489 1161 541; baseline -0.004 -12"><span class='ocrx_word' id='word_1_22' title='bbox 189 496 378 542; x_wconf 76' lang='lat' dir='ltr'>Syncellus</span> <span class='ocrx_word' id='word_1_23' title='bbox 397 506 436 540; x_wconf 90' lang='lat' dir='ltr'>p.</span> <span class='ocrx_word' id='word_1_24' title='bbox 463 506 504 527; x_wconf 95' lang='lat'>1</span> <span class='ocrx_word' id='word_1_25' title='bbox 491 519 501 538; x_wconf 55' lang='lat' dir='ltr'><em>s</em></span> <span class='ocrx_word' id='word_1_26' title='bbox 514 506 547 537; x_wconf 82' lang='lat'>7,</span> <span class='ocrx_word' id='word_1_27' title='bbox 572 494 605 527; x_wconf 96' lang='lat' dir='ltr'>D</span> <span class='ocrx_word' id='word_1_28' title='bbox 628 506 636 527; x_wconf 74' lang='grc' dir='ltr'><strong><em>ε</em></strong></span> <span class='ocrx_word' id='word_1_29' title='bbox 660 491 895 541; x_wconf 50' lang='grc' dir='ltr'>(Ηρακλειδῶν</span> <span class='ocrx_word' id='word_1_30' title='bbox 914 490 1052 531; x_wconf 70' lang='grc' dir='ltr'>κάθοδος</span> <span class='ocrx_word' id='word_1_31' title='bbox 1072 489 1161 527; x_wconf 71' lang='grc' dir='ltr'>ιΎλ-</span> 
     </span>
     <span class='ocr_line' id='line_1_7' title="bbox 137 548 1164 601; baseline -0.006 -12"><span class='ocrx_word' id='word_1_32' title='bbox 137 553 196 589; x_wconf 88' lang='grc' dir='ltr'>λου</span> <span class='ocrx_word' id='word_1_33' title='bbox 216 567 272 588; x_wconf 84' lang='grc' dir='ltr'>του</span> <span class='ocrx_word' id='word_1_34' title='bbox 292 550 459 601; x_wconf 83' lang='grc' dir='ltr'>πρεσουτε</span> <span class='ocrx_word' id='word_1_35' title='bbox 453 549 522 600; x_wconf 81' lang='grc' dir='ltr'>’ρου</span> <span class='ocrx_word' id='word_1_36' title='bbox 537 548 656 591; x_wconf 77' lang='grc' dir='ltr'>παιδὸς</span> <span class='ocrx_word' id='word_1_37' title='bbox 674 549 883 598; x_wconf 74' lang='grc' dir='ltr'>Ἡρακλέους</span> <span class='ocrx_word' id='word_1_38' title='bbox 905 548 1090 597; x_wconf 76' lang='grc' dir='ltr'>ἡγουμένου</span> <span class='ocrx_word' id='word_1_39' title='bbox 1105 550 1164 591; x_wconf 64' lang='grc' dir='ltr'>τῆς</span> 
     </span>
    </p>
   </div>
   <div class='ocr_carea' id='block_1_6' title="bbox 137 606 1195 656">
    <p class='ocr_par' dir='ltr' id='par_1_6' title="bbox 137 606 1195 656">
     <span class='ocr_line' id='line_1_8' title="bbox 137 606 1195 656; baseline -0.005 -10"><span class='ocrx_word' id='word_1_40' title='bbox 137 608 225 646; x_wconf 76' lang='grc' dir='ltr'>κατὰ</span> <span class='ocrx_word' id='word_1_41' title='bbox 248 607 531 653; x_wconf 73' lang='grc' dir='ltr'>Πελοποννησίων</span> <span class='ocrx_word' id='word_1_42' title='bbox 549 606 679 656; x_wconf 66' lang='grc' dir='ltr'>μάχης,</span> <span class='ocrx_word' id='word_1_43' title='bbox 694 607 766 652; x_wconf 80' lang='grc' dir='ltr'>ἥτις</span> <span class='ocrx_word' id='word_1_44' title='bbox 787 606 1017 656; x_wconf 79' lang='grc' dir='ltr'>ἐπεκράτησεν</span> <span class='ocrx_word' id='word_1_45' title='bbox 1039 606 1165 645; x_wconf 73' lang='grc' dir='ltr'>ἱκανοῖς</span> <span class='ocrx_word' id='word_1_46' title='bbox 1194 637 1195 641; x_wconf 71' lang='grc'>,</span> 
     </span>
    </p>
   </div>
   <div class='ocr_carea' id='block_1_7' title="bbox 136 663 1167 933">
    <p class='ocr_par' dir='ltr' id='par_1_7' title="bbox 136 663 1167 933">
     <span class='ocr_line' id='line_1_9' title="bbox 139 663 1162 714; baseline -0.005 -11"><span class='ocrx_word' id='word_1_47' title='bbox 139 668 227 704; x_wconf 83' lang='grc' dir='ltr'>ἔτεσι</span> <span class='ocrx_word' id='word_1_48' title='bbox 260 665 385 714; x_wconf 76' lang='grc' dir='ltr'>μεταξὺ</span> <span class='ocrx_word' id='word_1_49' title='bbox 419 665 703 708; x_wconf 77' lang='grc' dir='ltr'>Πελοποννησίων</span> <span class='ocrx_word' id='word_1_50' title='bbox 734 664 792 701; x_wconf 80' lang='grc' dir='ltr'>καὶ</span> <span class='ocrx_word' id='word_1_51' title='bbox 823 667 888 701; x_wconf 73' lang='grc' dir='ltr'>τῶν</span> <span class='ocrx_word' id='word_1_52' title='bbox 915 663 1162 714; x_wconf 62' lang='grc' dir='ltr'>ἹΙρακλειδῧᾶν.</span> 
     </span>
     <span class='ocr_line' id='line_1_10' title="bbox 137 719 1163 773; baseline -0.007 -12"><span class='ocrx_word' id='word_1_53' title='bbox 137 725 225 762; x_wconf 86' lang='grc' dir='ltr'>Τότε</span> <span class='ocrx_word' id='word_1_54' title='bbox 257 723 377 765; x_wconf 73' lang='grc' dir='ltr'>Ῥόδος</span> <span class='ocrx_word' id='word_1_55' title='bbox 403 725 423 767; x_wconf 82' lang='grc' dir='ltr'>ἡ</span> <span class='ocrx_word' id='word_1_56' title='bbox 445 725 544 767; x_wconf 73' lang='grc' dir='ltr'>νῆσος</span> <span class='ocrx_word' id='word_1_57' title='bbox 563 722 724 766; x_wconf 70' lang='grc' dir='ltr'>οἰκίζει-αι</span> <span class='ocrx_word' id='word_1_58' title='bbox 752 721 848 773; x_wconf 81' lang='grc' dir='ltr'>παρὰ</span> <span class='ocrx_word' id='word_1_59' title='bbox 870 719 1163 769; x_wconf 80' lang='grc' dir='ltr'>Λακεδαιμονίων,</span> 
     </span>
     <span class='ocr_line' id='line_1_11' title="bbox 137 777 1165 832; baseline -0.006 -14"><span class='ocrx_word' id='word_1_60' title='bbox 137 784 183 824; x_wconf 82' lang='grc' dir='ltr'>ὡς</span> <span class='ocrx_word' id='word_1_61' title='bbox 200 780 368 823; x_wconf 82' lang='grc' dir='ltr'>Δέξιππος</span> <span class='ocrx_word' id='word_1_62' title='bbox 383 779 591 832; x_wconf 79' lang='grc' dir='ltr'>(Ζεύξιππος</span> <span class='ocrx_word' id='word_1_63' title='bbox 615 779 748 829; x_wconf 85' lang='lat' dir='ltr'>Goar.)</span> <span class='ocrx_word' id='word_1_64' title='bbox 767 781 911 829; x_wconf 78' lang='grc' dir='ltr'>ἱστορεῖ,</span> <span class='ocrx_word' id='word_1_65' title='bbox 937 777 1165 827; x_wconf 73' lang='grc' dir='ltr'>μετοικησάν-</span> 
     </span>
     <span class='ocr_line' id='line_1_12' title="bbox 136 834 1167 888; baseline -0.004 -14"><span class='ocrx_word' id='word_1_66' title='bbox 136 853 204 874; x_wconf 82' lang='grc' dir='ltr'>των</span> <span class='ocrx_word' id='word_1_67' title='bbox 222 839 260 874; x_wconf 80' lang='grc' dir='ltr'>ἐκ</span> <span class='ocrx_word' id='word_1_68' title='bbox 283 836 543 882; x_wconf 74' lang='grc' dir='ltr'>Πελοποννήσου</span> <span class='ocrx_word' id='word_1_69' title='bbox 565 836 619 873; x_wconf 80' lang='grc' dir='ltr'>διὰ</span> <span class='ocrx_word' id='word_1_70' title='bbox 648 835 710 882; x_wconf 87' lang='grc' dir='ltr'>τὴν</span> <span class='ocrx_word' id='word_1_71' title='bbox 729 839 797 874; x_wconf 79' lang='grc' dir='ltr'>τῶν</span> <span class='ocrx_word' id='word_1_72' title='bbox 829 836 1062 888; x_wconf 77' lang='grc' dir='ltr'>ἹΙρακλειδῶν</span> <span class='ocrx_word' id='word_1_73' title='bbox 1093 834 1167 870; x_wconf 84' lang='grc' dir='ltr'>ἐπί-</span> 
     </span>
     <span class='ocr_line' id='line_1_13' title="bbox 137 898 240 933; baseline -0.01 -2"><span class='ocrx_word' id='word_1_74' title='bbox 137 898 240 933; x_wconf 80' lang='grc' dir='ltr'>θεσιν.</span> 
     </span>
    </p>
   </div>
   <div class='ocr_carea' id='block_1_8' title="bbox 139 1023 1174 2520">
    <p class='ocr_par' dir='ltr' id='par_1_8' title="bbox 139 1023 1167 1298">
     <span class='ocr_line' id='line_1_14' title="bbox 196 1023 1164 1078; baseline 0 -14"><span class='ocrx_word' id='word_1_75' title='bbox 196 1030 298 1065; x_wconf 85' lang='lat' dir='ltr'>Idem</span> <span class='ocrx_word' id='word_1_76' title='bbox 320 1043 359 1077; x_wconf 86' lang='lat' dir='ltr'>p.</span> <span class='ocrx_word' id='word_1_77' title='bbox 388 1031 483 1075; x_wconf 73' lang='lat'>263,</span> <span class='ocrx_word' id='word_1_78' title='bbox 505 1033 538 1066; x_wconf 94' lang='lat' dir='ltr'>D</span> <span class='ocrx_word' id='word_1_79' title='bbox 562 1044 569 1066; x_wconf 90' lang='lat'>:</span> <span class='ocrx_word' id='word_1_80' title='bbox 596 1028 811 1078; x_wconf 76' lang='grc' dir='ltr'>Ἀλέξανδρος</span> <span class='ocrx_word' id='word_1_81' title='bbox 833 1023 889 1065; x_wconf 63' lang='grc' dir='ltr'>οὖν</span> <span class='ocrx_word' id='word_1_82' title='bbox 913 1029 942 1065; x_wconf 80' lang='grc' dir='ltr'>κ’</span> <span class='ocrx_word' id='word_1_83' title='bbox 965 1029 1054 1077; x_wconf 75' lang='grc' dir='ltr'>ἄγων</span> <span class='ocrx_word' id='word_1_84' title='bbox 1075 1028 1164 1073; x_wconf 81' lang='grc' dir='ltr'>ἔτος,</span> 
     </span>
     <span class='ocr_line' id='line_1_15' title="bbox 144 1086 1166 1134; baseline -0.001 -12"><span class='ocrx_word' id='word_1_85' title='bbox 144 1086 234 1122; x_wconf 77' lang='grc' dir='ltr'>κατὰ</span> <span class='ocrx_word' id='word_1_86' title='bbox 252 1086 433 1132; x_wconf 79' lang='grc' dir='ltr'>Δέξιππον,</span> <span class='ocrx_word' id='word_1_87' title='bbox 449 1093 564 1124; x_wconf 78' lang='grc' dir='ltr'>πᾶσαν</span> <span class='ocrx_word' id='word_1_88' title='bbox 584 1087 728 1132; x_wconf 78' lang='grc' dir='ltr'>ἄσκησιν</span> <span class='ocrx_word' id='word_1_89' title='bbox 746 1086 937 1134; x_wconf 81' lang='grc' dir='ltr'>ἠσκημένος</span> <span class='ocrx_word' id='word_1_90' title='bbox 953 1086 1166 1134; x_wconf 72' lang='grc' dir='ltr'>σωματικὴν,</span> 
     </span>
     <span class='ocr_line' id='line_1_16' title="bbox 141 1143 1167 1196; baseline -0.002 -14"><span class='ocrx_word' id='word_1_91' title='bbox 141 1147 242 1182; x_wconf 76' lang='grc' dir='ltr'>αὐτοῦ</span> <span class='ocrx_word' id='word_1_92' title='bbox 261 1161 296 1182; x_wconf 84' lang='grc' dir='ltr'>τε</span> <span class='ocrx_word' id='word_1_93' title='bbox 323 1146 552 1195; x_wconf 78' lang='grc' dir='ltr'>γνησιώτατος</span> <span class='ocrx_word' id='word_1_94' title='bbox 575 1145 823 1196; x_wconf 75' lang='grc' dir='ltr'>Ἀριστοτέλους</span> <span class='ocrx_word' id='word_1_95' title='bbox 848 1143 991 1194; x_wconf 72' lang='grc' dir='ltr'>γεγονὼς</span> <span class='ocrx_word' id='word_1_96' title='bbox 1011 1148 1068 1181; x_wconf 72' lang='grc' dir='ltr'>τοῦ</span> <span class='ocrx_word' id='word_1_97' title='bbox 1095 1145 1167 1180; x_wconf 77' lang='grc' dir='ltr'>δαι-</span> 
     </span>
     <span class='ocr_line' id='line_1_17' title="bbox 140 1201 1167 1255; baseline -0.002 -16"><span class='ocrx_word' id='word_1_98' title='bbox 140 1206 319 1252; x_wconf 76' lang='grc' dir='ltr'>μονιῶντος</span> <span class='ocrx_word' id='word_1_99' title='bbox 336 1203 516 1255; x_wconf 77' lang='grc' dir='ltr'>φοιτητὴς,</span> <span class='ocrx_word' id='word_1_100' title='bbox 540 1204 592 1240; x_wconf 73' lang='grc' dir='ltr'>ἐπὶ</span> <span class='ocrx_word' id='word_1_101' title='bbox 612 1203 673 1248; x_wconf 83' lang='grc' dir='ltr'>τὴν</span> <span class='ocrx_word' id='word_1_102' title='bbox 695 1201 860 1254; x_wconf 77' lang='grc' dir='ltr'>πατρῴαν</span> <span class='ocrx_word' id='word_1_103' title='bbox 887 1205 1042 1252; x_wconf 72' lang='grc' dir='ltr'>παρῆλθε</span> <span class='ocrx_word' id='word_1_104' title='bbox 1065 1205 1167 1252; x_wconf 80' lang='grc' dir='ltr'>βασι-</span> 
     </span>
     <span class='ocr_line' id='line_1_18' title="bbox 139 1261 249 1298; baseline 0.009 -1"><span class='ocrx_word' id='word_1_105' title='bbox 139 1261 249 1298; x_wconf 79' lang='grc' dir='ltr'>λείαν.</span> 
     </span>
    </p>

    <p class='ocr_par' dir='ltr' id='par_1_9' title="bbox 139 1318 1174 2520">
     <span class='ocr_line' id='line_1_19' title="bbox 190 1318 1169 1367; baseline 0 -12"><span class='ocrx_word' id='word_1_106' title='bbox 190 1320 387 1356; x_wconf 80' lang='lat' dir='ltr'>Antecedit</span> <span class='ocrx_word' id='word_1_107' title='bbox 410 1320 511 1367; x_wconf 88' lang='lat' dir='ltr'>apud</span> <span class='ocrx_word' id='word_1_108' title='bbox 530 1320 742 1367; x_wconf 83' lang='lat' dir='ltr'>Syncellum</span> <span class='ocrx_word' id='word_1_109' title='bbox 768 1321 870 1354; x_wconf 89' lang='lat' dir='ltr'>locus</span> <span class='ocrx_word' id='word_1_110' title='bbox 892 1319 938 1354; x_wconf 89' lang='lat' dir='ltr'>de</span> <span class='ocrx_word' id='word_1_111' title='bbox 966 1318 1169 1364; x_wconf 85' lang='lat' dir='ltr'>majoribus</span> 
     </span>
     <span class='ocr_line' id='line_1_20' title="bbox 139 1376 1167 1423; baseline -0.001 -11"><span class='ocrx_word' id='word_1_112' title='bbox 139 1377 343 1412; x_wconf 76' lang='lat' dir='ltr'>Alexandri</span> <span class='ocrx_word' id='word_1_113' title='bbox 361 1376 447 1412; x_wconf 88' lang='lat' dir='ltr'>inde</span> <span class='ocrx_word' id='word_1_114' title='bbox 469 1390 489 1412; x_wconf 85' lang='lat' dir='ltr'>a</span> <span class='ocrx_word' id='word_1_115' title='bbox 515 1378 671 1413; x_wconf 83' lang='lat' dir='ltr'>Carano.</span> <span class='ocrx_word' id='word_1_116' title='bbox 695 1380 801 1412; x_wconf 87' lang='lat' dir='ltr'>Hunc</span> <span class='ocrx_word' id='word_1_117' title='bbox 822 1389 983 1423; x_wconf 85' lang='lat' dir='ltr'>quoque,</span> <span class='ocrx_word' id='word_1_118' title='bbox 1006 1378 1109 1411; x_wconf 85' lang='lat' dir='ltr'>sicuti</span> <span class='ocrx_word' id='word_1_119' title='bbox 1128 1390 1167 1411; x_wconf 90' lang='lat' dir='ltr'>ea</span> 
     </span>
     <span class='ocr_line' id='line_1_21' title="bbox 139 1434 1168 1481; baseline 0 -12"><span class='ocrx_word' id='word_1_120' title='bbox 139 1448 220 1481; x_wconf 78' lang='lat' dir='ltr'>quae</span> <span class='ocrx_word' id='word_1_121' title='bbox 241 1435 414 1481; x_wconf 73' lang='lat' dir='ltr'>deinceps</span> <span class='ocrx_word' id='word_1_122' title='bbox 433 1435 479 1470; x_wconf 90' lang='lat' dir='ltr'>de</span> <span class='ocrx_word' id='word_1_123' title='bbox 498 1435 709 1469; x_wconf 81' lang='lat' dir='ltr'>Alexandro</span> <span class='ocrx_word' id='word_1_124' title='bbox 729 1436 828 1481; x_wconf 75' lang='lat' dir='ltr'>ipsc),</span> <span class='ocrx_word' id='word_1_125' title='bbox 848 1435 968 1481; x_wconf 82' lang='lat' dir='ltr'><strong>deque</strong></span> <span class='ocrx_word' id='word_1_126' title='bbox 996 1434 1071 1479; x_wconf 87' lang='lat' dir='ltr'>ejus</span> <span class='ocrx_word' id='word_1_127' title='bbox 1089 1448 1168 1469; x_wconf 89' lang='lat' dir='ltr'>suc-</span> 
     </span>
     <span class='ocr_line' id='line_1_22' title="bbox 140 1493 1167 1539; baseline 0.001 -13"><span class='ocrx_word' id='word_1_128' title='bbox 140 1493 338 1527; x_wconf 82' lang='lat' dir='ltr'>cessoribus</span> <span class='ocrx_word' id='word_1_129' title='bbox 357 1505 496 1538; x_wconf 87' lang='lat' dir='ltr'>usque</span> <span class='ocrx_word' id='word_1_130' title='bbox 489 1493 535 1527; x_wconf 90' lang='lat' dir='ltr'>ad</span> <span class='ocrx_word' id='word_1_131' title='bbox 553 1506 716 1527; x_wconf 78' lang='lat' dir='ltr'>eVClSum</span> <span class='ocrx_word' id='word_1_132' title='bbox 738 1506 757 1527; x_wconf 87' lang='lat' dir='ltr'>a</span> <span class='ocrx_word' id='word_1_133' title='bbox 779 1494 885 1527; x_wconf 77' lang='lat' dir='ltr'>hom</span> <span class='ocrx_word' id='word_1_134' title='bbox 888 1495 953 1526; x_wconf 75' lang='lat' dir='ltr'>inis</span> <span class='ocrx_word' id='word_1_135' title='bbox 971 1494 1167 1539; x_wconf 76' lang='lat' dir='ltr'>impeiium</span> 
     </span>
     <span class='ocr_line' id='line_1_23' title="bbox 140 1549 1167 1597; baseline 0.001 -14"><span class='ocrx_word' id='word_1_136' title='bbox 140 1558 356 1596; x_wconf 79' lang='lat' dir='ltr'>sequuntm,</span> <span class='ocrx_word' id='word_1_137' title='bbox 381 1551 502 1584; x_wconf 88' lang='lat' dir='ltr'>omnia</span> <span class='ocrx_word' id='word_1_138' title='bbox 535 1563 553 1585; x_wconf 91' lang='lat' dir='ltr'>e</span> <span class='ocrx_word' id='word_1_139' title='bbox 582 1552 752 1597; x_wconf 84' lang='lat' dir='ltr'>Dexippo</span> <span class='ocrx_word' id='word_1_140' title='bbox 773 1549 935 1593; x_wconf 82' lang='lat' dir='ltr'>fluxisse,</span> <span class='ocrx_word' id='word_1_141' title='bbox 957 1563 976 1585; x_wconf 92' lang='lat' dir='ltr'>a</span> <span class='ocrx_word' id='word_1_142' title='bbox 996 1552 1167 1596; x_wconf 81' lang='lat' dir='ltr'>Syncello</span> 
     </span>
     <span class='ocr_line' id='line_1_24' title="bbox 141 1608 1166 1655; baseline 0.002 -15"><span class='ocrx_word' id='word_1_143' title='bbox 141 1615 258 1642; x_wconf 86' lang='lat' dir='ltr'>autem</span> <span class='ocrx_word' id='word_1_144' title='bbox 295 1620 337 1642; x_wconf 82' lang='lat' dir='ltr'>ex</span> <span class='ocrx_word' id='word_1_145' title='bbox 373 1608 531 1642; x_wconf 84' lang='lat' dir='ltr'>Eusebio</span> <span class='ocrx_word' id='word_1_146' title='bbox 561 1609 675 1654; x_wconf 85' lang='lat' dir='ltr'>petita</span> <span class='ocrx_word' id='word_1_147' title='bbox 716 1620 788 1642; x_wconf 87' lang='lat' dir='ltr'>esse</span> <span class='ocrx_word' id='word_1_148' title='bbox 818 1609 957 1642; x_wconf 86' lang='lat' dir='ltr'>censuit</span> <span class='ocrx_word' id='word_1_149' title='bbox 992 1609 1166 1655; x_wconf 77' lang='lat' dir='ltr'>Scaliger,</span> 
     </span>
     <span class='ocr_line' id='line_1_25' title="bbox 140 1664 1169 1713; baseline 0.005 -17"><span class='ocrx_word' id='word_1_150' title='bbox 140 1664 299 1710; x_wconf 82' lang='lat' dir='ltr'>ideoque</span> <span class='ocrx_word' id='word_1_151' title='bbox 319 1666 440 1699; x_wconf 86' lang='lat' dir='ltr'>omnia</span> <span class='ocrx_word' id='word_1_152' title='bbox 459 1665 534 1699; x_wconf 82' lang='lat' dir='ltr'>haec</span> <span class='ocrx_word' id='word_1_153' title='bbox 560 1672 733 1711; x_wconf 87' lang='lat' dir='ltr'>tanquam</span> <span class='ocrx_word' id='word_1_154' title='bbox 755 1666 911 1712; x_wconf 83' lang='lat' dir='ltr'>Dexippi</span> <span class='ocrx_word' id='word_1_155' title='bbox 939 1673 1111 1713; x_wconf 84' lang='lat' dir='ltr'>excerpta</span> <span class='ocrx_word' id='word_1_156' title='bbox 1131 1668 1169 1701; x_wconf 92' lang='lat' dir='ltr'>in</span> 
     </span>
     <span class='ocr_line' id='line_1_26' title="bbox 140 1723 1168 1771; baseline 0.004 -16"><span class='ocrx_word' id='word_1_157' title='bbox 140 1734 301 1767; x_wconf 63' lang='lat' dir='ltr'>graecum</span> <span class='ocrx_word' id='word_1_158' title='bbox 321 1735 425 1756; x_wconf 81' lang='lat' dir='ltr'>suum</span> <span class='ocrx_word' id='word_1_159' title='bbox 452 1723 646 1757; x_wconf 83' lang='lat' dir='ltr'>Eusebium</span> <span class='ocrx_word' id='word_1_160' title='bbox 671 1725 824 1770; x_wconf 83' lang='lat' dir='ltr'>recepit.</span> <span class='ocrx_word' id='word_1_161' title='bbox 848 1726 890 1758; x_wconf 91' lang='lat' dir='ltr'>In</span> <span class='ocrx_word' id='word_1_162' title='bbox 911 1725 1083 1771; x_wconf 75' lang='lat' dir='ltr'>Scaligeri</span> <span class='ocrx_word' id='word_1_163' title='bbox 1101 1737 1168 1759; x_wconf 90' lang='lat' dir='ltr'>au-</span> 
     </span>
     <span class='ocr_line' id='line_1_27' title="bbox 141 1780 1168 1827; baseline 0.005 -15"><span class='ocrx_word' id='word_1_164' title='bbox 141 1785 210 1812; x_wconf 83' lang='lat' dir='ltr'>tem</span> <span class='ocrx_word' id='word_1_165' title='bbox 234 1780 387 1813; x_wconf 85' lang='lat' dir='ltr'>arbitrio</span> <span class='ocrx_word' id='word_1_166' title='bbox 408 1781 679 1825; x_wconf 76' lang='lat' dir='ltr'>acquiescentes</span> <span class='ocrx_word' id='word_1_167' title='bbox 700 1782 808 1815; x_wconf 85' lang='lat' dir='ltr'>etiam</span> <span class='ocrx_word' id='word_1_168' title='bbox 825 1781 938 1816; x_wconf 84' lang='lat' dir='ltr'>hodie</span> <span class='ocrx_word' id='word_1_169' title='bbox 958 1783 1028 1816; x_wconf 88' lang='lat' dir='ltr'>viri</span> <span class='ocrx_word' id='word_1_170' title='bbox 1050 1783 1168 1827; x_wconf 79' lang='lat' dir='ltr'>docti,</span> 
     </span>
     <span class='ocr_line' id='line_1_28' title="bbox 141 1837 1168 1886; baseline 0.006 -17"><span class='ocrx_word' id='word_1_171' title='bbox 141 1837 205 1881; x_wconf 79' lang='lat' dir='ltr'>qui</span> <span class='ocrx_word' id='word_1_172' title='bbox 223 1837 329 1882; x_wconf 85' lang='lat' dir='ltr'>hujus</span> <span class='ocrx_word' id='word_1_173' title='bbox 355 1838 426 1871; x_wconf 84' lang='lat' dir='ltr'>loci</span> <span class='ocrx_word' id='word_1_174' title='bbox 446 1839 671 1873; x_wconf 81' lang='lat' dir='ltr'>mentionem</span> <span class='ocrx_word' id='word_1_175' title='bbox 684 1839 835 1885; x_wconf 69' lang='lat' dir='ltr'>faciunt,</span> <span class='ocrx_word' id='word_1_176' title='bbox 863 1841 1072 1886; x_wconf 77' lang='lat' dir='ltr'>Dexippum</span> <span class='ocrx_word' id='word_1_177' title='bbox 1089 1842 1168 1875; x_wconf 89' lang='lat' dir='ltr'>lau—</span> 
     </span>
     <span class='ocr_line' id='line_1_29' title="bbox 141 1893 1171 1943; baseline 0.006 -16"><span class='ocrx_word' id='word_1_178' title='bbox 141 1893 229 1927; x_wconf 86' lang='lat' dir='ltr'>dare</span> <span class='ocrx_word' id='word_1_179' title='bbox 248 1896 378 1930; x_wconf 77' lang='lat' dir='ltr'>solent.</span> <span class='ocrx_word' id='word_1_180' title='bbox 402 1895 445 1929; x_wconf 88' lang='lat' dir='ltr'>Id</span> <span class='ocrx_word' id='word_1_181' title='bbox 465 1908 554 1930; x_wconf 89' lang='lat' dir='ltr'>vero</span> <span class='ocrx_word' id='word_1_182' title='bbox 568 1909 767 1943; x_wconf 81' lang='lat' dir='ltr'>perperam</span> <span class='ocrx_word' id='word_1_183' title='bbox 782 1896 836 1933; x_wconf 87' lang='lat' dir='ltr'>fit.</span> <span class='ocrx_word' id='word_1_184' title='bbox 854 1899 907 1931; x_wconf 78' lang='lat' dir='ltr'>Ex</span> <span class='ocrx_word' id='word_1_185' title='bbox 923 1898 1081 1932; x_wconf 85' lang='lat' dir='ltr'>Eusebio</span> <span class='ocrx_word' id='word_1_186' title='bbox 1100 1901 1171 1933; x_wconf 87' lang='lat' dir='ltr'>Ar-</span> 
     </span>
     <span class='ocr_line' id='line_1_30' title="bbox 140 1954 1171 2001; baseline 0.007 -17"><span class='ocrx_word' id='word_1_187' title='bbox 140 1963 238 1985; x_wconf 81' lang='lat' dir='ltr'>men.</span> <span class='ocrx_word' id='word_1_188' title='bbox 259 1959 359 1986; x_wconf 86' lang='lat' dir='ltr'>certo</span> <span class='ocrx_word' id='word_1_189' title='bbox 390 1965 488 1986; x_wconf 89' lang='lat' dir='ltr'>nunc</span> <span class='ocrx_word' id='word_1_190' title='bbox 517 1960 657 1987; x_wconf 79' lang='lat' dir='ltr'>constat</span> <span class='ocrx_word' id='word_1_191' title='bbox 680 1954 804 1988; x_wconf 85' lang='lat' dir='ltr'>locum</span> <span class='ocrx_word' id='word_1_192' title='bbox 824 1956 982 2001; x_wconf 72' lang='lat' dir='ltr'>Syneelli</span> <span class='ocrx_word' id='word_1_193' title='bbox 1000 1968 1076 1989; x_wconf 88' lang='lat' dir='ltr'>non</span> <span class='ocrx_word' id='word_1_194' title='bbox 1098 1969 1171 1991; x_wconf 89' lang='lat' dir='ltr'>esse</span> 
     </span>
     <span class='ocr_line' id='line_1_31' title="bbox 141 2011 1171 2058; baseline 0.007 -16"><span class='ocrx_word' id='word_1_195' title='bbox 141 2011 291 2054; x_wconf 85' lang='lat' dir='ltr'>petitum</span> <span class='ocrx_word' id='word_1_196' title='bbox 321 2022 364 2044; x_wconf 86' lang='lat' dir='ltr'>ex</span> <span class='ocrx_word' id='word_1_197' title='bbox 391 2011 563 2046; x_wconf 79' lang='lat' dir='ltr'>Eusebio,</span> <span class='ocrx_word' id='word_1_198' title='bbox 587 2011 815 2058; x_wconf 87' lang='lat' dir='ltr'>Comparatis</span> <span class='ocrx_word' id='word_1_199' title='bbox 849 2020 970 2047; x_wconf 87' lang='lat' dir='ltr'>autem</span> <span class='ocrx_word' id='word_1_200' title='bbox 1002 2014 1098 2048; x_wconf 89' lang='lat' dir='ltr'>inter</span> <span class='ocrx_word' id='word_1_201' title='bbox 1135 2027 1171 2049; x_wconf 88' lang='lat' dir='ltr'>se</span> 
     </span>
     <span class='ocr_line' id='line_1_32' title="bbox 141 2066 1174 2115; baseline 0.006 -16"><span class='ocrx_word' id='word_1_202' title='bbox 141 2078 221 2111; x_wconf 81' lang='lat' dir='ltr'>quae</span> <span class='ocrx_word' id='word_1_203' title='bbox 253 2066 298 2100; x_wconf 86' lang='lat' dir='ltr'>(le</span> <span class='ocrx_word' id='word_1_204' title='bbox 325 2067 565 2102; x_wconf 82' lang='lat' dir='ltr'>Macedonum</span> <span class='ocrx_word' id='word_1_205' title='bbox 599 2068 748 2114; x_wconf 81' lang='lat' dir='ltr'>regibus</span> <span class='ocrx_word' id='word_1_206' title='bbox 774 2069 874 2115; x_wconf 87' lang='lat' dir='ltr'>apud</span> <span class='ocrx_word' id='word_1_207' title='bbox 907 2070 1117 2115; x_wconf 85' lang='lat' dir='ltr'>Syncellum</span> <span class='ocrx_word' id='word_1_208' title='bbox 1138 2079 1174 2105; x_wconf 88' lang='lat' dir='ltr'>et</span> 
     </span>
     <span class='ocr_line' id='line_1_33' title="bbox 141 2125 1173 2175; baseline 0.006 -17"><span class='ocrx_word' id='word_1_209' title='bbox 141 2125 337 2159; x_wconf 69' lang='lat' dir='ltr'>Eusebium</span> <span class='ocrx_word' id='word_1_210' title='bbox 373 2126 565 2172; x_wconf 73' lang='lat' dir='ltr'>leguntur,</span> <span class='ocrx_word' id='word_1_211' title='bbox 602 2126 707 2161; x_wconf 86' lang='lat' dir='ltr'>facile</span> <span class='ocrx_word' id='word_1_212' title='bbox 736 2128 954 2173; x_wconf 73' lang='lat' dir='ltr'>intelligitur</span> <span class='ocrx_word' id='word_1_213' title='bbox 982 2129 1173 2175; x_wconf 84' lang='lat' dir='ltr'>utriusque</span> 
     </span>
     <span class='ocr_line' id='line_1_34' title="bbox 142 2183 1171 2227; baseline 0.006 -12"><span class='ocrx_word' id='word_1_214' title='bbox 142 2183 390 2216; x_wconf 75' lang='lat' dir='ltr'>narrationem</span> <span class='ocrx_word' id='word_1_215' title='bbox 408 2195 451 2217; x_wconf 89' lang='lat' dir='ltr'>ex</span> <span class='ocrx_word' id='word_1_216' title='bbox 473 2183 606 2217; x_wconf 90' lang='lat' dir='ltr'>eodem</span> <span class='ocrx_word' id='word_1_217' title='bbox 627 2184 727 2218; x_wconf 87' lang='lat' dir='ltr'>fonte</span> <span class='ocrx_word' id='word_1_218' title='bbox 745 2184 903 2219; x_wconf 78' lang='lat' dir='ltr'>derivari</span> <span class='ocrx_word' id='word_1_219' title='bbox 920 2212 928 2227; x_wconf 90' lang='lat'>,</span> <span class='ocrx_word' id='word_1_220' title='bbox 951 2185 1044 2220; x_wconf 84' lang='lat' dir='ltr'>adeo</span> <span class='ocrx_word' id='word_1_221' title='bbox 1064 2193 1104 2220; x_wconf 89' lang='lat' dir='ltr'>ut</span> <span class='ocrx_word' id='word_1_222' title='bbox 1122 2188 1171 2221; x_wconf 92' lang='lat' dir='ltr'>lo-</span> 
     </span>
     <span class='ocr_line' id='line_1_35' title="bbox 143 2240 1171 2291; baseline 0.006 -18"><span class='ocrx_word' id='word_1_223' title='bbox 143 2241 192 2273; x_wconf 77' lang='lat' dir='ltr'>cis</span> <span class='ocrx_word' id='word_1_224' title='bbox 215 2240 313 2274; x_wconf 90' lang='lat' dir='ltr'>haud</span> <span class='ocrx_word' id='word_1_225' title='bbox 333 2242 460 2287; x_wconf 87' lang='lat' dir='ltr'>paucis</span> <span class='ocrx_word' id='word_1_226' title='bbox 487 2242 628 2288; x_wconf 79' lang='lat' dir='ltr'>singula</span> <span class='ocrx_word' id='word_1_227' title='bbox 646 2243 758 2277; x_wconf 86' lang='lat' dir='ltr'>verba</span> <span class='ocrx_word' id='word_1_228' title='bbox 775 2243 875 2290; x_wconf 87' lang='lat' dir='ltr'>apud</span> <span class='ocrx_word' id='word_1_229' title='bbox 900 2251 1097 2291; x_wconf 87' lang='lat' dir='ltr'>utrumque</span> <span class='ocrx_word' id='word_1_230' title='bbox 1119 2246 1171 2280; x_wconf 85' lang='lat' dir='ltr'>le·-</span> 
     </span>
     <span class='ocr_line' id='line_1_36' title="bbox 142 2297 1171 2349; baseline 0.008 -20"><span class='ocrx_word' id='word_1_231' title='bbox 142 2303 276 2342; x_wconf 76' lang='lat' dir='ltr'>gantur</span> <span class='ocrx_word' id='word_1_232' title='bbox 295 2297 436 2334; x_wconf 89' lang='lat' dir='ltr'>eadem.</span> <span class='ocrx_word' id='word_1_233' title='bbox 461 2300 569 2332; x_wconf 86' lang='lat' dir='ltr'>Hunc</span> <span class='ocrx_word' id='word_1_234' title='bbox 593 2310 683 2333; x_wconf 85' lang='lat' dir='ltr'>vero</span> <span class='ocrx_word' id='word_1_235' title='bbox 701 2299 842 2334; x_wconf 86' lang='lat' dir='ltr'>fontem</span> <span class='ocrx_word' id='word_1_236' title='bbox 866 2302 1077 2349; x_wconf 89' lang='lat' dir='ltr'>Dexippum</span> <span class='ocrx_word' id='word_1_237' title='bbox 1099 2315 1171 2337; x_wconf 89' lang='lat' dir='ltr'>esse</span> 
     </span>
     <span class='ocr_line' id='line_1_37' title="bbox 142 2354 1168 2407; baseline 0.01 -22"><span class='ocrx_word' id='word_1_238' title='bbox 142 2354 199 2387; x_wconf 86' lang='lat' dir='ltr'>vel</span> <span class='ocrx_word' id='word_1_239' title='bbox 220 2361 414 2401; x_wconf 86' lang='lat' dir='ltr'>propterea</span> <span class='ocrx_word' id='word_1_240' title='bbox 434 2357 643 2402; x_wconf 78' lang='lat' dir='ltr'>negaveris,</span> <span class='ocrx_word' id='word_1_241' title='bbox 662 2357 766 2403; x_wconf 91' lang='lat' dir='ltr'>quod</span> <span class='ocrx_word' id='word_1_242' title='bbox 787 2359 962 2393; x_wconf 86' lang='lat' dir='ltr'>Eusebius</span> <span class='ocrx_word' id='word_1_243' title='bbox 984 2363 1047 2406; x_wconf 78' lang='lat' dir='ltr'>(p.</span> <span class='ocrx_word' id='word_1_244' title='bbox 1075 2360 1168 2407; x_wconf 73' lang='lat'>195)</span> 
     </span>
     <span class='ocr_line' id='line_1_38' title="bbox 144 2410 1170 2463; baseline 0.009 -20"><span class='ocrx_word' id='word_1_245' title='bbox 144 2410 227 2444; x_wconf 83' lang='lat' dir='ltr'>(lata</span> <span class='ocrx_word' id='word_1_246' title='bbox 248 2423 361 2457; x_wconf 88' lang='lat' dir='ltr'>opera</span> <span class='ocrx_word' id='word_1_247' title='bbox 379 2412 490 2447; x_wconf 87' lang='lat' dir='ltr'>duces</span> <span class='ocrx_word' id='word_1_248' title='bbox 511 2426 595 2447; x_wconf 90' lang='lat' dir='ltr'>suos</span> <span class='ocrx_word' id='word_1_249' title='bbox 612 2426 812 2458; x_wconf 86' lang='lat' dir='ltr'>recensens,</span> <span class='ocrx_word' id='word_1_250' title='bbox 831 2417 994 2463; x_wconf 85' lang='lat' dir='ltr'>Dexippi</span> <span class='ocrx_word' id='word_1_251' title='bbox 1014 2419 1170 2452; x_wconf 87' lang='lat' dir='ltr'>mentio-</span> 
     </span>
     <span class='ocr_line' id='line_1_39' title="bbox 144 2469 1171 2520; baseline 0.008 -20"><span class='ocrx_word' id='word_1_252' title='bbox 144 2480 226 2501; x_wconf 80' lang='lat' dir='ltr'>nem</span> <span class='ocrx_word' id='word_1_253' title='bbox 259 2481 333 2502; x_wconf 84' lang='lat' dir='ltr'>non</span> <span class='ocrx_word' id='word_1_254' title='bbox 356 2469 528 2515; x_wconf 82' lang='lat' dir='ltr'>injecerit.</span> <span class='ocrx_word' id='word_1_255' title='bbox 560 2471 696 2507; x_wconf 80' lang='lat' dir='ltr'>Contra</span> <span class='ocrx_word' id='word_1_256' title='bbox 724 2485 813 2506; x_wconf 87' lang='lat' dir='ltr'>vero</span> <span class='ocrx_word' id='word_1_257' title='bbox 841 2474 1090 2520; x_wconf 79' lang='lat' dir='ltr'>Porphyrium</span> <span class='ocrx_word' id='word_1_258' title='bbox 1112 2475 1171 2509; x_wconf 87' lang='lat' dir='ltr'>di-</span> 
     </span>
    </p>
   </div>
   <div class='ocr_carea' id='block_1_9' title="bbox 1194 310 1200 1238">
    <p class='ocr_par' dir='ltr' id='par_1_10' title="bbox 1194 310 1200 1238">
     <span class='ocr_line' id='line_1_40' title="bbox 1194 310 1200 1238; baseline 0 0"><span class='ocrx_word' id='word_1_259' title='bbox 1194 310 1200 1238; x_wconf 95' lang='lat' dir='ltr'> </span> 
     </span>
    </p>
   </div>
   <div class='ocr_carea' id='block_1_10' title="bbox 910 170 1474 212">
    <p class='ocr_par' dir='ltr' id='par_1_11' title="bbox 910 170 1474 212">
     <span class='ocr_line' id='line_1_41' title="bbox 910 170 1474 212; baseline -0.007 0"><span class='ocrx_word' id='word_1_260' title='bbox 910 174 1114 212; x_wconf 80' lang='lat' dir='ltr'>DEXIPPI</span> <span class='ocrx_word' id='word_1_261' title='bbox 1145 170 1474 211; x_wconf 81' lang='lat' dir='ltr'><strong>ATHENIENSIS</strong></span> 
     </span>
    </p>
   </div>
   <div class='ocr_carea' id='block_1_11' title="bbox 1224 252 2253 417">
    <p class='ocr_par' dir='ltr' id='par_1_12' title="bbox 1224 252 2253 417">
     <span class='ocr_line' id='line_1_42' title="bbox 1224 252 2252 300; baseline -0.003 -9"><span class='ocrx_word' id='word_1_262' title='bbox 1224 258 1326 291; x_wconf 87' lang='lat' dir='ltr'>sertis</span> <span class='ocrx_word' id='word_1_263' title='bbox 1344 256 1466 290; x_wconf 74' lang='lat' dir='ltr'>verbis</span> <span class='ocrx_word' id='word_1_264' title='bbox 1482 261 1631 288; x_wconf 83' lang='lat' dir='ltr'>testatur</span> <span class='ocrx_word' id='word_1_265' title='bbox 1645 252 1894 300; x_wconf 82' lang='lat' dir='ltr'>suppeditasse</span> <span class='ocrx_word' id='word_1_266' title='bbox 1913 253 1981 287; x_wconf 87' lang='lat' dir='ltr'>sibi</span> <span class='ocrx_word' id='word_1_267' title='bbox 2001 265 2081 299; x_wconf 87' lang='lat' dir='ltr'>quae</span> <span class='ocrx_word' id='word_1_268' title='bbox 2102 253 2148 288; x_wconf 91' lang='lat' dir='ltr'>de</span> <span class='ocrx_word' id='word_1_269' title='bbox 2171 255 2252 289; x_wconf 81' lang='lat' dir='ltr'>Ale-</span> 
     </span>
     <span class='ocr_line' id='line_1_43' title="bbox 1225 310 2253 348; baseline -0.003 0"><span class='ocrx_word' id='word_1_270' title='bbox 1225 314 1354 348; x_wconf 77' lang='lat' dir='ltr'>xandri</span> <span class='ocrx_word' id='word_1_271' title='bbox 1388 314 1425 346; x_wconf 91' lang='lat' dir='ltr'>in</span> <span class='ocrx_word' id='word_1_272' title='bbox 1456 312 1674 346; x_wconf 83' lang='lat' dir='ltr'>Macedonia</span> <span class='ocrx_word' id='word_1_273' title='bbox 1702 311 1972 345; x_wconf 79' lang='lat' dir='ltr'>successorihus</span> <span class='ocrx_word' id='word_1_274' title='bbox 2003 310 2167 347; x_wconf 83' lang='lat' dir='ltr'>tradidit.</span> <span class='ocrx_word' id='word_1_275' title='bbox 2199 313 2253 346; x_wconf 84' lang='lat' dir='ltr'>Ex</span> 
     </span>
     <span class='ocr_line' id='line_1_44' title="bbox 1226 368 2252 417; baseline -0.001 -13"><span class='ocrx_word' id='word_1_276' title='bbox 1226 371 1356 405; x_wconf 81' lang='lat' dir='ltr'>eodem</span> <span class='ocrx_word' id='word_1_277' title='bbox 1383 370 1590 415; x_wconf 68' lang='lat' dir='ltr'>Porphyrio</span> <span class='ocrx_word' id='word_1_278' title='bbox 1621 370 1728 403; x_wconf 88' lang='lat' dir='ltr'>etiam</span> <span class='ocrx_word' id='word_1_279' title='bbox 1748 381 1790 403; x_wconf 86' lang='lat' dir='ltr'>ea</span> <span class='ocrx_word' id='word_1_280' title='bbox 1810 368 1954 403; x_wconf 79' lang='lat' dir='ltr'>fluxisse</span> <span class='ocrx_word' id='word_1_281' title='bbox 1968 396 1976 411; x_wconf 90' lang='lat'>‚</span> <span class='ocrx_word' id='word_1_282' title='bbox 2000 381 2080 414; x_wconf 84' lang='lat' dir='ltr'>quae</span> <span class='ocrx_word' id='word_1_283' title='bbox 2107 369 2153 403; x_wconf 85' lang='lat' dir='ltr'>de</span> <span class='ocrx_word' id='word_1_284' title='bbox 2173 381 2252 417; x_wconf 79' lang='lat' dir='ltr'>rna-</span> 
     </span>
    </p>
   </div>
   <div class='ocr_carea' id='block_1_12' title="bbox 1221 427 2252 473">
    <p class='ocr_par' dir='ltr' id='par_1_13' title="bbox 1221 427 2252 473">
     <span class='ocr_line' id='line_1_45' title="bbox 1221 427 2252 473; baseline -0.002 -11"><span class='ocrx_word' id='word_1_285' title='bbox 1221 429 1365 473; x_wconf 83' lang='lat' dir='ltr'>joribus</span> <span class='ocrx_word' id='word_1_286' title='bbox 1384 427 1582 464; x_wconf 72' lang='lat' dir='ltr'>Alexandri</span> <span class='ocrx_word' id='word_1_287' title='bbox 1603 428 1780 461; x_wconf 82' lang='lat' dir='ltr'>Eusebius</span> <span class='ocrx_word' id='word_1_288' title='bbox 1794 434 1830 461; x_wconf 88' lang='lat' dir='ltr'>et</span> <span class='ocrx_word' id='word_1_289' title='bbox 1847 428 2036 472; x_wconf 76' lang='lat' dir='ltr'>Syncellus</span> <span class='ocrx_word' id='word_1_290' title='bbox 2053 427 2252 473; x_wconf 69' lang='lat' dir='ltr'>exhibent,</span> 
     </span>
    </p>
   </div>
   <div class='ocr_carea' id='block_1_13' title="bbox 1227 485 2256 647">
    <p class='ocr_par' dir='ltr' id='par_1_14' title="bbox 1227 485 2256 647">
     <span class='ocr_line' id='line_1_46' title="bbox 1227 485 2256 530; baseline -0.002 -10"><span class='ocrx_word' id='word_1_291' title='bbox 1227 493 1514 520; x_wconf 84' lang='lat' dir='ltr'>consentaneum</span> <span class='ocrx_word' id='word_1_292' title='bbox 1543 492 1603 519; x_wconf 82' lang='lat' dir='ltr'>est.</span> <span class='ocrx_word' id='word_1_293' title='bbox 1628 486 1845 530; x_wconf 82' lang='lat' dir='ltr'>Quanquam</span> <span class='ocrx_word' id='word_1_294' title='bbox 1872 485 2060 530; x_wconf 77' lang='lat' dir='ltr'>Syncellus</span> <span class='ocrx_word' id='word_1_295' title='bbox 2087 496 2151 518; x_wconf 85' lang='lat' dir='ltr'>sua</span> <span class='ocrx_word' id='word_1_296' title='bbox 2179 497 2256 518; x_wconf 89' lang='lat' dir='ltr'>non</span> 
     </span>
     <span class='ocr_line' id='line_1_47' title="bbox 1227 542 2253 590; baseline -0.003 -13"><span class='ocrx_word' id='word_1_297' title='bbox 1227 556 1270 577; x_wconf 84' lang='lat' dir='ltr'>ex</span> <span class='ocrx_word' id='word_1_298' title='bbox 1302 545 1380 590; x_wconf 88' lang='lat' dir='ltr'>ipso</span> <span class='ocrx_word' id='word_1_299' title='bbox 1412 543 1620 588; x_wconf 77' lang='lat' dir='ltr'>Porphyrio</span> <span class='ocrx_word' id='word_1_300' title='bbox 1652 542 1715 576; x_wconf 89' lang='lat' dir='ltr'>sed</span> <span class='ocrx_word' id='word_1_301' title='bbox 1746 554 1790 577; x_wconf 82' lang='lat' dir='ltr'>ex</span> <span class='ocrx_word' id='word_1_302' title='bbox 1823 542 1996 577; x_wconf 82' lang='lat' dir='ltr'>Africano</span> <span class='ocrx_word' id='word_1_303' title='bbox 2027 542 2085 576; x_wconf 89' lang='lat' dir='ltr'>vel</span> <span class='ocrx_word' id='word_1_304' title='bbox 2108 554 2152 576; x_wconf 90' lang='lat' dir='ltr'>ex</span> <span class='ocrx_word' id='word_1_305' title='bbox 2183 542 2253 576; x_wconf 44' lang='lat' dir='ltr'>ali«.</span> 
     </span>
     <span class='ocr_line' id='line_1_48' title="bbox 1228 599 1779 647; baseline -0.004 -13"><span class='ocrx_word' id='word_1_306' title='bbox 1228 600 1516 647; x_wconf 74' lang='lat' dir='ltr'>chronographo</span> <span class='ocrx_word' id='word_1_307' title='bbox 1533 599 1779 646; x_wconf 85' lang='lat' dir='ltr'>descripserit.</span> 
     </span>
    </p>
   </div>
   <div class='ocr_carea' id='block_1_14' title="bbox 1723 683 1758 719">
    <p class='ocr_par' dir='ltr' id='par_1_15' title="bbox 1723 683 1758 719">
     <span class='ocr_line' id='line_1_49' title="bbox 1723 683 1758 719; baseline -0.029 0"><span class='ocrx_word' id='word_1_308' title='bbox 1723 683 1758 719; x_wconf 87' lang='lat'>5.</span> 
     </span>
    </p>
   </div>
   <div class='ocr_carea' id='block_1_15' title="bbox 1229 767 2260 1214">
    <p class='ocr_par' dir='ltr' id='par_1_16' title="bbox 1229 767 2260 1214">
     <span class='ocr_line' id='line_1_50' title="bbox 1281 767 2258 819; baseline 0 -15"><span class='ocrx_word' id='word_1_309' title='bbox 1281 771 1469 818; x_wconf 76' lang='lat' dir='ltr'>Syncellus</span> <span class='ocrx_word' id='word_1_310' title='bbox 1499 783 1534 817; x_wconf 90' lang='lat' dir='ltr'>p.</span> <span class='ocrx_word' id='word_1_311' title='bbox 1570 769 1664 815; x_wconf 75' lang='grc'>334,</span> <span class='ocrx_word' id='word_1_312' title='bbox 1699 770 1725 805; x_wconf 94' lang='lat' dir='ltr'>C</span> <span class='ocrx_word' id='word_1_313' title='bbox 1754 782 1761 804; x_wconf 90' lang='lat'>:</span> <span class='ocrx_word' id='word_1_314' title='bbox 1795 767 1855 806; x_wconf 86' lang='grc' dir='ltr'>Ἔν</span> <span class='ocrx_word' id='word_1_315' title='bbox 1878 768 2007 810; x_wconf 83' lang='grc' dir='ltr'>τούτοις</span> <span class='ocrx_word' id='word_1_316' title='bbox 2033 774 2101 810; x_wconf 87' lang='grc' dir='ltr'>τοῖς</span> <span class='ocrx_word' id='word_1_317' title='bbox 2126 768 2258 819; x_wconf 77' lang='grc' dir='ltr'>χρόνοις</span> 
     </span>
     <span class='ocr_line' id='line_1_51' title="bbox 1229 825 2258 877; baseline 0 -15"><span class='ocrx_word' id='word_1_318' title='bbox 1229 827 1302 875; x_wconf 76' lang='lat' dir='ltr'>(se.</span> <span class='ocrx_word' id='word_1_319' title='bbox 1324 828 1468 863; x_wconf 84' lang='lat' dir='ltr'>Claudii</span> <span class='ocrx_word' id='word_1_320' title='bbox 1487 827 1740 875; x_wconf 87' lang='lat' dir='ltr'>imperatoris)</span> <span class='ocrx_word' id='word_1_321' title='bbox 1764 825 1868 877; x_wconf 71' lang='grc' dir='ltr'>ἐφάνη</span> <span class='ocrx_word' id='word_1_322' title='bbox 1889 825 1925 862; x_wconf 81' lang='grc' dir='ltr'>τὸ</span> <span class='ocrx_word' id='word_1_323' title='bbox 1945 825 2058 876; x_wconf 79' lang='grc' dir='ltr'>ὄρνεον</span> <span class='ocrx_word' id='word_1_324' title='bbox 2075 828 2092 862; x_wconf 84' lang='grc' dir='ltr'>ὁ</span> <span class='ocrx_word' id='word_1_325' title='bbox 2112 825 2258 873; x_wconf 76' lang='grc' dir='ltr'>Φοῖνιξ,</span> 
     </span>
     <span class='ocr_line' id='line_1_52' title="bbox 1230 883 2257 934; baseline -0.001 -14"><span class='ocrx_word' id='word_1_326' title='bbox 1230 884 1340 925; x_wconf 76' lang='grc' dir='ltr'>καθὼς</span> <span class='ocrx_word' id='word_1_327' title='bbox 1371 886 1562 934; x_wconf 71' lang='grc' dir='ltr'>ἱστοροῦσιν</span> <span class='ocrx_word' id='word_1_328' title='bbox 1590 883 1792 933; x_wconf 75' lang='grc' dir='ltr'>Αἰγύπτιοι,</span> <span class='ocrx_word' id='word_1_329' title='bbox 1815 883 1880 933; x_wconf 79' lang='grc' dir='ltr'>πρὸ</span> <span class='ocrx_word' id='word_1_330' title='bbox 1908 884 1972 933; x_wconf 73' lang='grc' dir='ltr'>χνδ</span> <span class='ocrx_word' id='word_1_331' title='bbox 1992 885 2053 933; x_wconf 81' lang='grc' dir='ltr'>(χν</span> <span class='ocrx_word' id='word_1_332' title='bbox 2079 883 2114 919; x_wconf 81' lang='grc' dir='ltr'>δὲ</span> <span class='ocrx_word' id='word_1_333' title='bbox 2143 885 2257 920; x_wconf 87' lang='lat' dir='ltr'>codd.</span> 
     </span>
     <span class='ocr_line' id='line_1_53' title="bbox 1229 934 2259 986; baseline 0 -15"><span class='ocrx_word' id='word_1_334' title='bbox 1229 940 1260 971; x_wconf 79' lang='lat' dir='ltr'>A</span> <span class='ocrx_word' id='word_1_335' title='bbox 1279 937 1320 984; x_wconf 73' lang='grc' dir='ltr'>Β)</span> <span class='ocrx_word' id='word_1_336' title='bbox 1345 937 1427 972; x_wconf 79' lang='grc' dir='ltr'>ἐτῶν</span> <span class='ocrx_word' id='word_1_337' title='bbox 1454 935 1587 986; x_wconf 74' lang='grc' dir='ltr'>φανεὶς,</span> <span class='ocrx_word' id='word_1_338' title='bbox 1613 938 1658 977; x_wconf 81' lang='grc' dir='ltr'>ὡς</span> <span class='ocrx_word' id='word_1_339' title='bbox 1683 935 1742 971; x_wconf 81' lang='grc' dir='ltr'>καὶ</span> <span class='ocrx_word' id='word_1_340' title='bbox 1761 934 1930 978; x_wconf 80' lang='grc' dir='ltr'>Δέξιππος</span> <span class='ocrx_word' id='word_1_341' title='bbox 1962 937 2151 985; x_wconf 81' lang='grc' dir='ltr'>συμφωνεῖ.</span> <span class='ocrx_word' id='word_1_342' title='bbox 2172 938 2259 972; x_wconf 85' lang='lat' dir='ltr'>llaec</span> 
     </span>
     <span class='ocr_line' id='line_1_54' title="bbox 1230 992 2259 1042; baseline -0.002 -11"><span class='ocrx_word' id='word_1_343' title='bbox 1230 996 1317 1031; x_wconf 87' lang='lat' dir='ltr'>alibi</span> <span class='ocrx_word' id='word_1_344' title='bbox 1337 1008 1414 1029; x_wconf 88' lang='lat' dir='ltr'>non</span> <span class='ocrx_word' id='word_1_345' title='bbox 1435 995 1646 1042; x_wconf 78' lang='lat' dir='ltr'>traduntur,</span> <span class='ocrx_word' id='word_1_346' title='bbox 1673 1002 1854 1040; x_wconf 85' lang='lat' dir='ltr'>quantum</span> <span class='ocrx_word' id='word_1_347' title='bbox 1873 995 1962 1030; x_wconf 84' lang='lat' dir='ltr'>scio,</span> <span class='ocrx_word' id='word_1_348' title='bbox 1986 996 2167 1029; x_wconf 87' lang='lat' dir='ltr'>Numerus</span> <span class='ocrx_word' id='word_1_349' title='bbox 2186 992 2259 1042; x_wconf 61' lang='lat' dir='ltr'>‘D‘g&#39;</span> 
     </span>
     <span class='ocr_line' id='line_1_55' title="bbox 1231 1050 2260 1101; baseline -0.001 -13"><span class='ocrx_word' id='word_1_350' title='bbox 1231 1061 1427 1099; x_wconf 79' lang='lat' dir='ltr'>corruptus</span> <span class='ocrx_word' id='word_1_351' title='bbox 1449 1053 1570 1088; x_wconf 86' lang='lat' dir='ltr'>suerit.</span> <span class='ocrx_word' id='word_1_352' title='bbox 1592 1054 1694 1087; x_wconf 83' lang='lat' dir='ltr'>Fort.</span> <span class='ocrx_word' id='word_1_353' title='bbox 1712 1052 1780 1086; x_wconf 86' lang='lat' dir='ltr'>fuit</span> <span class='ocrx_word' id='word_1_354' title='bbox 1796 1050 1916 1101; x_wconf 74' lang='grc' dir='ltr'>χιλίων</span> <span class='ocrx_word' id='word_1_355' title='bbox 1937 1050 2165 1101; x_wconf 80' lang='grc' dir='ltr'>τετρακοσίων</span> <span class='ocrx_word' id='word_1_356' title='bbox 2183 1050 2260 1094; x_wconf 78' lang='grc' dir='ltr'>ἑξά-</span> 
     </span>
     <span class='ocr_line' id='line_1_56' title="bbox 1230 1109 2257 1157; baseline -0.002 -11"><span class='ocrx_word' id='word_1_357' title='bbox 1230 1125 1343 1146; x_wconf 85' lang='grc' dir='ltr'>κοντα.</span> <span class='ocrx_word' id='word_1_358' title='bbox 1368 1113 1422 1145; x_wconf 92' lang='lat' dir='ltr'>De</span> <span class='ocrx_word' id='word_1_359' title='bbox 1449 1111 1620 1157; x_wconf 83' lang='lat' dir='ltr'>phoenice</span> <span class='ocrx_word' id='word_1_360' title='bbox 1640 1122 1705 1144; x_wconf 91' lang='lat' dir='ltr'>ave</span> <span class='ocrx_word' id='word_1_361' title='bbox 1739 1122 1821 1156; x_wconf 77' lang='lat' dir='ltr'>quae</span> <span class='ocrx_word' id='word_1_362' title='bbox 1845 1110 1912 1144; x_wconf 91' lang='lat' dir='ltr'>sub</span> <span class='ocrx_word' id='word_1_363' title='bbox 1938 1110 2088 1144; x_wconf 86' lang='lat' dir='ltr'>Tiberio</span> <span class='ocrx_word' id='word_1_364' title='bbox 2117 1122 2176 1145; x_wconf 87' lang='lat' dir='ltr'>an.</span> <span class='ocrx_word' id='word_1_365' title='bbox 2211 1109 2257 1152; x_wconf 75' lang='grc'>34</span> 
     </span>
     <span class='ocr_line' id='line_1_57' title="bbox 1231 1167 2162 1214; baseline 0.003 -13"><span class='ocrx_word' id='word_1_366' title='bbox 1231 1181 1269 1214; x_wconf 78' lang='lat' dir='ltr'>p.</span> <span class='ocrx_word' id='word_1_367' title='bbox 1300 1170 1338 1204; x_wconf 69' lang='grc' dir='ltr'>(ἶ.</span> <span class='ocrx_word' id='word_1_368' title='bbox 1360 1169 1433 1202; x_wconf 84' lang='lat' dir='ltr'>visa</span> <span class='ocrx_word' id='word_1_369' title='bbox 1453 1180 1526 1202; x_wconf 85' lang='lat' dir='ltr'>esse</span> <span class='ocrx_word' id='word_1_370' title='bbox 1544 1167 1694 1214; x_wconf 80' lang='lat' dir='ltr'>dicitur⁷</span> <span class='ocrx_word' id='word_1_371' title='bbox 1711 1180 1746 1203; x_wconf 90' lang='lat' dir='ltr'>v.</span> <span class='ocrx_word' id='word_1_372' title='bbox 1768 1168 1882 1203; x_wconf 86' lang='lat' dir='ltr'>Tacit.</span> <span class='ocrx_word' id='word_1_373' title='bbox 1904 1170 2000 1202; x_wconf 91' lang='lat' dir='ltr'>Ann.</span> <span class='ocrx_word' id='word_1_374' title='bbox 2020 1169 2081 1212; x_wconf 91' lang='lat' dir='ltr'>VI,</span> <span class='ocrx_word' id='word_1_375' title='bbox 2100 1167 2162 1204; x_wconf 81' lang='lat'>28.</span> 
     </span>
    </p>
   </div>
   <div class='ocr_carea' id='block_1_16' title="bbox 1530 1256 1959 1372">
    <p class='ocr_par' dir='ltr' id='par_1_17' title="bbox 1530 1256 1959 1372">
     <span class='ocr_line' id='line_1_58' title="bbox 1530 1256 1959 1291; baseline 0.002 -2"><span class='ocrx_word' id='word_1_376' title='bbox 1530 1257 1557 1289; x_wconf 73' lang='lat' dir='ltr'>E</span> <span class='ocrx_word' id='word_1_377' title='bbox 1586 1256 1731 1290; x_wconf 85' lang='lat' dir='ltr'>LIBRO</span> <span class='ocrx_word' id='word_1_378' title='bbox 1760 1256 1959 1291; x_wconf 80' lang='lat' dir='ltr'>DECIMO.</span> 
     </span>
     <span class='ocr_line' id='line_1_59' title="bbox 1727 1335 1765 1372; baseline 0.079 -3"><span class='ocrx_word' id='word_1_379' title='bbox 1727 1335 1765 1372; x_wconf 89' lang='grc'>6.</span> 
     </span>
    </p>
   </div>
   <div class='ocr_carea' id='block_1_17' title="bbox 1230 1419 2263 1758">
    <p class='ocr_par' dir='ltr' id='par_1_18' title="bbox 1230 1419 2263 1758">
     <span class='ocr_line' id='line_1_60' title="bbox 1282 1419 2261 1472; baseline 0.003 -16"><span class='ocrx_word' id='word_1_380' title='bbox 1282 1422 1455 1469; x_wconf 84' lang='lat' dir='ltr'>Stephan.</span> <span class='ocrx_word' id='word_1_381' title='bbox 1477 1423 1561 1468; x_wconf 81' lang='lat' dir='ltr'>Byz.</span> <span class='ocrx_word' id='word_1_382' title='bbox 1581 1434 1616 1459; x_wconf 86' lang='lat' dir='ltr'>v.</span> <span class='ocrx_word' id='word_1_383' title='bbox 1637 1420 1830 1470; x_wconf 78' lang='grc' dir='ltr'>Δυρράχιον</span> <span class='ocrx_word' id='word_1_384' title='bbox 1854 1435 1862 1456; x_wconf 88' lang='lat'><strong>:</strong></span> <span class='ocrx_word' id='word_1_385' title='bbox 1883 1419 2048 1463; x_wconf 81' lang='grc' dir='ltr'>Δέξιππος</span> <span class='ocrx_word' id='word_1_386' title='bbox 2066 1420 2100 1457; x_wconf 79' lang='grc' dir='ltr'>δὲ</span> <span class='ocrx_word' id='word_1_387' title='bbox 2119 1422 2150 1457; x_wconf 84' lang='grc' dir='ltr'>ἐν</span> <span class='ocrx_word' id='word_1_388' title='bbox 2174 1422 2261 1472; x_wconf 86' lang='grc' dir='ltr'>Χρο-</span> 
     </span>
     <span class='ocr_line' id='line_1_61' title="bbox 1231 1477 2260 1528; baseline 0.001 -14"><span class='ocrx_word' id='word_1_389' title='bbox 1231 1492 1329 1514; x_wconf 84' lang='grc' dir='ltr'>νικων</span> <span class='ocrx_word' id='word_1_390' title='bbox 1350 1477 1371 1514; x_wconf 86' lang='grc' dir='ltr'>ι’</span> <span class='ocrx_word' id='word_1_391' title='bbox 1394 1493 1494 1528; x_wconf 80' lang='grc' dir='ltr'>φησιν</span> <span class='ocrx_word' id='word_1_392' title='bbox 1516 1492 1615 1513; x_wconf 84' lang='grc' dir='ltr'>ουτω·</span> <span class='ocrx_word' id='word_1_393' title='bbox 1640 1495 1654 1509; x_wconf 88' lang='lat'><strong>‹</strong></span> <span class='ocrx_word' id='word_1_394' title='bbox 1679 1478 1746 1515; x_wconf 76' lang='grc' dir='ltr'>Καὶ</span> <span class='ocrx_word' id='word_1_395' title='bbox 1767 1478 1972 1515; x_wconf 77' lang='grc' dir='ltr'>Μακεδονων</span> <span class='ocrx_word' id='word_1_396' title='bbox 1993 1477 2053 1522; x_wconf 75' lang='grc' dir='ltr'>τὴν</span> <span class='ocrx_word' id='word_1_397' title='bbox 2077 1478 2116 1514; x_wconf 61' lang='lat' dir='ltr'>u}</span> <span class='ocrx_word' id='word_1_398' title='bbox 2115 1495 2136 1513; x_wconf 81' lang='grc' dir='ltr'>ν</span> <span class='ocrx_word' id='word_1_399' title='bbox 2157 1478 2260 1515; x_wconf 82' lang='grc' dir='ltr'>Ἐπί-</span> 
     </span>
     <span class='ocr_line' id='line_1_62' title="bbox 1231 1533 2259 1586; baseline 0.001 -15"><span class='ocrx_word' id='word_1_400' title='bbox 1231 1536 1372 1584; x_wconf 82' lang='grc' dir='ltr'>δαμνον,</span> <span class='ocrx_word' id='word_1_401' title='bbox 1407 1537 1454 1576; x_wconf 83' lang='grc' dir='ltr'>εἷς</span> <span class='ocrx_word' id='word_1_402' title='bbox 1483 1533 1677 1585; x_wconf 80' lang='grc' dir='ltr'>ὕστερονδὲ</span> <span class='ocrx_word' id='word_1_403' title='bbox 1707 1535 1899 1586; x_wconf 73' lang='grc' dir='ltr'>Δυρράχιον</span> <span class='ocrx_word' id='word_1_404' title='bbox 1930 1539 2179 1584; x_wconf 79' lang='grc' dir='ltr'>μετονομῖασθε</span> <span class='ocrx_word' id='word_1_405' title='bbox 2181 1552 2259 1582; x_wconf 84' lang='grc' dir='ltr'>σαν,</span> 
     </span>
     <span class='ocr_line' id='line_1_63' title="bbox 1230 1592 2262 1643; baseline 0.002 -14"><span class='ocrx_word' id='word_1_406' title='bbox 1230 1593 1327 1629; x_wconf 83' lang='grc' dir='ltr'>πόλιν</span> <span class='ocrx_word' id='word_1_407' title='bbox 1347 1609 1406 1637; x_wconf 87' lang='grc' dir='ltr'>της</span> <span class='ocrx_word' id='word_1_408' title='bbox 1424 1592 1639 1635; x_wconf 81' lang='grc' dir='ltr'>Μακεδονίας</span> <span class='ocrx_word' id='word_1_409' title='bbox 1669 1593 1823 1643; x_wconf 79' lang='grc' dir='ltr'>μεγάλην</span> <span class='ocrx_word' id='word_1_410' title='bbox 1849 1609 1907 1630; x_wconf 88' lang='grc' dir='ltr'>και</span> <span class='ocrx_word' id='word_1_411' title='bbox 1936 1593 2121 1642; x_wconf 85' lang='grc' dir='ltr'>ευοαίμονα</span> <span class='ocrx_word' id='word_1_412' title='bbox 2145 1598 2262 1641; x_wconf 78' lang='grc' dir='ltr'>οὖσαν,</span> 
     </span>
     <span class='ocr_line' id='line_1_64' title="bbox 1231 1649 2263 1701; baseline 0.002 -14"><span class='ocrx_word' id='word_1_413' title='bbox 1231 1649 1319 1687; x_wconf 87' lang='grc' dir='ltr'>κατὰ</span> <span class='ocrx_word' id='word_1_414' title='bbox 1337 1650 1457 1701; x_wconf 82' lang='grc' dir='ltr'>κράτος</span> <span class='ocrx_word' id='word_1_415' title='bbox 1482 1652 1646 1701; x_wconf 77' lang='grc' dir='ltr'>αἱρουσιν.</span> <span class='ocrx_word' id='word_1_416' title='bbox 1668 1652 1806 1687; x_wconf 87' lang='lat' dir='ltr'>Eadem</span> <span class='ocrx_word' id='word_1_417' title='bbox 1825 1665 1845 1687; x_wconf 91' lang='lat' dir='ltr'>e</span> <span class='ocrx_word' id='word_1_418' title='bbox 1864 1654 2051 1700; x_wconf 81' lang='lat' dir='ltr'>Stephano</span> <span class='ocrx_word' id='word_1_419' title='bbox 2081 1653 2263 1691; x_wconf 86' lang='lat' dir='ltr'>Constan-</span> 
     </span>
     <span class='ocr_line' id='line_1_65' title="bbox 1233 1711 1862 1758; baseline 0 -13"><span class='ocrx_word' id='word_1_420' title='bbox 1233 1712 1328 1745; x_wconf 83' lang='lat' dir='ltr'>tinus</span> <span class='ocrx_word' id='word_1_421' title='bbox 1343 1711 1527 1758; x_wconf 82' lang='lat' dir='ltr'>Porphyr.</span> <span class='ocrx_word' id='word_1_422' title='bbox 1547 1712 1602 1746; x_wconf 88' lang='lat' dir='ltr'>De</span> <span class='ocrx_word' id='word_1_423' title='bbox 1620 1711 1733 1747; x_wconf 84' lang='lat' dir='ltr'>them.</span> <span class='ocrx_word' id='word_1_424' title='bbox 1755 1712 1805 1757; x_wconf 77' lang='grc' dir='ltr'>ΙΙ,</span> <span class='ocrx_word' id='word_1_425' title='bbox 1828 1723 1862 1758; x_wconf 89' lang='lat'>9.</span> 
     </span>
    </p>
   </div>
   <div class='ocr_carea' id='block_1_18' title="bbox 1732 1804 1750 1814">
    <p class='ocr_par' dir='ltr' id='par_1_19' title="bbox 1732 1804 1750 1814">
     <span class='ocr_line' id='line_1_66' title="bbox 1732 1804 1750 1814; baseline 0 0"><span class='ocrx_word' id='word_1_426' title='bbox 1732 1804 1750 1814; x_wconf 72' lang='grc' dir='ltr'>ν-</span> 
     </span>
    </p>
   </div>
   <div class='ocr_carea' id='block_1_19' title="bbox 1736 1814 1766 1834">
    <p class='ocr_par' dir='ltr' id='par_1_20' title="bbox 1736 1814 1766 1834">
     <span class='ocr_line' id='line_1_67' title="bbox 1736 1814 1766 1834; baseline 0 -7"><span class='ocrx_word' id='word_1_427' title='bbox 1736 1814 1766 1834; x_wconf 62' lang='lat'>[¹</span> 
     </span>
    </p>
   </div>
   <div class='ocr_carea' id='block_1_20' title="bbox 1231 1868 2263 2091">
    <p class='ocr_par' dir='ltr' id='par_1_21' title="bbox 1231 1868 2263 2091">
     <span class='ocr_line' id='line_1_68' title="bbox 1285 1868 2262 1918; baseline 0 -12"><span class='ocrx_word' id='word_1_428' title='bbox 1285 1870 1386 1906; x_wconf 88' lang='lat' dir='ltr'>Idem</span> <span class='ocrx_word' id='word_1_429' title='bbox 1410 1882 1417 1904; x_wconf 79' lang='lat' dir='ltr'>z</span> <span class='ocrx_word' id='word_1_430' title='bbox 1438 1870 1644 1918; x_wconf 72' lang='grc' dir='ltr'>Σουκχαῖοι,</span> <span class='ocrx_word' id='word_1_431' title='bbox 1667 1868 1757 1911; x_wconf 83' lang='grc' dir='ltr'>ἔθνος</span> <span class='ocrx_word' id='word_1_432' title='bbox 1777 1868 2010 1918; x_wconf 76' lang='grc' dir='ltr'>Μαυρούσιον,</span> <span class='ocrx_word' id='word_1_433' title='bbox 2033 1871 2078 1912; x_wconf 81' lang='grc' dir='ltr'>ὡς</span> <span class='ocrx_word' id='word_1_434' title='bbox 2095 1869 2262 1912; x_wconf 79' lang='grc' dir='ltr'>Δέξιππος</span> 
     </span>
     <span class='ocr_line' id='line_1_69' title="bbox 1234 1926 2262 1977; baseline 0 -13"><span class='ocrx_word' id='word_1_435' title='bbox 1234 1928 1411 1977; x_wconf 78' lang='grc' dir='ltr'>Χρονικῶν</span> <span class='ocrx_word' id='word_1_436' title='bbox 1442 1926 1587 1977; x_wconf 79' lang='grc' dir='ltr'>δεκάτῳ.</span> <span class='ocrx_word' id='word_1_437' title='bbox 1622 1929 1748 1963; x_wconf 89' lang='lat' dir='ltr'>Nescio</span> <span class='ocrx_word' id='word_1_438' title='bbox 1776 1941 1822 1963; x_wconf 89' lang='lat' dir='ltr'>an</span> <span class='ocrx_word' id='word_1_439' title='bbox 1853 1929 1987 1963; x_wconf 83' lang='lat' dir='ltr'>horum</span> <span class='ocrx_word' id='word_1_440' title='bbox 2007 1929 2262 1964; x_wconf 78' lang='lat' dir='ltr'>Succlzoeorum</span> 
     </span>
     <span class='ocr_line' id='line_1_70' title="bbox 1232 1983 2262 2035; baseline 0.001 -15"><span class='ocrx_word' id='word_1_441' title='bbox 1232 1986 1315 2020; x_wconf 76' lang='lat' dir='ltr'>urbs</span> <span class='ocrx_word' id='word_1_442' title='bbox 1338 1987 1524 2020; x_wconf 71' lang='lat' dir='ltr'>Saccabar</span> <span class='ocrx_word' id='word_1_443' title='bbox 1548 1983 1766 2035; x_wconf 71' lang='grc' dir='ltr'>(Ζουχάὸαρι</span> <span class='ocrx_word' id='word_1_444' title='bbox 1792 1987 1992 2032; x_wconf 81' lang='lat' dir='ltr'>Ptolem,)‚</span> <span class='ocrx_word' id='word_1_445' title='bbox 2021 1989 2162 2022; x_wconf 76' lang='lat' dir='ltr'>colonia</span> <span class='ocrx_word' id='word_1_446' title='bbox 2186 1990 2262 2021; x_wconf 86' lang='lat' dir='ltr'>Au-</span> 
     </span>
     <span class='ocr_line' id='line_1_71' title="bbox 1231 2044 2263 2091; baseline 0.001 -14"><span class='ocrx_word' id='word_1_447' title='bbox 1231 2052 1347 2089; x_wconf 64' lang='lat' dir='ltr'>guvia,</span> <span class='ocrx_word' id='word_1_448' title='bbox 1373 2056 1432 2091; x_wconf 83' lang='lat' dir='ltr'>ap.</span> <span class='ocrx_word' id='word_1_449' title='bbox 1458 2044 1617 2077; x_wconf 87' lang='lat' dir='ltr'>Plinium</span> <span class='ocrx_word' id='word_1_450' title='bbox 1634 2046 1677 2087; x_wconf 86' lang='lat' dir='ltr'>V,</span> <span class='ocrx_word' id='word_1_451' title='bbox 1695 2056 1739 2091; x_wconf 82' lang='lat'>2,</span> <span class='ocrx_word' id='word_1_452' title='bbox 1767 2057 1799 2088; x_wconf 90' lang='lat'>1,</span> <span class='ocrx_word' id='word_1_453' title='bbox 1823 2052 1859 2079; x_wconf 87' lang='lat' dir='ltr'>et</span> <span class='ocrx_word' id='word_1_454' title='bbox 1878 2044 2058 2091; x_wconf 87' lang='lat' dir='ltr'>oppidum</span> <span class='ocrx_word' id='word_1_455' title='bbox 2077 2045 2263 2090; x_wconf 74' lang='lat' dir='ltr'>Sugabar—</span> 
     </span>
    </p>
   </div>
   <div class='ocr_carea' id='block_1_21' title="bbox 1233 2101 2262 2207">
    <p class='ocr_par' dir='ltr' id='par_1_22' title="bbox 1233 2101 2262 2207">
     <span class='ocr_line' id='line_1_72' title="bbox 1233 2101 2262 2150; baseline 0.002 -15"><span class='ocrx_word' id='word_1_456' title='bbox 1233 2103 1681 2137; x_wconf 77' lang='lat' dir='ltr'>ritanuminMamitania</span> <span class='ocrx_word' id='word_1_457' title='bbox 1699 2114 1760 2150; x_wconf 90' lang='lat' dir='ltr'>ap.</span> <span class='ocrx_word' id='word_1_458' title='bbox 1780 2102 1966 2138; x_wconf 88' lang='lat' dir='ltr'>Ammian.</span> <span class='ocrx_word' id='word_1_459' title='bbox 1988 2101 2078 2149; x_wconf 71' lang='lat'><em>25),5</em></span> <span class='ocrx_word' id='word_1_460' title='bbox 2058 2102 2151 2150; x_wconf 60' lang='grc' dir='ltr'>οἱ(οΐ</span> <span class='ocrx_word' id='word_1_461' title='bbox 2170 2103 2262 2137; x_wconf 85' lang='lat' dir='ltr'>For·</span> 
     </span>
     <span class='ocr_line' id='line_1_73' title="bbox 1234 2160 1708 2207; baseline -0.002 -13"><span class='ocrx_word' id='word_1_462' title='bbox 1234 2160 1351 2207; x_wconf 79' lang='lat' dir='ltr'>biger.</span> <span class='ocrx_word' id='word_1_463' title='bbox 1378 2161 1510 2203; x_wconf 75' lang='lat' dir='ltr'>Geoor.</span> <span class='ocrx_word' id='word_1_464' title='bbox 1533 2173 1572 2207; x_wconf 91' lang='lat' dir='ltr'>p.</span> <span class='ocrx_word' id='word_1_465' title='bbox 1600 2160 1646 2194; x_wconf 80' lang='lat'>8—</span> <span class='ocrx_word' id='word_1_466' title='bbox 1629 2160 1708 2207; x_wconf 79' lang='lat'>78).</span> 
     </span>
    </p>
   </div>
   <div class='ocr_carea' id='block_1_22' title="bbox 1471 2247 2007 2369">
    <p class='ocr_par' dir='ltr' id='par_1_23' title="bbox 1471 2247 2007 2369">
     <span class='ocr_line' id='line_1_74' title="bbox 1731 2247 1767 2283; baseline 0.056 -2"><span class='ocrx_word' id='word_1_467' title='bbox 1731 2247 1767 2283; x_wconf 87' lang='lat'>8.</span> 
     </span>
     <span class='ocr_line' id='line_1_75' title="bbox 1471 2334 2007 2369; baseline 0 -2"><span class='ocrx_word' id='word_1_468' title='bbox 1471 2334 1498 2368; x_wconf 90' lang='lat' dir='ltr'>E</span> <span class='ocrx_word' id='word_1_469' title='bbox 1528 2334 1676 2368; x_wconf 76' lang='lat' dir='ltr'>LIBRO</span> <span class='ocrx_word' id='word_1_470' title='bbox 1704 2334 2007 2369; x_wconf 87' lang='lat' dir='ltr'>DUODECIMO.</span> 
     </span>
    </p>
   </div>
   <div class='ocr_carea' id='block_1_23' title="bbox 1284 2411 2263 2468">
    <p class='ocr_par' dir='ltr' id='par_1_24' title="bbox 1284 2411 2263 2468">
     <span class='ocr_line' id='line_1_76' title="bbox 1284 2411 2263 2468; baseline 0 -15"><span class='ocrx_word' id='word_1_471' title='bbox 1284 2419 1389 2453; x_wconf 85' lang='lat' dir='ltr'>Idem</span> <span class='ocrx_word' id='word_1_472' title='bbox 1414 2432 1421 2453; x_wconf 75' lang='grc' dir='ltr'>ε</span> <span class='ocrx_word' id='word_1_473' title='bbox 1441 2416 1624 2468; x_wconf 58' lang='grc' dir='ltr'>ξΈλουροι,</span> <span class='ocrx_word' id='word_1_474' title='bbox 1645 2417 1810 2455; x_wconf 81' lang='grc' dir='ltr'>Σκυθικὸν</span> <span class='ocrx_word' id='word_1_475' title='bbox 1828 2417 1917 2459; x_wconf 79' lang='grc' dir='ltr'>ἔθνος</span> <span class='ocrx_word' id='word_1_476' title='bbox 1930 2449 1938 2463; x_wconf 83' lang='grc'><strong><em>,</em></strong></span> <span class='ocrx_word' id='word_1_477' title='bbox 1967 2417 2043 2468; x_wconf 80' lang='grc' dir='ltr'>περὶ</span> <span class='ocrx_word' id='word_1_478' title='bbox 2063 2411 2108 2453; x_wconf 58' lang='grc' dir='ltr'>ὧν</span> <span class='ocrx_word' id='word_1_479' title='bbox 2134 2416 2263 2460; x_wconf 79' lang='grc' dir='ltr'>Δέξιπ-</span> 
     </span>
    </p>
   </div>
   <div class='ocr_carea' id='block_1_24' title="bbox 1233 2474 1617 2525">
    <p class='ocr_par' dir='ltr' id='par_1_25' title="bbox 1233 2474 1617 2525">
     <span class='ocr_line' id='line_1_77' title="bbox 1233 2474 1617 2525; baseline -0.003 -14"><span class='ocrx_word' id='word_1_480' title='bbox 1233 2490 1293 2516; x_wconf 83' lang='grc' dir='ltr'>πος</span> <span class='ocrx_word' id='word_1_481' title='bbox 1313 2476 1346 2511; x_wconf 82' lang='grc' dir='ltr'>ἐν</span> <span class='ocrx_word' id='word_1_482' title='bbox 1368 2476 1542 2525; x_wconf 80' lang='grc' dir='ltr'>Χρονικῶν</span> <span class='ocrx_word' id='word_1_483' title='bbox 1561 2474 1617 2513; x_wconf 63' lang='grc' dir='ltr'>ιδ’.</span> 
     </span>
    </p>
   </div>
   <div class='ocr_carea' id='block_1_25' title="bbox 154 2541 2042 2558">
    <p class='ocr_par' dir='ltr' id='par_1_26' title="bbox 154 2541 2042 2558">
     <span class='ocr_line' id='line_1_78' title="bbox 154 2541 2042 2558; baseline -0.001 -11"><span class='ocrx_word' id='word_1_484' title='bbox 154 2541 2042 2558; x_wconf 49' lang='grc' dir='ltr'><em>Ἣ</em></span> 
     </span>
    </p>
   </div>
   <div class='ocr_carea' id='block_1_26' title="bbox 145 2573 1174 2614">
    <p class='ocr_par' dir='ltr' id='par_1_27' title="bbox 145 2573 1174 2614">
     <span class='ocr_line' id='line_1_79' title="bbox 145 2573 1174 2614; baseline 0.011 -12"><span class='ocrx_word' id='word_1_485' title='bbox 145 2573 193 2603; x_wconf 67' lang='lat' dir='ltr'>ul</span> <span class='ocrx_word' id='word_1_486' title='bbox 211 2576 294 2604; x_wconf 57' lang='lat' dir='ltr'>certe</span> <span class='ocrx_word' id='word_1_487' title='bbox 311 2575 459 2614; x_wconf 84' lang='lat' dir='ltr'>plurimi</span> <span class='ocrx_word' id='word_1_488' title='bbox 451 2577 584 2607; x_wconf 78' lang='lat' dir='ltr'>invicem</span> <span class='ocrx_word' id='word_1_489' title='bbox 602 2578 771 2609; x_wconf 77' lang='lat' dir='ltr'>dissideant</span> <span class='ocrx_word' id='word_1_490' title='bbox 793 2579 823 2609; x_wconf 90' lang='lat' dir='ltr'>in</span> <span class='ocrx_word' id='word_1_491' title='bbox 841 2580 933 2611; x_wconf 86' lang='lat' dir='ltr'>rebus</span> <span class='ocrx_word' id='word_1_492' title='bbox 949 2581 1121 2612; x_wconf 72' lang='lat' dir='ltr'>illustribus</span> <span class='ocrx_word' id='word_1_493' title='bbox 1137 2591 1174 2613; x_wconf 86' lang='lat' dir='ltr'>ac</span> 
     </span>
    </p>
   </div>
   <div class='ocr_carea' id='block_1_27' title="bbox 146 2624 1174 2707">
    <p class='ocr_par' dir='ltr' id='par_1_28' title="bbox 146 2624 1174 2706">
     <span class='ocr_line' id='line_1_80' title="bbox 146 2624 1174 2667; baseline 0.009 -13"><span class='ocrx_word' id='word_1_494' title='bbox 146 2633 177 2654; x_wconf 90' lang='lat' dir='ltr'>m</span> <span class='ocrx_word' id='word_1_495' title='bbox 181 2624 261 2653; x_wconf 69' lang='lat' dir='ltr'>anis(</span> <span class='ocrx_word' id='word_1_496' title='bbox 265 2625 329 2662; x_wconf 81' lang='lat' dir='ltr'>stis,</span> <span class='ocrx_word' id='word_1_497' title='bbox 342 2634 419 2664; x_wconf 85' lang='lat' dir='ltr'>quas</span> <span class='ocrx_word' id='word_1_498' title='bbox 433 2635 486 2665; x_wconf 80' lang='lat' dir='ltr'>pei</span> <span class='ocrx_word' id='word_1_499' title='bbox 498 2636 531 2658; x_wconf 79' lang='lat' dir='ltr'>se</span> <span class='ocrx_word' id='word_1_500' title='bbox 545 2628 625 2667; x_wconf 81' lang='lat' dir='ltr'>ipsas</span> <span class='ocrx_word' id='word_1_501' title='bbox 638 2629 668 2658; x_wconf 89' lang='lat' dir='ltr'>in</span> <span class='ocrx_word' id='word_1_502' title='bbox 684 2631 772 2660; x_wconf 84' lang='lat' dir='ltr'>contr</span> <span class='ocrx_word' id='word_1_503' title='bbox 774 2631 927 2661; x_wconf 66' lang='grc' dir='ltr'>ωοιείιιιιι</span> <span class='ocrx_word' id='word_1_504' title='bbox 941 2640 1033 2662; x_wconf 90' lang='lat' dir='ltr'>nemo</span> <span class='ocrx_word' id='word_1_505' title='bbox 1047 2635 1174 2664; x_wconf 76' lang='lat' dir='ltr'>remeat</span> 
     </span>
     <span class='ocr_line' id='line_1_81' title="bbox 146 2675 373 2707; baseline 0.009 -3.019"><span class='ocrx_word' id='word_1_506' title='bbox 146 2677 200 2706; x_wconf 86' lang='lat' dir='ltr'>aut</span> <span class='ocrx_word' id='word_1_507' title='bbox 211 2675 373 2707; x_wconf 75' lang='lat' dir='ltr'>diffitetur.</span> 
     </span>
    </p>
   </div>
   <div class='ocr_carea' id='block_1_28' title="bbox 148 2723 1174 2973">
    <p class='ocr_par' dir='ltr' id='par_1_29' title="bbox 641 2723 675 2753">
     <span class='ocr_line' id='line_1_82' title="bbox 641 2723 675 2753; baseline 0 0"><span class='ocrx_word' id='word_1_508' title='bbox 641 2723 675 2753; x_wconf 86' lang='lat'>3.</span> 
     </span>
    </p>

    <p class='ocr_par' dir='ltr' id='par_1_30' title="bbox 148 2772 1174 2973">
     <span class='ocr_line' id='line_1_83' title="bbox 188 2772 1172 2820; baseline 0.011 -19"><span class='ocrx_word' id='word_1_509' title='bbox 188 2772 422 2803; x_wconf 73' lang='lat' dir='ltr'>Heraclidarum</span> <span class='ocrx_word' id='word_1_510' title='bbox 445 2774 628 2814; x_wconf 72' lang='lat' dir='ltr'>descensus,</span> <span class='ocrx_word' id='word_1_511' title='bbox 646 2777 757 2815; x_wconf 84' lang='lat' dir='ltr'>Hyllo,</span> <span class='ocrx_word' id='word_1_512' title='bbox 780 2779 900 2810; x_wconf 78' lang='lat' dir='ltr'>seniore</span> <span class='ocrx_word' id='word_1_513' title='bbox 926 2781 1074 2811; x_wconf 80' lang='lat' dir='ltr'>Herculis</span> <span class='ocrx_word' id='word_1_514' title='bbox 1091 2782 1172 2820; x_wconf 83' lang='lat' dir='ltr'>lili0,</span> 
     </span>
     <span class='ocr_line' id='line_1_84' title="bbox 148 2822 1174 2869; baseline 0.011 -18"><span class='ocrx_word' id='word_1_515' title='bbox 148 2822 386 2853; x_wconf 87' lang='lat' dir='ltr'>helliadversus</span> <span class='ocrx_word' id='word_1_516' title='bbox 412 2825 647 2863; x_wconf 78' lang='lat' dir='ltr'>Peloponnesios</span> <span class='ocrx_word' id='word_1_517' title='bbox 675 2827 766 2859; x_wconf 86' lang='lat' dir='ltr'>duce.</span> <span class='ocrx_word' id='word_1_518' title='bbox 785 2830 876 2865; x_wconf 85' lang='lat' dir='ltr'>Quod</span> <span class='ocrx_word' id='word_1_519' title='bbox 900 2831 1026 2869; x_wconf 84' lang='lat' dir='ltr'>quidem</span> <span class='ocrx_word' id='word_1_520' title='bbox 1058 2832 1174 2862; x_wconf 81' lang='lat' dir='ltr'>bellum</span> 
     </span>
     <span class='ocr_line' id='line_1_85' title="bbox 148 2875 1174 2918; baseline 0.011 -15"><span class='ocrx_word' id='word_1_521' title='bbox 148 2883 202 2912; x_wconf 83' lang='lat' dir='ltr'>per</span> <span class='ocrx_word' id='word_1_522' title='bbox 218 2882 316 2904; x_wconf 84' lang='lat' dir='ltr'>annos</span> <span class='ocrx_word' id='word_1_523' title='bbox 332 2876 380 2905; x_wconf 74' lang='lat' dir='ltr'>sat</span> <span class='ocrx_word' id='word_1_524' title='bbox 398 2875 513 2906; x_wconf 83' lang='lat' dir='ltr'>multos</span> <span class='ocrx_word' id='word_1_525' title='bbox 531 2877 610 2907; x_wconf 85' lang='lat' dir='ltr'>iuter</span> <span class='ocrx_word' id='word_1_526' title='bbox 626 2879 865 2918; x_wconf 78' lang='lat' dir='ltr'>Peloponnesios</span> <span class='ocrx_word' id='word_1_527' title='bbox 877 2884 909 2912; x_wconf 83' lang='lat' dir='ltr'>et</span> <span class='ocrx_word' id='word_1_528' title='bbox 932 2883 1111 2913; x_wconf 73' lang='lat' dir='ltr'>Heraclidas</span> <span class='ocrx_word' id='word_1_529' title='bbox 1127 2885 1174 2914; x_wconf 93' lang='lat' dir='ltr'>vi-</span> 
     </span>
     <span class='ocr_line' id='line_1_86' title="bbox 148 2924 1174 2973; baseline 0.011 -20"><span class='ocrx_word' id='word_1_530' title='bbox 148 2924 226 2963; x_wconf 74' lang='lat' dir='ltr'>guit.</span> <span class='ocrx_word' id='word_1_531' title='bbox 248 2926 337 2955; x_wconf 84' lang='lat' dir='ltr'>Tunc</span> <span class='ocrx_word' id='word_1_532' title='bbox 360 2926 600 2966; x_wconf 75' lang='lat' dir='ltr'>Lacedaemonii,</span> <span class='ocrx_word' id='word_1_533' title='bbox 618 2930 852 2961; x_wconf 78' lang='lat' dir='ltr'>lleraclidarum</span> <span class='ocrx_word' id='word_1_534' title='bbox 870 2932 1029 2963; x_wconf 83' lang='lat' dir='ltr'>invasione</span> <span class='ocrx_word' id='word_1_535' title='bbox 1048 2934 1174 2973; x_wconf 78' lang='lat' dir='ltr'>afflicti,</span> 
     </span>
    </p>
   </div>
   <div class='ocr_carea' id='block_1_29' title="bbox 149 2975 1173 3066">
    <p class='ocr_par' dir='ltr' id='par_1_31' title="bbox 149 2975 1173 3066">
     <span class='ocr_line' id='line_1_87' title="bbox 150 2975 1173 3021; baseline 0.012 -17"><span class='ocrx_word' id='word_1_536' title='bbox 150 2976 186 3005; x_wconf 77' lang='lat' dir='ltr'>ut</span> <span class='ocrx_word' id='word_1_537' title='bbox 212 2975 372 3014; x_wconf 76' lang='lat' dir='ltr'>Dexippus</span> <span class='ocrx_word' id='word_1_538' title='bbox 391 2978 501 3007; x_wconf 80' lang='lat' dir='ltr'>auctor</span> <span class='ocrx_word' id='word_1_539' title='bbox 523 2980 581 3015; x_wconf 81' lang='lat' dir='ltr'>est,</span> <span class='ocrx_word' id='word_1_540' title='bbox 606 2979 817 3019; x_wconf 84' lang='lat' dir='ltr'>Peloponneso</span> <span class='ocrx_word' id='word_1_541' title='bbox 836 2982 1003 3021; x_wconf 81' lang='lat' dir='ltr'>migrantes</span> <span class='ocrx_word' id='word_1_542' title='bbox 1027 2984 1173 3015; x_wconf 87' lang='lat' dir='ltr'>Rhodum</span> 
     </span>
     <span class='ocr_line' id='line_1_88' title="bbox 149 3025 669 3066; baseline 0.008 -11"><span class='ocrx_word' id='word_1_543' title='bbox 149 3025 282 3056; x_wconf 82' lang='lat' dir='ltr'>insulam</span> <span class='ocrx_word' id='word_1_544' title='bbox 297 3026 406 3057; x_wconf 84' lang='lat' dir='ltr'>ineolis</span> <span class='ocrx_word' id='word_1_545' title='bbox 422 3027 669 3066; x_wconf 80' lang='lat' dir='ltr'>frequentarunt.</span> 
     </span>
    </p>
   </div>
   <div class='ocr_carea' id='block_1_30' title="bbox 151 3085 1174 3264">
    <p class='ocr_par' dir='ltr' id='par_1_32' title="bbox 151 3085 1174 3264">
     <span class='ocr_line' id='line_1_89' title="bbox 641 3085 676 3115; baseline -0.029 0"><span class='ocrx_word' id='word_1_546' title='bbox 641 3085 676 3115; x_wconf 83' lang='grc'>4.</span> 
     </span>
     <span class='ocr_line' id='line_1_90' title="bbox 190 3133 1174 3181; baseline 0.01 -17"><span class='ocrx_word' id='word_1_547' title='bbox 190 3133 367 3166; x_wconf 83' lang='lat' dir='ltr'>Alexander</span> <span class='ocrx_word' id='word_1_548' title='bbox 384 3135 569 3167; x_wconf 86' lang='lat' dir='ltr'>vicesimum</span> <span class='ocrx_word' id='word_1_549' title='bbox 583 3146 677 3177; x_wconf 77' lang='lat' dir='ltr'>agens</span> <span class='ocrx_word' id='word_1_550' title='bbox 694 3147 851 3170; x_wconf 83' lang='lat' dir='ltr'>annum...</span> <span class='ocrx_word' id='word_1_551' title='bbox 866 3149 995 3179; x_wconf 74' lang='lat' dir='ltr'>reguum</span> <span class='ocrx_word' id='word_1_552' title='bbox 1010 3143 1174 3181; x_wconf 80' lang='lat' dir='ltr'>paternum</span> 
     </span>
     <span class='ocr_line' id='line_1_91' title="bbox 151 3186 297 3225; baseline 0 -9"><span class='ocrx_word' id='word_1_553' title='bbox 151 3186 297 3225; x_wconf 70' lang='lat' dir='ltr'>suscepit.</span> 
     </span>
     <span class='ocr_line' id='line_1_92' title="bbox 643 3234 674 3264; baseline 0 0"><span class='ocrx_word' id='word_1_554' title='bbox 643 3234 674 3264; x_wconf 78' lang='lat'>5.</span> 
     </span>
    </p>
   </div>
   <div class='ocr_carea' id='block_1_31' title="bbox 195 3282 1174 3328">
    <p class='ocr_par' dir='ltr' id='par_1_33' title="bbox 195 3282 1174 3328">
     <span class='ocr_line' id='line_1_93' title="bbox 195 3282 1174 3328; baseline 0.006 -15"><span class='ocrx_word' id='word_1_555' title='bbox 195 3282 248 3313; x_wconf 85' lang='lat' dir='ltr'>llis</span> <span class='ocrx_word' id='word_1_556' title='bbox 264 3283 457 3322; x_wconf 84' lang='lat' dir='ltr'>temporibus</span> <span class='ocrx_word' id='word_1_557' title='bbox 475 3284 615 3324; x_wconf 84' lang='lat' dir='ltr'>(Claudii</span> <span class='ocrx_word' id='word_1_558' title='bbox 635 3288 644 3316; x_wconf 93' lang='lat' dir='ltr'>l</span> <span class='ocrx_word' id='word_1_559' title='bbox 662 3286 873 3327; x_wconf 81' lang='lat' dir='ltr'>imperatoris)</span> <span class='ocrx_word' id='word_1_560' title='bbox 891 3289 1034 3328; x_wconf 83' lang='lat' dir='ltr'>apparuit</span> <span class='ocrx_word' id='word_1_561' title='bbox 1049 3290 1174 3328; x_wconf 65' lang='lat' dir='ltr'>plueuix</span> 
     </span>
    </p>
   </div>
   <div class='ocr_carea' id='block_1_32' title="bbox 2044 2553 2179 2559">
    <p class='ocr_par' dir='ltr' id='par_1_34' title="bbox 2044 2553 2179 2559">
     <span class='ocr_line' id='line_1_94' title="bbox 2044 2553 2179 2559; baseline 0 0"><span class='ocrx_word' id='word_1_562' title='bbox 2044 2553 2179 2559; x_wconf 95' lang='lat' dir='ltr'> </span> 
     </span>
    </p>
   </div>
   <div class='ocr_carea' id='block_1_33' title="bbox 1233 2584 2263 2676">
    <p class='ocr_par' dir='ltr' id='par_1_35' title="bbox 1233 2584 2263 2676">
     <span class='ocr_line' id='line_1_95' title="bbox 1233 2584 2263 2625; baseline 0 -12"><span class='ocrx_word' id='word_1_563' title='bbox 1233 2584 1319 2622; x_wconf 76' lang='lat' dir='ltr'>avis,</span> <span class='ocrx_word' id='word_1_564' title='bbox 1347 2586 1381 2615; x_wconf 85' lang='lat' dir='ltr'>ut</span> <span class='ocrx_word' id='word_1_565' title='bbox 1402 2585 1536 2624; x_wconf 70' lang='lat' dir='ltr'>AEgyplii</span> <span class='ocrx_word' id='word_1_566' title='bbox 1558 2585 1750 2622; x_wconf 77' lang='lat' dir='ltr'>fabulantur,</span> <span class='ocrx_word' id='word_1_567' title='bbox 1768 2595 1839 2624; x_wconf 84' lang='lat' dir='ltr'>quae</span> <span class='ocrx_word' id='word_1_568' title='bbox 1861 2587 2048 2625; x_wconf 84' lang='lat' dir='ltr'>apparuerat.</span> <span class='ocrx_word' id='word_1_569' title='bbox 2073 2585 2167 2615; x_wconf 78' lang='lat' dir='ltr'>etiam</span> <span class='ocrx_word' id='word_1_570' title='bbox 2190 2584 2263 2613; x_wconf 86' lang='lat' dir='ltr'>ante</span> 
     </span>
     <span class='ocr_line' id='line_1_96' title="bbox 1234 2637 1870 2676; baseline 0.003 -11"><span class='ocrx_word' id='word_1_571' title='bbox 1234 2639 1411 2667; x_wconf 59' lang='lat' dir='ltr'>annosam.</span> <span class='ocrx_word' id='word_1_572' title='bbox 1429 2637 1573 2667; x_wconf 73' lang='lat' dir='ltr'>Concinit</span> <span class='ocrx_word' id='word_1_573' title='bbox 1589 2637 1683 2667; x_wconf 84' lang='lat' dir='ltr'>eliam</span> <span class='ocrx_word' id='word_1_574' title='bbox 1703 2637 1870 2676; x_wconf 79' lang='lat' dir='ltr'>Dexippus.</span> 
     </span>
    </p>
   </div>
   <div class='ocr_carea' id='block_1_34' title="bbox 1733 2703 1765 2732">
    <p class='ocr_par' dir='ltr' id='par_1_36' title="bbox 1733 2703 1765 2732">
     <span class='ocr_line' id='line_1_97' title="bbox 1733 2703 1765 2732; baseline -0.031 0"><span class='ocrx_word' id='word_1_575' title='bbox 1733 2703 1765 2732; x_wconf 81' lang='lat'>6.</span> 
     </span>
    </p>
   </div>
   <div class='ocr_carea' id='block_1_35' title="bbox 1236 2763 2263 2959">
    <p class='ocr_par' dir='ltr' id='par_1_37' title="bbox 1236 2763 2263 2959">
     <span class='ocr_line' id='line_1_98' title="bbox 1278 2763 2262 2804; baseline -0.003 -9"><span class='ocrx_word' id='word_1_576' title='bbox 1278 2765 1436 2804; x_wconf 82' lang='lat' dir='ltr'>Dexippus</span> <span class='ocrx_word' id='word_1_577' title='bbox 1464 2765 1691 2796; x_wconf 88' lang='lat' dir='ltr'>Chroni‹:0rum</span> <span class='ocrx_word' id='word_1_578' title='bbox 1718 2765 1797 2796; x_wconf 86' lang='lat' dir='ltr'>libro</span> <span class='ocrx_word' id='word_1_579' title='bbox 1813 2764 1936 2795; x_wconf 84' lang='lat' dir='ltr'>decimo</span> <span class='ocrx_word' id='word_1_580' title='bbox 1952 2764 1995 2794; x_wconf 83' lang='lat' dir='ltr'>ita</span> <span class='ocrx_word' id='word_1_581' title='bbox 2024 2763 2156 2795; x_wconf 87' lang='lat' dir='ltr'>scribit:</span> <span class='ocrx_word' id='word_1_582' title='bbox 2182 2775 2196 2788; x_wconf 70' lang='grc' dir='ltr'>ιι</span> <span class='ocrx_word' id='word_1_583' title='bbox 2223 2764 2262 2792; x_wconf 85' lang='lat' dir='ltr'>Et</span> 
     </span>
     <span class='ocr_line' id='line_1_99' title="bbox 1236 2814 2262 2857; baseline -0.003 -11"><span class='ocrx_word' id='word_1_584' title='bbox 1236 2816 1440 2847; x_wconf 84' lang='lat' dir='ltr'>Macedonum</span> <span class='ocrx_word' id='word_1_585' title='bbox 1459 2817 1678 2855; x_wconf 75' lang='lat' dir='ltr'>Epidamnum,</span> <span class='ocrx_word' id='word_1_586' title='bbox 1697 2826 1769 2857; x_wconf 68' lang='lat' dir='ltr'>quae</span> <span class='ocrx_word' id='word_1_587' title='bbox 1785 2818 1891 2856; x_wconf 81' lang='lat' dir='ltr'>postea</span> <span class='ocrx_word' id='word_1_588' title='bbox 1914 2815 2142 2854; x_wconf 78' lang='lat' dir='ltr'>Dyrrhachium</span> <span class='ocrx_word' id='word_1_589' title='bbox 2159 2814 2262 2844; x_wconf 89' lang='lat' dir='ltr'>norni-</span> 
     </span>
     <span class='ocr_line' id='line_1_100' title="bbox 1236 2866 2263 2908; baseline -0.003 -10"><span class='ocrx_word' id='word_1_590' title='bbox 1236 2870 1308 2898; x_wconf 83' lang='lat' dir='ltr'>nata</span> <span class='ocrx_word' id='word_1_591' title='bbox 1326 2871 1389 2907; x_wconf 83' lang='lat' dir='ltr'>est,</span> <span class='ocrx_word' id='word_1_592' title='bbox 1405 2869 1514 2900; x_wconf 83' lang='lat' dir='ltr'>urbem</span> <span class='ocrx_word' id='word_1_593' title='bbox 1532 2869 1722 2900; x_wconf 81' lang='lat' dir='ltr'>Macedonioe</span> <span class='ocrx_word' id='word_1_594' title='bbox 1736 2878 1881 2908; x_wconf 84' lang='lat' dir='ltr'>magnam</span> <span class='ocrx_word' id='word_1_595' title='bbox 1895 2869 1926 2899; x_wconf 86' lang='lat' dir='ltr'>et</span> <span class='ocrx_word' id='word_1_596' title='bbox 1944 2867 2126 2907; x_wconf 77' lang='lat' dir='ltr'>opulentam</span> <span class='ocrx_word' id='word_1_597' title='bbox 2140 2890 2148 2904; x_wconf 90' lang='lat'>,</span> <span class='ocrx_word' id='word_1_598' title='bbox 2169 2866 2198 2896; x_wconf 78' lang='lat' dir='ltr'>vi</span> <span class='ocrx_word' id='word_1_599' title='bbox 2211 2874 2263 2895; x_wconf 79' lang='lat' dir='ltr'>ea-</span> 
     </span>
     <span class='ocr_line' id='line_1_101' title="bbox 1237 2920 1374 2959; baseline 0.007 -10"><span class='ocrx_word' id='word_1_600' title='bbox 1237 2920 1336 2959; x_wconf 85' lang='lat' dir='ltr'>piunl.</span> <span class='ocrx_word' id='word_1_601' title='bbox 1360 2934 1374 2946; x_wconf 75' lang='grc' dir='ltr'>ι»</span> 
     </span>
    </p>
   </div>
   <div class='ocr_carea' id='block_1_36' title="bbox 1729 2977 1761 3006">
    <p class='ocr_par' dir='ltr' id='par_1_38' title="bbox 1729 2977 1761 3006">
     <span class='ocr_line' id='line_1_102' title="bbox 1729 2977 1761 3006; baseline 0 0"><span class='ocrx_word' id='word_1_602' title='bbox 1729 2977 1761 3006; x_wconf 91' lang='grc'>7.</span> 
     </span>
    </p>
   </div>
   <div class='ocr_carea' id='block_1_37' title="bbox 1237 3034 2263 3121">
    <p class='ocr_par' dir='ltr' id='par_1_39' title="bbox 1237 3034 2263 3121">
     <span class='ocr_line' id='line_1_103' title="bbox 1276 3034 2263 3079; baseline -0.007 -10"><span class='ocrx_word' id='word_1_603' title='bbox 1276 3039 1416 3069; x_wconf 72' lang='lat' dir='ltr'>Suecluri</span> <span class='ocrx_word' id='word_1_604' title='bbox 1428 3063 1435 3077; x_wconf 96' lang='lat'>‚</span> <span class='ocrx_word' id='word_1_605' title='bbox 1462 3040 1597 3079; x_wconf 89' lang='lat' dir='ltr'>populus</span> <span class='ocrx_word' id='word_1_606' title='bbox 1622 3041 1750 3070; x_wconf 87' lang='lat' dir='ltr'>Maurus</span> <span class='ocrx_word' id='word_1_607' title='bbox 1761 3063 1768 3077; x_wconf 84' lang='lat'><em>‚</em></span> <span class='ocrx_word' id='word_1_608' title='bbox 1785 3039 1821 3069; x_wconf 91' lang='lat' dir='ltr'>ut</span> <span class='ocrx_word' id='word_1_609' title='bbox 1842 3037 2002 3077; x_wconf 81' lang='lat' dir='ltr'>Dexippus</span> <span class='ocrx_word' id='word_1_610' title='bbox 2016 3036 2077 3074; x_wconf 85' lang='lat' dir='ltr'>ait,</span> <span class='ocrx_word' id='word_1_611' title='bbox 2092 3034 2263 3066; x_wconf 82' lang='lat' dir='ltr'>Chronico-</span> 
     </span>
     <span class='ocr_line' id='line_1_104' title="bbox 1237 3089 1545 3121; baseline 0.006 -2"><span class='ocrx_word' id='word_1_612' title='bbox 1237 3098 1305 3119; x_wconf 90' lang='lat' dir='ltr'>rum</span> <span class='ocrx_word' id='word_1_613' title='bbox 1320 3089 1398 3119; x_wconf 82' lang='lat' dir='ltr'>libro</span> <span class='ocrx_word' id='word_1_614' title='bbox 1412 3089 1545 3121; x_wconf 85' lang='lat' dir='ltr'>decimo.</span> 
     </span>
    </p>
   </div>
   <div class='ocr_carea' id='block_1_38' title="bbox 1240 3144 2265 3288">
    <p class='ocr_par' dir='ltr' id='par_1_40' title="bbox 1240 3144 2265 3288">
     <span class='ocr_line' id='line_1_105' title="bbox 1727 3144 1760 3174; baseline -0.03 0"><span class='ocrx_word' id='word_1_615' title='bbox 1727 3144 1760 3174; x_wconf 88' lang='grc'>8.</span> 
     </span>
     <span class='ocr_line' id='line_1_106' title="bbox 1279 3200 2265 3245; baseline -0.005 -10"><span class='ocrx_word' id='word_1_616' title='bbox 1279 3207 1387 3238; x_wconf 65' lang='lat' dir='ltr'>uolui-t</span> <span class='ocrx_word' id='word_1_617' title='bbox 1407 3206 1591 3245; x_wconf 73' lang='lat' dir='ltr'>(Heredes)</span> <span class='ocrx_word' id='word_1_618' title='bbox 1616 3215 1689 3245; x_wconf 76' lang='lat' dir='ltr'>gens</span> <span class='ocrx_word' id='word_1_619' title='bbox 1718 3205 1879 3245; x_wconf 53' lang='lat' dir='ltr'>Senium,</span> <span class='ocrx_word' id='word_1_620' title='bbox 1906 3204 1945 3235; x_wconf 84' lang='lat' dir='ltr'>de</span> <span class='ocrx_word' id='word_1_621' title='bbox 1969 3203 2085 3243; x_wconf 72' lang='lat' dir='ltr'>quilius</span> <span class='ocrx_word' id='word_1_622' title='bbox 2108 3200 2265 3239; x_wconf 82' lang='lat' dir='ltr'>Dexippus</span> 
     </span>
     <span class='ocr_line' id='line_1_107' title="bbox 1240 3257 1774 3288; baseline -0.004 0"><span class='ocrx_word' id='word_1_623' title='bbox 1240 3257 1468 3288; x_wconf 75' lang='lat' dir='ltr'>clu-ontcorum</span> <span class='ocrx_word' id='word_1_624' title='bbox 1484 3258 1562 3288; x_wconf 84' lang='lat' dir='ltr'>libro</span> <span class='ocrx_word' id='word_1_625' title='bbox 1575 3257 1774 3288; x_wconf 85' lang='lat' dir='ltr'>duodecimo.</span> 
     </span>
    </p>
   </div>
  </div>
 </body>
</html>
