2338 3765
928 208 1255 246 FRAGMENTA.

37 299 196 335 thiorum
216 296 427 342 exemplum
446 296 732 330 concionantem
747 297 974 338 Ronlanum,
1000 296 1065 341 qui

34 357 73 392 id
95 355 214 390 foedus
249 355 453 400 quominus
477 353 605 401 fieret,
638 354 820 401 impedire
848 353 1026 390 studeret.
1049 370 1062 383 υ

34 416 236 450 HERMANN.
263 435 310 441 —
330 409 460 459 Λοιμὸν
481 411 557 447 κτλ.
578 415 589 456 ]
615 429 628 443 «
652 413 697 446 Et
716 412 780 446 lias
799 411 949 457 quidem
975 424 1066 445 con-

36 473 158 507 ciones
186 470 288 505 fictas
315 470 360 504 ab
390 470 459 503 isto
492 482 587 513 csse,
625 470 780 504 dubium
817 482 891 504 esse
923 470 1066 514 nequit.

35 529 281 564 Pestilentiam
313 534 435 562 autem
457 528 528 562 hoc
552 528 691 562 bellum
728 540 811 562 cum
844 528 927 570 illo,
966 526 1068 572 quod

34 586 266 634 Thucydides
291 586 553 632 descripserat,
584 598 709 620 revera
737 597 975 620 communem
1003 584 1069 617 ha—

34 646 125 690 buit,
134 656 346 691 quanquam
360 645 470 691 longe
481 643 628 678 diverso
643 651 676 679 et
686 651 771 678 ortu
783 651 818 678 et
828 644 1068 686 incremento,

34 703 128 739 adeo
145 710 186 737 ut
203 702 251 737 ad
268 701 551 736 describendam
569 714 649 736 eam
668 703 818 737 minime
834 702 956 736 verbis
973 702 1070 735 'shu-

35 760 200 808 eydideis
220 760 274 794 uti
306 760 438 806 aliquis
467 766 601 805 posset.
637 759 768 806 Neque
791 761 908 804 enim,
937 766 979 793 ut
1010 759 1071 793 illa

34 832 91 866 ap.
109 819 224 853 Thue.
244 819 293 861 ΙΙ,
316 817 363 858 48
376 845 384 861 ,
404 819 442 851 111
460 818 648 864 AEtliiopia
667 827 750 852 nata
766 825 837 862 est,
864 818 928 852 sed
949 819 985 851 in
1003 820 1071 853 Ba-

34 877 201 924 bylonia,
221 883 263 910 ut
281 877 330 910 ait
347 876 422 911 Jul.
443 876 602 922 Capitol.
625 876 698 912 Vit.
722 877 807 910 Veri
829 889 861 911 c.
886 876 928 917 8,
954 876 1078 910 11111111-

35 935 173 981 templo
203 934 387 980 Apollinis
404 945 449 967 ex
473 933 598 967 arcula
625 945 737 967 aurea
752 960 760 976 ,
781 934 817 967 in
833 946 944 979 quam
969 934 1073 967 miles

35 993 131 1027 forte
142 992 346 1035 incidisset,
363 992 536 1038 spiritum
553 992 785 1037 pestilentem
798 992 948 1025 evasisse
960 999 1072 1038 atque

34 1051 121 1086 inde
135 1051 291 1085 Parthos
305 1051 511 1096 orbemque
529 1050 696 1096 implesse
712 1049 813 1085 dicit.
833 1051 962 1096 Neque
977 1051 1072 1085 inter

35 1111 260 1146 Parthorum
282 1108 372 1144 fines
392 1110 580 1156 constitit,
597 1108 661 1143 sed
676 1110 836 1143 Romam
852 1121 968 1155 usque
982 1122 1072 1155 per--

36 1170 164 1213 tinuit,
184 1180 325 1216 perque
342 1175 462 1202 totum
481 1168 612 1202 orbem
632 1168 845 1201 Romanum
868 1174 966 1201 tanta
988 1180 1073 1201 cum

35 1227 264 1262 vehementia
280 1233 438 1273 grassata
456 1233 508 1260 est
526 1253 536 1272 ,
558 1231 599 1259 ut
613 1226 791 1259 vehiculis
808 1224 987 1259 cadavera
1003 1226 1075 1259 sint

36 1291 229 1332 exportata
249 1285 499 1331 sarracisque,
536 1290 572 1318 et
598 1284 715 1318 multa
734 1284 929 1317 hominum
959 1284 1073 1318 millia

37 1355 81 1377 eo
101 1343 238 1377 morbo
260 1349 570 1376 consumerentur
590 1349 622 1377 et
644 1343 751 1376 multi
778 1354 821 1376 ex
836 1341 1072 1388 proceribus,

38 1401 141 1448 quod
159 1413 177 1435 e
203 1401 278 1435 Jul.
302 1400 422 1446 Capit.
446 1401 520 1437 Vit.
549 1401 598 1437 M.
617 1401 797 1436 Antonin.
822 1412 854 1435 c.
879 1399 922 1434 13
946 1406 981 1433 et
1001 1399 1072 1434 Lu-

36 1459 131 1494 cian.
151 1457 351 1494 Pseudom.
386 1470 420 1493 e.
452 1457 498 1492 36
533 1458 628 1492 bene
660 1458 817 1493 Solanus
844 1457 1070 1492 observavit.

36 1515 178 1562 Quodsi
208 1516 290 1562 quis
314 1516 450 1562 scripta
475 1516 550 1550 haee
578 1528 651 1550 esse
673 1516 854 1550 existimet
872 1522 956 1550 ante
973 1516 1073 1550 luem

36 1575 134 1609 illam
149 1575 255 1608 latius
271 1581 531 1621 propagatam,
549 1580 590 1608 ut
611 1586 722 1620 quam
734 1575 775 1609 L.
791 1575 907 1608 Verus
922 1574 1071 1609 demum

37 1634 73 1667 in
90 1645 148 1667 eas
165 1633 374 1679 provincias
387 1659 396 1675 ,
414 1644 483 1678 per
503 1644 592 1678 quas
606 1632 776 1676 redierit,
792 1644 913 1667 secum
928 1632 1073 1667 deferre

34 1692 131 1725 visus
151 1691 215 1733 sit,
238 1690 339 1724 haud
373 1702 456 1725 sane
478 1691 507 1724 is
540 1692 661 1736 inepte
684 1697 841 1735 statuat,
870 1692 1073 1737 praesertim

37 1761 153 1795 quum
187 1748 286 1782 hunc
315 1749 434 1793 ipsum
462 1749 631 1782 libellum
660 1755 744 1782 ante
772 1746 861 1782 belli
888 1748 1028 1782 exitum
1054 1762 1073 1784 a

34 1809 170 1842 Nostro
194 1807 448 1853 conscriptum
473 1819 547 1841 esse
576 1819 595 1841 e
615 1819 698 1853 cap.
725 1806 768 1840 31
795 1813 958 1849 constet3
977 1818 1074 1852 pree—

36 1865 184 1900 serenda
208 1872 330 1899 tamen
354 1877 425 1899 esse
441 1865 591 1900 videtur
610 1866 735 1900 Solani
763 1866 960 1908 sententia,
986 1865 1072 1900 iro-

37 1925 135 1958 nicas
161 1923 294 1970 gratias
322 1924 500 1958 historico
534 1924 587 1957 illi
603 1924 809 1958 Lucianum
841 1936 969 1971 agere,
1010 1925 1073 1970 qui

36 1982 302 2029 pestilentiam,
335 1994 416 2028 quae
443 1980 596 2027 jamjam
629 1983 889 2016 Romanorum
921 1994 1074 2028 quoque

37 2041 234 2088 imperium
260 2040 438 2075 invadere
462 2042 651 2087 coepisset,
686 2041 782 2075 intra
801 2040 962 2075 hostium
984 2039 1075 2075 fines

37 2097 413 2145 subsisterejusserit,
438 2099 541 2145 quasi
565 2111 609 2133 eo
632 2098 728 2133 facto
752 2105 788 2133 et
808 2099 884 2145 ipsa
912 2099 966 2133 vis
988 2099 1074 2133 mali

37 2155 197 2190 inhiberi
217 2157 408 2201 potuisset.
432 2176 484 2183 —
505 2157 672 2199 Nisibin,
696 2156 926 2204 Mygdoniae,
949 2158 1073 2192 Meso—

37 2215 207 2262 potamiae
217 2215 350 2260 partis,
365 2222 475 2262 eaput
486 2242 496 2261 ,
512 2216 540 2249 T
544 2215 655 2262 igridi
673 2216 939 2262 propinquam,
959 2227 1074 2261 quum

38 2285 58 2307 a
74 2271 232 2317 Trajano
250 2280 461 2320 expugnata
480 2279 593 2316 esset,
622 2285 711 2307 mox
736 2285 883 2307 rursum
901 2273 1075 2307 defecisse

37 2331 247 2376 iterumque
259 2332 397 2366 aLusio
411 2338 555 2377 captam
564 2343 653 2378 esse,
665 2332 737 2366 Dio
750 2331 888 2366 Cassius
898 2332 1072 2377 LXVIII,

40 2388 104 2436 23,
126 2388 172 2423 30
191 2395 337 2432 narrat,
355 2397 534 2435 praeterea
552 2389 599 2423 de
615 2387 690 2423 fide
711 2389 878 2435 ipsorum
904 2389 1076 2423 adversus

38 2448 227 2482 Romanos
243 2447 336 2481 nillil
351 2454 505 2481 constat.
531 2447 624 2481 Inde
641 2460 661 2482 a
678 2448 763 2483 Veri
788 2454 910 2481 tamen
936 2460 1014 2481 aevo
1038 2448 1075 2480 111

38 2505 298 2542 Romanorum
324 2512 509 2552 potestate
539 2518 621 2539 eam
643 2506 834 2553 mansisse,
857 2512 957 2540 recte
987 2505 1075 2540 inde

222 2632 618 2671 CALLIMORPHUS
648 2633 887 2671 MEDICUS.

546 2734 579 2764 3.

81 2816 169 2848 Alius
186 2816 314 2856 quidam
334 2825 373 2847 ex
387 2816 441 2846 illo
456 2824 589 2846 numero
603 2816 866 2847 commentarium
881 2823 990 2846 eorum
1003 2824 1076 2855 quae

39 2869 125 2907 gesta
139 2869 263 2900 fuerant
273 2869 397 2900 1111111111]
411 2869 529 2907 scripto
544 2868 716 2908 congessit,
740 2869 917 2907 pedestrem
939 2868 1032 2899 valde
1045 2870 1077 2900 et

43 2919 194 2951 humilem
207 2943 215 2959 ,
239 2921 363 2960 qualem
381 2920 477 2951 etiam
494 2920 584 2950 miles
596 2943 604 2959 ,
629 2928 702 2959 quae
718 2920 800 2950 liunt
815 2919 957 2959 quotidie
980 2920 1076 2951 literis

40 2971 193 3003 mandans
205 2995 213 3011 ,
229 2971 476 3011 composuisset,
489 2971 616 3002 faberve
630 2972 685 3001 aut
699 2979 802 3010 caupo
816 2971 930 3010 aliquis
943 2971 1076 3001 circum-

40 3023 176 3061 migrans
197 3032 270 3054 cum
293 3024 447 3054 exercitu.
466 3025 586 3054 Verum
604 3023 766 3054 enimvero
787 3023 980 3054 tolerabilior
1002 3032 1076 3054 sane

40 3073 92 3105 hic
107 3074 251 3106 indoctus
266 3077 351 3113 erat,
370 3075 437 3114 ipse
451 3074 577 3114 quidem
595 3074 700 3104 statim
718 3074 822 3113 qualis
843 3075 923 3105 esset
942 3074 1074 3105 manife-

40 3128 124 3166 stus,
139 3127 193 3158 sed
209 3127 262 3167 qui
277 3127 328 3158 alii
343 3129 479 3158 venusto
493 3126 613 3157 homini
627 3128 658 3157 et
672 3126 847 3158 tractandae
867 3126 1006 3157 historiae
1020 3135 1075 3166 pe-

42 3179 101 3209 rito
126 3179 265 3211 laborem
292 3179 500 3219 praecepisset.
527 3178 610 3210 lllud
635 3179 738 3209 solum
760 3179 792 3209 in
815 3188 852 3210 60
869 3179 1074 3219 reprehendi,

0 3242 1 3258 1
41 3230 124 3268 quod
138 3230 180 3261 ita
195 3231 394 3270 inscripserat
417 3230 514 3261 libros
529 3239 602 3261 suos
622 3230 775 3261 tumidius
790 3239 887 3270 quam
910 3235 1075 3262 consenta-

44 3289 135 3312 neum
161 3285 243 3313 esset
272 3282 369 3313 libelli
392 3282 565 3312 conditioni
595 3294 603 3312 :
632 3294 647 3307 <t
677 3282 924 3322 CallImorpht,
955 3282 1076 3313 medici

46 3336 146 3363 seclae
179 3335 412 3371 oculatorum,
446 3333 671 3364 historiarum
707 3333 958 3364 Parthicarum
992 3346 1006 3360 »
1045 3334 1076 3365 et

44 3384 235 3425 subscriptus
252 3386 317 3416 erat
341 3384 589 3423 uniuscujusque
608 3384 677 3415 lihri
701 3393 860 3416 numerus
891 3385 1007 3425 Etiam,
1026 3394 1075 3417 mc

2092 214 2166 247 649

1131 297 1305 342 colligere
1324 296 1472 330 videtur
1490 298 1704 330 Manncrtus
1720 294 1727 345 (
1742 298 1870 342 Geagr.
1887 299 1930 341 V,
1948 309 2035 343 2,p.
2056 297 2166 345 296),

1130 354 1231 399 qnod
1251 362 1376 400 postea
1401 368 1419 388 a
1452 356 1589 389 Severo
1618 356 1759 389 munita
1791 368 2001 401 magnoque
2019 356 2166 390 honore

1130 419 1182 445 cst
1201 412 1331 447 assecta
1350 412 1359 459 (
1376 413 1444 446 Dio
1463 415 1558 449 Cass.
1574 413 1721 457 LXXV,
1745 412 1764 447 3
1786 412 1810 462 ).
1836 430 1850 444 »
1878 415 2004 450 HERM.

1346 517 1720 561 ΚΑΛΛΙΜΟΙΠΙὉΣ
1750 519 1949 557 ΙΑΤΡΟΣ.

1629 606 1648 625 ¹)

1630 632 1665 641 1,.

1186 697 1290 731 Idem
1311 696 1602 740 0.16;Ἄλλος
1631 697 1666 734 δέ
1689 713 1738 741 τις
1757 699 1868 735 αὐτῶν
1889 699 2080 749 ὑπόμνημα
2101 703 2169 738 τῶν

1133 753 1320 803 γεγονότων
1348 770 1476 804 γυμνον
1499 755 1702 806 συναγαγὼν
1730 758 1763 793 ἐν
1793 761 1907 809 γραφῆ
1937 760 2063 808 κομιδῆ
2097 775 2161 796 πε-

1135 812 1189 856 ζὸν
1214 828 1272 849 και
1301 812 1536 863 χαμαιπετὲς,
1572 817 1639 850 οἷον
1660 814 1718 851 καὶ
1749 816 1960 866 στρατιώτης
1991 816 2030 853 ἅν
2054 833 2104 860 τις
2127 817 2170 854 τὰ

1135 871 1210 908 καθ’
1255 871 1390 922 ἡμέραν
1443 872 1726 923 ἀπογραφόυενος
1764 874 1946 920 συνέθηκεν
1981 874 2002 920 ἢ
2041 875 2170 914 τέκτων

1133 929 1154 975 ἢ
1176 929 1332 974 κάπηλός
1352 945 1400 970 τις
1423 945 1701 980 συμπερινοστων
1719 948 1760 981 τη
1765 939 1936 991 στρατιᾷ.
1960 932 2056 979 [Ιλην
2081 935 2170 972 ἀλλὰ

1135 987 1359 1038 μετριώτερός
1378 1003 1415 1037 γε
1440 990 1456 1024 ὃ
1475 987 1609 1034 ἷοιωτης
1638 993 1731 1032 οὗτος
1762 994 1815 1037 ἠν,
1843 1008 1943 1034 αυτος
1964 992 2024 1041 μὲν
2047 994 2170 1031 αὐτίκα

1137 1044 1277 1091 δῆὶμος
1257 1061 1303 1081 ων
1325 1049 1427 1088 οἷος
1411 1061 1469 1094 ην,
1502 1046 1597 1083 ἄλλω
1624 1047 1660 1083 δέ
1679 1063 1744 1084 τινι
1764 1049 1918 1100 γαρίεντι
1940 1051 1998 1087 καὶ
2028 1053 2171 1098 δυνησο-

1137 1104 1229 1155 μένω
1247 1103 1401 1153 ἱστορίαν
1427 1103 1736 1154 μεταχειρίσασθαι
1756 1108 2039 1156 προπεπονηκώς.
2061 1112 2171 1149 Τοῦτο

1135 1162 1236 1211 μόνον
1257 1161 1457 1213 ᾐτιασάμην
1482 1163 1605 1208 αὐτοῦ,
1628 1161 1680 1198 ὅτι
1710 1162 1815 1206 οὕτως
1842 1165 2015 1218 ἐπέγραψε
2044 1169 2086 1204 τὰ
2120 1172 2172 1219 βι-

1136 1220 1217 1257 ὅλία
1237 1220 1488 1271 τραγικώτερον
1518 1219 1539 1265 ἢ
1574 1220 1663 1257 κατὰ
1698 1221 1757 1267 τὴν
1787 1224 1852 1258 τῶν
1888 1226 2171 1275 συγγραμμάτων

1135 1279 1256 1329 τύχην·
1276 1296 1289 1312 «
1312 1280 1344 1316 K
1359 1279 1638 1330 αλλιμόρφου
1662 1280 1807 1330 ἰατροῦ
1826 1283 1902 1326 τῆς
1923 1284 2006 1318 τῶν
2023 1299 2171 1321 κοντο-

1135 1353 1280 1389 φορων
1301 1336 1434 1381 ἕκτης
1456 1352 1665 1385 ιστοριων
1689 1340 1923 1388 Παρθικων
1951 1357 1965 1372 »
1980 1356 2037 1378 και
2055 1343 2173 1392 υπεγέ-

1134 1411 1268 1446 γραπτο
1286 1395 1414 1444 ἑκάστῃ
1436 1397 1452 1432 ὅ
1469 1395 1628 1447 αριθαός·
1646 1411 1704 1432 και
1724 1395 1764 1441 νὴ
1777 1396 1842 1433 Δία
1858 1397 1916 1434 καὶ
1936 1398 1974 1435 τὸ
1994 1400 2173 1450 προοίαιον

1136 1454 1388 1506 ὑπέρψυχρον
1375 1453 1534 1499 εποίησεν
1560 1452 1666 1497 οὕτως
1689 1454 1911 1504 συναγαγών·
1933 1459 2055 1494 οἰκεῖον
2086 1463 2172 1496 εἶναι

1137 1530 1243 1565 ιατρι)
1274 1512 1428 1564 ἱστοριαν
1463 1528 1684 1564 συγγραφειν,
1707 1529 1735 1550 ει
1764 1529 1802 1562 γε
1830 1517 1847 1551 ὁ
1877 1514 2081 1561 Ἀσκληπιὸς
2111 1519 2172 1566 μὲν

1136 1572 1352 1613 ’ωΑπόλἈΝος
1374 1571 1462 1617 υἷος,
1482 1571 1657 1608 Ἀπόλλων
1680 1572 1715 1609 δὲ
1730 1572 1962 1622 Μουσημτης
1979 1590 2036 1612 και
2058 1592 2174 1622 πασης

1136 1630 1293 1672 παιδείας
1311 1630 1445 1679 ἅρχων·
1468 1630 1525 1666 καὶ
1544 1630 1594 1666 ὅτι
1614 1629 1799 1681 ἀρξάμενος
1817 1633 1850 1668 ἐν
1874 1648 1915 1683 τῃ
1934 1632 2019 1670 ’[οίοι
2034 1634 2173 1686 γράφειν

1136 1704 1197 1725 ουκ
1211 1682 1285 1725 offla
1304 1688 1322 1724 ὅ
1335 1704 1366 1725 τι
1387 1687 1486 1731 δοξαν
1501 1688 1622 1725 αὐτίκα
1640 1689 1765 1724 μάλα
1752 1704 1807 1724 επι
1826 1704 1886 1733 την
1905 1690 2020 1735 κοινην
2043 1694 2174 1740 μετηλ-

1136 1748 1237 1792 θεν,’
1230 1762 1321 1797 ιηετρ
1309 1746 1378 1791 ίην
1399 1746 1440 1795 μὲ
1444 1762 1459 1782 ν
1479 1746 1588 1796 λέγων
1608 1762 1665 1783 και
1680 1746 1800 1796 πείρην
1822 1762 1880 1783 και
1898 1747 2001 1784 ὁκοσα
2019 1749 2077 1786 καὶ
2097 1754 2173 1786 vou'-

1136 1819 1209 1849 σοι,
1225 1803 1267 1839 τὰ
1288 1803 1315 1839 δ’
1338 1804 1426 1840 ἄλλα
1442 1803 1623 1851 ὁμοδίαιτα
1642 1805 1710 1846 τοῖς
1732 1806 1871 1847 πολλοῖς
1890 1805 1948 1842 καὶ
1968 1804 2012 1843 τὰ
2026 1808 2172 1845 πλεῖστα

1135 1856 1189 1898 οἷα
1211 1863 1248 1898 ἐκ
1265 1863 1411 1912 τριόδου.

1191 1920 1437 1972 Καλλιμόρφου
1458 1922 1470 1971 ]
1488 1923 1593 1957 Idem
1611 1935 1749 1957 nomen
1770 1924 1806 1957 in
1824 1925 1996 1971 Inscript.
2023 1926 2173 1973 Aphro-

1136 1981 1283 2015 1115161151
1303 1993 1363 2028 ap.
1384 1981 1535 2017 ssoeckh.
1557 1983 1598 2018 C.
1616 1983 1646 2016 1.
1670 1983 1720 2025 II,
1742 1994 1778 2028 p.
1805 1981 1889 2016 526.

1511 2085 1794 2123 ΑΝΟΝΥΜΟΙ.

1640 2184 1674 2222 4.

1189 2271 1294 2306 Idem
1321 2284 1352 2308 c.
1393 2285 1436 2316 17
1472 2283 1480 2308 ζ
1514 2272 1556 2309 Εἰ
1592 2270 1627 2308 ’δέ
1662 2287 1703 2320 με
1741 2273 1791 2308 δεῖ
1823 2272 1881 2309 καὶ
1919 2277 2022 2325 σοφοῦ
2056 2275 2176 2326 ἀνδρὸς

1137 2331 1348 2378 μνησθῆναι,
1369 2328 1407 2365 τὸ
1425 2328 1486 2377 μὲν
1507 2329 1616 2377 ὄνομα
1642 2331 1675 2366 ἐν
1697 2331 1822 2381 ἀφανεῖ
1839 2331 1982 2378 κείσθω,
2001 2331 2064 2378 τὴν
2085 2333 2173 2384 γνώ-

1137 2401 1203 2435 μην
1220 2386 1254 2422 δὲ
1273 2387 1339 2437 ἐρῶ
1365 2386 1423 2423 καὶ
1449 2385 1492 2423 τὰ
1511 2386 1630 2439 πρῴην
1655 2389 1688 2424 ἐν
1717 2387 1871 2440 Κορίνθῳ
1894 2389 2172 2440 συγγράμματα,

1135 2444 1281 2496 κρείττω
1301 2444 1415 2491 πάσης
1450 2445 1602 2488 ἐλπίδος·
1624 2447 1658 2482 ἐν
1679 2448 1770 2498 ἀρχῇ
1789 2445 1849 2496 μὲν
1874 2448 1940 2499 γὰρ
1958 2447 2052 2490 εὐθὺς
2077 2451 2111 2487 ἐν
2131 2454 2174 2502 τῇ

1136 2502 1255 2554 πρώτη
1273 2506 1332 2539 τοῦ
1353 2503 1535 2554 προοιμίου
1556 2504 1703 2555 περιόδῳ
1737 2505 1961 2555 συνηρώτησε
1988 2506 2063 2548 τοὺς
2092 2508 2173 2543 ἀνα-

1136 2585 2170 2596 Ἤ,-

1138 2614 1295 2653 Juppiter,
1311 2613 1500 2652 prooemium
1517 2623 1610 2653 supra
1625 2615 1755 2645 modum
1766 2615 1920 2646 insulsum
1938 2617 2010 2647 fecit
2022 2641 2030 2655 ‚
2049 2618 2107 2647 hac
2124 2627 2176 2648 ra-

1138 2666 1223 2697 tione
1239 2666 1431 2698 concludens
1445 2667 1617 2698 :familiare
1630 2676 1696 2699 esse
1711 2668 1833 2699 medico
1847 2669 1983 2700 scribere
1998 2670 2174 2711 historiam,

1138 2721 1294 2760 siquidem
1312 2722 1510 2761 AEsculapius
1524 2723 1588 2762 ipse
1605 2723 1645 2754 sit
1659 2724 1809 2762 Apollinis
1827 2724 1921 2762 silius,
1940 2723 2052 2762 Apollo
2068 2726 2175 2756 autem

1138 2775 1300 2813 musageta
1316 2775 1347 2805 et
1372 2774 1558 2805 eruditionis
1585 2775 1687 2805 omnis
1706 2776 1863 2814 princeps.
1892 2776 2054 2805 Postremo
2080 2775 2176 2806 etiam

1138 2824 1217 2855 iilud
1231 2825 1429 2864 reprehendi,
1445 2825 1529 2864 quod
1542 2835 1641 2865 quum
1657 2826 1822 2865 incepisset
1836 2825 1939 2857 ionica
1950 2826 2177 2857 consuetudine

1140 2876 1278 2907 scribere
1289 2900 1297 2914 ,
1310 2877 1416 2907 nescio
1428 2885 1492 2915 quo
1504 2877 1635 2907 consilio
1649 2877 1687 2907 ad
1705 2885 1907 2907 communem
1922 2876 2027 2907 subito
2039 2877 2175 2914 transiit,

1137 2928 1277 2967 primum
1295 2927 1428 2967 ἰητρείην
1442 2927 1549 2958 dicens
1566 2930 1596 2958 et
1612 2929 1717 2969 πείρην
1738 2930 1769 2959 et
1786 2928 1884 2958 ὁκόσα
1906 2929 1938 2958 et
1955 2931 2079 2965 νοῦσοι,
2103 2928 2175 2958 reli-

1137 2988 1200 3018 qua
1215 2988 1289 3009 vero
1306 2979 1410 3018 qualia
1424 2979 1456 3009 in
1474 2988 1532 3010 11511
1550 2980 1764 3011 multitudinis
1778 2981 1851 3010 sunt
1866 2980 1898 3010 et
1914 2980 2063 3019 pleraque
2085 2978 2175 3018 quasi

1137 3040 1154 3062 e
1169 3032 1262 3062 trivio
1278 3032 1386 3071 petita.

1526 3090 1777 3128 ANONYMI.

1640 3164 1673 3194 4.

1179 3233 1209 3264 Si
1225 3242 1299 3264 vero
1315 3241 1366 3264 me
1379 3234 1504 3272 oportet
1515 3234 1664 3273 sapientis
1675 3234 1768 3265 etiam
1782 3232 1838 3262 viri
1851 3231 2043 3262 mentionem
2058 3230 2171 3269 facere,

1137 3293 1253 3315 nomen
1270 3284 1398 3322 quidem
1413 3284 1498 3315 illius
1514 3285 1544 3315 in
1558 3285 1694 3315 obscuro
1707 3285 1830 3323 jaceat3
1848 3283 1951 3313 (ticam
1972 3290 2045 3312 vero
2067 3281 2170 3312 consi-

1136 3334 1214 3364 lium
1237 3337 1268 3365 et
1283 3334 1380 3365 libros
1399 3344 1499 3374 nuper
1523 3336 1668 3366 Corinthi
1693 3335 1812 3371 editos,
1831 3333 2063 3372 exspectatione
2084 3333 2168 3362 onmi

1136 3386 1380 3424 praestantiores.
1400 3388 1432 3416 111
1447 3386 1601 3426 prim-ipio
1615 3387 1697 3417 enim
1709 3410 1716 3424 ,
1735 3385 1840 3416 statim
1855 3384 1953 3423 prima
1967 3384 2108 3423 prowmii
2121 3392 2172 3423 pe-
