<?xml version="1.0" encoding="UTF-8"?>
<!DOCTYPE html PUBLIC "-//W3C//DTD XHTML 1.0 Transitional//EN"
    "http://www.w3.org/TR/xhtml1/DTD/xhtml1-transitional.dtd">
<html xmlns="http://www.w3.org/1999/xhtml" xml:lang="en" lang="en">
 <head>
  <title>
</title>
<meta http-equiv="Content-Type" content="text/html;charset=utf-8" />
  <meta name='ocr-system' content='tesseract 3.04.00' />
  <meta name='ocr-capabilities' content='ocr_page ocr_carea ocr_par ocr_line ocrx_word'/>
</head>
<body>
  <div class='ocr_page' id='page_1' title='image "./fragmentahistori03mueluoft/fragmentahistori03mueluoft_0407.png"; bbox 0 0 2338 3765; ppageno 0'>
   <div class='ocr_carea' id='block_1_1' title="bbox 960 157 1284 196">
    <p class='ocr_par' dir='ltr' id='par_1_1' title="bbox 960 157 1284 196">
     <span class='ocr_line' id='line_1_1' title="bbox 960 157 1284 196; baseline 0.009 -3"><span class='ocrx_word' id='word_1_1' title='bbox 960 157 1050 194; x_wconf 67' lang='lat' dir='ltr'><strong>Flm</strong></span> <span class='ocrx_word' id='word_1_2' title='bbox 1059 158 1086 194; x_wconf 67' lang='grc' dir='ltr'><strong>(Β</strong></span> <span class='ocrx_word' id='word_1_3' title='bbox 1098 159 1132 194; x_wconf 82' lang='grc' dir='ltr'><strong>Μ</strong></span> <span class='ocrx_word' id='word_1_4' title='bbox 1144 159 1284 196; x_wconf 67' lang='grc' dir='ltr'>ΙίΝΤΑ.</span> 
     </span>
    </p>
   </div>
   <div class='ocr_carea' id='block_1_2' title="bbox 64 241 1086 352">
    <p class='ocr_par' dir='ltr' id='par_1_2' title="bbox 64 241 1086 352">
     <span class='ocr_line' id='line_1_2' title="bbox 64 241 1086 294; baseline -0.007 -11"><span class='ocrx_word' id='word_1_5' title='bbox 64 246 165 287; x_wconf 69' lang='grc' dir='ltr'>ἐκὸὰς</span> <span class='ocrx_word' id='word_1_6' title='bbox 182 245 214 282; x_wconf 72' lang='grc' dir='ltr'>δὲ</span> <span class='ocrx_word' id='word_1_7' title='bbox 234 246 278 286; x_wconf 88' lang='grc' dir='ltr'><strong>εἷς</strong></span> <span class='ocrx_word' id='word_1_8' title='bbox 298 244 403 294; x_wconf 77' lang='grc' dir='ltr'>ἄνδρα</span> <span class='ocrx_word' id='word_1_9' title='bbox 421 244 480 293; x_wconf 80' lang='lat' dir='ltr'><strong>(i),</strong></span> <span class='ocrx_word' id='word_1_10' title='bbox 497 242 772 293; x_wconf 73' lang='grc' dir='ltr'>σωφρονέστατος</span> <span class='ocrx_word' id='word_1_11' title='bbox 790 241 846 278; x_wconf 82' lang='grc' dir='ltr'><strong>καὶ</strong></span> <span class='ocrx_word' id='word_1_12' title='bbox 863 241 1086 283; x_wconf 82' lang='grc' dir='ltr'>δικαιότατος.</span> 
     </span>
     <span class='ocr_line' id='line_1_3' title="bbox 64 292 1061 352; baseline -0.007 -12"><span class='ocrx_word' id='word_1_13' title='bbox 64 302 283 350; x_wconf 68' lang='grc' dir='ltr'>Ἰἰπολέμησε</span> <span class='ocrx_word' id='word_1_14' title='bbox 304 302 337 338; x_wconf 82' lang='grc' dir='ltr'>δὲ</span> <span class='ocrx_word' id='word_1_15' title='bbox 359 300 586 352; x_wconf 70' lang='grc' dir='ltr'>Σμυρναίοις,</span> <span class='ocrx_word' id='word_1_16' title='bbox 606 299 664 336; x_wconf 82' lang='grc' dir='ltr'><strong>καὶ</strong></span> <span class='ocrx_word' id='word_1_17' title='bbox 685 292 771 335; x_wconf 69' lang='grc' dir='ltr'>εἶλεν</span> <span class='ocrx_word' id='word_1_18' title='bbox 786 299 897 335; x_wconf 78' lang='grc' dir='ltr'>αὐτῶν</span> <span class='ocrx_word' id='word_1_19' title='bbox 911 299 948 334; x_wconf 88' lang='grc' dir='ltr'><strong>τὸ</strong></span> <span class='ocrx_word' id='word_1_20' title='bbox 966 298 1061 335; x_wconf 78' lang='grc' dir='ltr'>ἄστυ.</span> 
     </span>
    </p>
   </div>
   <div class='ocr_carea' id='block_1_3' title="bbox 546 392 609 428">
    <p class='ocr_par' dir='ltr' id='par_1_3' title="bbox 546 392 609 428">
     <span class='ocr_line' id='line_1_4' title="bbox 546 392 609 428; baseline 0.016 -1"><span class='ocrx_word' id='word_1_21' title='bbox 546 392 609 428; x_wconf 82' lang='grc'><strong>65,</strong></span> 
     </span>
    </p>
   </div>
   <div class='ocr_carea' id='block_1_4' title="bbox 61 480 1099 2320">
    <p class='ocr_par' dir='ltr' id='par_1_4' title="bbox 61 480 1099 2320">
     <span class='ocr_line' id='line_1_5' title="bbox 116 480 1090 533; baseline -0.006 -11"><span class='ocrx_word' id='word_1_22' title='bbox 116 487 213 522; x_wconf 87' lang='lat' dir='ltr'><strong>Ibid.</strong></span> <span class='ocrx_word' id='word_1_23' title='bbox 232 498 240 522; x_wconf 88' lang='lat'>:</span> <span class='ocrx_word' id='word_1_24' title='bbox 261 482 345 522; x_wconf 70' lang='lat' dir='ltr'><strong>“On</strong></span> <span class='ocrx_word' id='word_1_25' title='bbox 371 482 555 528; x_wconf 78' lang='grc' dir='ltr'>Ἀλυάττης</span> <span class='ocrx_word' id='word_1_26' title='bbox 572 485 589 519; x_wconf 87' lang='grc' dir='ltr'><em>ὃ</em></span> <span class='ocrx_word' id='word_1_27' title='bbox 619 481 765 533; x_wconf 77' lang='grc' dir='ltr'>Κροίσου</span> <span class='ocrx_word' id='word_1_28' title='bbox 780 480 916 533; x_wconf 87' lang='grc' dir='ltr'>πατὴρ,</span> <span class='ocrx_word' id='word_1_29' title='bbox 934 484 991 517; x_wconf 79' lang='grc' dir='ltr'><strong>τοῦ</strong></span> <span class='ocrx_word' id='word_1_30' title='bbox 1017 483 1090 518; x_wconf 83' lang='grc' dir='ltr'><strong>Λυ-</strong></span> 
     </span>
     <span class='ocr_line' id='line_1_6' title="bbox 62 537 1088 594; baseline -0.006 -14"><span class='ocrx_word' id='word_1_31' title='bbox 62 545 127 580; x_wconf 84' lang='grc' dir='ltr'><strong>δῶν</strong></span> <span class='ocrx_word' id='word_1_32' title='bbox 146 541 328 594; x_wconf 79' lang='grc' dir='ltr'>βασιλέως,</span> <span class='ocrx_word' id='word_1_33' title='bbox 346 541 401 578; x_wconf 84' lang='grc' dir='ltr'><strong>ἐπὶ</strong></span> <span class='ocrx_word' id='word_1_34' title='bbox 423 540 558 592; x_wconf 80' lang='grc' dir='ltr'>Καρίαν</span> <span class='ocrx_word' id='word_1_35' title='bbox 580 539 772 590; x_wconf 77' lang='grc' dir='ltr'>στρατεύων</span> <span class='ocrx_word' id='word_1_36' title='bbox 788 569 797 585; x_wconf 96' lang='grc'>,</span> <span class='ocrx_word' id='word_1_37' title='bbox 815 537 1033 590; x_wconf 87' lang='grc' dir='ltr'>περιήγγειλε</span> <span class='ocrx_word' id='word_1_38' title='bbox 1049 537 1088 589; x_wconf 88' lang='lat'><strong>(1)</strong></span> 
     </span>
     <span class='ocr_line' id='line_1_7' title="bbox 62 595 1091 649; baseline -0.005 -12"><span class='ocrx_word' id='word_1_39' title='bbox 62 603 130 642; x_wconf 84' lang='grc' dir='ltr'>τοῖς</span> <span class='ocrx_word' id='word_1_40' title='bbox 161 602 280 636; x_wconf 79' lang='grc' dir='ltr'>ἑαυτοῦ</span> <span class='ocrx_word' id='word_1_41' title='bbox 318 598 462 649; x_wconf 85' lang='grc' dir='ltr'>στρατὸν</span> <span class='ocrx_word' id='word_1_42' title='bbox 503 597 596 647; x_wconf 80' lang='grc' dir='ltr'>ἄγειν</span> <span class='ocrx_word' id='word_1_43' title='bbox 636 598 681 639; x_wconf 84' lang='grc' dir='ltr'><strong>εἰς</strong></span> <span class='ocrx_word' id='word_1_44' title='bbox 719 596 864 648; x_wconf 79' lang='grc' dir='ltr'>Σάρδεις</span> <span class='ocrx_word' id='word_1_45' title='bbox 900 597 933 633; x_wconf 85' lang='grc' dir='ltr'>ἐν</span> <span class='ocrx_word' id='word_1_46' title='bbox 979 595 1091 646; x_wconf 78' lang='grc' dir='ltr'>ἡμέρᾳ</span> 
     </span>
     <span class='ocr_line' id='line_1_8' title="bbox 61 648 1092 708; baseline -0.005 -14"><span class='ocrx_word' id='word_1_47' title='bbox 61 661 191 708; x_wconf 78' lang='grc' dir='ltr'>τακτῇ,</span> <span class='ocrx_word' id='word_1_48' title='bbox 218 659 251 694; x_wconf 84' lang='grc' dir='ltr'>ἐν</span> <span class='ocrx_word' id='word_1_49' title='bbox 280 650 327 697; x_wconf 70' lang='grc' dir='ltr'><strong>οἷς</strong></span> <span class='ocrx_word' id='word_1_50' title='bbox 355 655 412 693; x_wconf 82' lang='grc' dir='ltr'><strong>καὶ</strong></span> <span class='ocrx_word' id='word_1_51' title='bbox 439 655 599 706; x_wconf 79' lang='grc' dir='ltr'>Κροίσῳ,</span> <span class='ocrx_word' id='word_1_52' title='bbox 630 654 720 697; x_wconf 83' lang='grc' dir='ltr'>ὅστις</span> <span class='ocrx_word' id='word_1_53' title='bbox 747 648 788 699; x_wconf 69' lang='grc' dir='ltr'>ἦν</span> <span class='ocrx_word' id='word_1_54' title='bbox 809 655 913 691; x_wconf 76' lang='grc' dir='ltr'>αὐτοῦ</span> <span class='ocrx_word' id='word_1_55' title='bbox 940 652 1092 703; x_wconf 71' lang='grc' dir='ltr'>πρεσὸύ-</span> 
     </span>
     <span class='ocr_line' id='line_1_9' title="bbox 61 711 1092 764; baseline -0.007 -11"><span class='ocrx_word' id='word_1_56' title='bbox 61 731 160 757; x_wconf 87' lang='grc' dir='ltr'>τατος</span> <span class='ocrx_word' id='word_1_57' title='bbox 186 718 252 752; x_wconf 85' lang='grc' dir='ltr'><strong>τῶν</strong></span> <span class='ocrx_word' id='word_1_58' title='bbox 277 714 421 759; x_wconf 85' lang='grc' dir='ltr'>παίδων,</span> <span class='ocrx_word' id='word_1_59' title='bbox 451 713 567 764; x_wconf 82' lang='grc' dir='ltr'>ἅρχων</span> <span class='ocrx_word' id='word_1_60' title='bbox 596 714 637 762; x_wconf 86' lang='lat'><strong>(2)</strong></span> <span class='ocrx_word' id='word_1_61' title='bbox 664 711 945 761; x_wconf 78' lang='grc' dir='ltr'>ἀποδεδειγμένος</span> <span class='ocrx_word' id='word_1_62' title='bbox 971 711 1092 761; x_wconf 70' lang='grc' dir='ltr'>Ἀδρα-</span> 
     </span>
     <span class='ocr_line' id='line_1_10' title="bbox 65 768 1093 820; baseline -0.006 -10"><span class='ocrx_word' id='word_1_63' title='bbox 65 773 204 820; x_wconf 87' lang='grc' dir='ltr'>μυττίου</span> <span class='ocrx_word' id='word_1_64' title='bbox 222 788 258 809; x_wconf 89' lang='grc' dir='ltr'><strong>τε</strong></span> <span class='ocrx_word' id='word_1_65' title='bbox 277 772 335 809; x_wconf 77' lang='grc' dir='ltr'><strong>καὶ</strong></span> <span class='ocrx_word' id='word_1_66' title='bbox 355 771 477 817; x_wconf 69' lang='grc' dir='ltr'>Θήὸης</span> <span class='ocrx_word' id='word_1_67' title='bbox 501 770 632 808; x_wconf 84' lang='grc' dir='ltr'>πεδίου.</span> <span class='ocrx_word' id='word_1_68' title='bbox 655 769 699 808; x_wconf 75' lang='lat' dir='ltr'><strong>‘O</strong></span> <span class='ocrx_word' id='word_1_69' title='bbox 727 770 782 817; x_wconf 77' lang='grc' dir='ltr'>δὲ,</span> <span class='ocrx_word' id='word_1_70' title='bbox 811 769 858 812; x_wconf 76' lang='grc' dir='ltr'><strong>ὥς</strong></span> <span class='ocrx_word' id='word_1_71' title='bbox 886 784 1003 820; x_wconf 86' lang='grc' dir='ltr'>φασιν,</span> <span class='ocrx_word' id='word_1_72' title='bbox 1027 768 1093 805; x_wconf 76' lang='grc' dir='ltr'><strong>ὑπὸ</strong></span> 
     </span>
     <span class='ocr_line' id='line_1_11' title="bbox 63 824 1093 880; baseline -0.005 -12"><span class='ocrx_word' id='word_1_73' title='bbox 63 830 249 872; x_wconf 83' lang='grc' dir='ltr'>ἀκολασίας</span> <span class='ocrx_word' id='word_1_74' title='bbox 263 831 327 880; x_wconf 77' lang='grc' dir='ltr'><strong>οὐχ</strong></span> <span class='ocrx_word' id='word_1_75' title='bbox 345 824 412 872; x_wconf 69' lang='grc' dir='ltr'>οἶός</span> <span class='ocrx_word' id='word_1_76' title='bbox 427 845 463 866; x_wconf 91' lang='grc' dir='ltr'><strong>τε</strong></span> <span class='ocrx_word' id='word_1_77' title='bbox 482 824 537 875; x_wconf 69' lang='grc' dir='ltr'>ἦν,</span> <span class='ocrx_word' id='word_1_78' title='bbox 557 828 616 865; x_wconf 89' lang='grc' dir='ltr'><strong>καί</strong></span> <span class='ocrx_word' id='word_1_79' title='bbox 630 844 702 870; x_wconf 88' lang='grc' dir='ltr'><strong>πως</strong></span> <span class='ocrx_word' id='word_1_80' title='bbox 722 827 922 873; x_wconf 64' lang='grc' dir='ltr'>διεὸέῧλητο</span> <span class='ocrx_word' id='word_1_81' title='bbox 938 826 1020 878; x_wconf 76' lang='grc' dir='ltr'>πρὸς</span> <span class='ocrx_word' id='word_1_82' title='bbox 1036 826 1093 863; x_wconf 79' lang='grc' dir='ltr'><strong>τὸν</strong></span> 
     </span>
     <span class='ocr_line' id='line_1_12' title="bbox 63 883 1093 939; baseline -0.006 -13"><span class='ocrx_word' id='word_1_83' title='bbox 63 889 207 939; x_wconf 86' lang='grc' dir='ltr'>πατέρα.</span> <span class='ocrx_word' id='word_1_84' title='bbox 233 887 443 936; x_wconf 80' lang='grc' dir='ltr'>Βουλόμενος</span> <span class='ocrx_word' id='word_1_85' title='bbox 467 885 502 923; x_wconf 80' lang='grc' dir='ltr'>δὲ</span> <span class='ocrx_word' id='word_1_86' title='bbox 524 887 556 922; x_wconf 82' lang='grc' dir='ltr'>ἐν</span> <span class='ocrx_word' id='word_1_87' title='bbox 576 887 663 937; x_wconf 80' lang='grc' dir='ltr'>τῷδε</span> <span class='ocrx_word' id='word_1_88' title='bbox 680 887 729 937; x_wconf 79' lang='grc' dir='ltr'><strong>τῷ</strong></span> <span class='ocrx_word' id='word_1_89' title='bbox 747 884 835 936; x_wconf 84' lang='grc' dir='ltr'>ἔργῳ</span> <span class='ocrx_word' id='word_1_90' title='bbox 854 883 1093 921; x_wconf 79' lang='grc' dir='ltr'>ἀπολύσασθαι</span> 
     </span>
     <span class='ocr_line' id='line_1_13' title="bbox 62 943 1095 995; baseline -0.004 -13"><span class='ocrx_word' id='word_1_91' title='bbox 62 945 122 988; x_wconf 83' lang='grc' dir='ltr'><strong>τὰς</strong></span> <span class='ocrx_word' id='word_1_92' title='bbox 139 945 266 991; x_wconf 80' lang='grc' dir='ltr'>αἰτίας,</span> <span class='ocrx_word' id='word_1_93' title='bbox 283 944 341 981; x_wconf 75' lang='grc' dir='ltr'><strong>καὶ</strong></span> <span class='ocrx_word' id='word_1_94' title='bbox 363 946 498 995; x_wconf 76' lang='grc' dir='ltr'>ἀπορῶν</span> <span class='ocrx_word' id='word_1_95' title='bbox 520 943 639 980; x_wconf 80' lang='grc' dir='ltr'>ὁπόθεν</span> <span class='ocrx_word' id='word_1_96' title='bbox 663 943 874 992; x_wconf 77' lang='grc' dir='ltr'>μισθώσαιτο</span> <span class='ocrx_word' id='word_1_97' title='bbox 895 943 1095 993; x_wconf 80' lang='grc' dir='ltr'>ἐπικούρους</span> 
     </span>
     <span class='ocr_line' id='line_1_14' title="bbox 64 995 1096 1052; baseline -0.004 -13"><span class='ocrx_word' id='word_1_98' title='bbox 64 1003 258 1051; x_wconf 81' lang='grc' dir='ltr'>(μισθωτοῖς</span> <span class='ocrx_word' id='word_1_99' title='bbox 269 1000 334 1051; x_wconf 84' lang='grc' dir='ltr'><strong>γὰρ</strong></span> <span class='ocrx_word' id='word_1_100' title='bbox 347 1002 522 1052; x_wconf 77' lang='grc' dir='ltr'>ἐχρῶντο),</span> <span class='ocrx_word' id='word_1_101' title='bbox 535 995 635 1046; x_wconf 65' lang='grc' dir='ltr'>ἦλθεν</span> <span class='ocrx_word' id='word_1_102' title='bbox 646 1000 702 1037; x_wconf 78' lang='grc' dir='ltr'><strong>ἐπὶ</strong></span> <span class='ocrx_word' id='word_1_103' title='bbox 711 999 914 1044; x_wconf 83' lang='grc' dir='ltr'>Σαδυάττην</span> <span class='ocrx_word' id='word_1_104' title='bbox 924 998 979 1036; x_wconf 82' lang='grc' dir='ltr'><strong>τὸν</strong></span> <span class='ocrx_word' id='word_1_105' title='bbox 992 998 1096 1048; x_wconf 87' lang='grc' dir='ltr'>ἔμπο·</span> 
     </span>
     <span class='ocr_line' id='line_1_15' title="bbox 65 1057 1096 1109; baseline -0.003 -13"><span class='ocrx_word' id='word_1_106' title='bbox 65 1074 120 1109; x_wconf 88' lang='grc' dir='ltr'><strong>ρον</strong></span> <span class='ocrx_word' id='word_1_107' title='bbox 143 1059 208 1108; x_wconf 79' lang='grc'>(3),</span> <span class='ocrx_word' id='word_1_108' title='bbox 230 1058 487 1095; x_wconf 81' lang='grc' dir='ltr'>πλουσιώτατον</span> <span class='ocrx_word' id='word_1_109' title='bbox 508 1059 628 1096; x_wconf 82' lang='grc' dir='ltr'>Λυδῶν</span> <span class='ocrx_word' id='word_1_110' title='bbox 653 1058 756 1104; x_wconf 81' lang='grc' dir='ltr'>ὄντα,</span> <span class='ocrx_word' id='word_1_111' title='bbox 779 1057 987 1100; x_wconf 85' lang='grc' dir='ltr'>δανείζεσθαι</span> <span class='ocrx_word' id='word_1_112' title='bbox 1015 1060 1096 1107; x_wconf 87' lang='grc' dir='ltr'>βου-</span> 
     </span>
     <span class='ocr_line' id='line_1_16' title="bbox 64 1112 1095 1167; baseline -0.005 -13"><span class='ocrx_word' id='word_1_113' title='bbox 64 1115 217 1165; x_wconf 87' lang='grc' dir='ltr'>λόμενος.</span> <span class='ocrx_word' id='word_1_114' title='bbox 236 1115 280 1153; x_wconf 72' lang='lat' dir='ltr'><strong>‘O</strong></span> <span class='ocrx_word' id='word_1_115' title='bbox 295 1115 328 1152; x_wconf 82' lang='grc' dir='ltr'>δὲ</span> <span class='ocrx_word' id='word_1_116' title='bbox 344 1115 444 1152; x_wconf 81' lang='grc' dir='ltr'>αὐτὸν</span> <span class='ocrx_word' id='word_1_117' title='bbox 459 1117 593 1167; x_wconf 86' lang='grc' dir='ltr'>πρῶτον</span> <span class='ocrx_word' id='word_1_118' title='bbox 609 1115 669 1164; x_wconf 83' lang='grc' dir='ltr'><strong>μὲν</strong></span> <span class='ocrx_word' id='word_1_119' title='bbox 684 1115 727 1164; x_wconf 66' lang='grc'><strong>(4)</strong></span> <span class='ocrx_word' id='word_1_120' title='bbox 746 1113 926 1163; x_wconf 81' lang='grc' dir='ltr'>ἀναμένειν</span> <span class='ocrx_word' id='word_1_121' title='bbox 939 1112 1095 1151; x_wconf 80' lang='grc' dir='ltr'>ἐκέλευσε</span> 
     </span>
     <span class='ocr_line' id='line_1_17' title="bbox 63 1170 1094 1226; baseline -0.004 -15"><span class='ocrx_word' id='word_1_122' title='bbox 63 1173 130 1226; x_wconf 82' lang='grc' dir='ltr'><strong>πρὸ</strong></span> <span class='ocrx_word' id='word_1_123' title='bbox 145 1176 211 1211; x_wconf 84' lang='grc' dir='ltr'><strong>τῶν</strong></span> <span class='ocrx_word' id='word_1_124' title='bbox 230 1176 353 1225; x_wconf 82' lang='grc' dir='ltr'>θυρῶν,</span> <span class='ocrx_word' id='word_1_125' title='bbox 374 1173 454 1224; x_wconf 79' lang='grc' dir='ltr'>ἄχρι</span> <span class='ocrx_word' id='word_1_126' title='bbox 468 1173 651 1218; x_wconf 83' lang='grc' dir='ltr'>λούσηται·</span> <span class='ocrx_word' id='word_1_127' title='bbox 670 1172 756 1220; x_wconf 85' lang='grc' dir='ltr'>μετὰ</span> <span class='ocrx_word' id='word_1_128' title='bbox 777 1170 834 1219; x_wconf 81' lang='grc' dir='ltr'>δὲ,</span> <span class='ocrx_word' id='word_1_129' title='bbox 853 1171 1094 1222; x_wconf 80' lang='grc' dir='ltr'>ἐντυγχάνοντι</span> 
     </span>
     <span class='ocr_line' id='line_1_18' title="bbox 64 1223 1094 1281; baseline -0.004 -13"><span class='ocrx_word' id='word_1_130' title='bbox 64 1231 297 1281; x_wconf 86' lang='grc' dir='ltr'>ἀποκρίνεται,</span> <span class='ocrx_word' id='word_1_131' title='bbox 313 1230 363 1268; x_wconf 80' lang='grc' dir='ltr'><strong>ὅτι</strong></span> <span class='ocrx_word' id='word_1_132' title='bbox 377 1230 498 1268; x_wconf 84' lang='grc' dir='ltr'>πολλοὶ</span> <span class='ocrx_word' id='word_1_133' title='bbox 512 1231 630 1272; x_wconf 85' lang='grc' dir='ltr'>παῖδες</span> <span class='ocrx_word' id='word_1_134' title='bbox 647 1223 712 1266; x_wconf 67' lang='grc' dir='ltr'>εἷεν</span> <span class='ocrx_word' id='word_1_135' title='bbox 730 1229 911 1278; x_wconf 82' lang='grc' dir='ltr'>Ἀλυάττῃ,</span> <span class='ocrx_word' id='word_1_136' title='bbox 929 1223 976 1269; x_wconf 66' lang='grc' dir='ltr'><strong>οἷς</strong></span> <span class='ocrx_word' id='word_1_137' title='bbox 990 1234 1094 1264; x_wconf 85' lang='grc' dir='ltr'>πᾶσιν</span> 
     </span>
     <span class='ocr_line' id='line_1_19' title="bbox 64 1284 1092 1339; baseline -0.004 -14"><span class='ocrx_word' id='word_1_138' title='bbox 64 1291 93 1325; x_wconf 81' lang='grc' dir='ltr'><strong>εἰ</strong></span> <span class='ocrx_word' id='word_1_139' title='bbox 108 1290 223 1334; x_wconf 85' lang='grc' dir='ltr'>δεήσοι</span> <span class='ocrx_word' id='word_1_140' title='bbox 240 1288 340 1325; x_wconf 75' lang='grc' dir='ltr'>αὐτὸν</span> <span class='ocrx_word' id='word_1_141' title='bbox 356 1287 515 1339; x_wconf 83' lang='grc' dir='ltr'>ἀργύριον</span> <span class='ocrx_word' id='word_1_142' title='bbox 534 1288 680 1333; x_wconf 88' lang='grc' dir='ltr'>διδόναι,</span> <span class='ocrx_word' id='word_1_143' title='bbox 698 1287 759 1323; x_wconf 85' lang='grc' dir='ltr'><strong>οὐκ</strong></span> <span class='ocrx_word' id='word_1_144' title='bbox 774 1285 958 1337; x_wconf 81' lang='grc' dir='ltr'>ἐξαρκέσει·</span> <span class='ocrx_word' id='word_1_145' title='bbox 973 1284 1092 1322; x_wconf 79' lang='grc' dir='ltr'>οὔκουν</span> 
     </span>
     <span class='ocr_line' id='line_1_20' title="bbox 65 1343 1091 1397; baseline -0.004 -14"><span class='ocrx_word' id='word_1_146' title='bbox 65 1348 180 1383; x_wconf 72' lang='grc' dir='ltr'>δοῦναι</span> <span class='ocrx_word' id='word_1_147' title='bbox 206 1345 365 1397; x_wconf 82' lang='grc' dir='ltr'>δεομένῳ.</span> <span class='ocrx_word' id='word_1_148' title='bbox 391 1348 534 1396; x_wconf 85' lang='grc' dir='ltr'>Κροῖσον</span> <span class='ocrx_word' id='word_1_149' title='bbox 558 1345 611 1391; x_wconf 81' lang='grc' dir='ltr'>δὲ,</span> <span class='ocrx_word' id='word_1_150' title='bbox 632 1344 851 1395; x_wconf 84' lang='grc' dir='ltr'>ἀποτυχόντα</span> <span class='ocrx_word' id='word_1_151' title='bbox 873 1343 1091 1395; x_wconf 81' lang='grc' dir='ltr'>τάνθρώπου,</span> 
     </span>
     <span class='ocr_line' id='line_1_21' title="bbox 65 1400 1093 1456; baseline -0.004 -15"><span class='ocrx_word' id='word_1_152' title='bbox 65 1405 111 1446; x_wconf 79' lang='grc' dir='ltr'><strong>εἷς</strong></span> <span class='ocrx_word' id='word_1_153' title='bbox 132 1402 283 1456; x_wconf 57' lang='grc' dir='ltr'>’ὲῖφεσον</span> <span class='ocrx_word' id='word_1_154' title='bbox 311 1404 490 1454; x_wconf 75' lang='grc' dir='ltr'>ἀφικέσθαι</span> <span class='ocrx_word' id='word_1_155' title='bbox 515 1402 605 1440; x_wconf 77' lang='grc' dir='ltr'>κατὰ</span> <span class='ocrx_word' id='word_1_156' title='bbox 627 1401 768 1448; x_wconf 87' lang='grc' dir='ltr'>ζήτησιν</span> <span class='ocrx_word' id='word_1_157' title='bbox 789 1401 963 1453; x_wconf 85' lang='grc' dir='ltr'>ἀργυρίου.</span> <span class='ocrx_word' id='word_1_158' title='bbox 1022 1400 1093 1439; x_wconf 81' lang='grc' dir='ltr'><strong>Καὶ</strong></span> 
     </span>
     <span class='ocr_line' id='line_1_22' title="bbox 65 1458 1094 1513; baseline -0.005 -14"><span class='ocrx_word' id='word_1_159' title='bbox 65 1462 142 1499; x_wconf 91' lang='grc' dir='ltr'>τότε</span> <span class='ocrx_word' id='word_1_160' title='bbox 165 1461 225 1511; x_wconf 82' lang='grc' dir='ltr'><strong>μὲν</strong></span> <span class='ocrx_word' id='word_1_161' title='bbox 256 1461 418 1505; x_wconf 83' lang='grc' dir='ltr'>εὔξασθαι</span> <span class='ocrx_word' id='word_1_162' title='bbox 446 1464 488 1511; x_wconf 78' lang='grc' dir='ltr'><strong>τῇ</strong></span> <span class='ocrx_word' id='word_1_163' title='bbox 511 1460 702 1513; x_wconf 81' lang='grc' dir='ltr'>Ἀρτέμιδι,</span> <span class='ocrx_word' id='word_1_164' title='bbox 723 1461 751 1497; x_wconf 86' lang='grc' dir='ltr'><strong>εἷ</strong></span> <span class='ocrx_word' id='word_1_165' title='bbox 782 1458 1015 1508; x_wconf 82' lang='grc' dir='ltr'>βασιλεύσειε,</span> <span class='ocrx_word' id='word_1_166' title='bbox 1037 1459 1094 1495; x_wconf 81' lang='grc' dir='ltr'><strong>τὸν</strong></span> 
     </span>
     <span class='ocr_line' id='line_1_23' title="bbox 65 1511 1096 1571; baseline -0.003 -15"><span class='ocrx_word' id='word_1_167' title='bbox 65 1513 154 1557; x_wconf 65' lang='grc' dir='ltr'>οἶκον</span> <span class='ocrx_word' id='word_1_168' title='bbox 184 1519 321 1556; x_wconf 84' lang='grc' dir='ltr'>ἅπαντα</span> <span class='ocrx_word' id='word_1_169' title='bbox 351 1518 570 1571; x_wconf 84' lang='grc' dir='ltr'>καθιερώσειν</span> <span class='ocrx_word' id='word_1_170' title='bbox 602 1522 660 1556; x_wconf 74' lang='grc' dir='ltr'><strong>τοῦ</strong></span> <span class='ocrx_word' id='word_1_171' title='bbox 692 1518 854 1569; x_wconf 83' lang='grc' dir='ltr'>ἐμπόρου.</span> <span class='ocrx_word' id='word_1_172' title='bbox 883 1511 954 1555; x_wconf 49' lang='grc' dir='ltr'><strong>ὟΗν</strong></span> <span class='ocrx_word' id='word_1_173' title='bbox 984 1516 1019 1553; x_wconf 83' lang='grc' dir='ltr'>δέ</span> <span class='ocrx_word' id='word_1_174' title='bbox 1047 1531 1096 1559; x_wconf 89' lang='grc' dir='ltr'><strong>τις</strong></span> 
     </span>
     <span class='ocr_line' id='line_1_24' title="bbox 68 1573 1097 1629; baseline -0.003 -15"><span class='ocrx_word' id='word_1_175' title='bbox 68 1576 206 1629; x_wconf 84' lang='grc' dir='ltr'>Κροίσῳ</span> <span class='ocrx_word' id='word_1_176' title='bbox 233 1576 346 1628; x_wconf 69' lang='grc' dir='ltr'>φίλος,</span> <span class='ocrx_word' id='word_1_177' title='bbox 367 1575 452 1628; x_wconf 81' lang='grc' dir='ltr'>ἀνὴρ</span> <span class='ocrx_word' id='word_1_178' title='bbox 481 1574 577 1623; x_wconf 81' lang='grc' dir='ltr'>Ἴων,</span> <span class='ocrx_word' id='word_1_179' title='bbox 596 1575 703 1625; x_wconf 83' lang='grc' dir='ltr'>ὄνομα</span> <span class='ocrx_word' id='word_1_180' title='bbox 735 1574 912 1626; x_wconf 74' lang='grc' dir='ltr'>[Ιαμφοίης</span> <span class='ocrx_word' id='word_1_181' title='bbox 936 1573 998 1624; x_wconf 78' lang='lat'><strong>(⁶),</strong></span> <span class='ocrx_word' id='word_1_182' title='bbox 1028 1574 1097 1617; x_wconf 81' lang='grc' dir='ltr'>υίὸς</span> 
     </span>
     <span class='ocr_line' id='line_1_25' title="bbox 66 1628 1094 1685; baseline -0.003 -14"><span class='ocrx_word' id='word_1_183' title='bbox 66 1633 281 1684; x_wconf 80' lang='grc' dir='ltr'>Θεοχαρίδου</span> <span class='ocrx_word' id='word_1_184' title='bbox 296 1628 333 1670; x_wconf 64' lang='grc' dir='ltr'><strong>εὖ</strong></span> <span class='ocrx_word' id='word_1_185' title='bbox 353 1634 447 1682; x_wconf 88' lang='grc' dir='ltr'>μάλα</span> <span class='ocrx_word' id='word_1_186' title='bbox 464 1633 623 1685; x_wconf 69' lang='grc' dir='ltr'>εῶπόρου.</span> <span class='ocrx_word' id='word_1_187' title='bbox 639 1628 747 1675; x_wconf 61' lang='grc' dir='ltr'>Οὗτος</span> <span class='ocrx_word' id='word_1_188' title='bbox 763 1635 850 1683; x_wconf 78' lang='grc' dir='ltr'>ὁρῶν</span> <span class='ocrx_word' id='word_1_189' title='bbox 870 1631 930 1677; x_wconf 83' lang='grc' dir='ltr'><strong>τὴν</strong></span> <span class='ocrx_word' id='word_1_190' title='bbox 947 1631 1094 1683; x_wconf 85' lang='grc' dir='ltr'>Κροίσου</span> 
     </span>
     <span class='ocr_line' id='line_1_26' title="bbox 66 1689 1096 1742; baseline -0.002 -15"><span class='ocrx_word' id='word_1_191' title='bbox 66 1690 233 1740; x_wconf 85' lang='grc' dir='ltr'>σπουδὴν,</span> <span class='ocrx_word' id='word_1_192' title='bbox 260 1690 382 1737; x_wconf 78' lang='grc' dir='ltr'>ἐδεήθη</span> <span class='ocrx_word' id='word_1_193' title='bbox 404 1694 463 1727; x_wconf 79' lang='grc' dir='ltr'><strong>τοῦ</strong></span> <span class='ocrx_word' id='word_1_194' title='bbox 488 1690 616 1742; x_wconf 77' lang='grc' dir='ltr'>πατρὸς</span> <span class='ocrx_word' id='word_1_195' title='bbox 640 1690 768 1741; x_wconf 83' lang='grc' dir='ltr'>χιλίους</span> <span class='ocrx_word' id='word_1_196' title='bbox 790 1692 960 1740; x_wconf 69' lang='grc' dir='ltr'>στατῆρας</span> <span class='ocrx_word' id='word_1_197' title='bbox 981 1689 1096 1726; x_wconf 74' lang='grc' dir='ltr'>δοῦναί</span> 
     </span>
     <span class='ocr_line' id='line_1_27' title="bbox 67 1747 1095 1800; baseline -0.004 -13"><span class='ocrx_word' id='word_1_198' title='bbox 67 1752 98 1787; x_wconf 79' lang='grc' dir='ltr'><strong>οἱ</strong></span> <span class='ocrx_word' id='word_1_199' title='bbox 115 1749 210 1800; x_wconf 76' lang='grc' dir='ltr'>πάσῃ</span> <span class='ocrx_word' id='word_1_200' title='bbox 229 1752 381 1800; x_wconf 80' lang='grc' dir='ltr'>μηχανῇ·</span> <span class='ocrx_word' id='word_1_201' title='bbox 398 1748 511 1800; x_wconf 80' lang='grc' dir='ltr'>τυχὼν</span> <span class='ocrx_word' id='word_1_202' title='bbox 529 1748 565 1786; x_wconf 81' lang='grc' dir='ltr'>δὲ</span> <span class='ocrx_word' id='word_1_203' title='bbox 584 1751 667 1800; x_wconf 87' lang='grc' dir='ltr'>παρ’</span> <span class='ocrx_word' id='word_1_204' title='bbox 683 1751 799 1794; x_wconf 76' lang='grc' dir='ltr'>αὐτοῦ,</span> <span class='ocrx_word' id='word_1_205' title='bbox 814 1747 929 1784; x_wconf 84' lang='grc' dir='ltr'>δίδωσι</span> <span class='ocrx_word' id='word_1_206' title='bbox 945 1747 1095 1798; x_wconf 83' lang='grc' dir='ltr'>Κροίσῳ.</span> 
     </span>
     <span class='ocr_line' id='line_1_28' title="bbox 67 1800 1091 1858; baseline -0.003 -15"><span class='ocrx_word' id='word_1_207' title='bbox 67 1806 153 1843; x_wconf 67' lang='lat' dir='ltr'><strong>’Ave&#39;</strong></span> <span class='ocrx_word' id='word_1_208' title='bbox 171 1800 217 1843; x_wconf 65' lang='grc' dir='ltr'>ὧν</span> <span class='ocrx_word' id='word_1_209' title='bbox 235 1807 343 1856; x_wconf 83' lang='grc' dir='ltr'>μέγαν</span> <span class='ocrx_word' id='word_1_210' title='bbox 360 1822 396 1844; x_wconf 87' lang='grc' dir='ltr'><strong>τε</strong></span> <span class='ocrx_word' id='word_1_211' title='bbox 416 1806 516 1843; x_wconf 84' lang='grc' dir='ltr'>αὐτὸν</span> <span class='ocrx_word' id='word_1_212' title='bbox 535 1809 677 1858; x_wconf 85' lang='grc' dir='ltr'>Κροῖσος</span> <span class='ocrx_word' id='word_1_213' title='bbox 697 1805 835 1857; x_wconf 77' lang='grc' dir='ltr'>ὕστερον</span> <span class='ocrx_word' id='word_1_214' title='bbox 853 1805 1007 1854; x_wconf 78' lang='grc' dir='ltr'>ἐποίησε,</span> <span class='ocrx_word' id='word_1_215' title='bbox 1029 1808 1091 1854; x_wconf 90' lang='grc' dir='ltr'><strong>βα-</strong></span> 
     </span>
     <span class='ocr_line' id='line_1_29' title="bbox 69 1861 1094 1914; baseline -0.001 -14"><span class='ocrx_word' id='word_1_216' title='bbox 69 1863 180 1907; x_wconf 75' lang='grc' dir='ltr'>σιλεὺς</span> <span class='ocrx_word' id='word_1_217' title='bbox 210 1865 408 1914; x_wconf 89' lang='grc' dir='ltr'>γενόμενος,</span> <span class='ocrx_word' id='word_1_218' title='bbox 429 1863 487 1901; x_wconf 84' lang='grc' dir='ltr'><strong>καὶ</strong></span> <span class='ocrx_word' id='word_1_219' title='bbox 520 1865 565 1905; x_wconf 88' lang='grc' dir='ltr'><strong>εἷς</strong></span> <span class='ocrx_word' id='word_1_220' title='bbox 593 1863 655 1910; x_wconf 83' lang='grc' dir='ltr'><strong>τὴν</strong></span> <span class='ocrx_word' id='word_1_221' title='bbox 687 1863 872 1914; x_wconf 86' lang='grc' dir='ltr'>ἀκρόπολιν</span> <span class='ocrx_word' id='word_1_222' title='bbox 902 1861 1094 1912; x_wconf 83' lang='grc' dir='ltr'>εἰσαγαγὼν</span> 
     </span>
     <span class='ocr_line' id='line_1_30' title="bbox 70 1920 1096 1974; baseline -0.001 -16"><span class='ocrx_word' id='word_1_223' title='bbox 70 1921 204 1971; x_wconf 82' lang='grc' dir='ltr'>ἅμαξαν</span> <span class='ocrx_word' id='word_1_224' title='bbox 238 1924 331 1974; x_wconf 80' lang='grc' dir='ltr'>αὐτῷ</span> <span class='ocrx_word' id='word_1_225' title='bbox 352 1921 456 1959; x_wconf 83' lang='grc' dir='ltr'>ἔδωκε</span> <span class='ocrx_word' id='word_1_226' title='bbox 485 1921 613 1971; x_wconf 78' lang='grc' dir='ltr'>μεστὴν</span> <span class='ocrx_word' id='word_1_227' title='bbox 638 1921 800 1972; x_wconf 85' lang='grc' dir='ltr'>χρυσίου·</span> <span class='ocrx_word' id='word_1_228' title='bbox 821 1921 878 1958; x_wconf 79' lang='grc' dir='ltr'><strong>τὸν</strong></span> <span class='ocrx_word' id='word_1_229' title='bbox 899 1920 931 1958; x_wconf 83' lang='grc' dir='ltr'>δὲ</span> <span class='ocrx_word' id='word_1_230' title='bbox 952 1923 1010 1957; x_wconf 75' lang='grc' dir='ltr'><strong>τοῦ</strong></span> <span class='ocrx_word' id='word_1_231' title='bbox 1032 1923 1096 1968; x_wconf 79' lang='grc' dir='ltr'>εἶμ-</span> 
     </span>
     <span class='ocr_line' id='line_1_31' title="bbox 66 1974 1095 2032; baseline -0.003 -15"><span class='ocrx_word' id='word_1_232' title='bbox 66 1979 172 2030; x_wconf 82' lang='grc' dir='ltr'>πόρου</span> <span class='ocrx_word' id='word_1_233' title='bbox 190 1974 279 2017; x_wconf 76' lang='grc' dir='ltr'>οἷκον</span> <span class='ocrx_word' id='word_1_234' title='bbox 300 1979 472 2032; x_wconf 81' lang='grc' dir='ltr'>Ἀρτέμιδι</span> <span class='ocrx_word' id='word_1_235' title='bbox 491 1980 697 2031; x_wconf 80' lang='grc' dir='ltr'>καθιέρωσε,</span> <span class='ocrx_word' id='word_1_236' title='bbox 714 1979 772 2016; x_wconf 81' lang='grc' dir='ltr'><strong>καὶ</strong></span> <span class='ocrx_word' id='word_1_237' title='bbox 790 1979 877 2016; x_wconf 81' lang='grc' dir='ltr'>αὐτὰ</span> <span class='ocrx_word' id='word_1_238' title='bbox 894 1977 936 2015; x_wconf 84' lang='grc' dir='ltr'><strong>τὰ</strong></span> <span class='ocrx_word' id='word_1_239' title='bbox 956 1979 1095 2027; x_wconf 86' lang='grc' dir='ltr'>θεμέλια</span> 
     </span>
     <span class='ocr_line' id='line_1_32' title="bbox 69 2035 1094 2088; baseline -0.002 -14"><span class='ocrx_word' id='word_1_240' title='bbox 69 2038 278 2085; x_wconf 82' lang='grc' dir='ltr'>ἀποδόμενος</span> <span class='ocrx_word' id='word_1_241' title='bbox 297 2037 352 2075; x_wconf 79' lang='grc' dir='ltr'><strong>διὰ</strong></span> <span class='ocrx_word' id='word_1_242' title='bbox 378 2037 439 2083; x_wconf 84' lang='grc' dir='ltr'><strong>τὴν</strong></span> <span class='ocrx_word' id='word_1_243' title='bbox 469 2038 589 2088; x_wconf 78' lang='grc' dir='ltr'>εὐχὴν,</span> <span class='ocrx_word' id='word_1_244' title='bbox 611 2040 655 2079; x_wconf 82' lang='grc' dir='ltr'><strong>ὡς</strong></span> <span class='ocrx_word' id='word_1_245' title='bbox 675 2037 781 2087; x_wconf 82' lang='grc' dir='ltr'>μηδὲν</span> <span class='ocrx_word' id='word_1_246' title='bbox 811 2036 973 2075; x_wconf 88' lang='grc' dir='ltr'>λείποιτο.</span> <span class='ocrx_word' id='word_1_247' title='bbox 996 2035 1039 2074; x_wconf 77' lang='lat' dir='ltr'><strong>‘O</strong></span> <span class='ocrx_word' id='word_1_248' title='bbox 1060 2036 1094 2072; x_wconf 81' lang='grc' dir='ltr'>δὲ</span> 
     </span>
     <span class='ocr_line' id='line_1_33' title="bbox 70 2094 1095 2146; baseline -0.003 -13"><span class='ocrx_word' id='word_1_249' title='bbox 70 2098 215 2146; x_wconf 84' lang='grc' dir='ltr'>Κροῖσος</span> <span class='ocrx_word' id='word_1_250' title='bbox 242 2095 318 2138; x_wconf 74' lang='grc' dir='ltr'>τοὺς</span> <span class='ocrx_word' id='word_1_251' title='bbox 348 2096 478 2146; x_wconf 83' lang='grc' dir='ltr'>χιλίους</span> <span class='ocrx_word' id='word_1_252' title='bbox 498 2094 615 2132; x_wconf 66' lang='grc' dir='ltr'>λαὸὼν</span> <span class='ocrx_word' id='word_1_253' title='bbox 645 2099 811 2146; x_wconf 74' lang='grc' dir='ltr'>χρυσοῦς,</span> <span class='ocrx_word' id='word_1_254' title='bbox 831 2094 1030 2145; x_wconf 87' lang='grc' dir='ltr'>στράτευμά</span> <span class='ocrx_word' id='word_1_255' title='bbox 1061 2109 1095 2130; x_wconf 88' lang='grc' dir='ltr'><strong>τε</strong></span> 
     </span>
     <span class='ocr_line' id='line_1_34' title="bbox 66 2150 1099 2205; baseline -0.004 -14"><span class='ocrx_word' id='word_1_256' title='bbox 66 2153 181 2205; x_wconf 81' lang='grc' dir='ltr'>ἤγειρε</span> <span class='ocrx_word' id='word_1_257' title='bbox 191 2153 269 2201; x_wconf 84' lang='grc' dir='ltr'>,καὶ</span> <span class='ocrx_word' id='word_1_258' title='bbox 283 2156 415 2205; x_wconf 88' lang='grc' dir='ltr'>πρῶτος</span> <span class='ocrx_word' id='word_1_259' title='bbox 429 2155 473 2196; x_wconf 87' lang='grc' dir='ltr'><strong>εἷς</strong></span> <span class='ocrx_word' id='word_1_260' title='bbox 483 2153 543 2198; x_wconf 74' lang='grc' dir='ltr'><strong>τὴν</strong></span> <span class='ocrx_word' id='word_1_261' title='bbox 556 2153 674 2204; x_wconf 87' lang='grc' dir='ltr'>κυρίαν</span> <span class='ocrx_word' id='word_1_262' title='bbox 686 2152 818 2202; x_wconf 81' lang='grc' dir='ltr'>ἡμέραν</span> <span class='ocrx_word' id='word_1_263' title='bbox 833 2151 925 2202; x_wconf 80' lang='grc' dir='ltr'>ὀίγων</span> <span class='ocrx_word' id='word_1_264' title='bbox 938 2150 1040 2194; x_wconf 78' lang='grc' dir='ltr'>ἔδειξε</span> <span class='ocrx_word' id='word_1_265' title='bbox 1051 2153 1099 2202; x_wconf 79' lang='grc' dir='ltr'><strong>τῷ</strong></span> 
     </span>
     <span class='ocr_line' id='line_1_35' title="bbox 67 2208 1098 2263; baseline -0.002 -16"><span class='ocrx_word' id='word_1_266' title='bbox 67 2211 189 2263; x_wconf 84' lang='grc' dir='ltr'>πατρὶ,</span> <span class='ocrx_word' id='word_1_267' title='bbox 201 2212 259 2248; x_wconf 86' lang='grc' dir='ltr'><strong>καὶ</strong></span> <span class='ocrx_word' id='word_1_268' title='bbox 274 2211 511 2248; x_wconf 71' lang='grc' dir='ltr'>συνεισέὸαλεν</span> <span class='ocrx_word' id='word_1_269' title='bbox 526 2213 570 2253; x_wconf 86' lang='grc' dir='ltr'><strong>εἷς</strong></span> <span class='ocrx_word' id='word_1_270' title='bbox 583 2210 643 2256; x_wconf 81' lang='grc' dir='ltr'><strong>τὴν</strong></span> <span class='ocrx_word' id='word_1_271' title='bbox 657 2210 806 2261; x_wconf 83' lang='grc' dir='ltr'>Καρίαν,</span> <span class='ocrx_word' id='word_1_272' title='bbox 825 2208 999 2261; x_wconf 86' lang='grc' dir='ltr'>Κρείττων</span> <span class='ocrx_word' id='word_1_273' title='bbox 1013 2209 1047 2245; x_wconf 81' lang='grc' dir='ltr'>δὲ</span> <span class='ocrx_word' id='word_1_274' title='bbox 1059 2210 1098 2258; x_wconf 79' lang='grc' dir='ltr'><strong>(ο)</strong></span> 
     </span>
     <span class='ocr_line' id='line_1_36' title="bbox 68 2266 1096 2320; baseline -0.004 -15"><span class='ocrx_word' id='word_1_275' title='bbox 68 2268 100 2311; x_wconf 79' lang='grc' dir='ltr'><strong>ἐξ</strong></span> <span class='ocrx_word' id='word_1_276' title='bbox 123 2268 250 2306; x_wconf 79' lang='grc' dir='ltr'>ἐκείνου</span> <span class='ocrx_word' id='word_1_277' title='bbox 267 2272 325 2305; x_wconf 80' lang='grc' dir='ltr'><strong>τοῦ</strong></span> <span class='ocrx_word' id='word_1_278' title='bbox 345 2268 444 2320; x_wconf 85' lang='grc' dir='ltr'>ἔργου</span> <span class='ocrx_word' id='word_1_279' title='bbox 466 2270 532 2305; x_wconf 81' lang='grc' dir='ltr'><strong>τῶν</strong></span> <span class='ocrx_word' id='word_1_280' title='bbox 550 2267 650 2305; x_wconf 80' lang='grc' dir='ltr'>αὐτὸν</span> <span class='ocrx_word' id='word_1_281' title='bbox 671 2267 927 2304; x_wconf 74' lang='grc' dir='ltr'>διαὸαλλόντων</span> <span class='ocrx_word' id='word_1_282' title='bbox 953 2266 1096 2315; x_wconf 88' lang='grc' dir='ltr'>γίνεται.</span> 
     </span>
    </p>
   </div>
   <div class='ocr_carea' id='block_1_5' title="bbox 548 2345 611 2382">
    <p class='ocr_par' dir='ltr' id='par_1_5' title="bbox 548 2345 611 2382">
     <span class='ocr_line' id='line_1_37' title="bbox 548 2345 611 2382; baseline 0.032 -2"><span class='ocrx_word' id='word_1_283' title='bbox 548 2345 611 2382; x_wconf 89' lang='grc'><strong>66.</strong></span> 
     </span>
    </p>
   </div>
   <div class='ocr_carea' id='block_1_6' title="bbox 69 2415 1101 2699">
    <p class='ocr_par' dir='ltr' id='par_1_6' title="bbox 70 2415 1101 2584">
     <span class='ocr_line' id='line_1_38' title="bbox 123 2415 1100 2469; baseline -0.005 -13"><span class='ocrx_word' id='word_1_284' title='bbox 123 2418 226 2468; x_wconf 83' lang='grc' dir='ltr'>Περὶ</span> <span class='ocrx_word' id='word_1_285' title='bbox 265 2418 404 2469; x_wconf 82' lang='grc' dir='ltr'>Κύρου</span> <span class='ocrx_word' id='word_1_286' title='bbox 441 2417 654 2468; x_wconf 84' lang='grc' dir='ltr'>βασιλέως</span> <span class='ocrx_word' id='word_1_287' title='bbox 685 2419 867 2468; x_wconf 82' lang='grc' dir='ltr'>Περσῶν,</span> <span class='ocrx_word' id='word_1_288' title='bbox 903 2416 972 2453; x_wconf 83' lang='grc' dir='ltr'><strong>καὶ</strong></span> <span class='ocrx_word' id='word_1_289' title='bbox 1005 2415 1100 2465; x_wconf 83' lang='grc' dir='ltr'>περὶ</span> 
     </span>
     <span class='ocr_line' id='line_1_39' title="bbox 70 2473 1101 2525; baseline -0.005 -12"><span class='ocrx_word' id='word_1_290' title='bbox 70 2475 374 2523; x_wconf 85' lang='grc' dir='ltr'>μεταστάσεως</span> <span class='ocrx_word' id='word_1_291' title='bbox 401 2478 473 2521; x_wconf 84' lang='grc' dir='ltr'>τ’ῆς</span> <span class='ocrx_word' id='word_1_292' title='bbox 493 2478 571 2512; x_wconf 83' lang='grc' dir='ltr'><strong>τῶν</strong></span> <span class='ocrx_word' id='word_1_293' title='bbox 596 2475 754 2520; x_wconf 83' lang='grc' dir='ltr'>Μήδων</span> <span class='ocrx_word' id='word_1_294' title='bbox 786 2473 1009 2525; x_wconf 86' lang='grc' dir='ltr'>βασιλείας</span> <span class='ocrx_word' id='word_1_295' title='bbox 1044 2473 1101 2515; x_wconf 88' lang='grc' dir='ltr'><strong>εἷς</strong></span> 
     </span>
     <span class='ocr_line' id='line_1_40' title="bbox 71 2532 251 2584; baseline 0 -14"><span class='ocrx_word' id='word_1_296' title='bbox 71 2532 251 2584; x_wconf 81' lang='grc' dir='ltr'>Πέρσας.</span> 
     </span>
    </p>

    <p class='ocr_par' dir='ltr' id='par_1_7' title="bbox 69 2588 1101 2699">
     <span class='ocr_line' id='line_1_41' title="bbox 118 2588 1098 2642; baseline -0.004 -14"><span class='ocrx_word' id='word_1_297' title='bbox 118 2590 203 2630; x_wconf 62' lang='grc' dir='ltr'><strong>ἰὈτι</strong></span> <span class='ocrx_word' id='word_1_298' title='bbox 224 2594 257 2628; x_wconf 81' lang='grc' dir='ltr'>ἐν</span> <span class='ocrx_word' id='word_1_299' title='bbox 285 2594 327 2642; x_wconf 77' lang='grc' dir='ltr'><strong>τῇ</strong></span> <span class='ocrx_word' id='word_1_300' title='bbox 358 2590 452 2642; x_wconf 77' lang='grc' dir='ltr'>Ἀσίᾳ</span> <span class='ocrx_word' id='word_1_301' title='bbox 472 2590 736 2636; x_wconf 85' lang='grc' dir='ltr'>τελευτήσαντος</span> <span class='ocrx_word' id='word_1_302' title='bbox 757 2593 814 2627; x_wconf 69' lang='grc' dir='ltr'><strong>τοῦ</strong></span> <span class='ocrx_word' id='word_1_303' title='bbox 842 2588 972 2634; x_wconf 80' lang='grc' dir='ltr'>Μήδων</span> <span class='ocrx_word' id='word_1_304' title='bbox 997 2591 1098 2638; x_wconf 85' lang='grc' dir='ltr'>βασι-</span> 
     </span>
     <span class='ocr_line' id='line_1_42' title="bbox 69 2645 1101 2699; baseline -0.003 -14"><span class='ocrx_word' id='word_1_305' title='bbox 69 2649 171 2697; x_wconf 84' lang='grc' dir='ltr'>λὲως,</span> <span class='ocrx_word' id='word_1_306' title='bbox 194 2647 371 2699; x_wconf 83' lang='grc' dir='ltr'>ἐκδέχεται</span> <span class='ocrx_word' id='word_1_307' title='bbox 398 2648 459 2693; x_wconf 89' lang='grc' dir='ltr'><strong>τὴν</strong></span> <span class='ocrx_word' id='word_1_308' title='bbox 488 2648 596 2699; x_wconf 75' lang='grc' dir='ltr'>ἀρχὴν</span> <span class='ocrx_word' id='word_1_309' title='bbox 617 2648 804 2697; x_wconf 81' lang='grc' dir='ltr'>Ἀστυάγης</span> <span class='ocrx_word' id='word_1_310' title='bbox 822 2650 839 2684; x_wconf 83' lang='grc' dir='ltr'>ὃ</span> <span class='ocrx_word' id='word_1_311' title='bbox 859 2649 961 2695; x_wconf 82' lang='grc' dir='ltr'>παῖς,</span> <span class='ocrx_word' id='word_1_312' title='bbox 988 2645 1101 2683; x_wconf 80' lang='grc' dir='ltr'>ὅντινα</span> 
     </span>
    </p>
   </div>
   <div class='ocr_carea' id='block_1_7' title="bbox 2103 169 2173 199">
    <p class='ocr_par' dir='ltr' id='par_1_8' title="bbox 2103 169 2173 199">
     <span class='ocr_line' id='line_1_43' title="bbox 2103 169 2173 199; baseline 0.014 -1"><span class='ocrx_word' id='word_1_313' title='bbox 2103 169 2173 199; x_wconf 80' lang='grc'><strong>397</strong></span> 
     </span>
    </p>
   </div>
   <div class='ocr_carea' id='block_1_8' title="bbox 1151 252 2176 351">
    <p class='ocr_par' dir='ltr' id='par_1_9' title="bbox 1151 252 2176 351">
     <span class='ocr_line' id='line_1_44' title="bbox 1151 252 2176 292; baseline 0.006 -15"><span class='ocrx_word' id='word_1_314' title='bbox 1151 258 1330 288; x_wconf 76' lang='lat' dir='ltr'><strong>progressus</strong></span> <span class='ocrx_word' id='word_1_315' title='bbox 1343 260 1466 282; x_wconf 77' lang='lat' dir='ltr'><strong>summa</strong></span> <span class='ocrx_word' id='word_1_316' title='bbox 1488 260 1560 282; x_wconf 84' lang='lat' dir='ltr'><strong>cum</strong></span> <span class='ocrx_word' id='word_1_317' title='bbox 1584 252 1780 284; x_wconf 72' lang='lat' dir='ltr'><strong>modestiaet</strong></span> <span class='ocrx_word' id='word_1_318' title='bbox 1803 253 1953 292; x_wconf 59' lang='lat' dir='ltr'><strong>niquitate</strong></span> <span class='ocrx_word' id='word_1_319' title='bbox 1972 253 2061 284; x_wconf 79' lang='lat' dir='ltr'><strong>vixit.</strong></span> <span class='ocrx_word' id='word_1_320' title='bbox 2090 254 2176 284; x_wconf 75' lang='lat' dir='ltr'><strong>ldem</strong></span> 
     </span>
     <span class='ocr_line' id='line_1_45' title="bbox 1151 308 2175 351; baseline 0.004 -14"><span class='ocrx_word' id='word_1_321' title='bbox 1151 308 1321 346; x_wconf 81' lang='lat' dir='ltr'><strong>Smyrnaeis</strong></span> <span class='ocrx_word' id='word_1_322' title='bbox 1335 308 1451 339; x_wconf 85' lang='lat' dir='ltr'><strong>bellum</strong></span> <span class='ocrx_word' id='word_1_323' title='bbox 1467 310 1587 347; x_wconf 83' lang='lat' dir='ltr'><strong>intulit,</strong></span> <span class='ocrx_word' id='word_1_324' title='bbox 1603 310 1792 350; x_wconf 75' lang='lat' dir='ltr'>tandemque</span> <span class='ocrx_word' id='word_1_325' title='bbox 1809 311 1958 350; x_wconf 90' lang='lat' dir='ltr'><strong>oppidum</strong></span> <span class='ocrx_word' id='word_1_326' title='bbox 1973 311 2175 351; x_wconf 77' lang='lat' dir='ltr'><strong>expugnavit.</strong></span> 
     </span>
    </p>
   </div>
   <div class='ocr_carea' id='block_1_9' title="bbox 1639 400 1695 432">
    <p class='ocr_par' dir='ltr' id='par_1_10' title="bbox 1639 400 1695 432">
     <span class='ocr_line' id='line_1_46' title="bbox 1639 400 1695 432; baseline 0.018 -2"><span class='ocrx_word' id='word_1_327' title='bbox 1639 400 1695 432; x_wconf 80' lang='lat'><strong>65.</strong></span> 
     </span>
    </p>
   </div>
   <div class='ocr_carea' id='block_1_10' title="bbox 1153 485 2183 964">
    <p class='ocr_par' dir='ltr' id='par_1_11' title="bbox 1153 485 2183 964">
     <span class='ocr_line' id='line_1_47' title="bbox 1193 485 2174 528; baseline 0.007 -15"><span class='ocrx_word' id='word_1_328' title='bbox 1193 486 1299 520; x_wconf 88' lang='lat' dir='ltr'><strong>Quum</strong></span> <span class='ocrx_word' id='word_1_329' title='bbox 1317 485 1473 524; x_wconf 77' lang='lat' dir='ltr'><strong>Alyattes,</strong></span> <span class='ocrx_word' id='word_1_330' title='bbox 1494 486 1593 517; x_wconf 78' lang='lat' dir='ltr'><strong>Croesi</strong></span> <span class='ocrx_word' id='word_1_331' title='bbox 1611 487 1771 526; x_wconf 80' lang='lat' dir='ltr'>Lydorum</span> <span class='ocrx_word' id='word_1_332' title='bbox 1786 489 1864 527; x_wconf 81' lang='lat' dir='ltr'><strong>regis</strong></span> <span class='ocrx_word' id='word_1_333' title='bbox 1874 491 1973 528; x_wconf 86' lang='lat' dir='ltr'><strong>pater,</strong></span> <span class='ocrx_word' id='word_1_334' title='bbox 1989 489 2107 520; x_wconf 88' lang='lat' dir='ltr'><strong>bellum</strong></span> <span class='ocrx_word' id='word_1_335' title='bbox 2119 490 2174 520; x_wconf 82' lang='lat' dir='ltr'><strong>Ca-</strong></span> 
     </span>
     <span class='ocr_line' id='line_1_48' title="bbox 1153 546 2178 591; baseline 0.007 -15"><span class='ocrx_word' id='word_1_336' title='bbox 1153 546 1239 577; x_wconf 82' lang='lat' dir='ltr'><strong>ribus</strong></span> <span class='ocrx_word' id='word_1_337' title='bbox 1248 546 1362 578; x_wconf 83' lang='lat' dir='ltr'><strong>inferre</strong></span> <span class='ocrx_word' id='word_1_338' title='bbox 1373 547 1479 586; x_wconf 86' lang='lat' dir='ltr'><strong>vellet,</strong></span> <span class='ocrx_word' id='word_1_339' title='bbox 1492 548 1646 587; x_wconf 67' lang='lat' dir='ltr'><strong>praesectis</strong></span> <span class='ocrx_word' id='word_1_340' title='bbox 1659 550 1733 588; x_wconf 87' lang='lat' dir='ltr'><strong>suis,</strong></span> <span class='ocrx_word' id='word_1_341' title='bbox 1745 552 1825 581; x_wconf 89' lang='lat' dir='ltr'><strong>inter</strong></span> <span class='ocrx_word' id='word_1_342' title='bbox 1835 559 1914 590; x_wconf 90' lang='lat' dir='ltr'><strong>quos</strong></span> <span class='ocrx_word' id='word_1_343' title='bbox 1926 553 1958 582; x_wconf 85' lang='lat' dir='ltr'><strong>et</strong></span> <span class='ocrx_word' id='word_1_344' title='bbox 1970 553 2090 591; x_wconf 81' lang='lat' dir='ltr'><strong>Croeso,</strong></span> <span class='ocrx_word' id='word_1_345' title='bbox 2103 554 2178 584; x_wconf 84' lang='lat' dir='ltr'><strong>natu</strong></span> 
     </span>
     <span class='ocr_line' id='line_1_49' title="bbox 1153 608 2179 653; baseline 0.007 -15"><span class='ocrx_word' id='word_1_346' title='bbox 1153 609 1305 646; x_wconf 85' lang='lat' dir='ltr'><strong>maximo,</strong></span> <span class='ocrx_word' id='word_1_347' title='bbox 1323 608 1378 648; x_wconf 88' lang='lat' dir='ltr'><strong>qui</strong></span> <span class='ocrx_word' id='word_1_348' title='bbox 1392 608 1591 648; x_wconf 83' lang='lat' dir='ltr'><strong>Adramyttio</strong></span> <span class='ocrx_word' id='word_1_349' title='bbox 1606 619 1642 640; x_wconf 85' lang='lat' dir='ltr'><strong>ac</strong></span> <span class='ocrx_word' id='word_1_350' title='bbox 1655 611 1777 642; x_wconf 81' lang='lat' dir='ltr'><strong>Thebes</strong></span> <span class='ocrx_word' id='word_1_351' title='bbox 1790 620 1901 652; x_wconf 84' lang='lat' dir='ltr'><strong>campo</strong></span> <span class='ocrx_word' id='word_1_352' title='bbox 1920 614 2088 652; x_wconf 77' lang='lat' dir='ltr'><strong>praefectus</strong></span> <span class='ocrx_word' id='word_1_353' title='bbox 2101 618 2179 653; x_wconf 83' lang='lat' dir='ltr'><strong>erat,</strong></span> 
     </span>
     <span class='ocr_line' id='line_1_50' title="bbox 1154 671 2182 713; baseline 0.006 -11"><span class='ocrx_word' id='word_1_354' title='bbox 1154 671 1333 709; x_wconf 86' lang='lat' dir='ltr'><strong>mandavit,</strong></span> <span class='ocrx_word' id='word_1_355' title='bbox 1357 672 1393 702; x_wconf 94' lang='lat' dir='ltr'><strong>ut</strong></span> <span class='ocrx_word' id='word_1_356' title='bbox 1405 671 1516 710; x_wconf 81' lang='lat' dir='ltr'>singuli</span> <span class='ocrx_word' id='word_1_357' title='bbox 1533 672 1707 710; x_wconf 80' lang='lat' dir='ltr'><strong>praestituta</strong></span> <span class='ocrx_word' id='word_1_358' title='bbox 1722 673 1771 703; x_wconf 89' lang='lat' dir='ltr'><strong>die</strong></span> <span class='ocrx_word' id='word_1_359' title='bbox 1788 674 1892 713; x_wconf 86' lang='lat' dir='ltr'><strong>copias</strong></span> <span class='ocrx_word' id='word_1_360' title='bbox 1906 675 2097 707; x_wconf 78' lang='lat' dir='ltr'><strong>adducerent</strong></span> <span class='ocrx_word' id='word_1_361' title='bbox 2111 679 2182 708; x_wconf 84' lang='lat' dir='ltr'><strong>Sar-</strong></span> 
     </span>
     <span class='ocr_line' id='line_1_51' title="bbox 1153 735 2183 775; baseline 0.004 -9"><span class='ocrx_word' id='word_1_362' title='bbox 1153 735 1218 766; x_wconf 87' lang='lat' dir='ltr'><strong>des.</strong></span> <span class='ocrx_word' id='word_1_363' title='bbox 1238 736 1278 766; x_wconf 90' lang='lat' dir='ltr'><strong>At</strong></span> <span class='ocrx_word' id='word_1_364' title='bbox 1288 736 1416 766; x_wconf 78' lang='lat' dir='ltr'><strong>Croesus</strong></span> <span class='ocrx_word' id='word_1_365' title='bbox 1429 743 1494 774; x_wconf 85' lang='lat' dir='ltr'><strong>prae</strong></span> <span class='ocrx_word' id='word_1_366' title='bbox 1508 735 1748 774; x_wconf 80' lang='lat' dir='ltr'><strong>intemperantia</strong></span> <span class='ocrx_word' id='word_1_367' title='bbox 1765 737 1864 775; x_wconf 83' lang='lat' dir='ltr'><strong>segnis</strong></span> <span class='ocrx_word' id='word_1_368' title='bbox 1877 738 2047 769; x_wconf 82' lang='lat' dir='ltr'>admodum</span> <span class='ocrx_word' id='word_1_369' title='bbox 2062 742 2093 770; x_wconf 68' lang='lat' dir='ltr'><strong>vt</strong></span> <span class='ocrx_word' id='word_1_370' title='bbox 2109 740 2183 771; x_wconf 84' lang='lat' dir='ltr'><strong>alio-</strong></span> 
     </span>
     <span class='ocr_line' id='line_1_52' title="bbox 1154 798 2181 842; baseline 0.007 -13"><span class='ocrx_word' id='word_1_371' title='bbox 1154 799 1339 838; x_wconf 83' lang='lat' dir='ltr'><strong>quisinistra</strong></span> <span class='ocrx_word' id='word_1_372' title='bbox 1349 798 1433 838; x_wconf 85' lang='lat' dir='ltr'><strong>apud</strong></span> <span class='ocrx_word' id='word_1_373' title='bbox 1444 800 1565 838; x_wconf 88' lang='lat' dir='ltr'><strong>patrem</strong></span> <span class='ocrx_word' id='word_1_374' title='bbox 1579 799 1662 829; x_wconf 82' lang='lat' dir='ltr'><strong>fama</strong></span> <span class='ocrx_word' id='word_1_375' title='bbox 1673 800 1748 829; x_wconf 86' lang='lat' dir='ltr'><strong>erat.</strong></span> <span class='ocrx_word' id='word_1_376' title='bbox 1763 800 1823 830; x_wconf 88' lang='lat' dir='ltr'><strong>Sed</strong></span> <span class='ocrx_word' id='word_1_377' title='bbox 1836 810 1934 839; x_wconf 91' lang='lat' dir='ltr'><strong>quum</strong></span> <span class='ocrx_word' id='word_1_378' title='bbox 1948 812 1985 833; x_wconf 91' lang='lat' dir='ltr'><strong>eo</strong></span> <span class='ocrx_word' id='word_1_379' title='bbox 1997 803 2027 833; x_wconf 89' lang='lat' dir='ltr'><strong>in</strong></span> <span class='ocrx_word' id='word_1_380' title='bbox 2039 805 2181 842; x_wconf 84' lang='lat' dir='ltr'><strong>tempore</strong></span> 
     </span>
     <span class='ocr_line' id='line_1_53' title="bbox 1156 862 2177 902; baseline 0.004 -8"><span class='ocrx_word' id='word_1_381' title='bbox 1156 863 1288 895; x_wconf 82' lang='lat' dir='ltr'><strong>liberare</strong></span> <span class='ocrx_word' id='word_1_382' title='bbox 1305 872 1338 894; x_wconf 87' lang='lat' dir='ltr'><strong>se</strong></span> <span class='ocrx_word' id='word_1_383' title='bbox 1360 863 1487 894; x_wconf 77' lang='lat' dir='ltr'><strong>infamia</strong></span> <span class='ocrx_word' id='word_1_384' title='bbox 1510 871 1546 893; x_wconf 87' lang='lat' dir='ltr'><strong>ac</strong></span> <span class='ocrx_word' id='word_1_385' title='bbox 1568 862 1743 902; x_wconf 82' lang='lat' dir='ltr'><strong>suspicione</strong></span> <span class='ocrx_word' id='word_1_386' title='bbox 1760 863 1871 902; x_wconf 88' lang='lat' dir='ltr'><strong>vellet,</strong></span> <span class='ocrx_word' id='word_1_387' title='bbox 1897 866 2037 896; x_wconf 83' lang='lat' dir='ltr'><strong>ceterum</strong></span> <span class='ocrx_word' id='word_1_388' title='bbox 2057 870 2177 898; x_wconf 73' lang='lat' dir='ltr'><strong>careret</strong></span> 
     </span>
     <span class='ocr_line' id='line_1_54' title="bbox 1156 925 2182 964; baseline 0.002 -8"><span class='ocrx_word' id='word_1_389' title='bbox 1156 925 1287 964; x_wconf 88' lang='lat' dir='ltr'><strong>pecunia</strong></span> <span class='ocrx_word' id='word_1_390' title='bbox 1309 934 1372 964; x_wconf 83' lang='lat' dir='ltr'><strong>qua</strong></span> <span class='ocrx_word' id='word_1_391' title='bbox 1401 925 1578 956; x_wconf 80' lang='lat' dir='ltr'><strong>conducere</strong></span> <span class='ocrx_word' id='word_1_392' title='bbox 1603 925 1717 955; x_wconf 84' lang='lat' dir='ltr'><strong>milites</strong></span> <span class='ocrx_word' id='word_1_393' title='bbox 1744 927 1847 964; x_wconf 89' lang='lat' dir='ltr'><strong>posset</strong></span> <span class='ocrx_word' id='word_1_394' title='bbox 1868 925 2079 964; x_wconf 86' lang='lat' dir='ltr'><strong>(mercenario</strong></span> <span class='ocrx_word' id='word_1_395' title='bbox 2099 928 2182 959; x_wconf 91' lang='lat' dir='ltr'><strong>enim</strong></span> 
     </span>
    </p>
   </div>
   <div class='ocr_carea' id='block_1_11' title="bbox 1155 989 2189 2305">
    <p class='ocr_par' dir='ltr' id='par_1_12' title="bbox 1155 989 2189 2305">
     <span class='ocr_line' id='line_1_55' title="bbox 1156 989 2182 1031; baseline 0.004 -12"><span class='ocrx_word' id='word_1_396' title='bbox 1156 989 1255 1021; x_wconf 87' lang='lat' dir='ltr'><strong>milite</strong></span> <span class='ocrx_word' id='word_1_397' title='bbox 1272 989 1477 1029; x_wconf 86' lang='lat' dir='ltr'><strong>utebantur),</strong></span> <span class='ocrx_word' id='word_1_398' title='bbox 1489 989 1670 1028; x_wconf 79' lang='lat' dir='ltr'><strong>Sadyattem</strong></span> <span class='ocrx_word' id='word_1_399' title='bbox 1685 990 1891 1020; x_wconf 79' lang='lat' dir='ltr'><strong>mercatorem</strong></span> <span class='ocrx_word' id='word_1_400' title='bbox 1904 991 2073 1022; x_wconf 75' lang='lat' dir='ltr'><strong>foenerandi</strong></span> <span class='ocrx_word' id='word_1_401' title='bbox 2086 993 2182 1031; x_wconf 76' lang='lat' dir='ltr'><strong>gratia</strong></span> 
     </span>
     <span class='ocr_line' id='line_1_56' title="bbox 1155 1047 2182 1088; baseline 0.002 -10"><span class='ocrx_word' id='word_1_402' title='bbox 1155 1047 1251 1086; x_wconf 86' lang='lat' dir='ltr'><strong>adiit,</strong></span> <span class='ocrx_word' id='word_1_403' title='bbox 1268 1047 1372 1078; x_wconf 89' lang='lat' dir='ltr'><strong>virum</strong></span> <span class='ocrx_word' id='word_1_404' title='bbox 1399 1047 1496 1078; x_wconf 87' lang='lat' dir='ltr'><strong>totius</strong></span> <span class='ocrx_word' id='word_1_405' title='bbox 1515 1047 1623 1087; x_wconf 79' lang='lat' dir='ltr'><strong>Lydiae</strong></span> <span class='ocrx_word' id='word_1_406' title='bbox 1650 1047 1935 1086; x_wconf 86' lang='lat' dir='ltr'><strong>opulentissimum.</strong></span> <span class='ocrx_word' id='word_1_407' title='bbox 1960 1049 2021 1085; x_wconf 90' lang='lat' dir='ltr'><strong>Qui</strong></span> <span class='ocrx_word' id='word_1_408' title='bbox 2046 1049 2182 1088; x_wconf 89' lang='lat' dir='ltr'><strong>primum</strong></span> 
     </span>
     <span class='ocr_line' id='line_1_57' title="bbox 1156 1105 2181 1146; baseline 0.002 -10"><span class='ocrx_word' id='word_1_409' title='bbox 1156 1106 1284 1146; x_wconf 91' lang='lat' dir='ltr'><strong>quidem</strong></span> <span class='ocrx_word' id='word_1_410' title='bbox 1298 1107 1444 1137; x_wconf 83' lang='lat' dir='ltr'><strong>Croesum</strong></span> <span class='ocrx_word' id='word_1_411' title='bbox 1456 1105 1642 1145; x_wconf 76' lang='lat' dir='ltr'><strong>proforibus</strong></span> <span class='ocrx_word' id='word_1_412' title='bbox 1652 1105 1799 1144; x_wconf 84' lang='lat' dir='ltr'><strong>opperiri,</strong></span> <span class='ocrx_word' id='word_1_413' title='bbox 1811 1105 1912 1137; x_wconf 87' lang='lat' dir='ltr'><strong>donec</strong></span> <span class='ocrx_word' id='word_1_414' title='bbox 1922 1106 2059 1144; x_wconf 86' lang='lat' dir='ltr'><strong>lavisset,</strong></span> <span class='ocrx_word' id='word_1_415' title='bbox 2071 1107 2162 1146; x_wconf 86' lang='lat' dir='ltr'><strong>jussit</strong></span> <span class='ocrx_word' id='word_1_416' title='bbox 2173 1120 2181 1146; x_wconf 90' lang='lat'>;</span> 
     </span>
     <span class='ocr_line' id='line_1_58' title="bbox 1155 1163 2185 1203; baseline 0.003 -10"><span class='ocrx_word' id='word_1_417' title='bbox 1155 1163 1267 1195; x_wconf 90' lang='lat' dir='ltr'><strong>deinde</strong></span> <span class='ocrx_word' id='word_1_418' title='bbox 1284 1163 1456 1203; x_wconf 81' lang='lat' dir='ltr'><strong>postulanti</strong></span> <span class='ocrx_word' id='word_1_419' title='bbox 1473 1172 1657 1202; x_wconf 86' lang='lat' dir='ltr'><strong>responsum</strong></span> <span class='ocrx_word' id='word_1_420' title='bbox 1671 1163 1757 1194; x_wconf 88' lang='lat' dir='ltr'><strong>dedit</strong></span> <span class='ocrx_word' id='word_1_421' title='bbox 1772 1172 1781 1194; x_wconf 90' lang='lat'><strong>:</strong></span> <span class='ocrx_word' id='word_1_422' title='bbox 1804 1163 1922 1202; x_wconf 86' lang='lat' dir='ltr'><strong>Alyatti</strong></span> <span class='ocrx_word' id='word_1_423' title='bbox 1943 1165 2050 1203; x_wconf 91' lang='lat' dir='ltr'><strong>plures</strong></span> <span class='ocrx_word' id='word_1_424' title='bbox 2071 1165 2185 1196; x_wconf 82' lang='lat' dir='ltr'><strong>liberos</strong></span> 
     </span>
     <span class='ocr_line' id='line_1_59' title="bbox 1155 1221 2184 1262; baseline 0.002 -10"><span class='ocrx_word' id='word_1_425' title='bbox 1155 1230 1221 1253; x_wconf 90' lang='lat' dir='ltr'><strong>esse</strong></span> <span class='ocrx_word' id='word_1_426' title='bbox 1234 1245 1242 1259; x_wconf 86' lang='lat'><strong>,</strong></span> <span class='ocrx_word' id='word_1_427' title='bbox 1260 1222 1374 1261; x_wconf 90' lang='lat' dir='ltr'><strong>quibus</strong></span> <span class='ocrx_word' id='word_1_428' title='bbox 1387 1221 1535 1252; x_wconf 90' lang='lat' dir='ltr'><strong>omnibus</strong></span> <span class='ocrx_word' id='word_1_429' title='bbox 1550 1222 1575 1252; x_wconf 91' lang='lat' dir='ltr'><strong>si</strong></span> <span class='ocrx_word' id='word_1_430' title='bbox 1589 1222 1732 1252; x_wconf 88' lang='lat' dir='ltr'><strong>mutuam</strong></span> <span class='ocrx_word' id='word_1_431' title='bbox 1754 1221 1921 1261; x_wconf 87' lang='lat' dir='ltr'><strong>pecuniam</strong></span> <span class='ocrx_word' id='word_1_432' title='bbox 1942 1222 2016 1254; x_wconf 85' lang='lat' dir='ltr'><strong>dare</strong></span> <span class='ocrx_word' id='word_1_433' title='bbox 2030 1231 2109 1262; x_wconf 90' lang='lat' dir='ltr'><strong>opus</strong></span> <span class='ocrx_word' id='word_1_434' title='bbox 2127 1225 2184 1261; x_wconf 84' lang='lat' dir='ltr'><strong>sit,</strong></span> 
     </span>
     <span class='ocr_line' id='line_1_60' title="bbox 1156 1279 2184 1320; baseline 0 -11"><span class='ocrx_word' id='word_1_435' title='bbox 1156 1279 1402 1320; x_wconf 77' lang='lat' dir='ltr'>haudquaquam</span> <span class='ocrx_word' id='word_1_436' title='bbox 1421 1288 1454 1310; x_wconf 89' lang='lat' dir='ltr'><strong>se</strong></span> <span class='ocrx_word' id='word_1_437' title='bbox 1478 1280 1697 1310; x_wconf 78' lang='lat' dir='ltr'><strong>suffecturum.</strong></span> <span class='ocrx_word' id='word_1_438' title='bbox 1719 1280 1768 1310; x_wconf 85' lang='lat' dir='ltr'><strong>lta</strong></span> <span class='ocrx_word' id='word_1_439' title='bbox 1786 1280 1914 1310; x_wconf 86' lang='lat' dir='ltr'><strong>Croesus</strong></span> <span class='ocrx_word' id='word_1_440' title='bbox 1932 1280 2090 1319; x_wconf 84' lang='lat' dir='ltr'><strong>repulsam</strong></span> <span class='ocrx_word' id='word_1_441' title='bbox 2112 1289 2184 1319; x_wconf 68' lang='lat' dir='ltr'><strong>pas-</strong></span> 
     </span>
     <span class='ocr_line' id='line_1_61' title="bbox 1156 1336 2186 1377; baseline 0.001 -10"><span class='ocrx_word' id='word_1_442' title='bbox 1156 1346 1225 1376; x_wconf 91' lang='lat' dir='ltr'><strong>sus,</strong></span> <span class='ocrx_word' id='word_1_443' title='bbox 1249 1338 1410 1377; x_wconf 83' lang='lat' dir='ltr'><strong>Ephesum</strong></span> <span class='ocrx_word' id='word_1_444' title='bbox 1434 1337 1474 1367; x_wconf 90' lang='lat' dir='ltr'><strong>ad</strong></span> <span class='ocrx_word' id='word_1_445' title='bbox 1505 1336 1753 1376; x_wconf 83' lang='lat' dir='ltr'><strong>conquirendam</strong></span> <span class='ocrx_word' id='word_1_446' title='bbox 1774 1337 1940 1376; x_wconf 84' lang='lat' dir='ltr'><strong>pecuniam</strong></span> <span class='ocrx_word' id='word_1_447' title='bbox 1962 1336 2122 1368; x_wconf 83' lang='lat' dir='ltr'><strong>abscessit.</strong></span> <span class='ocrx_word' id='word_1_448' title='bbox 2148 1340 2186 1368; x_wconf 79' lang='lat' dir='ltr'><strong>Et</strong></span> 
     </span>
     <span class='ocr_line' id='line_1_62' title="bbox 1156 1394 2186 1436; baseline -0.001 -10"><span class='ocrx_word' id='word_1_449' title='bbox 1156 1398 1224 1426; x_wconf 89' lang='lat' dir='ltr'><strong>tum</strong></span> <span class='ocrx_word' id='word_1_450' title='bbox 1237 1396 1365 1436; x_wconf 88' lang='lat' dir='ltr'><strong>quidem</strong></span> <span class='ocrx_word' id='word_1_451' title='bbox 1380 1395 1489 1426; x_wconf 81' lang='lat' dir='ltr'><strong>Dianae</strong></span> <span class='ocrx_word' id='word_1_452' title='bbox 1505 1395 1631 1426; x_wconf 90' lang='lat' dir='ltr'><strong>vovisse</strong></span> <span class='ocrx_word' id='word_1_453' title='bbox 1647 1394 1773 1433; x_wconf 86' lang='lat' dir='ltr'><strong>dicitur,</strong></span> <span class='ocrx_word' id='word_1_454' title='bbox 1790 1395 1815 1426; x_wconf 91' lang='lat' dir='ltr'><strong>si</strong></span> <span class='ocrx_word' id='word_1_455' title='bbox 1829 1394 1957 1434; x_wconf 83' lang='lat' dir='ltr'><strong>quando</strong></span> <span class='ocrx_word' id='word_1_456' title='bbox 1970 1404 2101 1434; x_wconf 84' lang='lat' dir='ltr'><strong>regnum</strong></span> <span class='ocrx_word' id='word_1_457' title='bbox 2116 1396 2186 1426; x_wconf 86' lang='lat' dir='ltr'><strong>ade-</strong></span> 
     </span>
     <span class='ocr_line' id='line_1_63' title="bbox 1158 1452 2185 1494; baseline -0.002 -9"><span class='ocrx_word' id='word_1_458' title='bbox 1158 1455 1229 1494; x_wconf 90' lang='lat' dir='ltr'><strong>ptus</strong></span> <span class='ocrx_word' id='word_1_459' title='bbox 1248 1455 1349 1492; x_wconf 89' lang='lat' dir='ltr'><strong>esset,</strong></span> <span class='ocrx_word' id='word_1_460' title='bbox 1369 1454 1485 1484; x_wconf 85' lang='lat' dir='ltr'><strong>cuncta</strong></span> <span class='ocrx_word' id='word_1_461' title='bbox 1500 1461 1533 1483; x_wconf 93' lang='lat' dir='ltr'><strong>se</strong></span> <span class='ocrx_word' id='word_1_462' title='bbox 1558 1452 1741 1483; x_wconf 87' lang='lat' dir='ltr'><strong>mercatoris</strong></span> <span class='ocrx_word' id='word_1_463' title='bbox 1764 1452 1846 1483; x_wconf 85' lang='lat' dir='ltr'><strong>bona</strong></span> <span class='ocrx_word' id='word_1_464' title='bbox 1867 1452 1896 1483; x_wconf 89' lang='lat' dir='ltr'><strong>ei</strong></span> <span class='ocrx_word' id='word_1_465' title='bbox 1917 1454 2185 1484; x_wconf 87' lang='lat' dir='ltr'><strong>consecraturum.</strong></span> 
     </span>
     <span class='ocr_line' id='line_1_64' title="bbox 1157 1510 2185 1551; baseline -0.004 -8"><span class='ocrx_word' id='word_1_466' title='bbox 1157 1513 1304 1544; x_wconf 88' lang='lat' dir='ltr'><strong>Ceterum</strong></span> <span class='ocrx_word' id='word_1_467' title='bbox 1318 1511 1492 1551; x_wconf 87' lang='lat' dir='ltr'><strong>Pamphaes</strong></span> <span class='ocrx_word' id='word_1_468' title='bbox 1505 1510 1634 1549; x_wconf 89' lang='lat' dir='ltr'><strong>quidam</strong></span> <span class='ocrx_word' id='word_1_469' title='bbox 1650 1512 1717 1541; x_wconf 88' lang='lat' dir='ltr'><strong>erat</strong></span> <span class='ocrx_word' id='word_1_470' title='bbox 1734 1511 1846 1550; x_wconf 84' lang='lat' dir='ltr'><strong>Ephesi</strong></span> <span class='ocrx_word' id='word_1_471' title='bbox 1856 1510 2080 1542; x_wconf 82' lang='lat' dir='ltr'><strong>Theocharidae</strong></span> <span class='ocrx_word' id='word_1_472' title='bbox 2091 1511 2185 1549; x_wconf 72' lang='lat' dir='ltr'><strong>filius,</strong></span> 
     </span>
     <span class='ocr_line' id='line_1_65' title="bbox 1158 1568 2186 1609; baseline -0.001 -9"><span class='ocrx_word' id='word_1_473' title='bbox 1158 1570 1215 1600; x_wconf 90' lang='lat' dir='ltr'><strong>viri</strong></span> <span class='ocrx_word' id='word_1_474' title='bbox 1246 1569 1330 1609; x_wconf 89' lang='lat' dir='ltr'><strong>apud</strong></span> <span class='ocrx_word' id='word_1_475' title='bbox 1353 1571 1444 1601; x_wconf 91' lang='lat' dir='ltr'><strong>Iones</strong></span> <span class='ocrx_word' id='word_1_476' title='bbox 1465 1569 1627 1608; x_wconf 84' lang='lat' dir='ltr'><strong>ditissimi,</strong></span> <span class='ocrx_word' id='word_1_477' title='bbox 1646 1568 1701 1608; x_wconf 90' lang='lat' dir='ltr'><strong>qui</strong></span> <span class='ocrx_word' id='word_1_478' title='bbox 1717 1577 1815 1608; x_wconf 89' lang='lat' dir='ltr'><strong>quum</strong></span> <span class='ocrx_word' id='word_1_479' title='bbox 1830 1569 1929 1600; x_wconf 82' lang='lat' dir='ltr'><strong>Croesi</strong></span> <span class='ocrx_word' id='word_1_480' title='bbox 1945 1569 2067 1600; x_wconf 84' lang='lat' dir='ltr'><strong>amicus</strong></span> <span class='ocrx_word' id='word_1_481' title='bbox 2088 1570 2186 1607; x_wconf 82' lang='lat' dir='ltr'><strong>esset,</strong></span> 
     </span>
     <span class='ocr_line' id='line_1_66' title="bbox 1158 1626 2186 1667; baseline -0.001 -9"><span class='ocrx_word' id='word_1_482' title='bbox 1158 1628 1289 1667; x_wconf 82' lang='lat' dir='ltr'><strong>ejusque</strong></span> <span class='ocrx_word' id='word_1_483' title='bbox 1301 1627 1442 1658; x_wconf 92' lang='lat' dir='ltr'><strong>studium</strong></span> <span class='ocrx_word' id='word_1_484' title='bbox 1464 1635 1501 1657; x_wconf 87' lang='lat' dir='ltr'><strong>ac</strong></span> <span class='ocrx_word' id='word_1_485' title='bbox 1522 1627 1739 1658; x_wconf 86' lang='lat' dir='ltr'><strong>necessitatem</strong></span> <span class='ocrx_word' id='word_1_486' title='bbox 1755 1626 1959 1666; x_wconf 83' lang='lat' dir='ltr'><strong>intelligeret,</strong></span> <span class='ocrx_word' id='word_1_487' title='bbox 1985 1627 2070 1657; x_wconf 91' lang='lat' dir='ltr'><strong>omni</strong></span> <span class='ocrx_word' id='word_1_488' title='bbox 2087 1635 2146 1666; x_wconf 90' lang='lat' dir='ltr'><strong>ope</strong></span> <span class='ocrx_word' id='word_1_489' title='bbox 2168 1636 2186 1657; x_wconf 87' lang='lat' dir='ltr'><strong>a</strong></span> 
     </span>
     <span class='ocr_line' id='line_1_67' title="bbox 1159 1684 2185 1725; baseline -0.002 -9"><span class='ocrx_word' id='word_1_490' title='bbox 1159 1687 1247 1725; x_wconf 87' lang='lat' dir='ltr'><strong>patre</strong></span> <span class='ocrx_word' id='word_1_491' title='bbox 1259 1685 1432 1724; x_wconf 75' lang='lat' dir='ltr'><strong>contendit,</strong></span> <span class='ocrx_word' id='word_1_492' title='bbox 1444 1684 1501 1715; x_wconf 90' lang='lat' dir='ltr'><strong>sibi</strong></span> <span class='ocrx_word' id='word_1_493' title='bbox 1512 1685 1549 1715; x_wconf 89' lang='lat' dir='ltr'><strong>ut</strong></span> <span class='ocrx_word' id='word_1_494' title='bbox 1561 1684 1646 1715; x_wconf 91' lang='lat' dir='ltr'><strong>mille</strong></span> <span class='ocrx_word' id='word_1_495' title='bbox 1657 1692 1768 1715; x_wconf 87' lang='lat' dir='ltr'><strong>aureos</strong></span> <span class='ocrx_word' id='word_1_496' title='bbox 1781 1684 1856 1715; x_wconf 87' lang='lat' dir='ltr'><strong>dare</strong></span> <span class='ocrx_word' id='word_1_497' title='bbox 1869 1684 1973 1715; x_wconf 89' lang='lat' dir='ltr'><strong>vellet.</strong></span> <span class='ocrx_word' id='word_1_498' title='bbox 1990 1686 2076 1721; x_wconf 89' lang='lat' dir='ltr'><strong>Quos</strong></span> <span class='ocrx_word' id='word_1_499' title='bbox 2086 1693 2185 1724; x_wconf 90' lang='lat' dir='ltr'><strong>quum</strong></span> 
     </span>
     <span class='ocr_line' id='line_1_68' title="bbox 1158 1741 2184 1783; baseline -0.002 -9"><span class='ocrx_word' id='word_1_500' title='bbox 1158 1743 1373 1783; x_wconf 73' lang='lat' dir='ltr'><strong>impetrasset,</strong></span> <span class='ocrx_word' id='word_1_501' title='bbox 1387 1742 1493 1773; x_wconf 85' lang='lat' dir='ltr'><strong>statim</strong></span> <span class='ocrx_word' id='word_1_502' title='bbox 1507 1744 1616 1773; x_wconf 83' lang='lat' dir='ltr'><strong>Croeso</strong></span> <span class='ocrx_word' id='word_1_503' title='bbox 1633 1741 1774 1772; x_wconf 85' lang='lat' dir='ltr'><strong>tradidit.</strong></span> <span class='ocrx_word' id='word_1_504' title='bbox 1792 1744 1828 1773; x_wconf 93' lang='lat' dir='ltr'><strong>In</strong></span> <span class='ocrx_word' id='word_1_505' title='bbox 1842 1741 1934 1780; x_wconf 78' lang='lat' dir='ltr'><strong>quus</strong></span> <span class='ocrx_word' id='word_1_506' title='bbox 1951 1742 2089 1773; x_wconf 73' lang='lat' dir='ltr'><strong>beneficii</strong></span> <span class='ocrx_word' id='word_1_507' title='bbox 2112 1751 2184 1781; x_wconf 81' lang='lat' dir='ltr'><strong>gra-</strong></span> 
     </span>
     <span class='ocr_line' id='line_1_69' title="bbox 1158 1800 2188 1840; baseline 0 -9"><span class='ocrx_word' id='word_1_508' title='bbox 1158 1802 1235 1832; x_wconf 82' lang='lat' dir='ltr'><strong>tiam</strong></span> <span class='ocrx_word' id='word_1_509' title='bbox 1250 1800 1451 1840; x_wconf 87' lang='lat' dir='ltr'><strong>postmodum</strong></span> <span class='ocrx_word' id='word_1_510' title='bbox 1469 1802 1595 1831; x_wconf 77' lang='lat' dir='ltr'><strong>Croesus</strong></span> <span class='ocrx_word' id='word_1_511' title='bbox 1614 1808 1746 1840; x_wconf 80' lang='lat' dir='ltr'><strong>regnum</strong></span> <span class='ocrx_word' id='word_1_512' title='bbox 1769 1800 1975 1839; x_wconf 82' lang='lat' dir='ltr'><strong>consecutus,</strong></span> <span class='ocrx_word' id='word_1_513' title='bbox 1999 1808 2188 1840; x_wconf 85' lang='lat' dir='ltr'><strong>magnopere</strong></span> 
     </span>
     <span class='ocr_line' id='line_1_70' title="bbox 1159 1857 2185 1897; baseline 0 -9"><span class='ocrx_word' id='word_1_514' title='bbox 1159 1867 1231 1889; x_wconf 91' lang='lat' dir='ltr'><strong>eum</strong></span> <span class='ocrx_word' id='word_1_515' title='bbox 1245 1858 1335 1889; x_wconf 84' lang='lat' dir='ltr'><strong>auxit</strong></span> <span class='ocrx_word' id='word_1_516' title='bbox 1348 1859 1444 1897; x_wconf 88' lang='lat' dir='ltr'><strong>atque</strong></span> <span class='ocrx_word' id='word_1_517' title='bbox 1459 1858 1602 1896; x_wconf 88' lang='lat' dir='ltr'><strong>ornavit,</strong></span> <span class='ocrx_word' id='word_1_518' title='bbox 1628 1858 1660 1888; x_wconf 91' lang='lat' dir='ltr'><strong>et</strong></span> <span class='ocrx_word' id='word_1_519' title='bbox 1685 1857 1716 1888; x_wconf 90' lang='lat' dir='ltr'><strong>in</strong></span> <span class='ocrx_word' id='word_1_520' title='bbox 1739 1866 1843 1888; x_wconf 88' lang='lat' dir='ltr'><strong>arcem</strong></span> <span class='ocrx_word' id='word_1_521' title='bbox 1863 1857 2041 1888; x_wconf 87' lang='lat' dir='ltr'><strong>introducto</strong></span> <span class='ocrx_word' id='word_1_522' title='bbox 2059 1858 2185 1897; x_wconf 88' lang='lat' dir='ltr'><strong>plenum</strong></span> 
     </span>
     <span class='ocr_line' id='line_1_71' title="bbox 1160 1915 2188 1956; baseline -0.001 -9"><span class='ocrx_word' id='word_1_523' title='bbox 1160 1925 1237 1947; x_wconf 89' lang='lat' dir='ltr'><strong>auro</strong></span> <span class='ocrx_word' id='word_1_524' title='bbox 1250 1917 1426 1956; x_wconf 84' lang='lat' dir='ltr'><strong>plaustrum</strong></span> <span class='ocrx_word' id='word_1_525' title='bbox 1440 1916 1466 1946; x_wconf 90' lang='lat' dir='ltr'><strong>ei</strong></span> <span class='ocrx_word' id='word_1_526' title='bbox 1480 1916 1606 1955; x_wconf 81' lang='lat' dir='ltr'><strong>largitus</strong></span> <span class='ocrx_word' id='word_1_527' title='bbox 1620 1916 1677 1946; x_wconf 87' lang='lat' dir='ltr'><strong>est.</strong></span> <span class='ocrx_word' id='word_1_528' title='bbox 1693 1915 1876 1947; x_wconf 87' lang='lat' dir='ltr'><strong>Mercatoris</strong></span> <span class='ocrx_word' id='word_1_529' title='bbox 1889 1916 1996 1946; x_wconf 88' lang='lat' dir='ltr'><strong>autem</strong></span> <span class='ocrx_word' id='word_1_530' title='bbox 2010 1915 2093 1946; x_wconf 90' lang='lat' dir='ltr'><strong>illius</strong></span> <span class='ocrx_word' id='word_1_531' title='bbox 2105 1916 2188 1946; x_wconf 86' lang='lat' dir='ltr'><strong>bona</strong></span> 
     </span>
     <span class='ocr_line' id='line_1_72' title="bbox 1161 1973 2186 2014; baseline -0.001 -9"><span class='ocrx_word' id='word_1_532' title='bbox 1161 1975 1269 2005; x_wconf 71' lang='lat' dir='ltr'><strong>Dianae</strong></span> <span class='ocrx_word' id='word_1_533' title='bbox 1285 1974 1437 2013; x_wconf 85' lang='lat' dir='ltr'><strong>sacravit,</strong></span> <span class='ocrx_word' id='word_1_534' title='bbox 1453 1974 1546 2014; x_wconf 87' lang='lat' dir='ltr'><strong>prout</strong></span> <span class='ocrx_word' id='word_1_535' title='bbox 1556 1975 1703 2012; x_wconf 86' lang='lat' dir='ltr'><strong>voverat,</strong></span> <span class='ocrx_word' id='word_1_536' title='bbox 1720 1974 1787 2013; x_wconf 88' lang='lat' dir='ltr'><strong>ipso</strong></span> <span class='ocrx_word' id='word_1_537' title='bbox 1806 1973 1901 2005; x_wconf 88' lang='lat' dir='ltr'><strong>etiam</strong></span> <span class='ocrx_word' id='word_1_538' title='bbox 1922 1973 2040 2004; x_wconf 85' lang='lat' dir='ltr'><strong>aedium</strong></span> <span class='ocrx_word' id='word_1_539' title='bbox 2057 1973 2124 2004; x_wconf 91' lang='lat' dir='ltr'><strong>solo</strong></span> <span class='ocrx_word' id='word_1_540' title='bbox 2138 1973 2186 2004; x_wconf 93' lang='lat' dir='ltr'><strong>di-</strong></span> 
     </span>
     <span class='ocr_line' id='line_1_73' title="bbox 1160 2031 2187 2071; baseline -0.001 -8"><span class='ocrx_word' id='word_1_541' title='bbox 1160 2032 1307 2071; x_wconf 87' lang='lat' dir='ltr'><strong>vendito,</strong></span> <span class='ocrx_word' id='word_1_542' title='bbox 1336 2041 1376 2063; x_wconf 89' lang='lat' dir='ltr'><strong>ne</strong></span> <span class='ocrx_word' id='word_1_543' title='bbox 1404 2031 1478 2071; x_wconf 85' lang='lat' dir='ltr'><strong>quid</strong></span> <span class='ocrx_word' id='word_1_544' title='bbox 1502 2032 1659 2071; x_wconf 90' lang='lat' dir='ltr'><strong>reliquum</strong></span> <span class='ocrx_word' id='word_1_545' title='bbox 1685 2033 1869 2071; x_wconf 88' lang='lat' dir='ltr'><strong>superesset.</strong></span> <span class='ocrx_word' id='word_1_546' title='bbox 1892 2031 2023 2062; x_wconf 88' lang='lat' dir='ltr'><strong>Interim</strong></span> <span class='ocrx_word' id='word_1_547' title='bbox 2045 2033 2187 2070; x_wconf 84' lang='lat' dir='ltr'><strong>Croesus,</strong></span> 
     </span>
     <span class='ocr_line' id='line_1_74' title="bbox 1160 2084 2189 2130; baseline -0.001 -9"><span class='ocrx_word' id='word_1_548' title='bbox 1160 2090 1297 2130; x_wconf 87' lang='lat' dir='ltr'><strong>acceptis</strong></span> <span class='ocrx_word' id='word_1_549' title='bbox 1321 2090 1408 2120; x_wconf 89' lang='lat' dir='ltr'><strong>mille</strong></span> <span class='ocrx_word' id='word_1_550' title='bbox 1426 2090 1549 2127; x_wconf 91' lang='lat' dir='ltr'><strong>aureis,</strong></span> <span class='ocrx_word' id='word_1_551' title='bbox 1578 2090 1684 2129; x_wconf 89' lang='lat' dir='ltr'><strong>copias</strong></span> <span class='ocrx_word' id='word_1_552' title='bbox 1710 2089 1879 2128; x_wconf 73' lang='lat' dir='ltr'><strong>conduxit,</strong></span> <span class='ocrx_word' id='word_1_553' title='bbox 1903 2098 1939 2120; x_wconf 89' lang='lat' dir='ltr'><strong>ac</strong></span> <span class='ocrx_word' id='word_1_554' title='bbox 1964 2089 2117 2129; x_wconf 85' lang='lat' dir='ltr'><strong>praefinita</strong></span> <span class='ocrx_word' id='word_1_555' title='bbox 2138 2084 2189 2120; x_wconf 86' lang='lat' dir='ltr'><strong>die</strong></span> 
     </span>
     <span class='ocr_line' id='line_1_75' title="bbox 1161 2147 2187 2188; baseline -0.001 -9"><span class='ocrx_word' id='word_1_556' title='bbox 1161 2148 1279 2188; x_wconf 92' lang='lat' dir='ltr'><strong>primus</strong></span> <span class='ocrx_word' id='word_1_557' title='bbox 1294 2148 1334 2179; x_wconf 88' lang='lat' dir='ltr'><strong>ad</strong></span> <span class='ocrx_word' id='word_1_558' title='bbox 1350 2149 1469 2187; x_wconf 87' lang='lat' dir='ltr'><strong>patrem</strong></span> <span class='ocrx_word' id='word_1_559' title='bbox 1484 2147 1650 2187; x_wconf 85' lang='lat' dir='ltr'><strong>perduxit,</strong></span> <span class='ocrx_word' id='word_1_560' title='bbox 1665 2156 1803 2187; x_wconf 88' lang='lat' dir='ltr'><strong>cumque</strong></span> <span class='ocrx_word' id='word_1_561' title='bbox 1819 2156 1856 2178; x_wconf 91' lang='lat' dir='ltr'><strong>eo</strong></span> <span class='ocrx_word' id='word_1_562' title='bbox 1872 2148 1903 2178; x_wconf 90' lang='lat' dir='ltr'><strong>in</strong></span> <span class='ocrx_word' id='word_1_563' title='bbox 1920 2147 2045 2178; x_wconf 88' lang='lat' dir='ltr'><strong>Cariam</strong></span> <span class='ocrx_word' id='word_1_564' title='bbox 2057 2148 2104 2178; x_wconf 85' lang='lat' dir='ltr'><strong>est</strong></span> <span class='ocrx_word' id='word_1_565' title='bbox 2117 2156 2187 2187; x_wconf 91' lang='lat' dir='ltr'><strong>pro-</strong></span> 
     </span>
     <span class='ocr_line' id='line_1_76' title="bbox 1160 2205 2188 2245; baseline -0.002 -7"><span class='ocrx_word' id='word_1_566' title='bbox 1160 2208 1269 2238; x_wconf 79' lang='lat' dir='ltr'><strong>fectus.</strong></span> <span class='ocrx_word' id='word_1_567' title='bbox 1296 2206 1394 2245; x_wconf 81' lang='lat' dir='ltr'><strong>CuJus</strong></span> <span class='ocrx_word' id='word_1_568' title='bbox 1410 2205 1556 2237; x_wconf 83' lang='lat' dir='ltr'><strong>facinoris</strong></span> <span class='ocrx_word' id='word_1_569' title='bbox 1571 2214 1666 2237; x_wconf 88' lang='lat' dir='ltr'><strong>causa</strong></span> <span class='ocrx_word' id='word_1_570' title='bbox 1687 2205 1801 2238; x_wconf 88' lang='lat' dir='ltr'><strong>exinde</strong></span> <span class='ocrx_word' id='word_1_571' title='bbox 1823 2205 2103 2236; x_wconf 78' lang='lat' dir='ltr'><strong>calumniatoribus</strong></span> <span class='ocrx_word' id='word_1_572' title='bbox 2124 2206 2188 2236; x_wconf 88' lang='lat' dir='ltr'><strong>suis</strong></span> 
     </span>
     <span class='ocr_line' id='line_1_77' title="bbox 1159 2265 1389 2305; baseline -0.004 -9"><span class='ocrx_word' id='word_1_573' title='bbox 1159 2265 1301 2305; x_wconf 89' lang='lat' dir='ltr'><strong>superior</strong></span> <span class='ocrx_word' id='word_1_574' title='bbox 1322 2265 1389 2296; x_wconf 79' lang='lat' dir='ltr'><strong>tuit.</strong></span> 
     </span>
    </p>
   </div>
   <div class='ocr_carea' id='block_1_12' title="bbox 1642 2342 1700 2373">
    <p class='ocr_par' dir='ltr' id='par_1_13' title="bbox 1642 2342 1700 2373">
     <span class='ocr_line' id='line_1_78' title="bbox 1642 2342 1700 2373; baseline 0 0"><span class='ocrx_word' id='word_1_575' title='bbox 1642 2342 1700 2373; x_wconf 79' lang='grc'>66.</span> 
     </span>
    </p>
   </div>
   <div class='ocr_carea' id='block_1_13' title="bbox 1160 2407 2189 2499">
    <p class='ocr_par' dir='ltr' id='par_1_14' title="bbox 1160 2407 2189 2499">
     <span class='ocr_line' id='line_1_79' title="bbox 1160 2407 2189 2449; baseline -0.003 -7"><span class='ocrx_word' id='word_1_576' title='bbox 1160 2413 1213 2442; x_wconf 83' lang='lat' dir='ltr'><strong>De</strong></span> <span class='ocrx_word' id='word_1_577' title='bbox 1233 2412 1336 2449; x_wconf 77' lang='lat' dir='ltr'><strong>Cyro</strong></span> <span class='ocrx_word' id='word_1_578' title='bbox 1358 2411 1583 2440; x_wconf 80' lang='lat' dir='ltr'><strong>Persarum</strong></span> <span class='ocrx_word' id='word_1_579' title='bbox 1597 2416 1691 2447; x_wconf 74' lang='lat' dir='ltr'><strong>reqe</strong></span> <span class='ocrx_word' id='word_1_580' title='bbox 1710 2409 1747 2439; x_wconf 82' lang='lat' dir='ltr'><strong>et</strong></span> <span class='ocrx_word' id='word_1_581' title='bbox 1773 2407 1820 2439; x_wconf 85' lang='lat' dir='ltr'><strong>de</strong></span> <span class='ocrx_word' id='word_1_582' title='bbox 1842 2407 2049 2439; x_wconf 82' lang='lat' dir='ltr'><strong>Medorum</strong></span> <span class='ocrx_word' id='word_1_583' title='bbox 2072 2410 2189 2448; x_wconf 73' lang='lat' dir='ltr'><strong>impe-</strong></span> 
     </span>
     <span class='ocr_line' id='line_1_80' title="bbox 1382 2466 1963 2499; baseline -0.002 -1"><span class='ocrx_word' id='word_1_584' title='bbox 1382 2469 1445 2499; x_wconf 74' lang='lat' dir='ltr'><strong>rio</strong></span> <span class='ocrx_word' id='word_1_585' title='bbox 1477 2466 1531 2499; x_wconf 87' lang='lat' dir='ltr'><strong>ad</strong></span> <span class='ocrx_word' id='word_1_586' title='bbox 1558 2469 1709 2498; x_wconf 80' lang='lat' dir='ltr'><strong>Persas</strong></span> <span class='ocrx_word' id='word_1_587' title='bbox 1735 2466 1963 2498; x_wconf 75' lang='lat' dir='ltr'><strong>translato.</strong></span> 
     </span>
    </p>
   </div>
   <div class='ocr_carea' id='block_1_14' title="bbox 1163 2587 2190 2686">
    <p class='ocr_par' dir='ltr' id='par_1_15' title="bbox 1163 2587 2190 2686">
     <span class='ocr_line' id='line_1_81' title="bbox 1201 2587 2188 2628; baseline -0.004 -7"><span class='ocrx_word' id='word_1_588' title='bbox 1201 2592 1235 2622; x_wconf 86' lang='lat' dir='ltr'><strong>ln</strong></span> <span class='ocrx_word' id='word_1_589' title='bbox 1253 2590 1324 2621; x_wconf 89' lang='lat' dir='ltr'><strong>Asia</strong></span> <span class='ocrx_word' id='word_1_590' title='bbox 1337 2589 1502 2621; x_wconf 89' lang='lat' dir='ltr'><strong>Medorum</strong></span> <span class='ocrx_word' id='word_1_591' title='bbox 1520 2597 1590 2628; x_wconf 81' lang='lat' dir='ltr'><strong>rege</strong></span> <span class='ocrx_word' id='word_1_592' title='bbox 1606 2588 1800 2628; x_wconf 77' lang='lat' dir='ltr'><strong>(Astibara)</strong></span> <span class='ocrx_word' id='word_1_593' title='bbox 1819 2587 1986 2625; x_wconf 78' lang='lat' dir='ltr'><strong>defuncto,</strong></span> <span class='ocrx_word' id='word_1_594' title='bbox 2006 2588 2038 2618; x_wconf 92' lang='lat' dir='ltr'><strong>in</strong></span> <span class='ocrx_word' id='word_1_595' title='bbox 2058 2596 2188 2626; x_wconf 80' lang='lat' dir='ltr'><strong>regnum</strong></span> 
     </span>
     <span class='ocr_line' id='line_1_82' title="bbox 1163 2645 2190 2686; baseline -0.005 -6"><span class='ocrx_word' id='word_1_596' title='bbox 1163 2648 1312 2680; x_wconf 86' lang='lat' dir='ltr'><strong>successit</strong></span> <span class='ocrx_word' id='word_1_597' title='bbox 1324 2647 1406 2678; x_wconf 79' lang='lat' dir='ltr'><strong>silius</strong></span> <span class='ocrx_word' id='word_1_598' title='bbox 1425 2648 1589 2686; x_wconf 76' lang='lat' dir='ltr'><strong>Astyages,</strong></span> <span class='ocrx_word' id='word_1_599' title='bbox 1605 2646 1658 2686; x_wconf 85' lang='lat' dir='ltr'><strong>qui</strong></span> <span class='ocrx_word' id='word_1_600' title='bbox 1675 2647 1746 2685; x_wconf 90' lang='lat' dir='ltr'><strong>post</strong></span> <span class='ocrx_word' id='word_1_601' title='bbox 1769 2646 1918 2677; x_wconf 82' lang='lat' dir='ltr'><strong>Arbacem</strong></span> <span class='ocrx_word' id='word_1_602' title='bbox 1933 2645 2074 2676; x_wconf 89' lang='lat' dir='ltr'><strong>omnium</strong></span> <span class='ocrx_word' id='word_1_603' title='bbox 2092 2645 2190 2676; x_wconf 84' lang='lat' dir='ltr'><strong>fortis-</strong></span> 
     </span>
    </p>
   </div>
   <div class='ocr_carea' id='block_1_15' title="bbox 67 2712 2173 2726">
    <p class='ocr_par' dir='ltr' id='par_1_16' title="bbox 67 2712 2173 2726">
     <span class='ocr_line' id='line_1_83' title="bbox 67 2712 2173 2726; baseline 0 1039"><span class='ocrx_word' id='word_1_604' title='bbox 67 2712 2173 2726; x_wconf 95' lang='lat' dir='ltr'><strong> </strong></span> 
     </span>
    </p>
   </div>
   <div class='ocr_carea' id='block_1_16' title="bbox 66 2749 2188 3349">
    <p class='ocr_par' dir='ltr' id='par_1_17' title="bbox 66 2749 2188 2843">
     <span class='ocr_line' id='line_1_84' title="bbox 66 2749 2188 2797; baseline -0.005 -8"><span class='ocrx_word' id='word_1_605' title='bbox 66 2758 102 2797; x_wconf 86' lang='grc' dir='ltr'>ἡν</span> <span class='ocrx_word' id='word_1_606' title='bbox 118 2759 169 2788; x_wconf 89' lang='grc' dir='ltr'><strong>καὶ</strong></span> <span class='ocrx_word' id='word_1_607' title='bbox 191 2757 360 2792; x_wconf 81' lang='grc' dir='ltr'>ἀκόλαστος</span> <span class='ocrx_word' id='word_1_608' title='bbox 370 2781 378 2795; x_wconf 90' lang='grc'>,</span> <span class='ocrx_word' id='word_1_609' title='bbox 393 2757 483 2792; x_wconf 72' lang='grc' dir='ltr'>ἐκὸὰς</span> <span class='ocrx_word' id='word_1_610' title='bbox 498 2758 529 2788; x_wconf 83' lang='grc' dir='ltr'>δὲ</span> <span class='ocrx_word' id='word_1_611' title='bbox 551 2757 579 2793; x_wconf 83' lang='grc' dir='ltr'><strong>ἐς</strong></span> <span class='ocrx_word' id='word_1_612' title='bbox 593 2757 686 2797; x_wconf 78' lang='grc' dir='ltr'>ἄνδρα</span> <span class='ocrx_word' id='word_1_613' title='bbox 705 2758 957 2797; x_wconf 77' lang='grc' dir='ltr'>σωφρονέστατος</span> <span class='ocrx_word' id='word_1_614' title='bbox 970 2757 1021 2786; x_wconf 86' lang='grc' dir='ltr'><strong>καὶ</strong></span> <span class='ocrx_word' id='word_1_615' title='bbox 1039 2754 1238 2788; x_wconf 81' lang='grc' dir='ltr'>δικαιότατος.</span> <span class='ocrx_word' id='word_1_616' title='bbox 1252 2752 1440 2791; x_wconf 78' lang='grc' dir='ltr'>Ἐπολέμησε</span> <span class='ocrx_word' id='word_1_617' title='bbox 1454 2752 1485 2782; x_wconf 86' lang='grc' dir='ltr'>δὲ</span> <span class='ocrx_word' id='word_1_618' title='bbox 1502 2750 1680 2791; x_wconf 87' lang='grc' dir='ltr'>Σμυρναίοις</span> <span class='ocrx_word' id='word_1_619' title='bbox 1690 2774 1697 2787; x_wconf 95' lang='grc'>,</span> <span class='ocrx_word' id='word_1_620' title='bbox 1713 2751 1764 2780; x_wconf 86' lang='grc' dir='ltr'><strong>καὶ</strong></span> <span class='ocrx_word' id='word_1_621' title='bbox 1779 2750 1837 2780; x_wconf 84' lang='grc' dir='ltr'>εἷλε</span> <span class='ocrx_word' id='word_1_622' title='bbox 1851 2750 1886 2780; x_wconf 81' lang='grc' dir='ltr'><strong>τὸ</strong></span> <span class='ocrx_word' id='word_1_623' title='bbox 1908 2749 1996 2779; x_wconf 86' lang='grc' dir='ltr'>ἄστυ.</span> <span class='ocrx_word' id='word_1_624' title='bbox 2015 2751 2064 2780; x_wconf 85' lang='lat' dir='ltr'><strong>Ex</strong></span> <span class='ocrx_word' id='word_1_625' title='bbox 2079 2749 2188 2779; x_wconf 77' lang='lat' dir='ltr'><strong>eodeni</strong></span> 
     </span>
     <span class='ocr_line' id='line_1_85' title="bbox 69 2794 2058 2843; baseline -0.006 -7"><span class='ocrx_word' id='word_1_626' title='bbox 69 2805 196 2836; x_wconf 82' lang='lat' dir='ltr'><strong>Xantho</strong></span> <span class='ocrx_word' id='word_1_627' title='bbox 212 2813 268 2835; x_wconf 86' lang='lat' dir='ltr'><strong>sua</strong></span> <span class='ocrx_word' id='word_1_628' title='bbox 285 2804 423 2834; x_wconf 86' lang='lat' dir='ltr'><strong>hauserit</strong></span> <span class='ocrx_word' id='word_1_629' title='bbox 446 2804 640 2843; x_wconf 87' lang='lat' dir='ltr'><strong>Xenophilus</strong></span> <span class='ocrx_word' id='word_1_630' title='bbox 655 2812 707 2843; x_wconf 84' lang='lat' dir='ltr'><strong>ap.</strong></span> <span class='ocrx_word' id='word_1_631' title='bbox 722 2806 819 2835; x_wconf 87' lang='lat' dir='ltr'><strong>Anon.</strong></span> <span class='ocrx_word' id='word_1_632' title='bbox 838 2805 882 2834; x_wconf 93' lang='lat' dir='ltr'><strong>De</strong></span> <span class='ocrx_word' id='word_1_633' title='bbox 895 2803 974 2833; x_wconf 91' lang='lat' dir='ltr'><strong>mul.</strong></span> <span class='ocrx_word' id='word_1_634' title='bbox 990 2811 1018 2833; x_wconf 89' lang='lat' dir='ltr'><strong>c.</strong></span> <span class='ocrx_word' id='word_1_635' title='bbox 1034 2804 1052 2832; x_wconf 87' lang='lat'><em>8</em></span> <span class='ocrx_word' id='word_1_636' title='bbox 1066 2825 1074 2838; x_wconf 90' lang='lat'><strong>,</strong></span> <span class='ocrx_word' id='word_1_637' title='bbox 1093 2801 1146 2831; x_wconf 89' lang='lat' dir='ltr'><strong>ubi</strong></span> <span class='ocrx_word' id='word_1_638' title='bbox 1164 2799 1246 2829; x_wconf 88' lang='lat' dir='ltr'><strong>vide.</strong></span> <span class='ocrx_word' id='word_1_639' title='bbox 1261 2817 1299 2823; x_wconf 91' lang='lat'>—</span> <span class='ocrx_word' id='word_1_640' title='bbox 1319 2803 1344 2828; x_wconf 88' lang='lat'><strong>1.</strong></span> <span class='ocrx_word' id='word_1_641' title='bbox 1367 2797 1479 2836; x_wconf 78' lang='grc' dir='ltr'>ἄνδρα]</span> <span class='ocrx_word' id='word_1_642' title='bbox 1497 2806 1536 2827; x_wconf 76' lang='lat' dir='ltr'><strong>ex</strong></span> <span class='ocrx_word' id='word_1_643' title='bbox 1553 2796 1657 2827; x_wconf 74' lang='lat' dir='ltr'><strong>Suidae</strong></span> <span class='ocrx_word' id='word_1_644' title='bbox 1673 2796 1744 2826; x_wconf 90' lang='lat' dir='ltr'><strong>cod.</strong></span> <span class='ocrx_word' id='word_1_645' title='bbox 1764 2799 1807 2833; x_wconf 90' lang='lat' dir='ltr'><strong>A;</strong></span> <span class='ocrx_word' id='word_1_646' title='bbox 1825 2796 1932 2835; x_wconf 78' lang='grc' dir='ltr'>ἄνδρας</span> <span class='ocrx_word' id='word_1_647' title='bbox 1946 2794 2058 2825; x_wconf 81' lang='lat' dir='ltr'><strong>codex.</strong></span> 
     </span>
    </p>

    <p class='ocr_par' dir='ltr' id='par_1_18' title="bbox 68 2841 2188 3304">
     <span class='ocr_line' id='line_1_86' title="bbox 109 2841 2188 2888; baseline -0.006 -6"><span class='ocrx_word' id='word_1_648' title='bbox 109 2855 159 2882; x_wconf 81' lang='lat'><strong>65.</strong></span> <span class='ocrx_word' id='word_1_649' title='bbox 187 2850 265 2883; x_wconf 84' lang='lat' dir='ltr'><strong>Cod.</strong></span> <span class='ocrx_word' id='word_1_650' title='bbox 286 2850 441 2887; x_wconf 57' lang='lat' dir='ltr'><strong>Turfol.</strong></span> <span class='ocrx_word' id='word_1_651' title='bbox 461 2853 534 2887; x_wconf 81' lang='lat'><strong>155,</strong></span> <span class='ocrx_word' id='word_1_652' title='bbox 550 2853 584 2880; x_wconf 84' lang='lat'><strong>31</strong></span> <span class='ocrx_word' id='word_1_653' title='bbox 605 2858 714 2881; x_wconf 80' lang='lat' dir='ltr'><strong>vso—</strong></span> <span class='ocrx_word' id='word_1_654' title='bbox 733 2854 808 2888; x_wconf 80' lang='lat'><strong>156,</strong></span> <span class='ocrx_word' id='word_1_655' title='bbox 830 2854 867 2880; x_wconf 79' lang='lat'><strong>26</strong></span> <span class='ocrx_word' id='word_1_656' title='bbox 883 2859 912 2879; x_wconf 89' lang='lat' dir='ltr'><strong>r.</strong></span> <span class='ocrx_word' id='word_1_657' title='bbox 931 2866 970 2870; x_wconf 87' lang='lat'>—</span> <span class='ocrx_word' id='word_1_658' title='bbox 991 2847 1101 2878; x_wconf 84' lang='lat' dir='ltr'><strong>Suidas</strong></span> <span class='ocrx_word' id='word_1_659' title='bbox 1115 2847 1135 2877; x_wconf 88' lang='lat' dir='ltr'><strong>l.</strong></span> <span class='ocrx_word' id='word_1_660' title='bbox 1151 2846 1173 2877; x_wconf 93' lang='lat' dir='ltr'><strong>l.</strong></span> <span class='ocrx_word' id='word_1_661' title='bbox 1192 2858 1199 2875; x_wconf 88' lang='lat'>:</span> <span class='ocrx_word' id='word_1_662' title='bbox 1220 2844 1316 2879; x_wconf 79' lang='grc' dir='ltr'>Οὗτος</span> <span class='ocrx_word' id='word_1_663' title='bbox 1337 2843 1536 2882; x_wconf 83' lang='grc' dir='ltr'>(Ἀλυάττης)</span> <span class='ocrx_word' id='word_1_664' title='bbox 1559 2843 1590 2873; x_wconf 82' lang='grc' dir='ltr'>δὲ</span> <span class='ocrx_word' id='word_1_665' title='bbox 1612 2845 1702 2881; x_wconf 81' lang='grc' dir='ltr'>γεννᾷ</span> <span class='ocrx_word' id='word_1_666' title='bbox 1718 2842 1769 2872; x_wconf 85' lang='grc' dir='ltr'><strong>τὸν</strong></span> <span class='ocrx_word' id='word_1_667' title='bbox 1788 2843 1929 2880; x_wconf 86' lang='grc' dir='ltr'>Κροῖσον.</span> <span class='ocrx_word' id='word_1_668' title='bbox 1949 2841 2135 2881; x_wconf 80' lang='grc' dir='ltr'>Στρατεύσας</span> <span class='ocrx_word' id='word_1_669' title='bbox 2158 2841 2188 2871; x_wconf 80' lang='grc' dir='ltr'>δὲ</span> 
     </span>
     <span class='ocr_line' id='line_1_87' title="bbox 68 2887 2185 2936; baseline -0.006 -8"><span class='ocrx_word' id='word_1_670' title='bbox 68 2897 116 2928; x_wconf 80' lang='grc' dir='ltr'><strong>ἐπὶ</strong></span> <span class='ocrx_word' id='word_1_671' title='bbox 133 2897 248 2936; x_wconf 86' lang='grc' dir='ltr'>Καρίαν</span> <span class='ocrx_word' id='word_1_672' title='bbox 267 2895 456 2935; x_wconf 85' lang='grc' dir='ltr'>περιήγγειλε</span> <span class='ocrx_word' id='word_1_673' title='bbox 471 2898 533 2930; x_wconf 81' lang='grc' dir='ltr'>τοῖς</span> <span class='ocrx_word' id='word_1_674' title='bbox 555 2896 649 2926; x_wconf 83' lang='grc' dir='ltr'>αὐτοῦ</span> <span class='ocrx_word' id='word_1_675' title='bbox 666 2896 793 2935; x_wconf 83' lang='grc' dir='ltr'>στρατὸν</span> <span class='ocrx_word' id='word_1_676' title='bbox 818 2895 901 2934; x_wconf 81' lang='grc' dir='ltr'>ἄγειν</span> <span class='ocrx_word' id='word_1_677' title='bbox 926 2895 954 2929; x_wconf 80' lang='grc' dir='ltr'><strong>ἐς</strong></span> <span class='ocrx_word' id='word_1_678' title='bbox 975 2893 1112 2933; x_wconf 76' lang='grc' dir='ltr'>Σάρδεις,</span> <span class='ocrx_word' id='word_1_679' title='bbox 1129 2892 1158 2922; x_wconf 87' lang='grc' dir='ltr'>ἐν</span> <span class='ocrx_word' id='word_1_680' title='bbox 1183 2890 1227 2925; x_wconf 83' lang='grc' dir='ltr'><strong>οἷς</strong></span> <span class='ocrx_word' id='word_1_681' title='bbox 1244 2891 1295 2919; x_wconf 82' lang='grc' dir='ltr'><strong>καὶ</strong></span> <span class='ocrx_word' id='word_1_682' title='bbox 1312 2889 1437 2929; x_wconf 86' lang='grc' dir='ltr'>Κροίσῳ</span> <span class='ocrx_word' id='word_1_683' title='bbox 1450 2913 1457 2927; x_wconf 95' lang='grc'>,</span> <span class='ocrx_word' id='word_1_684' title='bbox 1479 2890 1561 2923; x_wconf 86' lang='grc' dir='ltr'>ὅστις</span> <span class='ocrx_word' id='word_1_685' title='bbox 1576 2888 1613 2926; x_wconf 79' lang='grc' dir='ltr'>ἢν</span> <span class='ocrx_word' id='word_1_686' title='bbox 1629 2889 1723 2919; x_wconf 78' lang='grc' dir='ltr'>αὐτοῦ</span> <span class='ocrx_word' id='word_1_687' title='bbox 1749 2887 1953 2928; x_wconf 71' lang='grc' dir='ltr'>πρεσὸὑτατος</span> <span class='ocrx_word' id='word_1_688' title='bbox 1969 2890 2029 2917; x_wconf 90' lang='grc' dir='ltr'><strong>τῶν</strong></span> <span class='ocrx_word' id='word_1_689' title='bbox 2047 2887 2166 2916; x_wconf 88' lang='grc' dir='ltr'>παίδων</span> <span class='ocrx_word' id='word_1_690' title='bbox 2177 2910 2185 2924; x_wconf 83' lang='grc'>,</span> 
     </span>
     <span class='ocr_line' id='line_1_88' title="bbox 68 2934 2186 2982; baseline -0.005 -9"><span class='ocrx_word' id='word_1_691' title='bbox 68 2942 170 2982; x_wconf 84' lang='grc' dir='ltr'>ἄρχων</span> <span class='ocrx_word' id='word_1_692' title='bbox 194 2942 441 2981; x_wconf 82' lang='grc' dir='ltr'>ἀποδεδειγμένος</span> <span class='ocrx_word' id='word_1_693' title='bbox 466 2941 693 2981; x_wconf 82' lang='grc' dir='ltr'>Ἀδραμυττείου</span> <span class='ocrx_word' id='word_1_694' title='bbox 714 2952 746 2971; x_wconf 91' lang='grc' dir='ltr'><strong>τε</strong></span> <span class='ocrx_word' id='word_1_695' title='bbox 769 2942 820 2971; x_wconf 85' lang='grc' dir='ltr'><strong>καὶ</strong></span> <span class='ocrx_word' id='word_1_696' title='bbox 838 2941 939 2977; x_wconf 71' lang='grc' dir='ltr'>Θήὸης</span> <span class='ocrx_word' id='word_1_697' title='bbox 959 2940 1074 2970; x_wconf 65' lang='grc' dir='ltr'>πεδίου.</span> <span class='ocrx_word' id='word_1_698' title='bbox 1096 2938 1130 2953; x_wconf 68' lang='grc'><strong>”’</strong></span> <span class='ocrx_word' id='word_1_699' title='bbox 1149 2936 1308 2968; x_wconf 82' lang='grc' dir='ltr'>Ἀλυάττου</span> <span class='ocrx_word' id='word_1_700' title='bbox 1329 2938 1560 2976; x_wconf 79' lang='grc' dir='ltr'>πολιορκοῦντος</span> <span class='ocrx_word' id='word_1_701' title='bbox 1576 2936 1709 2976; x_wconf 78' lang='grc' dir='ltr'>Πριήνην</span> <span class='ocrx_word' id='word_1_702' title='bbox 1724 2936 1826 2973; x_wconf 84' lang='grc' dir='ltr'>φησίν.</span> <span class='ocrx_word' id='word_1_703' title='bbox 1854 2936 2014 2964; x_wconf 82' lang='lat' dir='ltr'><strong>Postrema</strong></span> <span class='ocrx_word' id='word_1_704' title='bbox 2031 2934 2099 2963; x_wconf 69' lang='lat' dir='ltr'><strong>hirc</strong></span> <span class='ocrx_word' id='word_1_705' title='bbox 2116 2942 2186 2963; x_wconf 87' lang='lat' dir='ltr'><strong>mu-</strong></span> 
     </span>
     <span class='ocr_line' id='line_1_89' title="bbox 68 2979 2186 3027; baseline -0.004 -9"><span class='ocrx_word' id='word_1_706' title='bbox 68 2988 124 3019; x_wconf 84' lang='lat' dir='ltr'><strong>tila</strong></span> <span class='ocrx_word' id='word_1_707' title='bbox 139 2988 171 3018; x_wconf 89' lang='lat' dir='ltr'><strong>in</strong></span> <span class='ocrx_word' id='word_1_708' title='bbox 187 2987 301 3019; x_wconf 87' lang='lat' dir='ltr'><strong>nostris</strong></span> <span class='ocrx_word' id='word_1_709' title='bbox 317 2987 480 3026; x_wconf 82' lang='lat' dir='ltr'><strong>Excerptis</strong></span> <span class='ocrx_word' id='word_1_710' title='bbox 506 2996 570 3018; x_wconf 90' lang='lat' dir='ltr'><strong>non</strong></span> <span class='ocrx_word' id='word_1_711' title='bbox 596 2988 755 3027; x_wconf 81' lang='lat' dir='ltr'><strong>leguntur.</strong></span> <span class='ocrx_word' id='word_1_712' title='bbox 774 2989 880 3025; x_wconf 74' lang='lat' dir='ltr'><strong>Neque</strong></span> <span class='ocrx_word' id='word_1_713' title='bbox 896 2988 970 3017; x_wconf 91' lang='lat' dir='ltr'><strong>sunt</strong></span> <span class='ocrx_word' id='word_1_714' title='bbox 994 2985 1077 3024; x_wconf 86' lang='lat' dir='ltr'><strong>apud</strong></span> <span class='ocrx_word' id='word_1_715' title='bbox 1096 2983 1225 3015; x_wconf 83' lang='lat' dir='ltr'><strong>suidam</strong></span> <span class='ocrx_word' id='word_1_716' title='bbox 1241 2990 1273 3012; x_wconf 74' lang='lat' dir='ltr'><strong>v,</strong></span> <span class='ocrx_word' id='word_1_717' title='bbox 1300 2984 1430 3022; x_wconf 83' lang='grc' dir='ltr'>Κροῖσος</span> <span class='ocrx_word' id='word_1_718' title='bbox 1450 2995 1455 3013; x_wconf 86' lang='lat'>:</span> <span class='ocrx_word' id='word_1_719' title='bbox 1472 2984 1618 3022; x_wconf 83' lang='grc' dir='ltr'>Κροῖσος,</span> <span class='ocrx_word' id='word_1_720' title='bbox 1637 2983 1744 3013; x_wconf 80' lang='grc' dir='ltr'>Λυδῶν</span> <span class='ocrx_word' id='word_1_721' title='bbox 1762 2981 1921 3020; x_wconf 81' lang='grc' dir='ltr'>βασιλεὺς,</span> <span class='ocrx_word' id='word_1_722' title='bbox 1941 2980 1972 3015; x_wconf 81' lang='grc' dir='ltr'><strong>ὃς</strong></span> <span class='ocrx_word' id='word_1_723' title='bbox 1993 2981 2029 3010; x_wconf 86' lang='grc' dir='ltr'><strong>τὸ</strong></span> <span class='ocrx_word' id='word_1_724' title='bbox 2043 2979 2186 3019; x_wconf 81' lang='grc' dir='ltr'>πρότερον</span> 
     </span>
     <span class='ocr_line' id='line_1_90' title="bbox 69 3026 2183 3074; baseline -0.005 -10"><span class='ocrx_word' id='word_1_725' title='bbox 69 3034 171 3074; x_wconf 84' lang='grc' dir='ltr'>ἄρχειν</span> <span class='ocrx_word' id='word_1_726' title='bbox 187 3033 292 3073; x_wconf 81' lang='grc' dir='ltr'>ἔλαχεν</span> <span class='ocrx_word' id='word_1_727' title='bbox 305 3033 534 3073; x_wconf 79' lang='grc' dir='ltr'>Ἀδραμυττείου</span> <span class='ocrx_word' id='word_1_728' title='bbox 550 3035 602 3064; x_wconf 84' lang='grc' dir='ltr'><strong>καὶ</strong></span> <span class='ocrx_word' id='word_1_729' title='bbox 617 3034 718 3071; x_wconf 70' lang='grc' dir='ltr'>Θήὸης</span> <span class='ocrx_word' id='word_1_730' title='bbox 733 3033 849 3063; x_wconf 80' lang='grc' dir='ltr'>πεδίου.</span> <span class='ocrx_word' id='word_1_731' title='bbox 873 3032 1114 3072; x_wconf 81' lang='grc' dir='ltr'>Στρατεύσαντος</span> <span class='ocrx_word' id='word_1_732' title='bbox 1131 3030 1162 3059; x_wconf 77' lang='grc' dir='ltr'>δὲ</span> <span class='ocrx_word' id='word_1_733' title='bbox 1177 3031 1231 3058; x_wconf 75' lang='grc' dir='ltr'><strong>τοῦ</strong></span> <span class='ocrx_word' id='word_1_734' title='bbox 1248 3029 1358 3066; x_wconf 84' lang='grc' dir='ltr'>πατρὸς</span> <span class='ocrx_word' id='word_1_735' title='bbox 1375 3029 1470 3059; x_wconf 83' lang='grc' dir='ltr'>αὐτοῦ</span> <span class='ocrx_word' id='word_1_736' title='bbox 1482 3052 1490 3066; x_wconf 90' lang='grc'>,</span> <span class='ocrx_word' id='word_1_737' title='bbox 1507 3029 1555 3059; x_wconf 84' lang='grc' dir='ltr'>ε’πὶ</span> <span class='ocrx_word' id='word_1_738' title='bbox 1571 3028 1687 3067; x_wconf 85' lang='grc' dir='ltr'>Καρίαν</span> <span class='ocrx_word' id='word_1_739' title='bbox 1701 3028 1888 3067; x_wconf 83' lang='grc' dir='ltr'>περιήγγειλε</span> <span class='ocrx_word' id='word_1_740' title='bbox 1907 3029 1970 3061; x_wconf 86' lang='grc' dir='ltr'>τοῖς</span> <span class='ocrx_word' id='word_1_741' title='bbox 1989 3026 2097 3055; x_wconf 79' lang='grc' dir='ltr'>ἑαυτοῦ</span> <span class='ocrx_word' id='word_1_742' title='bbox 2119 3027 2183 3055; x_wconf 88' lang='grc' dir='ltr'>κτλ.</span> 
     </span>
     <span class='ocr_line' id='line_1_91' title="bbox 69 3072 2184 3120; baseline -0.005 -10"><span class='ocrx_word' id='word_1_743' title='bbox 69 3100 108 3107; x_wconf 88' lang='grc'>-</span> <span class='ocrx_word' id='word_1_744' title='bbox 127 3085 156 3110; x_wconf 87' lang='grc'>1.</span> <span class='ocrx_word' id='word_1_745' title='bbox 175 3079 383 3120; x_wconf 85' lang='grc' dir='ltr'>περιήγγειλε]</span> <span class='ocrx_word' id='word_1_746' title='bbox 397 3080 579 3119; x_wconf 83' lang='grc' dir='ltr'>παρήγγειλε</span> <span class='ocrx_word' id='word_1_747' title='bbox 594 3081 695 3118; x_wconf 83' lang='lat' dir='ltr'><strong>Cor-ay</strong></span> <span class='ocrx_word' id='word_1_748' title='bbox 712 3088 729 3109; x_wconf 92' lang='lat' dir='ltr'><strong>e</strong></span> <span class='ocrx_word' id='word_1_749' title='bbox 745 3079 870 3117; x_wconf 84' lang='lat' dir='ltr'><strong>vulgata</strong></span> <span class='ocrx_word' id='word_1_750' title='bbox 882 3078 964 3117; x_wconf 86' lang='lat' dir='ltr'><strong>apud</strong></span> <span class='ocrx_word' id='word_1_751' title='bbox 980 3077 1107 3109; x_wconf 85' lang='lat' dir='ltr'><strong>suidam</strong></span> <span class='ocrx_word' id='word_1_752' title='bbox 1121 3074 1272 3111; x_wconf 89' lang='lat' dir='ltr'><strong>lectione;</strong></span> <span class='ocrx_word' id='word_1_753' title='bbox 1287 3082 1397 3105; x_wconf 89' lang='lat' dir='ltr'><strong>verum</strong></span> <span class='ocrx_word' id='word_1_754' title='bbox 1415 3075 1519 3105; x_wconf 82' lang='lat' dir='ltr'><strong>Suidae</strong></span> <span class='ocrx_word' id='word_1_755' title='bbox 1532 3073 1624 3104; x_wconf 90' lang='lat' dir='ltr'><strong>codd.</strong></span> <span class='ocrx_word' id='word_1_756' title='bbox 1642 3076 1663 3104; x_wconf 86' lang='lat' dir='ltr'><strong>A</strong></span> <span class='ocrx_word' id='word_1_757' title='bbox 1678 3075 1702 3104; x_wconf 90' lang='grc' dir='ltr'><strong>Β</strong></span> <span class='ocrx_word' id='word_1_758' title='bbox 1717 3075 1800 3103; x_wconf 88' lang='lat' dir='ltr'><strong>recte</strong></span> <span class='ocrx_word' id='word_1_759' title='bbox 1816 3072 1959 3111; x_wconf 86' lang='lat' dir='ltr'><strong>praebent</strong></span> <span class='ocrx_word' id='word_1_760' title='bbox 1971 3072 2089 3110; x_wconf 84' lang='grc' dir='ltr'>περιήγ.</span> <span class='ocrx_word' id='word_1_761' title='bbox 2102 3090 2140 3097; x_wconf 85' lang='lat'><strong>--</strong></span> <span class='ocrx_word' id='word_1_762' title='bbox 2158 3074 2184 3099; x_wconf 81' lang='lat'><strong>2.</strong></span> 
     </span>
     <span class='ocr_line' id='line_1_92' title="bbox 70 3116 2185 3167; baseline -0.005 -10"><span class='ocrx_word' id='word_1_763' title='bbox 70 3124 190 3167; x_wconf 80' lang='grc' dir='ltr'>ἄρχων]</span> <span class='ocrx_word' id='word_1_764' title='bbox 209 3134 226 3156; x_wconf 90' lang='lat' dir='ltr'><strong>e</strong></span> <span class='ocrx_word' id='word_1_765' title='bbox 241 3126 355 3165; x_wconf 89' lang='lat' dir='ltr'><strong>Suida;</strong></span> <span class='ocrx_word' id='word_1_766' title='bbox 373 3126 467 3166; x_wconf 84' lang='grc' dir='ltr'>ἀρχὴν</span> <span class='ocrx_word' id='word_1_767' title='bbox 484 3125 553 3156; x_wconf 89' lang='lat' dir='ltr'><strong>cod.</strong></span> <span class='ocrx_word' id='word_1_768' title='bbox 572 3128 617 3156; x_wconf 83' lang='lat' dir='ltr'><strong>Ex</strong></span> <span class='ocrx_word' id='word_1_769' title='bbox 632 3125 743 3157; x_wconf 88' lang='lat' dir='ltr'><strong>eodem</strong></span> <span class='ocrx_word' id='word_1_770' title='bbox 759 3124 854 3155; x_wconf 85' lang='lat' dir='ltr'><strong>Suida</strong></span> <span class='ocrx_word' id='word_1_771' title='bbox 868 3124 972 3154; x_wconf 84' lang='lat' dir='ltr'><strong>addidi</strong></span> <span class='ocrx_word' id='word_1_772' title='bbox 986 3135 1017 3154; x_wconf 93' lang='grc' dir='ltr'><strong>τε</strong></span> <span class='ocrx_word' id='word_1_773' title='bbox 1035 3124 1105 3162; x_wconf 82' lang='lat' dir='ltr'><strong>post</strong></span> <span class='ocrx_word' id='word_1_774' title='bbox 1120 3122 1237 3159; x_wconf 83' lang='grc' dir='ltr'>Ἁδραμ.</span> <span class='ocrx_word' id='word_1_775' title='bbox 1251 3137 1290 3142; x_wconf 94' lang='grc'>-</span> <span class='ocrx_word' id='word_1_776' title='bbox 1301 3123 1330 3152; x_wconf 90' lang='grc'>3.</span> <span class='ocrx_word' id='word_1_777' title='bbox 1347 3120 1496 3161; x_wconf 77' lang='grc' dir='ltr'>ἔμπορον]</span> <span class='ocrx_word' id='word_1_778' title='bbox 1509 3120 1553 3151; x_wconf 88' lang='lat' dir='ltr'><strong>sic</strong></span> <span class='ocrx_word' id='word_1_779' title='bbox 1566 3119 1696 3157; x_wconf 85' lang='lat' dir='ltr'><strong>Suidas3</strong></span> <span class='ocrx_word' id='word_1_780' title='bbox 1713 3118 1845 3158; x_wconf 81' lang='grc' dir='ltr'>ἔπαρχον</span> <span class='ocrx_word' id='word_1_781' title='bbox 1859 3118 1891 3148; x_wconf 90' lang='lat' dir='ltr'><strong>h.</strong></span> <span class='ocrx_word' id='word_1_782' title='bbox 1908 3119 1929 3149; x_wconf 94' lang='lat' dir='ltr'><strong>l.</strong></span> <span class='ocrx_word' id='word_1_783' title='bbox 1945 3117 2061 3155; x_wconf 88' lang='lat' dir='ltr'><strong>codex,</strong></span> <span class='ocrx_word' id='word_1_784' title='bbox 2075 3116 2128 3147; x_wconf 89' lang='lat' dir='ltr'><strong>sed</strong></span> <span class='ocrx_word' id='word_1_785' title='bbox 2142 3116 2185 3145; x_wconf 92' lang='lat' dir='ltr'><strong>in·</strong></span> 
     </span>
     <span class='ocr_line' id='line_1_93' title="bbox 72 3161 2186 3210; baseline -0.004 -11"><span class='ocrx_word' id='word_1_786' title='bbox 72 3169 117 3199; x_wconf 77' lang='lat' dir='ltr'><strong>fra</strong></span> <span class='ocrx_word' id='word_1_787' title='bbox 132 3170 273 3210; x_wconf 82' lang='grc' dir='ltr'>ἔμπορον.</span> <span class='ocrx_word' id='word_1_788' title='bbox 289 3172 349 3201; x_wconf 89' lang='lat' dir='ltr'><strong>Pro</strong></span> <span class='ocrx_word' id='word_1_789' title='bbox 365 3171 538 3208; x_wconf 87' lang='grc' dir='ltr'>Σαδυάττην</span> <span class='ocrx_word' id='word_1_790' title='bbox 555 3171 664 3203; x_wconf 83' lang='lat' dir='ltr'><strong>suidas</strong></span> <span class='ocrx_word' id='word_1_791' title='bbox 680 3171 775 3201; x_wconf 88' lang='lat' dir='ltr'><strong>habet</strong></span> <span class='ocrx_word' id='word_1_792' title='bbox 788 3169 958 3206; x_wconf 80' lang='grc' dir='ltr'>Ἀλυάττην.</span> <span class='ocrx_word' id='word_1_793' title='bbox 971 3184 1010 3190; x_wconf 92' lang='grc'>-</span> <span class='ocrx_word' id='word_1_794' title='bbox 1025 3172 1054 3200; x_wconf 79' lang='lat'><strong>4.</strong></span> <span class='ocrx_word' id='word_1_795' title='bbox 1075 3169 1257 3209; x_wconf 65' lang='grc' dir='ltr'>μὲν]οο(1οχ</span> <span class='ocrx_word' id='word_1_796' title='bbox 1268 3170 1299 3199; x_wconf 89' lang='lat' dir='ltr'><strong>et</strong></span> <span class='ocrx_word' id='word_1_797' title='bbox 1313 3167 1425 3199; x_wconf 86' lang='lat' dir='ltr'><strong>Suidas</strong></span> <span class='ocrx_word' id='word_1_798' title='bbox 1434 3178 1442 3205; x_wconf 89' lang='lat'>;</span> <span class='ocrx_word' id='word_1_799' title='bbox 1457 3166 1544 3197; x_wconf 87' lang='lat' dir='ltr'><strong>deest</strong></span> <span class='ocrx_word' id='word_1_800' title='bbox 1560 3167 1591 3196; x_wconf 92' lang='lat' dir='ltr'><strong>in</strong></span> <span class='ocrx_word' id='word_1_801' title='bbox 1605 3165 1694 3196; x_wconf 90' lang='lat' dir='ltr'><strong>editt.</strong></span> <span class='ocrx_word' id='word_1_802' title='bbox 1710 3183 1748 3190; x_wconf 89' lang='lat'><strong>--</strong></span> <span class='ocrx_word' id='word_1_803' title='bbox 1763 3169 1793 3195; x_wconf 87' lang='lat'><strong>5.</strong></span> <span class='ocrx_word' id='word_1_804' title='bbox 1807 3165 1867 3195; x_wconf 83' lang='grc' dir='ltr'><strong>Ἴω</strong></span> <span class='ocrx_word' id='word_1_805' title='bbox 1878 3175 1939 3194; x_wconf 84' lang='lat' dir='ltr'><strong>v</strong></span> <span class='ocrx_word' id='word_1_806' title='bbox 1953 3175 1971 3193; x_wconf 87' lang='grc' dir='ltr'><strong>υ</strong></span> <span class='ocrx_word' id='word_1_807' title='bbox 1984 3164 2017 3193; x_wconf 90' lang='grc' dir='ltr'><strong>ἱὸ</strong></span> <span class='ocrx_word' id='word_1_808' title='bbox 2027 3162 2061 3202; x_wconf 86' lang='grc' dir='ltr'>ς]</span> <span class='ocrx_word' id='word_1_809' title='bbox 2077 3161 2186 3192; x_wconf 88' lang='lat' dir='ltr'><strong>Suidas</strong></span> 
     </span>
     <span class='ocr_line' id='line_1_94' title="bbox 71 3207 2183 3256; baseline -0.005 -10"><span class='ocrx_word' id='word_1_810' title='bbox 71 3218 215 3256; x_wconf 79' lang='lat' dir='ltr'><strong>corrupte</strong></span> <span class='ocrx_word' id='word_1_811' title='bbox 230 3216 382 3252; x_wconf 83' lang='grc' dir='ltr'>Ἰωνὸννος</span> <span class='ocrx_word' id='word_1_812' title='bbox 392 3217 467 3252; x_wconf 82' lang='grc' dir='ltr'>υἱός.</span> <span class='ocrx_word' id='word_1_813' title='bbox 489 3217 537 3248; x_wconf 81' lang='lat' dir='ltr'><strong>Cl.</strong></span> <span class='ocrx_word' id='word_1_814' title='bbox 559 3218 670 3248; x_wconf 82' lang='lat' dir='ltr'><strong>AElian.</strong></span> <span class='ocrx_word' id='word_1_815' title='bbox 690 3219 730 3248; x_wconf 89' lang='lat' dir='ltr'><strong>V.</strong></span> <span class='ocrx_word' id='word_1_816' title='bbox 754 3217 792 3246; x_wconf 90' lang='lat' dir='ltr'><strong>H.</strong></span> <span class='ocrx_word' id='word_1_817' title='bbox 811 3218 872 3255; x_wconf 91' lang='lat' dir='ltr'><strong>IV,</strong></span> <span class='ocrx_word' id='word_1_818' title='bbox 894 3218 930 3246; x_wconf 91' lang='lat'><strong>27</strong></span> <span class='ocrx_word' id='word_1_819' title='bbox 952 3228 959 3246; x_wconf 78' lang='lat' dir='ltr'><em>z</em></span> <span class='ocrx_word' id='word_1_820' title='bbox 978 3215 1022 3246; x_wconf 88' lang='grc' dir='ltr'>’ότι</span> <span class='ocrx_word' id='word_1_821' title='bbox 1038 3215 1189 3254; x_wconf 86' lang='grc' dir='ltr'>Παμφάης</span> <span class='ocrx_word' id='word_1_822' title='bbox 1205 3217 1221 3245; x_wconf 86' lang='grc' dir='ltr'>ὁ</span> <span class='ocrx_word' id='word_1_823' title='bbox 1236 3214 1380 3255; x_wconf 82' lang='grc' dir='ltr'>Πριηνεὺς</span> <span class='ocrx_word' id='word_1_824' title='bbox 1397 3212 1520 3252; x_wconf 85' lang='grc' dir='ltr'>Κροίσῳ</span> <span class='ocrx_word' id='word_1_825' title='bbox 1533 3214 1577 3250; x_wconf 87' lang='grc' dir='ltr'><strong>τῷ</strong></span> <span class='ocrx_word' id='word_1_826' title='bbox 1590 3212 1682 3251; x_wconf 86' lang='grc' dir='ltr'>Λυδῷ</span> <span class='ocrx_word' id='word_1_827' title='bbox 1693 3234 1701 3246; x_wconf 77' lang='lat'><strong>.</strong></span> <span class='ocrx_word' id='word_1_828' title='bbox 1714 3213 1768 3241; x_wconf 81' lang='grc' dir='ltr'><strong>τοῦ</strong></span> <span class='ocrx_word' id='word_1_829' title='bbox 1781 3211 1892 3249; x_wconf 80' lang='grc' dir='ltr'>πατρὸς</span> <span class='ocrx_word' id='word_1_830' title='bbox 1907 3209 1999 3240; x_wconf 80' lang='grc' dir='ltr'>αὐτοῦ</span> <span class='ocrx_word' id='word_1_831' title='bbox 2013 3207 2183 3247; x_wconf 85' lang='grc' dir='ltr'>περιόντος,</span> 
     </span>
     <span class='ocr_line' id='line_1_95' title="bbox 71 3254 2041 3304; baseline -0.005 -11"><span class='ocrx_word' id='word_1_832' title='bbox 71 3262 230 3302; x_wconf 80' lang='grc' dir='ltr'>τριάκοντα</span> <span class='ocrx_word' id='word_1_833' title='bbox 246 3266 319 3303; x_wconf 83' lang='grc' dir='ltr'>μνᾶς</span> <span class='ocrx_word' id='word_1_834' title='bbox 335 3264 523 3304; x_wconf 76' lang='grc' dir='ltr'>ἐδωρήσατο.</span> <span class='ocrx_word' id='word_1_835' title='bbox 540 3265 732 3304; x_wconf 73' lang='grc' dir='ltr'>Παραλαὸὼν</span> <span class='ocrx_word' id='word_1_836' title='bbox 746 3264 777 3294; x_wconf 82' lang='grc' dir='ltr'>δὲ</span> <span class='ocrx_word' id='word_1_837' title='bbox 790 3264 843 3300; x_wconf 80' lang='grc' dir='ltr'><strong>τὴν</strong></span> <span class='ocrx_word' id='word_1_838' title='bbox 857 3263 951 3303; x_wconf 80' lang='grc' dir='ltr'>ἀρχὴν</span> <span class='ocrx_word' id='word_1_839' title='bbox 962 3286 971 3300; x_wconf 90' lang='grc'>,</span> <span class='ocrx_word' id='word_1_840' title='bbox 989 3263 1102 3302; x_wconf 85' lang='grc' dir='ltr'>μεστὴν</span> <span class='ocrx_word' id='word_1_841' title='bbox 1120 3262 1240 3301; x_wconf 82' lang='grc' dir='ltr'>ἅμαξαν</span> <span class='ocrx_word' id='word_1_842' title='bbox 1258 3261 1399 3302; x_wconf 82' lang='grc' dir='ltr'>ἀργυρίου</span> <span class='ocrx_word' id='word_1_843' title='bbox 1419 3260 1595 3299; x_wconf 83' lang='grc' dir='ltr'>ἀπέπεμψεν</span> <span class='ocrx_word' id='word_1_844' title='bbox 1609 3259 1703 3297; x_wconf 83' lang='grc' dir='ltr'>αὐτῷ,</span> <span class='ocrx_word' id='word_1_845' title='bbox 1721 3277 1760 3284; x_wconf 88' lang='grc'>-</span> <span class='ocrx_word' id='word_1_846' title='bbox 1779 3261 1808 3288; x_wconf 83' lang='grc'>6.</span> <span class='ocrx_word' id='word_1_847' title='bbox 1822 3256 1874 3296; x_wconf 85' lang='grc' dir='ltr'>δὲ]</span> <span class='ocrx_word' id='word_1_848' title='bbox 1887 3267 1918 3286; x_wconf 88' lang='grc' dir='ltr'><strong>τε</strong></span> <span class='ocrx_word' id='word_1_849' title='bbox 1932 3254 2041 3285; x_wconf 85' lang='lat' dir='ltr'><strong>codex.</strong></span> 
     </span>
    </p>

    <p class='ocr_par' dir='ltr' id='par_1_19' title="bbox 114 3297 2182 3349">
     <span class='ocr_line' id='line_1_96' title="bbox 114 3297 2182 3349; baseline -0.007 -9"><span class='ocrx_word' id='word_1_850' title='bbox 114 3313 164 3340; x_wconf 73' lang='grc'><strong>66.</strong></span> <span class='ocrx_word' id='word_1_851' title='bbox 192 3309 270 3340; x_wconf 86' lang='lat' dir='ltr'><strong>Cod.</strong></span> <span class='ocrx_word' id='word_1_852' title='bbox 290 3304 401 3341; x_wconf 71' lang='grc' dir='ltr'>Εἶςοον.</span> <span class='ocrx_word' id='word_1_853' title='bbox 413 3310 483 3348; x_wconf 81' lang='lat' dir='ltr'><strong>fol.</strong></span> <span class='ocrx_word' id='word_1_854' title='bbox 503 3314 541 3341; x_wconf 87' lang='lat'><strong>85</strong></span> <span class='ocrx_word' id='word_1_855' title='bbox 553 3335 560 3349; x_wconf 96' lang='lat'><strong>,</strong></span> <span class='ocrx_word' id='word_1_856' title='bbox 579 3314 596 3341; x_wconf 86' lang='lat'><strong>8</strong></span> <span class='ocrx_word' id='word_1_857' title='bbox 611 3319 639 3341; x_wconf 87' lang='lat' dir='ltr'><strong>r.</strong></span> <span class='ocrx_word' id='word_1_858' title='bbox 651 3328 688 3331; x_wconf 97' lang='lat'><strong>—</strong></span> <span class='ocrx_word' id='word_1_859' title='bbox 701 3314 734 3341; x_wconf 82' lang='grc'><strong>91</strong></span> <span class='ocrx_word' id='word_1_860' title='bbox 750 3334 758 3348; x_wconf 92' lang='grc'>,</span> <span class='ocrx_word' id='word_1_861' title='bbox 774 3313 790 3340; x_wconf 90' lang='grc'>8</span> <span class='ocrx_word' id='word_1_862' title='bbox 808 3318 835 3340; x_wconf 81' lang='lat' dir='ltr'><strong>r.</strong></span> <span class='ocrx_word' id='word_1_863' title='bbox 855 3311 899 3340; x_wconf 90' lang='lat' dir='ltr'><strong>De</strong></span> <span class='ocrx_word' id='word_1_864' title='bbox 913 3309 949 3340; x_wconf 89' lang='lat' dir='ltr'><strong>iis</strong></span> <span class='ocrx_word' id='word_1_865' title='bbox 960 3318 1030 3348; x_wconf 68' lang='lat' dir='ltr'><strong>quae</strong></span> <span class='ocrx_word' id='word_1_866' title='bbox 1042 3309 1071 3339; x_wconf 88' lang='lat' dir='ltr'><strong>in</strong></span> <span class='ocrx_word' id='word_1_867' title='bbox 1091 3309 1149 3338; x_wconf 89' lang='lat' dir='ltr'><strong>hoc</strong></span> <span class='ocrx_word' id='word_1_868' title='bbox 1164 3309 1337 3347; x_wconf 76' lang='lat' dir='ltr'><strong>fragmento</strong></span> <span class='ocrx_word' id='word_1_869' title='bbox 1350 3308 1505 3346; x_wconf 76' lang='lat' dir='ltr'><strong>leguntur,</strong></span> <span class='ocrx_word' id='word_1_870' title='bbox 1522 3305 1690 3337; x_wconf 78' lang='lat' dir='ltr'><strong>Photiusin</strong></span> <span class='ocrx_word' id='word_1_871' title='bbox 1706 3302 1868 3341; x_wconf 82' lang='lat' dir='ltr'><strong>Excerptis</strong></span> <span class='ocrx_word' id='word_1_872' title='bbox 1880 3300 1994 3332; x_wconf 74' lang='lat' dir='ltr'><strong>Ctesiae</strong></span> <span class='ocrx_word' id='word_1_873' title='bbox 2010 3299 2064 3335; x_wconf 77' lang='lat' dir='ltr'><strong>(fr.</strong></span> <span class='ocrx_word' id='word_1_874' title='bbox 2080 3301 2129 3334; x_wconf 78' lang='lat'><strong>29,</strong></span> <span class='ocrx_word' id='word_1_875' title='bbox 2146 3297 2182 3334; x_wconf 83' lang='lat'><strong>2)</strong></span> 
     </span>
    </p>
   </div>
  </div>
 </body>
</html>
