2338 3765
140 160 213 192 532

138 239 290 283 ὀξύτητι·
312 239 328 274 ὁ
350 237 382 272 δὲ
400 238 458 280 τῆς
476 234 687 285 ἹΙρακλειάς
708 233 840 279 ἐπιὸὰς,
863 233 903 270 τά
921 249 956 270 τε
982 233 1069 269 ἄλλα
1088 232 1171 284 σφό-

141 299 203 346 δρα
225 295 436 345 ἐπιστρό-’ρως
454 294 520 328 τῶν
534 291 750 343 πραγμάτων
768 291 937 341 ἐξηγεῖτο,
953 291 1011 328 καὶ
1027 290 1170 332 πολλοὺς

145 353 267 395 αἰτίαις
296 350 502 389 ὑποὸάλλων
522 351 588 386 τῶν
608 350 756 386 πολιτῶν
777 350 838 385 οὐκ
856 348 1015 391 ἐλάττους
1041 351 1169 397 ἐτιμω-

141 417 247 462 ρεῖτο,
275 412 321 452 ὡς
352 408 456 446 πάλιν
483 407 671 445 ἀποὸαλεῖν
689 406 808 449 αὐτοὺς
839 406 900 451 τὴν
921 407 1017 456 μόλις
1045 407 1171 457 ἐπιφα-

139 470 252 505 νεῖσαν
268 467 499 516 εὐδαιμονίαν.

197 527 303 564 Vlll.
336 520 381 563 ‘O
401 525 517 574 μέντοι
551 522 755 573 Λυσίμαχος
784 523 975 574 περιδρομῇ
998 521 1172 574 Ἀρσινόης

139 600 195 622 τον
218 584 354 634 ἄριστον
382 585 449 620 τῶν
475 580 607 618 παίδων
633 580 692 617 καὶ
715 579 944 632 πρεσὸύτερον
964 579 1172 630 Ἀγαθοκλέα

143 643 204 691 (ἐκ
215 640 390 692 προτέρων
416 639 450 677 δὲ
469 638 530 690 φὺς
549 633 590 685 ἦν
624 639 716 689 αὐτῷ
736 637 873 689 γάμων)
891 638 966 675 κατ’
986 636 1094 689 ἀρχὰς
1112 636 1172 685 μὲν

139 699 338 737 λανθάνοντι
362 698 554 750 φαρμάκῳ,
576 696 702 734 ἐκείνου
723 695 758 732 δὲ
770 696 858 733 κατὰ
878 696 1038 747 πρόνοιαν
1057 694 1170 744 ἐξεμε-

141 756 271 805 Οέντος,
294 753 522 804 ἀναιδεστάτη
552 753 794 805 διαχειρίζεται
825 752 964 803 γνώμῃ·
985 754 1169 801 δεσμωτη-

143 813 202 865 ρίῳ
229 811 393 861 ἐμὸαλὼν
425 811 556 849 κελεύει
586 815 845 857 κατακοπῆναι,
868 809 1052 854 ἐπιδουλῆν
1079 810 1172 860 αὑτῷ

141 870 458 923 καταψευσάμενος.
516 869 560 908 ‘O
580 868 614 906 δὲ
633 870 869 917 Πτολεμαῖος,
890 867 923 911 ὃς
943 867 1101 918 αὐτόχειρ
1116 870 1172 904 τοῦ

143 930 336 979 μιάσματος
353 927 518 979 ἐγεγόνει,
531 926 670 979 ἀδελφὸς
684 922 725 973 ἦν
743 925 932 978 Ἀρσινόης,
960 925 1019 962 καὶ
1049 924 1174 961 ἐπώνυ-

143 1001 205 1035 μον
221 986 276 1024 διὰ
293 985 355 1031 τὴν
377 984 566 1030 σκαιότητα
589 983 647 1022 καὶ
664 984 827 1022 ἀπόνοιαν
844 983 900 1020 τὸν
917 982 1078 1033 κεραυνὸν
1097 980 1173 1028 ἔφε-

145 1059 212 1095 ρεν,
239 1045 282 1094 (2)
314 1043 358 1082 ‘O
382 1043 493 1080 τοίνυν
526 1042 728 1093 Λυσίμαχος
753 1041 807 1079 διὰ
845 1041 906 1086 τὴν
933 1040 1172 1077 παιδοκτονίαν

145 1101 243 1151 μῖσός
269 1117 304 1139 τε
326 1101 456 1138 δίκαιον
487 1100 582 1151 παρὰ
612 1103 677 1137 τῶν
700 1099 858 1145 ὑπηκόων
891 1098 1083 1147 ἐλάμίῗανε,
1115 1097 1173 1134 καὶ

145 1161 313 1202 Σέλευκος
332 1163 441 1196 ταῦτα
457 1158 664 1207 πυθόμενος,
684 1158 741 1194 καὶ
766 1159 810 1200 ὡς
828 1156 961 1207 εὐχερὲς
984 1157 1035 1202 εἴη
1057 1159 1173 1192 τοῦτον

143 1218 343 1268 παραλῦσαι
362 1220 422 1262 τῆς
437 1218 548 1267 ἀρχῆς
561 1218 627 1252 τῶν
645 1215 777 1252 πόλεων
793 1214 1040 1267 ἀφεσταμένων
1058 1215 1173 1259 αὐτοῦ,

146 1275 262 1326 μάχην
284 1275 446 1312 συνάπτει
466 1274 550 1324 πρὸς
566 1272 679 1311 αὐτόν.
702 1272 771 1310 Καὶ
784 1272 901 1309 πίπτει
919 1274 952 1308 ἐν
967 1274 1015 1321 τῷ
1031 1270 1173 1322 πολέμῳ

145 1332 348 1383 Λυσίμαχος
370 1334 491 1382 παλτῷ
514 1330 668 1381 βληθείς·
696 1333 712 1367 ὃ
733 1331 766 1367 δὲ
800 1329 914 1380 βαλὼν
948 1329 1033 1379 ἀνὴρ
1060 1328 1171 1378 ἹΙρα-

145 1390 296 1435 κλεώτης
316 1385 368 1437 ἦν,
400 1390 507 1437 ὄνομα
529 1389 720 1434 Μαλάκων,
742 1388 806 1424 ὑπὸ
828 1387 988 1438 Σελεύκῳ
1014 1386 1176 1435 ταττόμε-

145 1466 211 1492 νος.
240 1449 408 1491 Πεσόντος
426 1449 479 1494 δὲ,
507 1451 528 1493 ἡ
549 1447 668 1484 τούτου
704 1447 794 1498 ἀρχὴ
822 1446 1104 1497 προσχωρήσασα
1133 1447 1174 1493 τῇ

149 1511 205 1544 τοῦ
226 1507 395 1545 Σελεύκου
417 1506 514 1555 μέρος
530 1507 692 1550 κατέστη.
752 1505 841 1541 Ἀλλ’
862 1507 1005 1542 ἐνταῦθα
1037 1503 1097 1551 μὲν
1116 1502 1174 1539 καὶ

281 1568 298 1575 a

146 1565 184 1601 τὸ
201 1564 242 1600 13¹
261 1569 320 1610 της
340 1564 515 1613 Μέμνονος
535 1562 684 1612 ἱστορίας
695 1561 804 1611 λήγει.

292 1682 353 1718 El<
385 1680 485 1717 ΤΟΥ
516 1677 571 1716 ΙΓ’
605 1679 691 1715 ΚΑΙ
722 1676 783 1714 1Δ’
812 1677 1027 1714 ΒΙΒΛΙΟΥ.

200 1795 265 1831 IX.
294 1793 354 1830 Ἔν
374 1791 407 1828 δὲ
429 1793 478 1843 τῷ
499 1792 540 1841 ιγ’
559 1790 634 1832 τοὺς
649 1789 893 1841 Ἡρακλεώτας
913 1789 1004 1839 λέγει
1023 1789 1177 1838 πυθομέ-

147 1866 221 1894 νους
243 1850 303 1896 τὴν
325 1849 494 1900 ἀναίρεσιν
510 1851 566 1885 τοῦ
587 1847 792 1898 Λυσιμάχου
810 1847 868 1884 καὶ
887 1849 932 1889 ὡς
956 1845 1007 1892 εἴη
1027 1848 1043 1882 ὁ
1062 1850 1178 1884 τοῦτον

147 1908 339 1951 ἀπεκτονὼς
351 1907 604 1959 Ἡρακλεώτης,
621 1906 681 1948 τάς
701 1922 736 1943 τε
748 1905 888 1956 γνώμας
903 1904 1180 1956 ἀναρρώννυσθαι

147 1970 205 2005 καὶ
222 1966 305 2017 πρὸς
321 1966 377 2003 τὸν
394 1969 453 2011 τ’ῆς
466 1964 656 2016 ἐλευθερίας
673 1963 978 2015 ἀνδραγαθίζεσθαι
998 1962 1115 2010 πόθον,
1138 1962 1179 2008 ἣν

149 2025 176 2061 δ’
192 2024 249 2062 καὶ
264 2024 298 2061 π’
315 2023 422 2061 ἔτεσιν
439 2022 502 2060 ὑπό
519 2038 554 2060 τε
571 2024 636 2059 τῶν
653 2021 825 2073 ἐμφυλίων
841 2021 1012 2072 τυράννων
1029 2020 1088 2057 καὶ
1106 2022 1181 2069 μετ’

149 2082 293 2124 ἐκείνους
323 2081 388 2118 ὑπὸ
410 2080 615 2131 Λυσιμάχου
633 2079 820 2131 ἀφῄρηντο.
846 2079 886 2129 (2)
906 2080 1105 2129 Προσῆλθον
1124 2071 1180 2115 οὖν

149 2140 311 2191 πρότερον
325 2138 552 2190 (Ηρακλείδῃ,
570 2137 740 2180 πείθοντες
755 2136 855 2174 αὐτὸν
871 2136 932 2186 μὲν
948 2137 1110 2187 ἐκχωρεῖν
1123 2139 1182 2181 τῆς

149 2199 291 2243 πόλεως,
304 2198 364 2234 οὐκ
375 2199 490 2242 ἀπαθῆ
508 2198 624 2233 κακῶν
634 2195 734 2244 μόνον
750 2193 839 2232 ἀλλὰ
855 2194 913 2231 καὶ
927 2195 1098 2245 λαμπροῖς
1116 2192 1182 2230 δώ-

153 2272 217 2307 ροις
238 2254 509 2306 ἐφοδιαζόμενον,
528 2255 578 2306 ἐφ’
599 2248 627 2304 ᾧ
644 2252 705 2298 τὴν
722 2252 913 2304 ἐλευθερίαν
933 2252 1077 2294 ἐκείνους
1099 2253 1182 2288 ἀνα-

150 2314 280 2351 λαὸεῖν.
341 2315 381 2362 (3)
405 2312 467 2354 “Ως
482 2311 516 2348 δὲ
536 2312 573 2348 οὐ
596 2310 696 2359 μόνον
716 2311 776 2347 οὐκ
796 2310 938 2356 ἔπειθον,
956 2307 1044 2345 ἀλλὰ
1067 2308 1125 2345 καὶ
1138 2310 1183 2350 εἷς

151 2370 256 2423 ὀργὴν
278 2369 467 2407 ἐκπεσόντα
489 2363 575 2405 εἶδον
592 2367 651 2404 καί
671 2383 764 2409 τινας
785 2368 895 2403 αὐτῶν
923 2365 982 2403 καὶ
1007 2364 1184 2416 τιμωρίαις

154 2429 332 2478 ὑπάγοντα
345 2456 354 2474 ,
375 2426 544 2471 συνθήκας
564 2423 698 2473 θέμενοι
715 2424 798 2474 πρὸς
814 2423 889 2466 τοὺς
907 2424 1139 2474 φρουράρχους
1153 2424 1183 2459 οἳ

154 2488 312 2531 πολῖται,
333 2484 370 2521 αἳ
387 2484 449 2527 τήν
465 2499 501 2520 τε
517 2482 747 2519 ἰσοπολιτείαν
768 2482 880 2523 αὐτοῖς
901 2481 1018 2529 ἔνεμον
1035 2479 1184 2523 καὶτοὺς

157 2544 294 2591 μισθοὺς
331 2541 450 2578 λαῧεῖν
485 2535 530 2577 ὧν
567 2539 749 2590 ἐστέρηντο
763 2568 772 2585 ,
808 2538 1090 2587 συλλαμὸάνουσι
1127 2538 1184 2574 τὸν

155 2599 384 2653 Ἡρακλείδην
399 2598 457 2636 καὶ
475 2597 727 2649 φυλαττόμενον
743 2591 833 2647 εἶχον
849 2596 904 2633 ἐπὶ
917 2595 1049 2648 χρόνον.
1071 2596 1184 2634 Ἐκεῖ-

157 2664 209 2696 θεν
226 2656 385 2707 λαμπρὰς
401 2656 513 2698 ἀδείας
526 2654 690 2696 λαὸόντες
703 2657 762 2700 τῆς
781 2669 817 2690 τε
835 2655 1052 2705 ἀκροπόλεως
1065 2654 1184 2704 μέχρις

157 2716 299 2767 ἐδάφους
318 2713 361 2750 τὰ
382 2713 481 2764 τείχη
511 2712 714 2758 κατέὲαλον,
740 2713 797 2749 καὶ
818 2712 900 2763 πρὸς
927 2711 1095 2750 Σέλευκον
1116 2713 1185 2747 διε-

157 2771 405 2824 πρεσὸεύοντο,
435 2774 493 2816 τῆς
516 2770 645 2812 πόλεως
675 2769 885 2819 ἐπιμελητὴν
910 2769 1187 2821 προστησάμενοι

157 2831 350 2881 (Ιὶώκριτον.

212 2890 259 2926 Χ.
283 2886 444 2932 Ζιποίτης
465 2885 498 2922 δὲ
527 2889 543 2922 ὁ
569 2888 718 2923 Βιθυνῶν
745 2885 921 2936 ἐπάρχων,
943 2886 1070 2935 ἐχθρῶς
1099 2883 1186 2934 ἔχων

160 2945 421 2996 Ἡρακλεώταις
451 2943 612 2994 πρότερον
642 2944 702 2991 μὲν
723 2942 777 2978 διὰ
808 2942 1026 2992 Λυσίμαχον,
1055 2942 1130 2978 τότε
1153 2941 1188 2977 δὲ

159 3003 214 3040 διὰ
232 3002 400 3041 Σέλευκον
420 3001 594 3051 (διάφορος
611 3000 676 3051 γὰρ
691 2995 731 3045 ἦν
747 3000 914 3051 ἑκατέρῳ)
929 3029 938 3045 ,
956 2999 1016 3045 τὴν
1037 3001 1113 3037 κατ’
1132 3000 1187 3034 αὐ-

1057 146 1277 183 MEMNon
1289 145 1330 181 IS

1231 240 1261 268 et
1277 246 1391 268 aerem.
1412 237 1467 267 llic
1483 245 1582 275 quum
1602 235 1711 275 pedem
1729 235 1883 267 intulisset
1897 235 2075 274 Heracleae,
2093 244 2191 275 quum
2207 244 2260 268 ee-

1232 309 1297 338 tera
1311 306 1403 337 nimis
1425 304 1519 344 rigide
1536 304 1782 343 administravit,
1802 305 1869 334 tum
1887 305 2002 335 multos
2027 304 2143 335 ciVium
2159 305 2263 336 crimi-

1224 378 1315 408 nihns
1326 375 1543 412 oneravitmec
1557 374 1718 414 pauciores
1733 373 1887 413 supplicio
1903 373 2027 412 affecit3
2042 373 2121 405 adeo
2133 375 2168 405 ut
2193 374 2262 404 teli-

1233 446 1360 476 citatem
1377 444 1508 474 vixdum
1528 444 1670 474 exortam
1690 443 1773 473 cives
1789 443 1892 473 denuo
1910 443 2100 474 amitterent.

1277 526 1356 555 Vlll.
1373 525 1521 555 Ceterum
1535 521 1738 562 Lysimachus
1754 521 1862 553 fraude
1876 522 2019 554 Arsinoes
2031 522 2266 553 circumventus

1234 593 1311 622 natu
1334 591 1509 621 maximum
1524 590 1555 620 et
1571 589 1727 628 optimum
1747 588 1881 619 tiliorum
1898 589 2118 628 Agathoclem,
2133 598 2151 620 e
2163 590 2266 629 pn'ore

1233 659 1290 690 sibi
1303 659 1433 698 conjuge
1446 658 1557 689 natum
1567 681 1576 696 ,
1596 657 1698 697 primo
1711 657 1839 696 quidem
1854 666 1975 688 veneno
1989 658 2197 697 clanculario‚
2213 658 2268 689 sed

1235 726 1341 765 postea
1353 747 1361 762 ,
1375 724 1434 754 hoc
1449 732 1503 763 per
1521 723 1675 754 vomitum
1690 723 1806 761 rejecto
1816 747 1824 762 ‚
1839 731 1937 762 quum
1955 723 2139 762 providisset
2150 723 2201 755 ille
2218 724 2266 755 in-

1234 791 1344 829 sidias,
1366 789 1519 822 sententia
1534 788 1802 828 impudentissima
1822 789 2006 820 damnatum
2020 790 2123 820 necat.
2140 791 2176 821 In
2194 798 2266 821 car-

1234 864 1337 886 cerem
1354 856 1437 886 enim
1455 856 1656 894 compactum
1669 854 1818 885 trucidari
1836 854 1943 894 jubet,
1961 855 2088 886 insidias
2105 855 2163 886 sibi
2181 856 2265 886 stru-

1235 924 1300 954 ctas
1320 923 1395 954 salso
1421 923 1613 954 criminatus.
1659 922 1846 953 Ptolemaeus
1867 923 1972 953 autem
1986 946 1994 962 ,
2017 922 2071 962 qui
2096 931 2153 954 sua
2170 931 2266 954 manu

1234 990 1335 1020 scelus
1359 989 1388 1019 id
1414 988 1622 1028 perpetravit,
1652 988 1747 1018 frater
1776 989 1842 1019 erat
1871 988 2033 1027 Arsinoes,
2065 989 2095 1019 et
2130 989 2266 1020 Cerauni

1237 1057 1247 1095 (
1260 1056 1432 1087 Fulminis
1447 1056 1457 1094 )
1483 1055 1727 1094 cognomentum
1755 1054 1795 1085 ab
1821 1055 2060 1095 importunitate
2086 1065 2209 1088 morum
2237 1059 2268 1089 et

1235 1122 1380 1152 vecordia
1395 1121 1513 1152 retulit.
1558 1122 1600 1160 (2)
1613 1121 1818 1161 Lysimachus
1835 1122 1927 1161 igitur
1941 1125 2067 1163 propter
2081 1123 2135 1155 tilii
2149 1124 2267 1156 caedem

1235 1188 1266 1219 in
1283 1188 1354 1219 odio
1369 1190 1434 1219 erat
1447 1188 1658 1219 subditorum.
1676 1189 1715 1219 Et
1733 1188 1895 1227 Seleucus,
1914 1189 1960 1220 his
1976 1189 2125 1229 cognitis,
2140 1192 2171 1221 et
2183 1191 2268 1230 quod

1237 1253 1325 1284 facile
1342 1254 1381 1284 sit
1407 1262 1499 1291 regno
1522 1253 1682 1285 hominem
1704 1256 1869 1291 excutere,
1894 1255 2074 1287 civitatibus
2086 1257 2125 1287 ab
2139 1266 2175 1288 eo
2188 1257 2267 1288 deti-

1236 1319 1399 1357 cientibus,
1412 1319 1558 1358 praelium
1572 1327 1645 1349 cum
1659 1327 1696 1349 eo
1713 1318 1723 1357 (
1737 1318 1785 1349 ad
1804 1318 2031 1358 Curopede'um
2046 1319 2056 1358 )
2073 1321 2219 1359 conserit,
2237 1321 2268 1351 in

1237 1391 1299 1422 quo
1316 1381 1517 1416 Lysimachus
1533 1381 1594 1419 pilo
1609 1381 1759 1420 trajectus
1772 1381 1951 1412 occumbit:
1973 1382 2092 1421 trajecit
2106 1384 2211 1414 autem
2224 1383 2271 1413 vir

1238 1444 1455 1482 Heracliensis,
1468 1443 1594 1474 nomine
1604 1443 1761 1481 Malacon,
1773 1443 1906 1474 Seleuco
1921 1443 2068 1475 militans.
2079 1446 2270 1484 interempto

1240 1504 1441 1544 Lysimacho,
1462 1512 1593 1543 regnum
1609 1504 1648 1534 ad
1666 1503 1786 1534 Seleuci
1800 1503 1950 1535 ditionem
1967 1505 2107 1536 accessit.
2133 1506 2178 1536 lbi
2197 1505 2271 1536 duo-

1238 1566 1378 1598 decimus
1392 1565 1566 1597 Memnonis
1584 1565 1663 1596 liber
1674 1566 1882 1596 Historiarum
1900 1565 2023 1597 desinit.

1528 1679 1662 1717 LIBRI
1687 1679 1780 1716 XIII
1799 1678 1861 1717 ET
1879 1680 1981 1718 XIV.

1283 1800 1335 1831 lx.
1352 1798 1443 1830 Libro
1468 1797 1590 1829 decimo
1608 1797 1702 1828 tertio
1720 1797 1826 1828 narrat
1846 1797 1912 1828 haec
1935 1810 1941 1829 :
1969 1799 2198 1840 Heraclienses,
2216 1801 2270 1841 ait,

1241 1866 1349 1897 audito
1366 1864 1541 1904 Lysimachi
1558 1864 1703 1902 interitu,
1722 1865 1753 1895 et
1778 1864 1863 1903 quod
1885 1873 1902 1895 a
1918 1865 2062 1904 populari
2079 1874 2136 1897 suo
2150 1875 2211 1898 nex
2230 1867 2274 1899 illi

1243 1938 1327 1968 illata
1338 1937 1428 1974 esset,
1439 1935 1560 1966 animos
1570 1934 1776 1972 confirmant,
1785 1936 1816 1965 et
1826 1942 1881 1974 pro
1890 1934 2043 1966 libertatis
2052 1937 2274 1976 recuperandae

1243 2002 1395 2035 desiderio
1404 2002 1499 2033 sortes
1509 2002 1633 2033 seviros
1645 2001 1804 2033 declarant
1819 2014 1826 2033 :
1839 2010 1935 2042 quam
1943 2011 1997 2042 per
2009 2011 2109 2035 annos
2118 2005 2276 2045 octoginta

1243 2072 1393 2112 quattuor
1406 2070 1530 2110 tyranni
1544 2069 1719 2108 domestici,
1730 2070 1761 2100 et
1772 2069 1840 2109 post
1853 2078 1906 2101 eos
1919 2071 2123 2109 Lysimachus
2136 2073 2275 2112 ereptam

1243 2136 1418 2167 tenuerant.
1436 2134 1478 2173 (2)
1497 2135 1639 2164 Primum
1652 2133 1746 2172 igitur
1760 2133 1957 2164 Heraclidem
1971 2135 2181 2174 conveniunt,
2195 2137 2227 2167 et
2243 2138 2277 2167 ut

1244 2208 1306 2230 non
1321 2199 1442 2230 tantum
1456 2197 1560 2228 salvus
1572 2197 1604 2227 et
1616 2196 1783 2227 incolumis
1793 2222 1800 2235 ,
1815 2196 1868 2227 sed
1881 2196 1976 2228 etiam
1990 2197 2152 2237 splendido
2163 2207 2276 2231 mune-

1245 2274 1314 2295 rum
1330 2265 1441 2296 viatico
1456 2265 1625 2295 instructus
1653 2263 1802 2303 excedat,
1820 2264 1981 2303 pristinam
1994 2265 2277 2298 modolibertatem

1245 2330 1424 2367 obtineant,
1440 2328 1582 2359 suadent.
1600 2329 1639 2359 At
1654 2336 1754 2366 quum
1770 2336 1832 2358 non
1847 2327 1941 2359 modo
1957 2337 2019 2359 non
2036 2329 2277 2370 persuaderent,

1244 2390 1300 2422 sed
1313 2391 1357 2420 ira
1372 2390 1465 2420 etiam
1479 2391 1647 2428 tyrannum
1665 2387 1870 2427 inflammari,
1886 2390 1916 2420 et
1926 2391 2094 2421 nonnullos
2110 2391 2148 2422 de
2161 2392 2224 2423 suis
2239 2392 2277 2423 ad

1245 2452 1395 2493 supplicia
1420 2452 1485 2490 rapi
1510 2451 1602 2481 abeo
1624 2450 1784 2489 viderent,
1802 2452 1893 2490 pacto
1919 2461 1991 2483 cum
2009 2453 2143 2492 praesidii
2165 2454 2277 2493 praete-

1245 2516 1303 2547 etis
1321 2515 1397 2546 inito
1409 2539 1417 2553 ,
1432 2514 1467 2544 ut
1480 2513 1592 2552 aequali
1612 2513 1642 2543 in
1660 2513 1818 2552 republica
1833 2514 1903 2553 jure
1919 2515 2097 2553 uterentur,
2114 2517 2146 2547 et
2164 2516 2280 2555 quibus

1247 2577 1383 2610 fraudati
1396 2578 1497 2608 essent
1511 2575 1664 2615 stipendia
1684 2576 1867 2615 reciperent,
1883 2577 2079 2608 Heraclidem
2100 2578 2130 2608 in
2153 2578 2279 2610 vincula

1246 2641 1423 2680 conjectum
1442 2639 1481 2670 ad
1502 2641 1625 2678 tempus
1649 2638 1841 2670 custodiunt.
1880 2639 1972 2670 Omni
1988 2639 2100 2671 dehinc
2125 2642 2210 2672 metu
2226 2650 2278 2672 so-

1246 2706 1322 2744 luti,
1340 2704 1456 2735 moenia
1472 2704 1551 2734 arcis
1567 2703 1606 2734 ad
1632 2704 1835 2735 fundamenta
1853 2712 1952 2743 usque
1971 2703 2118 2743 diruunt,
2135 2705 2165 2735 et
2185 2704 2279 2735 missa

1245 2767 1284 2798 ad
1299 2766 1464 2798 Seleucum
1489 2765 1663 2804 legatione,
1683 2765 1867 2796 Phoci-itum
1892 2765 2028 2796 civitatis
2053 2765 2226 2805 principem
2247 2767 2279 2797 et

1246 2830 1423 2860 curatorem
1438 2828 1566 2858 faciunt.

1288 2889 1327 2918 X.
1344 2888 1381 2917 At
1393 2886 1538 2925 Zipoetes‚
1553 2885 1707 2924 Bithyniae
1722 2885 1846 2924 regulus
1857 2909 1864 2923 ,
1879 2884 2128 2916 Heracliensibus
2141 2884 2279 2916 infensus

1244 2945 1307 2984 jam
1328 2946 1420 2975 antea
1436 2942 1632 2983 Lysimachi,
1652 2944 1729 2973 tunc
1749 2951 1823 2973 vero
1837 2943 1957 2973 Seleuci
1975 2950 2067 2973 causa
2087 2944 2097 2981 (
2116 2951 2187 2973 nam
2205 2950 2278 2972 cum

1247 3004 1382 3041 utroque
1400 3001 1576 3032 simultates
1601 3000 1735 3031 habebat
1752 3000 1782 3039 ),
1803 3000 2042 3031 excursionibus
2068 3000 2156 3030 sactis
2179 2999 2277 3030 ‹letri-

200 3113 294 3149 Vlll,
316 3115 342 3141 1.
367 3108 569 3149 Ἀγαθοκλέα]
585 3109 633 3139 Ct'.
661 3108 772 3139 Strabo
791 3110 883 3146 ΧΙΙΙ,
907 3117 936 3147 p.
961 3112 1041 3147 6233
1061 3110 1194 3139 Pausan.
1216 3108 1249 3145 l,
1274 3109 1326 3142 10;
1353 3104 1484 3143 Appian.
1511 3104 1581 3142 Syr.
1600 3105 1657 3141 643
1673 3103 1789 3133 Justin.
1812 3104 1918 3141 XVll,
1943 3105 1965 3133 t.
1987 3104 2135 3141 Droysen.
2159 3102 2178 3132 l.
2202 3102 2221 3132 Ι.
2249 3104 2277 3139 Ι,

161 3161 219 3189 0:38
234 3166 302 3197 sqq.

203 3201 245 3229 ΙΧ
259 3222 266 3236 ,
286 3201 314 3228 3.
339 3196 533 3237 λαμπρὰς]
550 3199 624 3229 olim
640 3201 795 3239 ).αμπρᾶς;
813 3209 910 3239 quare
926 3200 1065 3234 λαῧόντες
1084 3200 1112 3229 in
1129 3200 1344 3238 μεταλαίίὁντες
1363 3200 1477 3231 mutari
1498 3208 1517 3229 v
1532 3199 1594 3228 ·h:·'t
1612 3200 1636 3226 J·
1651 3194 1736 3225 eolis.
1756 3195 1793 3225 ad
1813 3195 1926 3226 Achill.
1945 3195 2012 3225 Tat.
2033 3203 2063 3233 p.
2083 3197 2153 3225 880.

203 3247 241 3275 Χ.
266 3244 426 3283 Ζιποίτης]
439 3246 482 3274 De
500 3244 558 3274 hoe
572 3245 642 3275 vide
659 3246 738 3275 intra
755 3254 781 3275 c.
798 3250 836 3276 20
848 3269 855 3282 ‚
872 3246 997 3276 Diodor.
1016 3248 1080 3275 ΧΙΧ
1095 3270 1102 3283 ,
1119 3252 1156 3276 (30
1171 3270 1178 3283 ‚
1194 3251 1210 3275 3
1227 3246 1330 3285 ibique
1349 3246 1554 3284 wesseling-3
1570 3243 1730 3274 Plutarch.
1746 3244 1806 3278 Qu.
1821 3243 1876 3272 Gr.
1891 3251 1918 3272 c.
1935 3244 1991 3280 49,
2008 3250 2038 3280 p.
2056 3246 2125 3279 302,
2138 3243 2183 3279 E3
2200 3242 2277 3271 Pau-

162 3300 215 3322 ειη)
235 3293 279 3328 V,
301 3292 475 3325 12;'l‘7.etz.
495 3291 571 3321 llist.
592 3293 650 3329 ΙΙΙ,
670 3293 740 3322 5530.
760 3292 808 3322 Ct‘.
827 3294 966 3321 Gronov.
987 3292 1024 3321 ad
1049 3293 1112 3322 Liv.
1137 3294 1289 3322 xxxvm
1303 3316 1310 3329 ,
1332 3297 1365 3323 10
1379 3304 1386 3330 ;
1402 3292 1539 3323 Clinton.
1560 3292 1591 3321 1³.
1610 3292 1648 3321 H.
1668 3290 1744 3320 tom.
1767 3290 1828 3325 ΙΙΙ,
1844 3297 1871 3327 p.
1890 3290 1958 3318 (itt.
