2289 3728
753 159 1043 196 PoLEMoNis
1075 160 1400 199 FRAGMENI'A.

30 248 129 283 circa
151 261 212 284 an.
235 249 511 291 26o‚1nortuus
532 260 589 283 an.
616 247 732 281 18:321.
750 248 790 282 (ἶ.
811 248 893 280 llaec
912 247 1007 279 inter
1025 256 1060 278 se

28 307 167 351 optime
196 308 418 349 concinunt;
456 314 492 340 at
519 307 756 340 vehementer
789 306 829 337 iis
857 304 1063 349 refragatur

28 363 132 408 quod
153 362 324 411 deinceps
342 365 449 410 ponit
475 362 603 398 Snidas

27 417 161 456 εΡοδιόυ
184 419 371 456 Παναιτίου
393 433 401 457 ;
424 434 507 455 nam
523 433 567 455 ex
587 419 890 455 antecedentibus
908 420 1060 453 Polemo

28 491 138 514 senex
153 491 227 513 esse
244 479 373 514 debuit
388 491 462 525 quo
478 486 646 524 tempore
659 479 822 524 primum
837 476 972 511 florere
990 488 1063 510 coe·

29 537 84 583 pit
114 538 306 572 Panaetius.
338 537 460 582 Quare
490 543 552 570 aut
592 537 709 570 aliena
751 536 964 577 miscentur,
1002 539 1064 568 aut

30 594 142 629 verba
162 602 338 641 corrupta
354 601 451 629 sunt.
473 596 614 628 Auctor
634 593 755 628 Suidae
776 593 909 627 dixerit
926 604 1061 638 perve-

29 652 125 686 nisse
143 653 383 687 Polemonem
401 664 517 698 usque
538 651 585 686 ad
607 652 757 686 Panaetii
786 658 975 697 tempora,
999 649 1063 695 qui

31 720 116 743 eum
143 709 240 744 inter
269 707 458 757 γνωρίμους
491 708 696 752 habuisset,
730 708 769 742 id
798 708 903 754 quod
936 706 1066 742 Suidas

29 777 227 813 perperam
256 766 303 801 de
324 768 505 813 discipulo
531 767 735 801 Polemone
759 767 967 812 intelligere
995 776 1067 811 po-

30 824 112 861 tuit.
135 822 180 874 (⁴¹)
204 842 249 847 —
264 824 316 860 De
335 825 516 871 magistris
541 824 752 858 Polemonis
772 824 863 857 nihil
892 822 1064 858 traditur.

30 881 129 927 Quid
143 884 369 917 recentiores
380 882 567 926 finxerint,
587 882 705 917 modo
720 881 934 924 Aristarchi,
949 880 1065 915 modo

33 940 292 987 Aristophanis
326 940 570 987 discipulum,
600 939 716 974 modo
744 952 787 974 ex
815 940 1066 986 Pergameno-

31 1008 114 1030 rum
129 998 255 1032 schola
280 998 490 1044 profectum
508 1010 579 1032 esse
601 997 830 1040 dictitantes,
852 1003 936 1043 post
960 995 1065 1030 Prel-

32 1054 149 1089 lerum
183 1055 307 1090 denuo
342 1067 528 1102 exponere
558 1055 795 1102 supersedeo.
830 1056 912 1101 Ipse
944 1061 1066 1089 autem

31 1113 215 1148 Prellerus
243 1126 251 1147 :
287 1130 302 1145 «
324 1115 416 1148 Mihi
437 1113 726 1148 renuntiandum
745 1114 890 1160 potius,
922 1113 1065 1160 inquit,

33 1183 144 1217 quam
170 1172 449 1220 obsequendum
469 1171 643 1219 improbo
665 1172 717 1205 illi
736 1171 1066 1219 grammaticorum

32 1240 98 1263 suo
119 1241 306 1276 quemque
328 1230 494 1274 doctori,
519 1242 591 1264 suae
613 1230 832 1264 successioni
860 1228 1067 1275 assignandi

32 1286 176 1331 studio,
197 1288 418 1335 gaudeoque
439 1300 545 1332 meo,
567 1294 608 1322 ut
629 1299 737 1334 quem
770 1286 906 1321 dixeris
931 1284 1065 1320 αὐτοδί-

34 1343 157 1380 δακτον
180 1346 299 1382 fuisse.
320 1348 457 1381 Verum
478 1347 506 1380 si
531 1354 670 1392 spectes
688 1345 899 1380 universam
918 1345 1067 1379 studio-

33 1415 119 1436 rum
152 1404 356 1448 rationem,
390 1410 573 1450 quantum
614 1403 660 1439 de
692 1404 734 1438 iis
773 1415 818 1438 ex
855 1403 1068 1450 fragmentis

34 1461 234 1496 existimari
258 1469 398 1509 potest,
429 1462 573 1497 duabus
593 1463 826 1509 potissimum
855 1462 893 1495 in
912 1462 1069 1495 urbibus

34 1519 264 1565 aliquamdiu
273 1519 476 1567 disciplinis
487 1532 570 1555 eum
583 1520 691 1555 fuisse
703 1519 890 1555 eruditum
900 1519 1066 1553 eredide-

34 1577 124 1620 rim,
143 1577 375 1612 Alexandriae
390 1584 426 1613 et
441 1579 605 1614 Athenis.
633 1577 866 1613 Alexandriae
885 1589 953 1623 per
970 1577 1069 1610 illam

35 1640 176 1669 aetatem
189 1647 239 1669 eae
250 1642 344 1670 artes
354 1636 514 1670 maxime
523 1637 752 1680 colebantur,
765 1636 900 1682 quihus
912 1635 1067 1669 Polemo

37 1693 257 1740 conspicuus
286 1700 382 1737 erat,
412 1695 593 1728 historicae
619 1701 655 1729 et
680 1695 943 1741 grammaticae,
981 1705 1070 1739 quas

36 1751 101 1797 qui
117 1750 281 1786 studiose
295 1750 472 1798 ediscere,
496 1753 559 1798 qui
571 1753 718 1798 penitus
731 1753 879 1786 haurire
898 1751 1046 1785 volebat
1059 1777 1068 1793 ,

37 1820 113 1842 non
123 1816 272 1856 poterat
283 1810 374 1856 quin
386 1810 645 1844 Alexandrinis
660 1810 878 1844 doctoribus
894 1809 1072 1855 temporis

39 1878 239 1913 operaeque
276 1867 507 1913 aliquantum
544 1867 788 1914 impenderet.
821 1866 929 1900 Adde
968 1865 1072 1911 quod

38 1932 180 1960 constat
196 1922 234 1973 (P)
256 1924 389 1959 vidisse
413 1931 580 1966 nostrum
598 1926 719 1960 aulam
742 1925 930 1959 Ptolemaei
950 1925 1071 1957 Euer-

37 1989 127 2030 getae
146 1995 190 2017 ex
206 1983 340 2018 Athen.
366 1984 460 2026 XII,
481 1996 521 2030 p.
547 1981 636 2029 552,
657 1985 688 2017 A
710 1982 772 2029 (fr.
798 1981 865 2029 84)
880 2009 889 2026 ,
916 1988 951 2016 et
968 1981 1071 2027 quod

37 2040 125 2075 libri
139 2041 216 2086 ejus
231 2041 327 2074 inter
343 2042 565 2087 posteriores
581 2042 839 2088 grammaticos
854 2040 1009 2074 maxime
1025 2039 1070 2073 ab

38 2097 294 2133 Alexandrinis
320 2098 609 2144 usurpabantur,
632 2098 800 2144 inprimis
819 2097 864 2131 ab
896 2096 1069 2142 Didymo.

39 2156 77 2191 Si
100 2163 196 2191 certa
214 2156 366 2190 nomina
395 2157 565 2202 expromi
585 2156 692 2199 velis,
717 2156 842 2202 potuit
858 2156 919 2189 ille
939 2154 1072 2189 audire

42 2214 327 2257 Callimachum,
348 2214 474 2259 potuit
490 2214 600 2248 etiam
623 2213 905 2247 Eratosthenem
926 2211 1071 2254 audire,

44 2272 110 2318 qui
124 2272 327 2306 Polemone
350 2270 579 2305 adolescente
598 2272 747 2305 summis
774 2271 919 2304 illarum
941 2270 1074 2303 artium

42 2329 215 2365 laudibus
234 2329 471 2364 excellebant.
496 2331 552 2364 De
577 2330 819 2364 Eratosthene
839 2328 917 2362 noli
946 2334 1075 2361 contra

42 2399 197 2422 monere
218 2387 323 2433 quod
338 2387 492 2421 Polemo
512 2388 657 2433 scripsit
673 2386 843 2421 adversus
864 2384 1075 2420 Eratosthe-

42 2457 150 2488 nem,
167 2445 312 2491 scripsit
331 2445 440 2479 etiam
458 2445 722 2491 Aristophanes
755 2444 929 2478 adversus
955 2440 1074 2491 (πρὸς)

43 2503 255 2538 Callimachi
269 2504 509 2549 praeceptoris
527 2501 685 2543 πίνακας.
707 2502 767 2537 Ad
792 2502 953 2537 Athenas
973 2500 1076 2547 quod

44 2561 192 2603 attinet,
222 2561 463 2594 Polemonem
486 2561 573 2594 huie
598 2560 685 2594 urbi
714 2561 873 2594 multum
899 2559 1077 2605 temporis

45 2619 212 2653 tribuisse
239 2618 298 2652 vel
318 2618 406 2652 inde
434 2625 556 2664 patet,
588 2618 693 2664 quod
726 2618 884 2652 traditur
916 2615 1076 2660 Ἀθήνησι

44 2672 350 2724 πολιτογραφηθεὶς
370 2675 496 2720 fuisse,
515 2675 616 2710 unde
634 2673 806 2719 Ἀθηναῖος
827 2681 981 2709 vocatur
998 2676 1076 2709 He—

46 2732 177 2768 raclidi
194 2733 374 2779 Mopseati
387 2745 447 2779 ap.
466 2734 600 2768 Athen.
620 2734 683 2768 VI.
704 2745 742 2779 p.
761 2732 851 2776 234,
869 2734 901 2767 D
913 2760 921 2775 ,
940 2740 973 2767 et
991 2733 1078 2767 Plu-

47 2791 175 2825 tarcho
195 2790 364 2837 Sympos.
394 2787 543 2835 Quaestt.
570 2791 615 2834 V,
648 2802 684 2826 2.
711 2790 896 2836 Quaeritur
916 2802 1080 2836 quonam

631 374 640 398 ε
666 360 725 396 καὶ
744 359 901 403 διήκουσε
921 359 979 395 καὶ
1004 361 1061 394 τοῦ

93 2898 135 2938 (⁹¹)
159 2898 336 2930 Panaetium
352 2897 511 2937 quendam
532 2898 686 2929 seniorem
704 2898 834 2937 intelligi
850 2898 950 2929 voluit
970 2899 1078 2929 Fabri-

51 2949 161 2980 01115Β.
177 2950 232 2980 Gr.
244 2950 299 2987 ΙΙΙ,
310 2957 341 2988 p.
355 2951 425 2979 572.
439 2948 566 2979 Jonsius
581 2948 683 2985 (nist.
699 2950 766 2979 Ser.
781 2948 834 2987 ph.
850 2957 880 2987 p.
895 2949 971 2987 213)
984 2950 1031 2980 vel
1042 2949 1081 2980 de

50 2995 111 3026 alio
128 2995 313 3034 Polemone,
328 2996 379 3026 vel
398 2995 437 3026 de
451 2996 559 3026 nostro
574 2995 745 3026 Polemone
760 3003 824 3025 non
837 2995 990 3034 discipulo
1003 3020 1010 3033 ,
1026 2996 1080 3026 sed

51 3045 199 3084 magistro
227 3044 356 3075 Panaetii
383 3043 584 3084 cogitandum
619 3052 685 3074 esse
712 3043 938 3083 suspicabatur.
955 3045 1081 3075 ’Jonsio

52 3090 241 3128 suffragatur
259 3090 400 3130 Lynden.
422 3092 468 3121 De.
483 3089 622 3120 Panaetio
639 3098 669 3128 p.
687 3093 704 3119 G
718 3098 765 3128 sq.
790 3101 804 3114 «
822 3088 913 3127 Mihi,
929 3090 1082 3121 Prellerus

53 3136 118 3175 ait,
135 3136 288 3167 mittenda
311 3137 416 3176 potius
438 3136 497 3166 ista
521 3135 627 3167 Suidae
645 3135 847 3165 hallucinatio
872 3134 1008 3173 videtur,
1027 3137 1080 3175 qni

53 3181 119 3212 sive
146 3181 249 3220 ipsum
278 3182 494 3222 Asclepiadem
520 3190 575 3212 seu
603 3181 699 3211 alium
728 3180 782 3220 qui
812 3181 872 3211 hoc
897 3189 971 3211 usus
996 3184 1080 3221 erat,

55 3228 264 3266 excerpserit,
281 3227 360 3259 adeo
388 3228 448 3258 hoc
462 3228 630 3259 oscitanter
656 3227 746 3265 feeit,
772 3227 809 3257 ut
833 3227 907 3266 quid
926 3227 982 3257 sibi
1007 3229 1082 3259 velit

56 3273 186 3304 Panaetii
210 3273 268 3304 ista
281 3273 394 3304 Rhodii
413 3272 672 3304 commemoratio
695 3280 778 3302 nunc
797 3272 935 3312 expediri
953 3273 1080 3304 omnino

56 3320 200 3358 nequeat.
220 3333 233 3345 ι»

2076 165 2145 196 109

1123 250 1234 283 aetatis
1253 252 1369 295 spatio
1391 251 1542 284 Athenis
1555 256 1715 284 versatus
1735 249 1842 282 fuerit
1858 275 1867 294 ,
1887 254 2010 281 utrum
2025 258 2148 288 senex,

1125 306 1228 350 qnod
1257 309 1475 341 existimavit
1494 308 1712 353 Lyndcnns,
1742 307 1804 352 qui
1834 306 2074 340 Polemonem
2094 316 2151 338 se-

1124 375 1209 396 nem
1225 365 1366 397 scholas
1383 365 1533 398 Athenis
1547 366 1713 399 habuisse
1728 365 1853 398 statuit
1866 391 1874 405 ,
1892 363 2025 409 quibus
2039 363 2154 395 inter—

1125 420 1235 454 fuerit
1254 422 1452 464 Panaetius,
1481 436 1527 457 an
1548 423 1704 467 juvenis.
1733 422 1822 457 Mihi
1853 421 1900 455 de
1923 421 2055 455 scholis
2082 420 2155 453 istis

1124 479 1232 513 valde
1249 480 1406 514 dubium
1416 482 1581 525 videtur,
1597 490 1724 517 contra
1744 483 1815 515 hoc
1830 481 1962 515 videor
1978 480 2066 514 mihi
2083 492 2153 526 pro

1126 543 1226 570 certo
1247 538 1514 583 exploratoque
1533 551 1674 585 ponere
1691 551 1813 585 posse,
1831 540 1989 585 primam
2005 537 2154 582 urbem,

1126 607 1201 640 quo
1221 594 1365 639 juvenis
1384 596 1429 629 ab
1449 597 1704 630 Alexandrinis
1721 597 1927 631 rudimenta
1948 597 2152 630 litterarum

1126 652 1280 686 edoctus
1297 652 1547 696 advolaverit,
1564 654 1844 688 studiosissimus
1864 655 1923 688 illc
1947 654 2155 687 monimen-

1127 717 1251 744 torum
1269 711 1461 756 omnisque
1479 711 1704 756 antiquitatis
1719 724 1760 745 ex
1781 713 1866 745 artis
1891 712 2066 757 operibus
2082 710 2154 744 do-

1127 769 1380 814 cumentisque
1399 769 1558 814 publicis
1576 768 1799 803 illustrandae
1812 796 1820 811 ,
1841 770 1934 803 hanc.
1955 770 2069 815 igitur
2087 781 2155 802 ur-

1126 827 1210 861 bem
1228 826 1334 861 fuisse
1349 827 1521 869 Athenas,
1537 828 1674 873 quippe
1688 839 1764 860 non
1777 827 1891 861 modo
1908 828 2157 873 qualicunque

1127 890 1455 918 monumentorum
1497 884 1748 929 suppellectile
1791 883 2058 926 refertissimus,
2095 883 2156 917 sed

1129 943 1239 977 etiam
1256 943 1298 976 iis
1313 942 1472 996 maxime
1490 948 1577 975 tunc
1598 941 1863 986 frequentataS,
1883 941 1945 986 qui
1962 942 2160 987 periegeta-

1127 1012 1210 1034 rum
1222 999 1341 1034 studia
1356 1000 1534 1042 colerent,
1552 1000 1589 1033 in
1602 1006 1931 1032 monumentorum
1946 999 2159 1044 cognitione

1127 1059 1246 1104 posita
1266 1065 1377 1103 atque
1392 1058 1436 1091 ab
1452 1056 1737 1091 Atheniensibus
1750 1057 1926 1102 primum,
1944 1055 2155 1098 invidetur,

1129 1115 1177 1150 ad
1193 1122 1330 1150 certam
1351 1121 1465 1149 artem
1486 1121 1522 1148 et
1540 1114 1722 1148 rationem
1738 1120 1922 1147 revocata.
1943 1110 2161 1146 Effloresce—

1128 1172 1192 1207 bat
1221 1173 1398 1206 nimirum
1425 1178 1513 1205 tunc
1543 1170 1643 1217 apud
1676 1171 1916 1205 Athenienses
1943 1170 2023 1211 illa,
2049 1181 2157 1214 quani

1128 1231 1361 1277 peripatetici
1382 1230 1665 1271 inchoaverant,
1688 1228 1950 1273 antiquitatum
1968 1226 2159 1272 disciplina

1129 1301 1173 1323 ex
1193 1289 1319 1323 sedula
1339 1288 1571 1335 singulorum
1589 1287 1760 1321 locorum
1784 1285 2010 1331 inspectione
2030 1290 2065 1317 et
2080 1296 2162 1330 per-

1130 1347 1348 1381 tractatione
1363 1344 1680 1391 explicandarum.
1700 1343 1881 1390 Vigebant
1894 1341 2020 1376 laudes
2036 1342 2162 1374 Philo-

1133 1404 1239 1438 chori
1260 1410 1295 1438 et
1321 1403 1447 1438 Timaei
1474 1403 1587 1437 Siculi
1609 1402 1738 1448 (quem
1758 1401 1954 1434 maximam
1971 1400 2053 1433 vitae
2073 1395 2162 1445 par-

1132 1469 1204 1496 tem
1225 1461 1324 1508 apud
1346 1462 1583 1496 Athenienses
1604 1459 1743 1506 degisse
1764 1465 1906 1492 constat
1932 1469 1977 1491 ex
2005 1457 2161 1503 Polybio

1131 1521 1220 1555 Exe.
1243 1522 1323 1556 Vat.
1350 1520 1448 1563 XII,
1485 1518 1575 1565 13),
1602 1519 1664 1563 qui
1690 1518 1766 1550 haec
1786 1515 1905 1550 studia
1925 1515 2056 1562 insigni
2082 1527 2164 1548 011111

1132 1577 1256 1612 fructu
1275 1577 1323 1612 ad
1346 1578 1539 1611 historiam
1561 1576 1848 1622 applicaverant.
1865 1573 2067 1608 Florebant
2083 1585 2161 1606 no—

1131 1637 1231 1670 mina
1259 1636 1411 1670 CratetiS
1441 1634 1690 1675 Atheniensis,
1718 1631 1984 1674 Eratosthenis,
2020 1631 2160 1665 Aristo-

1131 1695 1280 1740 phanis,
1303 1694 1460 1728 aliorum
1473 1720 1481 1736 ,
1499 1693 1562 1738 qui
1581 1690 1803 1727 comoediam
1822 1689 1982 1724 Atticam
2005 1700 2047 1722 ex
2067 1689 2164 1722 anti-

1134 1752 1336 1797 quitatibus
1360 1752 1489 1786 Atticis
1510 1749 1753 1783 illustrabant.
1774 1747 1952 1789 Vivebat,
1979 1746 2017 1780 ni
2038 1746 2159 1789 fallor,

1134 1809 1260 1843 eadem
1285 1815 1390 1843 aetate
1415 1808 1606 1843 Diodorus
1636 1805 1866 1841 Atheniensis
1885 1805 1949 1850 qui
1969 1804 2165 1851 Periegetae

1133 1878 1271 1900 nomen
1291 1873 1466 1911 tanquam
1485 1865 1648 1911 propriae
1681 1862 1916 1909 professionis
1945 1861 2165 1907 appellatio-

1133 1938 1237 1968 nem,
1260 1926 1356 1959 inter
1374 1924 1589 1959 historicam
1615 1929 1725 1967 atque
1752 1920 2028 1967 grammaticam
2049 1925 2162 1953 arteni

1134 1983 1283 2026 mediae,
1305 1983 1446 2029 primus
1465 1981 1534 2015 sibi
1554 1980 1746 2015 adscivisse
1773 1984 1809 2011 et
1829 1977 1875 2011 ad
1895 1977 2083 2023 peculiare
2103 1977 2164 2010 lit-

1136 2048 1297 2075 terarum
1328 2052 1441 2087 genus
1474 2038 1675 2073 vindicasse
1707 2035 1871 2070 videtur.
1903 2035 1981 2070 Hos
2008 2034 2162 2068 Polemo

1135 2106 1310 2145 sequutus
1339 2106 1411 2141 est,
1443 2103 1660 2142 tantumque
1689 2106 1777 2128 mox
1812 2093 1857 2127 de
1886 2092 2167 2138 antiquitatibus

1136 2157 1264 2191 Atticis
1279 2168 1321 2190 ex
1333 2155 1582 2189 monumentis
1596 2160 1631 2187 et
1642 2151 1943 2198 inscriptionibus
1954 2151 2165 2185 collustran-

1138 2214 1192 2248 dis
1206 2214 1364 2256 meruit,
1380 2220 1422 2246 ut
1438 2212 1672 2247 Athenienses
1690 2222 1773 2244 eum
1788 2210 1884 2242 inter
1900 2209 1995 2242 cives
2012 2207 2167 2254 adopta-

1136 2279 1236 2316 rent,
1258 2272 1317 2305 cui
1339 2278 1460 2305 tamen
1483 2270 1536 2303 rei
1553 2267 1759 2303 cavendum
1775 2278 1821 2300 ne
1842 2267 1998 2300 nimium
2027 2266 2165 2300 tribua-

1136 2342 1234 2374 mus,
1253 2342 1367 2375 quum
1385 2334 1528 2362 constet
1547 2339 1631 2361 eum
1646 2326 1830 2359 honorem
1844 2336 1910 2370 per
1924 2325 1988 2358 ista
2000 2330 2166 2373 tempora

1138 2387 1300 2422 facillimi
1320 2387 1461 2433 negotii
1480 2385 1601 2418 fuisse.
1625 2404 1674 2409 ——
1692 2383 1846 2417 Athenis
1863 2382 2103 2415 Polemonem
2119 2381 2165 2415 ad

1139 2452 1275 2480 ceteras
1301 2445 1447 2479 Graeeiae
1473 2450 1508 2477 ct
1525 2442 1661 2488 reliqui
1682 2441 1782 2475 orbis
1802 2447 1985 2474 terrarum
2005 2440 2168 2474 civitates

1140 2503 1330 2538 obeundas
1354 2502 1558 2549 perrexisse
1584 2507 1619 2534 et
1647 2498 1750 2545 quod
1776 2499 1859 2532 vitae
1886 2498 2071 2544 reliquum
2092 2505 2168 2531 erat

1139 2563 1235 2595 inter
1250 2559 1563 2608 peregrinandum
1584 2558 1658 2592 fere
1680 2557 1915 2591 consumsisse
1929 2554 2145 2589 crediderim
2158 2582 2166 2597 ,

1139 2620 1252 2666 idque
1269 2620 1318 2653 ita
1338 2630 1422 2653 eum
1442 2617 1655 2657 instituisse,
1677 2621 1718 2648 ut
1737 2626 1780 2647 ex
1801 2612 1956 2646 urbibus
1972 2612 2164 2646 nobiliori·

1139 2676 1227 2720 bus,
1246 2676 1435 2722 praecipue
1455 2687 1499 2709 ex
1519 2675 1560 2708 iis
1582 2686 1662 2719 quae
1680 2677 2031 2713 monumentorum,
2055 2669 2169 2703 dona-

1140 2735 1281 2768 riorum
1294 2761 1302 2775 ,
1319 2734 1527 2767 tabularum
1540 2732 1742 2778 pictarum,
1754 2728 2037 2775 inscriptionum
2053 2727 2168 2760 abun-

1141 2791 1265 2825 dantia
1284 2790 1502 2837 insigniores
1523 2795 1647 2832 erant,
1670 2787 1784 2821 modo
1804 2787 1897 2820 hanc
1923 2785 2037 2819 modo
2070 2784 2169 2818 illam

1142 2848 1278 2882 diutius
1298 2848 1474 2882 incoleret
1500 2846 1805 2890 domiciliumque
1823 2844 1875 2877 ibi
1905 2843 2169 2889 aliquantisper

1141 2905 1282 2954 figeret.
1306 2907 1412 2942 Certe
1426 2933 1435 2949 ‚
1455 2906 1482 2939 si
1504 2911 1639 2951 quanta
1657 2916 1744 2938 cura
1764 2902 1810 2936 de
1831 2901 1981 2948 singulis
1998 2900 2170 2947 disputa-

1143 2965 1235 2998 verit
1256 2964 1430 3010 exipsius
1458 2962 1669 3010 fragmentis
1693 2960 1928 3008 cognoveris,
1957 2957 2062 3002 facile
2090 2969 2167 2992 me-

1143 3034 1228 3056 cum
1257 3022 1460 3056 consenties
1485 3033 1569 3055 eum
1596 3019 1770 3064 minime,
1794 3025 1836 3051 ut
1854 3017 1972 3051 solent
2001 3016 2168 3049 homines

1142 3078 1458 3127 peregrinabundi
1469 3105 1478 3121 ,
1498 3077 1692 3124 inspexisse
1707 3076 1885 3110 duntaxat
1898 3073 2009 3108 urbes
2028 3072 2165 3115 videri,

1143 3137 1207 3171 sed
1226 3137 1393 3171 habitare
1422 3137 1460 3170 in
1480 3137 1522 3169 iis
1542 3142 1578 3169 et
1602 3142 1675 3169 tam
1704 3133 1798 3167 bene
1827 3132 1990 3178 cognitas
2008 3129 2165 3172 hahere,

1144 3207 1255 3241 quam
1286 3195 1406 3228 solent
1425 3194 1521 3227 cives
1550 3200 1613 3227 aut
1646 3190 1832 3236 inquilini.
1865 3189 1993 3233 Neque
2019 3186 2091 3219 hoc
2121 3184 2167 3218 de

1143 3253 1229 3287 solis
1250 3252 1400 3286 Athenis
1421 3252 1536 3297 valet,
1563 3261 1692 3284 verum
1711 3247 1817 3281 sicuti
1839 3247 1876 3279 in
1898 3245 1952 3278 his
1970 3242 2166 3277 versatissi-

1144 3323 1222 3344 mus
1243 3318 1341 3348 erat,
1375 3311 1423 3343 ita
1450 3311 1567 3353 Argos
1587 3309 1715 3346 etiam,
1741 3306 1954 3349 Sicyonem,
1977 3301 2163 3346 Spartam,
