2338 3765
198 162 270 193 322

690 248 723 268 2.

246 329 419 375 stephan.
439 329 523 373 Byz.
548 339 554 359 ε
578 324 730 369 Μιλύαι,
753 325 782 360 οἱ
800 325 960 375 πρότερον
982 325 1154 374 Σόλυμοι,
1178 326 1222 366 ὡς

194 386 389 434 Τιμαγένης
415 382 541 433 πρώτῳ
575 381 762 419 Βασιλέων.
796 381 867 420 Καὶ
896 385 918 428 ἠ
945 382 1043 434 χώρα
1068 383 1220 428 Μιλυάς,

192 445 236 484 ὣς
258 440 404 482 Μινυάς.
428 439 594 489 Αέγονται
610 438 668 475 καὶ
686 441 719 476 Μ
728 438 832 485 ίλυες,
852 439 920 476 ἀπὸ
939 439 1069 485 Μιλύης
1085 443 1144 485 τ’ἧς
1160 454 1222 488 γυ-

190 499 305 539 ναικὸς
326 497 486 546 Σολύμου
506 497 564 533 καὶ
584 497 751 547 ἀδελφῆς,
775 495 914 547 ὕστερον
941 496 975 534 δὲ
1001 498 1141 549 Κροίγου
1161 513 1220 548 γυ-

191 556 319 598 ναικός.
338 556 389 593 Τὸ
407 554 535 592 ἐθνικὸν
558 553 706 596 Μιλυεὺς
726 554 784 591 καὶ
802 555 982 600 Μιλυίτης.

244 616 298 650 Ct'.
319 615 512 663 For-biger.
530 615 606 648 Alt.
626 615 758 660 Geogr.
781 615 832 659 ΙΙ,
851 627 887 661 p.
906 614 995 656 248.
1018 614 1106 651 323.
1132 614 1218 649 330.

693 708 725 743 3.

245 796 426 842 Iosephus
440 795 479 831 C.
495 795 633 842 Apion.
647 796 695 838 ΙΙ,
706 808 723 840 7
742 807 749 829 :
767 796 944 838 NIcolaus
959 795 1215 835 Damascetms,

197 855 410 898 Timagenes
435 860 471 886 et
494 851 623 887 Castor
641 851 941 899 chronographus
961 859 997 885 et
1022 852 1224 899 Apollodo-

194 923 264 946 rus.
277 937 300 946 ..
314 922 438 944 omnes
451 910 745 956 dicuntpecuniis
760 910 985 954 (adigentem
1003 908 1222 942 Antiochum

195 968 204 1017 (
221 967 465 1014 Epiphanein)
493 975 752 1013 transgressum
768 965 923 1011 foedera
950 967 978 999 J
977 966 1163 999 udoeorzm}
1190 973 1225 999 el

192 1027 367 1072 spoliasse
387 1026 559 1072 templum
574 1038 664 1060 auro
679 1033 714 1060 et
728 1032 880 1071 argemo
893 1025 1056 1071 plenum.
1079 1023 1134 1060 Cf.
1155 1024 1224 1060 Ca-

193 1090 283 1119 stor.
306 1083 350 1117 tr.
375 1095 437 1119 22.

692 1150 727 1187 4.

247 1240 427 1285 Joscplms
448 1242 531 1275 Ant.
554 1240 640 1275 Jud.
660 1239 776 1285 XIII,
804 1252 815 1273 1
830 1251 841 1272 1
862 1265 873 1285 ,
894 1238 913 1273 3
936 1250 944 1274 t
966 1238 1222 1281 Aristobulus,

199 1298 358 1344 Hyrcani
388 1297 425 1340 f.,
457 1309 521 1331 rex
556 1296 771 1330 Judaeorum
785 1323 794 1339 ‚
829 1297 989 1330 moritur
1020 1293 1225 1345 βασιλεύσας

197 1352 360 1398 ἐνιαυτὸν,
381 1351 599 1403 χρηματίσας
618 1353 677 1400 μὲν
695 1351 885 1398 Φιλέλλην,
908 1351 1020 1388 πολλὰ
1044 1352 1072 1388 δ’
1091 1353 1224 1401 εὐεργε-

155 1415 158 1417 ’
195 1411 302 1456 τήσας
319 1411 379 1455 τὴν
392 1411 541 1461 πατρίδα
555 1439 564 1454 ,
583 1412 784 1458 πολεμήσας
800 1409 1006 1458 Ἰτουραίαν,
1021 1408 1080 1445 καὶ
1095 1408 1224 1452 πολλὴν

197 1470 307 1505 αὐτῶν
328 1471 388 1513 τῆς
411 1467 526 1519 χώρας
546 1471 587 1518 τῇ
605 1468 760 1518 Ἰουδαίᾳ
780 1466 1103 1518 προσκτησάμενος,
1120 1468 1225 1516 ἀναγ-

199 1526 308 1568 κάσας
327 1541 363 1562 τε
396 1525 470 1568 τοὺς
500 1527 709 1567 ἐνοικοῦντας
736 1527 763 1561 εἰ
793 1523 967 1575 βούλοιντο
998 1523 1109 1572 με’νειν
1131 1525 1164 1559 ἐν
1185 1526 1226 1573 τῇ

197 1583 295 1634 χώρα
320 1583 583 1633 περιτέμνεσθαι
610 1582 668 1619 καὶ
692 1582 783 1619 κατὰ
805 1581 880 1623 τοὺς
908 1581 1084 1618 Ἰουδαίων
1109 1580 1229 1629 νόμους

198 1643 270 1686 ζῆν.
292 1641 403 1678 Φύσει
425 1642 454 1677 δ’
474 1643 617 1677 ἐπιεικεῖ
631 1640 818 1691 κέχρηται,
836 1639 894 1676 καὶ
910 1639 1040 1690 σφόδρα
1054 1633 1095 1683 ἦν
1117 1640 1229 1681 αἰδοῦς

200 1697 324 1743 ἥττων,
341 1701 385 1740 ὡς
404 1704 568 1749 μαρτυρεῖ
593 1702 692 1735 τοῦτο
712 1697 771 1734 καὶ
789 1696 956 1747 Στράὸων
976 1697 1015 1732 ἐκ
1034 1700 1091 1734 τοῦ
1112 1698 1226 1745 Τιμα-

204 1756 319 1805 γένους
347 1756 511 1805 ὀνόματος
537 1755 643 1805 λέγων
665 1755 786 1797 οὕτως·
809 1773 823 1788 «
845 1753 1023 1799 Ἐπιεικής
1043 1769 1079 1791 τε
1099 1754 1230 1804 ἐγένετο

200 1877 362 1908 levissimis
381 1886 420 1907 ex
440 1877 578 1915 Graecis,
597 1876 628 1906 id
650 1885 726 1907 vero
740 1876 918 1915 opinionem
944 1876 1082 1906 nostram
1109 1874 1147 1905 de
1167 1883 1229 1906 uno

200 1924 277 1954 Livii
294 1924 473 1954 adversario
484 1947 491 1961 ,
506 1924 686 1961 Timagene,
702 1932 764 1953 non
782 1923 1028 1953 labefactaverit.
1044 1922 1231 1953 Notissimus

198 1971 281 2001 enim
296 1974 342 2001 est
358 1970 439 2001 inter
457 1970 676 2009 grammaticos
688 1979 764 2000 usus
780 1969 904 2000 numeri
927 1969 1057 2008 pluralis
1078 1978 1176 2008 quum
1193 1968 1231 2000 de

201 2026 263 2047 uuo
274 2019 398 2048 tantum
413 2026 515 2047 sermo
529 2019 613 2048 est.»
628 2034 668 2039 -
680 2017 812 2055 Suhjicit
823 2016 969 2048 Schwah.
984 2016 1015 2046 in
1028 2015 1140 2046 eodem
1152 2015 1230 2046 libro

201 2063 269 2094 haec
282 2072 299 2093 a
315 2064 483 2103 Timagene
495 2064 618 2103 prolata
640 2064 761 2102 videri,
786 2064 817 2095 in
832 2073 894 2103 quo
909 2064 949 2094 de
972 2063 1148 2094 Alexandro
1165 2072 1230 2094 ser-

200 2118 324 2140 monem
354 2110 426 2140 secit
443 2111 502 2148 (fr.
524 2111 569 2149 1).
597 2110 719 2146 Quibus
734 2110 816 2141 addo
833 2113 1052 2150 Timagenem‚
1072 2119 1172 2149 quum
1200 2111 1230 2140 in

200 2156 237 2186 iis
253 2165 324 2195 quae
347 2156 476 2187 Curtius
492 2158 598 2187 narrat
622 2157 817 2187 Clitarchum
842 2157 955 2187 ducem
972 2157 1133 2193 habuerit,
1158 2165 1230 2186 eum

201 2202 310 2233 eodem
328 2203 486 2234 Clitarclio
502 2203 617 2233 dixisse
641 2203 738 2233 videri
756 2203 795 2234 de
809 2205 1023 2234 Romanorum
1037 2202 1076 2232 ad
1093 2203 1230 2233 Alexan-

200 2247 293 2278 drum
312 2248 483 2286 legatione,
511 2248 606 2287 idque
631 2249 733 2287 ipsum
760 2249 883 2279 Livium
909 2248 1073 2287 indigitare
1095 2247 1200 2278 verbis
1221 2256 1229 2278 ε

207 2296 308 2329 Quem
331 2294 583 2332 (Alexandrum)
606 2303 645 2325 ne
660 2294 765 2333 fama
794 2294 931 2334 quidem
956 2295 1027 2325 illis
1048 2294 1230 2332 (Romanis)

203 2342 319 2371 notum
340 2340 629 2379 arbitrorfnisse.
650 2341 742 2377 Quod
767 2341 793 2371 si
809 2349 920 2371 verum
946 2341 1013 2378 est,
1037 2340 1231 2379 aptissimam

201 2385 252 2415 liic
266 2386 354 2416 locus
367 2386 398 2416 in
414 2387 573 2416 Romanos
592 2386 757 2416 invehendi
772 2386 909 2425 praebuit
925 2385 1134 2416 occasionem.

711 2487 744 2517 2.

245 2558 366 2597 halym,
384 2558 438 2597 qui
457 2558 542 2597 prius
555 2558 693 2596 Solymi,
711 2559 744 2588 ut
762 2558 945 2596 Timagenes
964 2558 1007 2588 ait
1029 2557 1109 2589 libro
1133 2557 1234 2593 primo

206 2610 338 2647 Regum.
359 2610 398 2638 Et
414 2608 497 2647 regio
516 2609 646 2638 vocatur
670 2608 797 2646 Milyas,
815 2608 861 2638 uti
882 2608 1012 2647 Mynias.
1028 2608 1234 2647 Appellantur

205 2659 299 2690 etiam
317 2659 426 2697 Milyes
439 2683 447 2697 ‚
465 2667 483 2689 a
496 2659 589 2698 Milya
606 2667 704 2689 uxore
718 2659 836 2697 Solymi
853 2660 884 2689 et
902 2667 1026 2697 sorore,
1042 2667 1115 2698 quoe
1129 2661 1234 2698 postea

206 2710 295 2748 Gragi
313 2710 428 2747 conjux
445 2709 512 2740 suit.
530 2709 652 2740 Gentile
667 2709 824 2747 Milyensis
839 2711 870 2740 et
888 2709 1016 2748 Milyita.

704 2777 738 2807 4.

250 2839 449 2871 aristobulus
464 2839 597 2870 moritur
618 2843 782 2878 postquam
800 2848 854 2879 per
867 2849 965 2871 unum
984 2849 1101 2871 annum
1124 2850 1233 2880 regna-

208 2892 314 2928 verat,
332 2892 515 2921 Graecorum
529 2891 651 2920 amator
666 2890 786 2928 dictus,
803 2892 901 2930 patria
914 2891 954 2921 ab
967 2900 1004 2922 eo
1018 2892 1125 2922 multis
1139 2892 1233 2922 hene-

209 2941 285 2972 ticiis
302 2943 412 2978 aucta,
433 2942 547 2971 lturaea
561 2940 734 2978 delmllata,
758 2944 789 2971 et
803 2942 903 2972 inulta
919 2942 985 2980 ejus
1002 2943 1135 2981 regionis
1150 2945 1235 2981 parte

207 2993 327 3024 ,ludaeae
341 2992 446 3023 addita
457 3017 464 3029 ,
480 2993 659 3031 coactisque
678 2993 805 3030 incolis,
820 2994 844 3024 si
859 2994 889 3024 in
903 3003 958 3024 sua
974 2995 1098 3034 regione
1109 3003 1235 3025 manere

208 3046 340 3084 vellent,
361 3044 543 3075 circumcidi
567 3044 651 3076 etad
674 3044 859 3076 Judacorum
877 3046 958 3085 leges
977 3047 1092 3077 vivere.
1116 3049 1234 3078 Natura

207 3098 314 3128 autem
327 3105 439 3136 aequus
451 3099 517 3127 erat
537 3098 568 3127 et
582 3097 753 3128 admodum
776 3098 991 3137 verecundus,
1012 3099 1055 3129 ita
1068 3100 1235 3130 attestante

208 3147 362 3179 Strabone
378 3156 418 3178 cx
434 3148 622 3178 auctoritate
638 3148 813 3187 Timagenis
825 3149 907 3179 hisce
921 3149 1023 3179 verbis
1040 3162 1046 3179 ι
1067 3162 1080 3175 «ι
1097 3152 1234 3188 AEquum

206 3198 301 3229 etiam
312 3206 378 3229 sese
388 3197 572 3229 ostendebat
581 3198 631 3229 hic
642 3199 687 3228 vir
697 3199 850 3238 valdeque
860 3200 876 3229 J
883 3198 979 3229 udmis
990 3200 1111 3239 utilem,
1120 3201 1235 3239 quippe

207 3249 261 3288 qui
275 3251 305 3281 et
321 3249 472 3280 ditionem
486 3258 596 3280 eorum
609 3250 801 3289 ampliasset,
815 3251 845 3280 et
862 3252 981 3289 partem
993 3251 1092 3287 gentis
1107 3253 1233 3282 lturreo·

208 3308 278 3331 rum
295 3300 541 3332 circumcisionis
553 3300 668 3331 sordere
682 3300 860 3331 devinctam
872 3325 879 3338 ,
897 3301 955 3332 illis
971 3301 1177 3339 adjunxisset.
1196 3316 1209 3329 υ

900 147 1177 185 ΤΙΜΑΕΕΝΙΒ
1205 145 1546 184 ALEXANDRlNl

1284 226 1377 273 οἶτος
1394 235 1410 268 ὁ
1431 230 1535 281 ἀνὴρ,
1553 231 1610 266 καὶ
1628 228 1739 266 πολλὰ
1758 231 1825 271 τοῖς
1842 229 2018 272 Ἰουδαίοις
2033 230 2218 281 χρήσιμος·
2240 231 2309 283 χώ-

1288 304 1347 339 ραν
1362 304 1398 324 τε
1415 288 1480 338 γὰρ
1498 288 1610 328 αὐτοῖς
1625 286 1886 337 προσεκτήσατο
1899 317 1907 332 ,
1923 287 1981 324 καὶ
1998 287 2036 324 τὸ
2054 287 2153 338 μέρος
2169 292 2228 325 τοῦ
2245 291 2311 325 τῶν

1285 346 1478 397 Ἰτουραίων
1496 344 1607 386 ἔθνους
1626 344 1827 396 ᾠκειώσατο
1839 374 1848 389 ,
1870 346 1985 395 δεσμῷ
2012 346 2166 397 συνάψας
2184 349 2226 398 τῇ
2245 349 2311 383 τῶν

1284 406 1419 441 αἰδοίων
1448 405 1628 454 περιτομῇ.
1650 421 1665 435 «
1683 405 1815 439 Strabo
1844 404 1920 439 haec
1944 404 2075 440 dixisse
2099 406 2248 441 videtur
2275 407 2313 440 in

1284 463 1566 499 Commentariis
1580 462 1764 496 historicis
1778 474 1787 504 ;
1804 462 1842 495 in
1855 461 2138 509 Geogmphicis,
2158 475 2239 509 quae
2255 474 2316 497 ex-

1283 528 1398 568 stant,
1418 522 1521 555 locus
1537 531 1557 554 a
1576 521 1594 554 J
1600 519 1738 567 osepho
1759 519 1929 554 laudatus
1948 531 2026 554 non
2044 521 2243 567 reperitur.

1787 604 1823 640 5.

1336 681 1440 716 Idem
1458 679 1549 714 ibid.
1564 680 1674 727 XIII,
1698 692 1741 714 12
1757 706 1766 723 ‚
1784 678 1804 714 5
1821 692 1828 714 :
1844 680 2068 724 Alexander,
2088 681 2251 727 Hyrcani
2271 681 2313 721 f„

1285 746 1365 786 post
1393 738 1651 774 Aristobulum
1682 737 1832 772 fratrem
1862 749 1928 772 rex
1957 737 2196 782 Judaeorum,
2232 751 2315 773 cum

1286 797 1482 831 Ptolemaeo
1511 795 1693 838 Laflmro,
1722 795 1924 841 Cleopatrae
1955 795 1997 838 f.,
2028 795 2076 830 ad
2112 796 2318 832 Jordanem

1287 853 1442 889 fluvium
1462 864 1580 900 prope
1597 852 1788 898 Asophum
1809 852 1933 886 locum
1951 853 2127 899 proelium
2146 853 2318 887 commit—

1287 913 1343 945 tit.
1365 911 1490 946 Victus
1510 909 1730 953 Alexander,
1747 910 1948 956 ingensque
1969 910 2067 944 edita
2086 917 2223 957 strages
2250 911 2318 945 Ju-

1287 969 1467 1004 dacorum.
1482 968 1514 1004 T
1518 965 1715 1017 ρισμυρίους
1732 968 1813 1014 γοῦν
1825 964 1956 1017 ἔφασαν
1972 966 2103 1017 ἀνδρῶν
2121 966 2316 1003 ἀποθανεῖν·

1291 1024 1491 1074 Τιμαγένης
1518 1023 1552 1060 δὲ
1577 1022 1885 1074 πεντακισμυρίους
1905 1023 2037 1074 εἴρηκε·
2060 1025 2127 1060 τῶν
2148 1023 2182 1060 δὲ
2205 1023 2319 1060 ἄλλων

1287 1082 1362 1125 τοὺς
1382 1081 1442 1130 μὲν
1464 1081 1704 1133 αἰχμαλώτους
1722 1083 1915 1133 ληφθῆναι,
1931 1080 2009 1124 τοὺς
2029 1080 2056 1119 δ’
2079 1082 2125 1124 εἷς
2143 1079 2187 1118 τὰ
2208 1081 2318 1118 οἷκεῒα

1288 1141 1480 1194 διαφεύγειν
1501 1140 1626 1192 χωρία.

1784 1217 1821 1254 6.

1343 1294 1530 1329 Plutarch.
1549 1294 1719 1340 Pompei.
1740 1297 1803 1340 49,
1817 1292 1838 1327 6
1857 1305 1865 1327 :
1885 1291 1938 1328 Οὐ
1956 1289 2022 1338 μὴν
2044 1289 2133 1328 ἀλλὰ
2144 1290 2202 1327 καὶ
2217 1290 2321 1328 Κανί-

1290 1351 1356 1392 διος
1376 1349 1551 1399 εἰσήνεγκε
1572 1350 1760 1400 δημαρχῶν
1782 1349 1899 1397 νόμον,
1928 1348 2008 1385 ἄνευ
2029 1354 2190 1399 στρατιᾶς
2216 1350 2320 1397 Πομ-

1289 1407 1389 1452 πήιον
1406 1406 1529 1458 ἔχοντα
1543 1406 1753 1458 ῥαὸδούχους
1764 1405 1822 1443 δύο
1833 1405 2046 1443 διαλλάττειν
2063 1405 2320 1456 Ἀλεξανδρεῦσι

1289 1466 1344 1502 τὸν
1367 1464 1524 1516 βασιλέα.
1555 1464 1627 1503 Καὶ
1652 1464 1832 1512 Πομπήιος
1854 1464 1914 1511 μὲν
1937 1463 2045 1501 ἐδόκει
2074 1467 2124 1516 τῷ
2143 1463 2239 1515 νόμῳ
2270 1463 2318 1513 μὴ

1290 1522 1535 1574 δυσχεραίνειν,
1549 1526 1571 1569 ἡ
1588 1522 1622 1559 δὲ
1641 1521 1828 1571 σύγκλητος
1848 1521 2021 1567 ἐξέῧαλεν,
2039 1523 2214 1572 εὐπρεπῶς
2231 1537 2321 1566 σκη-

1289 1579 1426 1631 ψαμένη
1458 1579 1603 1616 δεδιέναι
1628 1579 1706 1631 περὶ
1737 1578 1889 1630 τάνδρός.
1944 1573 2015 1617 Ἦν
2055 1578 2089 1616 δὲ
2120 1579 2321 1630 γράμμασιν

1291 1639 1440 1688 ἐντυχεῖν
1464 1636 1709 1689 διερριμμένοις
1729 1639 1805 1673 κατ’
1826 1636 1952 1688 ἀγορὰν
1972 1636 2031 1674 καὶ
2050 1639 2146 1687 παρὰ
2171 1637 2210 1673 τὸ
2239 1639 2321 1687 βου-

1290 1695 1391 1740 λευτῆ
1399 1709 1481 1745 ριον,
1495 1697 1541 1737 ὡς
1558 1694 1599 1740 δὴ
1617 1694 1835 1742 Πτολεμαίου
1853 1695 2012 1743 δεομένου
2028 1693 2212 1743 Πομπήιον
2229 1696 2322 1746 αὐτῷ

1293 1751 1481 1803 στρατηγὸν
1500 1751 1574 1788 ἀντὶ
1593 1755 1650 1788 τοῦ
1673 1752 1862 1802 Σπινθῆρος
1887 1755 2040 1797 δοθῆναι.
2063 1751 2262 1801 Τιμαγένης
2287 1752 2322 1789 δὲ

1292 1811 1350 1846 καὶ
1367 1810 1477 1852 ἄλλως
1492 1809 1548 1846 τὸν
1563 1810 1781 1858 Πτολεμαῖον
1796 1810 1857 1846 οὒκ
1874 1809 1976 1855 οὔσης
1993 1808 2146 1859 ἀνάγκης
2160 1810 2321 1847 ἀπελθεῖν

1292 1883 1374 1919 φησι
1399 1867 1457 1904 καὶ
1487 1868 1690 1904 καταλιπεῖν
1719 1866 1896 1917 Αἴγυπτον
1923 1866 1989 1904 ὑπὸ
2017 1867 2215 1919 Θεοφάνους
2241 1883 2322 1904 πει-

1293 1924 1414 1962 σθέντα
1433 1924 1640 1977 πράττοντος
1660 1925 1832 1977 Πομπείῳ
1856 1924 2121 1976 χρηματισμοὺς
2138 1925 2197 1962 καὶ
2217 1940 2323 1976 στρα-

1291 1983 1414 2034 τηγίας
1439 1986 1559 2028 καινῆς
1579 1983 1750 2023 ὑπόθεσιν.
1810 1983 1915 2021 Ἀλλὰ
1932 1987 2030 2021 τοῦτο
2052 1982 2113 2032 μὲν
2135 1984 2199 2034 οὐχ
2214 1982 2321 2026 οὕτως

1292 2045 1312 2087 ἡ
1333 2041 1529 2092 Θεοφάνους
1549 2042 1722 2093 μοχθηρία
1742 2041 1909 2088 πεποίηκε
1940 2041 2093 2088 πιθανὸν,
2113 2043 2158 2084 ὡς
2178 2040 2320 2078 ἄπιστον

1292 2102 1313 2145 ἡ
1333 2099 1518 2148 Πομπηίου
1537 2099 1635 2151 φύσις
1648 2101 1708 2137 οὐκ
1726 2100 1856 2151 ἔχουσα
1873 2099 2038 2146 κακόηθες
2056 2100 2126 2137 οὐδ’
2145 2099 2321 2137 ἀνελεύθε-

1294 2172 1348 2209 ρον
1365 2157 1454 2195 οὕτω
1469 2157 1508 2195 τὸ
1524 2158 1716 2209 φιλότιμον.

1787 2257 1822 2288 7.

1346 2319 1531 2353 Ammian.
1556 2318 1759 2354 Marcellin.
1777 2319 1859 2361 XV,
1887 2330 1910 2364 9
1933 2330 1941 2352 t
1964 2318 2198 2365 Ambigentes
2215 2330 2323 2365 super

1293 2379 1432 2423 origine
1442 2379 1566 2422 prima
1587 2376 1774 2410 Gallorum
1793 2378 1984 2420 scriptores
1998 2384 2139 2411 veteres
2155 2379 2321 2412 notitiam

1789 2486 1823 2516 5.

1336 2538 1475 2577 Triginta
1491 2538 1655 2568 hominum
1672 2538 1769 2568 millia
1782 2538 1884 2569 occisa
1900 2538 2091 2576 retulerunt,
2110 2539 2157 2570 vel
2170 2539 2206 2570 ut
2218 2539 2324 2571 Tima-

1295 2598 1387 2628 genes
1395 2589 1488 2627 dixit,
1499 2589 1724 2628 quinquaginta
1733 2589 1831 2620 millia
1841 2600 1849 2627 ;
1860 2589 1995 2629 reliquos
2004 2589 2117 2629 partim
2128 2591 2236 2630 captos
2245 2599 2322 2629 esse,

1295 2639 1407 2679 partim
1421 2639 1552 2670 domum
1567 2639 1636 2678 suga
1650 2639 1795 2678 dilapsos.

1790 2694 1823 2725 6.

1335 2745 1637 2776 Canidiustribunus
1646 2746 1743 2785 plebis
1752 2746 1945 2785 rogationem
1954 2746 2226 2787 promulgavit,uti
2239 2749 2325 2779 Pom-

1296 2795 1382 2835 peius
1394 2805 1467 2826 eum
1484 2796 1607 2827 duobus
1622 2796 1783 2827 lictoribus
1796 2798 1827 2827 et
1843 2797 1962 2836 absque
1974 2798 2061 2828 omni
2084 2799 2224 2829 exercitu
2250 2800 2324 2830 Pto-

1295 2847 1440 2877 lemaeum
1457 2848 1638 2886 (Afzclecen)
1654 2848 1871 2879 Alexandrinis
1883 2849 2106 2880 reconciliaret.
2118 2849 2209 2886 Quod
2225 2859 2324 2890 quum

1295 2906 1357 2927 non
1373 2898 1478 2936 inique
1490 2898 1553 2937 pati
1572 2899 1739 2938 Pompeius
1753 2898 1924 2937 videretur,
1938 2901 2064 2932 senatus
2074 2901 2181 2931 tamen
2194 2901 2324 2932 honesta

1294 2949 1674 2987 praescriptionemetuere
1681 2957 1713 2980 se
1723 2950 1750 2980 ei
1759 2949 1837 2986 vii-0,
1848 2949 1971 2980 irritum
1981 2950 2065 2981 feeit.
2077 2952 2220 2990 Repertae
2230 2951 2323 2983 etiam

1295 2999 1425 3038 sparsim
1437 2999 1468 3029 in
1484 3000 1550 3030 soro
1563 3002 1593 3030 et
1605 3008 1684 3039 pone
1695 2999 1814 3030 curiam
1826 2999 1938 3039 literae,
1954 3001 2159 3032 Ptolemaeum
2170 3010 2227 3041 pro
2237 3002 2324 3042 Spin-

1295 3051 1382 3081 there
1392 3051 1572 3090 Pompeium
1586 3059 1714 3090 poscere
1725 3052 1907 3082 asserentes.
1921 3051 2104 3090 Timagenes
2114 3052 2322 3084 Ptolemaeum

1294 3102 1380 3132 nulla
1391 3102 1536 3132 coactum
1547 3102 1728 3133 necessitate
1742 3103 1873 3141 AEgypto
1885 3102 2010 3133 cessisse
2019 3126 2027 3141 ‚
2038 3102 2091 3133 sed
2103 3110 2122 3133 a
2134 3103 2323 3144 Theophane

1294 3160 1476 3190 persuasum
1501 3154 1624 3190 narrat,
1650 3152 1703 3192 qui
1721 3152 1869 3191 Pompeio
1891 3153 2030 3192 pecuniae
2056 3152 2205 3185 faciendae
2221 3163 2322 3185 novo·

1296 3211 1429 3241 rumque
1443 3202 1646 3241 imperiorum
1659 3202 1823 3233 materiam
1836 3204 2029 3242 procuraret.
2043 3203 2078 3234 ld
2091 3206 2231 3235 nontam
2246 3213 2319 3244 pro-

1297 3251 1400 3283 babile
1416 3253 1613 3293 Theopluanis
1626 3253 1744 3285 malitia
1761 3253 1854 3292 facit,
1876 3262 1972 3294 quam
1986 3253 2168 3286 incredibile
2182 3256 2320 3295 Pompeii

1295 3306 1406 3334 natura
1417 3328 1424 3342 ‚
1442 3312 1641 3344 nequaquam
1656 3306 1697 3336 ita
1713 3304 1867 3336 malitiose
1880 3306 1911 3335 et
1926 3304 2116 3336 illiberaliter
2130 3305 2298 3338 ambitiosi.
