2338 3765
113 193 184 223 492

164 272 215 308 Cf.
246 272 404 318 Appian.
428 270 593 306 Mithrid.
611 283 642 306 e.
662 284 684 317 9
706 281 714 306 Ζ
738 269 808 307 Καὶ
828 272 845 306 ὁ
865 270 1048 320 Ἀντίγονος
1065 271 1137 308 ε’νύ-

111 343 207 364 πνιον
239 327 328 370 ἔδοξε
361 327 476 363 πεδίον
509 332 645 376 σπεῖραι
665 327 816 378 χρυσίῳ,
847 329 905 365 καὶ
933 328 970 365 τὸ
999 329 1136 379 χρυσίον

112 385 332 435 ἐκθερίσαντα
354 384 569 434 Μιθριδάτην
591 386 663 433 (eui
682 394 807 433 postea
829 389 888 422 τοῦ
909 386 1057 424 Κτίστου
1075 402 1136 423 co-

111 444 282 491 gnomen)
305 444 336 483 ἐς
352 442 407 478 τὸν
429 442 558 480 Πόντον
576 441 744 492 οἴχεσθαι.
768 446 896 480 Fusius
919 446 995 481 haec
1014 454 1138 481 narrat

112 503 294 538 Plutarch.
316 504 479 537 Demetr.
509 514 539 536 c.
571 505 602 542 1,.
632 503 745 537 Sicuti
770 504 979 550 Appianus,
1009 504 1138 538 eodem

111 560 225 594 niodo
259 560 392 594 Strabo
414 560 460 594 de
482 560 577 594 bello
600 560 852 596 Mithridatico
882 563 1135 608 expositurus,

111 617 158 651 de
178 618 287 651 initiis
307 618 411 664 regni
431 618 575 651 Pontici
590 625 626 652 et
644 630 840 666 progressu
855 631 972 666 pauca
991 620 1138 666 praemi-

111 676 193 709 sisse
214 675 372 709 videtur.

605 766 639 804 5.

162 861 341 906 josephus
364 862 408 896 A.
431 862 464 895 J.
487 861 588 904 XIV,
613 874 647 906 7,
670 873 712 904 2,
743 860 789 896 de
813 861 949 895 divitiis
979 862 1014 895 in
1046 869 1138 895 tem—

109 919 211 964 plum
242 919 422 954 llierosol.
452 919 633 964 congestis
656 931 663 952 :
691 918 767 954 Οὐκ
786 916 857 953 ἔστι
878 915 910 952 δὲ
942 916 1136 966 ἀμάρτυρον

110 974 148 1010 το
179 973 318 1023 μέγεθος
346 976 412 1010 τῶν
444 974 699 1025 προειρημένων
732 974 934 1024 χρημάτων,
968 974 1042 1010 οὐδὲ
1073 974 1136 1010 ὑπὸ

111 1031 307 1075 ἀλαζονείας
336 1031 504 1084 ἡμετέρας
532 1031 590 1069 καὶ
619 1032 872 1081 περιττολογίας
895 1032 949 1068 ἐπὶ
978 1036 1135 1068 τοσοῦτον

109 1089 276 1140 ἐξαίρεται
288 1091 433 1135 πλῆθος,
449 1088 535 1126 ἀλλὰ
545 1089 666 1126 πολλοί
679 1105 714 1126 τε
727 1089 824 1126 ἄλλοι
837 1092 902 1125 τῶν
915 1089 1135 1138 συγγραφέων

109 1150 191 1195 ἡμῖν
209 1151 418 1197 μαρτυροῦσι
434 1147 491 1183 καὶ
507 1146 699 1196 Στράῧωνὸ
712 1146 901 1189 Καππάδοξ
916 1146 1003 1182 οὕτω
1017 1145 1134 1195 λέγων·

110 1224 123 1236 n
146 1205 294 1255 Πέμψας
319 1205 352 1241 δὲ
377 1205 591 1254 Μιτριδάτης
611 1206 656 1246 εἷς
683 1206 743 1242 Κῶ
773 1203 875 1241 ἔλαὸε
903 1203 946 1240 τὰ
971 1203 1135 1254 χρήματα

110 1264 184 1314 (an.
207 1265 254 1298 86
275 1277 309 1301 a.
337 1264 415 1311 C.)‚
437 1262 522 1312 ἅπερ
544 1261 635 1298 ἔθετο
664 1262 734 1298 ἐκεῖ
758 1261 963 1311 Κλεοπάτρα
983 1264 1004 1306 ἡ
1037 1261 1135 1310 βασί-

110 1324 230 1368 λισσα,
262 1321 321 1358 καὶ
348 1320 390 1357 τὰ
419 1323 485 1357 τῶν
515 1319 689 1357 Ἰουδαίων
710 1318 895 1356 ὀκτακόσια
921 1318 1088 1356 τάλαντα.
1116 1337 1131 1351 »

111 1379 215 1428 ἹΙμῖν
246 1379 279 1416 δὲ
309 1378 457 1427 δημόσια
477 1377 643 1428 χρήματα
666 1378 725 1413 οὐκ
745 1375 875 1421 ἐίῖτινῗΙ
906 1376 946 1412 τὰ
974 1379 1030 1412 τοῦ
1061 1379 1134 1413 θεοῦ

110 1437 212 1485 μόνα,
235 1438 290 1474 Cf.
313 1438 472 1485 Appian.
495 1436 697 1470 Minu-idat.
717 1449 749 1470 e.
773 1436 833 1471 23.

603 1523 640 1558 6.

160 1612 338 1658 Josephus
363 1613 449 1646 Ant.
474 1611 508 1645 J.
527 1611 632 1654 XIV,
652 1622 687 1653 7,
705 1621 725 1643 2
751 1622 758 1643 ε
779 1608 957 1658 Μαρτυρεῖ
974 1606 1008 1643 δὲ
1028 1606 1085 1643 καὶ
1102 1607 1135 1643 ἐν

106 1667 212 1718 ἑτέρῳ
228 1668 322 1718 τόπῳ
337 1666 435 1707 αὐτὸς
451 1668 467 1702 ὃ
486 1664 666 1715 Στράὸων,
684 1663 735 1701 ὅτι
752 1663 827 1701 καθ’
851 1663 886 1700 δν
903 1664 1019 1714 καιρὸν
1039 1663 1133 1708 διέὸη

108 1726 243 1766 Σύλλας
263 1726 309 1766 εἰς
330 1724 391 1768 τὴν
413 1722 567 1761 Ἑλλάδα
593 1721 799 1771 πολεμήσων
820 1720 1048 1772 Μιθριδάτην,
1077 1721 1135 1757 καὶ

108 1782 319 1821 Λεύκουλλον
350 1781 484 1831 πέμψαι
516 1779 570 1816 ἐπὶ
601 1778 661 1824 τὴν
692 1780 724 1816 ἐν
755 1778 896 1829 Κυρήνῃ
926 1778 1044 1815 στάσιν
1077 1781 1134 1815 τοῦ

108 1840 218 1881 ἔθνους
248 1841 363 1887 ἡμῶν,
393 1832 440 1875 ὧν
473 1840 494 1881 ἡ
526 1836 706 1885 οἰκουμένη
743 1836 990 1886 πεπλήρωται,
1028 1835 1134 1883 λέγων

105 1897 226 1939 οὕτως·
250 1915 262 1928 «1
282 1895 452 1946 Τέτταρες
476 1889 563 1940 ἦσαν
585 1896 617 1930 ἐν
636 1897 676 1945 τῇ
697 1894 794 1931 πόλει
822 1896 888 1930 τῶν
920 1893 1134 1944 Κυρηναίων,

105 1954 126 1999 ἥ
144 1970 180 1990 τε
197 1956 262 1990 τῶν
283 1954 430 1989 πολιτῶν
451 1951 510 1988 καὶ
534 1955 555 1997 ἡ
576 1954 642 1987 τῶν
669 1954 840 2002 γεωργῶν,
861 1951 957 2002 τρίτη
979 1950 1006 1987 δ’
1028 1953 1048 1996 ἡ
1069 1953 1135 1987 τῶν

107 2011 288 2060 μετοίκων,
319 2010 376 2047 καὶ
404 2010 550 2061 τετάρτη
575 2012 597 2054 ἡ
618 2011 684 2045 τῶν
706 2008 896 2046 Ἰουδαίων.
921 2007 1017 2053 Αὕτη
1042 2007 1070 2044 δ’
1091 2008 1136 2049 εἷς

105 2076 219 2106 πᾶσαν
251 2069 349 2105 πόλιν
384 2068 449 2114 ἤδη
483 2066 729 2118 παρεληλύθει,
754 2067 811 2103 καὶ
839 2065 941 2103 τόπον
973 2067 1032 2102 οὐκ
1065 2064 1136 2102 ἔστι

107 2127 228 2176 ῥᾳδίως
266 2129 371 2177 εὑρεῖν
403 2129 463 2171 τῆς
493 2124 714 2173 οἰκουμένης,
747 2124 781 2167 ὃς
809 2125 846 2161 οὗ
885 2123 1137 2174 παραδέδεκται

104 2189 203 2222 τοῦτο
222 2184 260 2220 τὸ
281 2187 398 2235 φῦλον,
423 2184 501 2233 μηδ’
523 2185 757 2233 ἐπικρατεῖται
779 2184 836 2219 ὑπ’
861 2183 976 2220 αὐτοῦ.
1002 2180 1075 2226 Τήν
1100 2196 1137 2217 τε

145 2355 208 2383 Nec
229 2352 360 2383 testibus
381 2353 465 2383 caret
481 2351 662 2390 magnitudo
686 2359 801 2390 opum,
819 2359 915 2390 quain
941 2349 1131 2380 memoravi-

106 2412 176 2433 mus
189 2427 196 2440 ‚
211 2412 312 2442 neque
324 2412 362 2434 ex
376 2402 585 2433 ostentatione
603 2403 710 2432 nostra
727 2403 782 2432 aut
799 2410 865 2432 rem
880 2401 983 2432 verbis
999 2408 1130 2439 exagge-

106 2455 193 2485 randi
216 2454 320 2485 studio
344 2455 375 2484 in
398 2454 585 2484 immensum
604 2452 682 2482 adeo
709 2453 884 2490 extollitur,
910 2451 963 2482 scd
986 2454 1053 2482 tum
1079 2451 1130 2481 alii

106 2505 195 2536 multi
221 2514 260 2535 ex
276 2505 480 2544 scriptoribus
501 2504 717 2535 testimonium
743 2503 833 2533 nohis
857 2503 1039 2543 perhibent,
1062 2503 1131 2533 tum

105 2556 216 2585 Strabo
234 2556 402 2594 Cappadox
421 2555 504 2586 hisce
526 2564 533 2585 ε
563 2567 577 2581 α
603 2554 799 2586 Mithridates
815 2563 910 2592 vero,
931 2554 992 2592 ait,
1017 2553 1047 2584 111
1064 2555 1131 2585 Con

106 2606 207 2643 misit,
224 2606 277 2645 qui
294 2606 350 2635 sihi
371 2606 441 2636 inde
460 2607 624 2645 pecuniam
638 2606 833 2643 attulerunt,
851 2613 947 2644 qnam
964 2605 1131 2643 Cleopatra

107 2657 211 2695 regina
226 2657 266 2687 ihi
281 2657 478 2696 deposuerat,
492 2658 764 2689 utet.1n‹la·ornm
778 2658 896 2687 talenta
909 2657 1099 2695 octingenta.
1115 2670 1129 2684 υ

106 2708 201 2740 Nobis
231 2711 335 2739 autem
366 2710 451 2740 nulla
479 2711 525 2741 cst
552 2710 676 2749 publica
704 2709 836 2749 pecnnia
882 2709 938 2739 nisi
967 2718 1040 2749 quac
1066 2712 1131 2740 Deo

103 2768 202 2791 sacra.

146 2867 259 2898 Strabo
271 2866 332 2897 alio
346 2867 376 2897 in
390 2867 459 2898 loco
473 2869 604 2899 testatur
618 2869 736 2899 Sullam
750 2893 758 2907 ‚
770 2877 833 2909 quo
845 2870 985 2908 tempore
998 2869 1029 2900 in
1046 2871 1131 2901 Grae-

105 2919 184 2949 ciam
198 2918 320 2956 trajecit
333 2943 340 2956 ‚
356 2918 471 2948 bellum
485 2921 630 2957 gestui-ns
644 2921 752 2950 eontra
770 2920 1002 2958 Mithridatem,
1016 2921 1130 2951 Lucul-

105 2968 170 2999 lum
187 2968 305 2999 misisse
324 2968 361 2998 ad
374 2969 630 3007 compescendam
646 2970 676 2999 in
695 2972 815 3008 Cyrene
831 2970 1014 3001 seditionem
1032 2971 1131 3010 gentis

105 3020 237 3056 nostrae,
252 3027 324 3057 quae
337 3018 445 3049 orbem
468 3021 621 3049 terrarum
640 3020 830 3058 repleverat,
855 3021 897 3050 ita
918 3020 1046 3051 dicens:
1064 3034 1078 3047 υ
1095 3024 1129 3053 111

104 3071 180 3101 urbe
193 3072 299 3101 autem
313 3072 535 3110 Cyrenmorum
556 3073 698 3109 quattuor
721 3073 811 3102 erant
827 3072 949 3102 classes
961 3094 970 3107 ,
998 3081 1060 3103 ima
1085 3074 1128 3104 ci-

104 3122 210 3160 vium,
227 3122 325 3153 altera
341 3122 569 3159 agricolarum,
588 3123 678 3152 tertia
699 3122 924 3161 impiilinorum
938 3147 946 3161 ,
964 3124 995 3153 et
1018 3126 1130 3162 quarta

104 3173 300 3205 judaeorum.
320 3175 394 3204 llaec
409 3174 591 3213 autemjam
610 3174 639 3203 in
659 3174 751 3203 nrhes
769 3175 930 3205 universas
951 3176 1128 3215 invaserat,

106 3225 250 3264 haudque,
271 3225 360 3255 facile
375 3227 421 3256 est
439 3225 542 3255 locum
567 3225 597 3255 in
615 3226 683 3255 toto
703 3225 777 3254 orhe
794 3225 950 3279 iibvenire,
971 3227 1046 3265 quin
1071 3228 1129 3257 hoc

103 3284 200 3313 genus
216 3276 378 3306 hominum
392 3276 567 3315 exceperit,
582 3277 612 3305 et
626 3275 666 3305 ah
681 3285 717 3305 eo
740 3276 894 3305 teneatur.
911 3279 989 3307 Nam
1011 3278 1127 3308 sactum

105 3329 149 3358 est
171 3329 206 3358 ut
220 3330 247 3358 et
264 3329 412 3367 Aigyptos
426 3330 455 3359 et
473 3330 622 3367 Cyrenira
634 3352 641 3365 ,
658 3328 765 3366 utpote
784 3327 890 3358 iisdem
906 3328 1003 3358 solit-”r
1020 3337 1128 3367 parere

874 185 1153 223 STRABONlS
1181 187 1460 226 AMASENSlS

1199 273 1370 323 Αἴγυπτον
1385 274 1442 310 καὶ
1457 273 1516 318 τὴν
1534 272 1743 324 Κυρηναίαν,
1759 272 1816 309 ἅτε
1836 274 1902 310 τῶν
1921 274 2032 312 αὐτῶν
2045 275 2221 324 ἡγεμόνων

1197 335 1379 381 τυχοῦσαν,
1404 333 1470 367 τῶν
1491 346 1527 368 τε
1549 330 1661 367 ἄλλων
1683 330 1791 380 συχνὰ
1816 332 1967 376 ζηλῶσαι
1996 332 2119 378 συνέὸη
2134 362 2143 379 ,
2165 333 2223 370 καὶ

1198 387 1238 432 δὴ
1255 388 1296 424 τὰ
1314 388 1539 437 συντάγματα
1559 390 1626 424 τῶν
1647 387 1820 425 Ἰουδαίων
1846 388 1967 439 θρέψαι
2001 390 2222 441 διαφερόντως

1197 446 1255 481 καὶ
1283 445 1491 490 συναυξῆσαι
1510 445 1673 496 ιχρώμενα
1692 448 1760 487 τοῖς
1784 445 1939 497 πατρίοις
1962 449 2028 484 τῶν
2047 447 2222 485 Ἰουδαίων

1197 503 1321 551 νόμοις.
1339 503 1398 541 Ἐν
1415 506 1493 552 γοῦν
1511 502 1675 554 Αἰγύπτῳ
1693 503 1850 540 κατοικία
1864 506 1930 541 τῶν
1945 504 2119 542 Ἰουδαίων
2134 506 2223 543 ἐστὶν

1199 560 1480 609 ἀποδεδειγμένη,
1494 560 1599 611 χωρὶς
1613 561 1670 597 καὶ
1681 563 1741 604 τῆς
1754 563 1820 597 τῶν
1835 561 2078 613 Ἀλεξανδρέων
2094 563 2226 606 πόλεως

1199 617 1370 668 ἀφώριστο
1399 617 1487 666 μέγα
1520 617 1619 668 μέρος
1643 620 1692 668 τῷ
1711 618 1797 655 ἔθνει
1816 618 1943 670 τούτῳ·
1963 619 2167 657 καθίσταται
2190 621 2224 658 δὲ

1198 675 1255 711 καὶ
1276 675 1440 726 ἐθνάρχης
1460 675 1585 720 αὐτῶν,
1611 674 1644 716 ὃς
1665 676 1785 712 διοικεῖ
1809 691 1846 713 τε
1865 676 1903 713 τὸ
1925 676 2015 719 ἔθνος
2034 678 2092 714 καὶ
2113 679 2226 730 διαιτᾷ

1198 732 1322 782 κρίσεις
1336 764 1344 779 ‚
1366 731 1424 768 ml.
1444 731 1665 780 συμῧολαίων
1688 734 1901 782 ἐπιμελεῖται
1922 734 1978 771 καὶ
1999 735 2224 784 προσταγμά-

1197 806 1275 835 των,
1297 792 1341 849 ιὲς
1361 790 1400 826 ἂν
1427 790 1598 832 πολιτείας
1617 790 1732 842 ἅρχων
1753 793 1964 835 αὐτοτελοῦς.
1982 792 2042 830 Ἔν
2059 793 2226 844 Αἰγύπτῳ

1200 847 1259 895 μὲν
1289 851 1346 884 οὖν
1368 848 1489 898 ἴσχυσε
1507 847 1545 885 τὸ
1571 847 1681 894 ἔθνος,
1704 848 1759 886 διὰ
1781 849 1819 886 τὸ
1848 850 2054 899 Αἰγυπτίους
2082 845 2167 887 εἶναι
2192 851 2225 894 ἐξ

1198 907 1306 955 ἀρχῆς
1326 905 1507 948 Ἰουδαίους
1527 905 1585 942 καὶ
1606 905 1661 942 διὰ
1680 905 1718 942 τὸ
1744 906 1886 952 πλησίον
1916 908 2052 944 ἔσεσθαι
2076 907 2137 953 τὴν
2159 924 2225 945 κα-

1197 963 1325 999 τοικίαν
1345 962 1421 1005 τοὺς
1442 962 1648 1005 ἀπελθόντας
1668 965 1806 1007 ἐκεῖθεν,
1830 958 1876 1006 εἷς
1896 963 1931 1001 δὲ
1949 963 2008 1009 τὴν
2028 965 2226 1015 Κυρηναίαν

1198 1020 1323 1067 μετέὸη
1338 1050 1346 1065 ,
1367 1020 1422 1057 διὰ
1441 1021 1478 1057 τὸ
1494 1020 1622 1066 ταύτην
1643 1021 1765 1070 ὅμορον
1782 1017 1867 1058 εἶναι
1883 1025 1924 1072 τῇ
1942 1024 2008 1058 τῶν
2029 1022 2224 1071 Αἰγυπτίων

1197 1080 1304 1129 ἀρχῇ,
1325 1078 1479 1129 καθάπερ
1510 1077 1571 1123 τὴν
1593 1078 1777 1127 Ἰουδαίαν,
1806 1081 1937 1124 μᾶλλον
1968 1079 2003 1116 δὲ
2030 1083 2090 1124 τῆς
2118 1082 2226 1130 ἀρχῆς

1197 1137 1325 1181 ἐκείνης
1345 1136 1521 1187 πρότερον.
1546 1155 1560 1168 υ
1584 1136 1750 1187 Στράῧων
1771 1135 1810 1182 δὴ
1834 1131 1890 1174 οὖν
1914 1141 2022 1174 ταῦτα
2040 1137 2144 1186 λέγει.
2168 1140 2221 1174 Cf.

1196 1197 1380 1232 Plutarch.
1399 1197 1542 1231 Lucull.
1564 1209 1594 1232 c.
1616 1208 1652 1232 2.

1691 1296 1709 1306 ,-

1696 1313 1704 1327 s
1718 1313 1724 1319 .

1251 1373 1438 1410 Plutarch.
1460 1374 1558 1409 Sulla
1580 1387 1612 1411 c.
1635 1374 1682 1409 26
1700 1386 1708 1410 :
1728 1372 1846 1422 Σύλλα
1869 1372 1902 1409 δὲ
1924 1373 2130 1424 διατρίὸοντι
2149 1373 2227 1423 περὶ

1195 1430 1255 1472 τὰς
1285 1430 1424 1475 Ἀθήνας
1454 1430 1594 1479 ἄλγημα
1625 1431 1796 1480 ναρκῶδες
1821 1428 1908 1478 μετὰ
1930 1430 2053 1481 βάρους
2083 1432 2128 1473 εἷς
2149 1430 2227 1473 τοὺς

1197 1488 1301 1530 πόδας
1313 1488 1482 1533 ἐνέπεσεν,
1493 1487 1622 1539 ὅφησιν
1638 1489 1654 1524 ὅ
1673 1487 1840 1538 Στράὸων
1855 1488 2028 1539 ποδάγρας
2040 1487 2228 1539 ψελλισμὸν

1196 1541 1295 1584 εἶναι.
1316 1546 1535 1589 Διαπλεύσας
1556 1540 1612 1583 οὖν
1632 1547 1677 1588 εἷς
1696 1547 1848 1597 Αἴδηψον
1867 1548 1992 1598 ἐχρῆτο
2008 1548 2076 1589 τοῖς
2093 1550 2226 1598 θερμοῖς

1200 1604 1312 1650 ὕδασι,
1333 1605 1411 1641 κτλ.

1695 1692 1730 1726 8.

1248 1778 1433 1812 Plutarch.
1457 1777 1600 1812 Lucull.
1630 1789 1659 1811 c.
1687 1776 1759 1820 28,
1788 1776 1835 1811 de
1862 1777 1996 1824 proelio
2020 1777 2067 1812 ad
2099 1778 2225 1824 Tigra-

1195 1843 1371 1879 nocerta,
1411 1847 1486 1881 quo
1515 1835 1692 1869 Lucullus
1719 1835 1915 1881 Tigranem
1950 1834 2084 1869 devicit
2115 1847 2124 1871 t
2155 1833 2225 1871 Λέ-

1195 1906 1291 1941 γεται
1320 1889 1354 1926 δὲ
1373 1892 1440 1927 τῶν
1471 1889 1530 1939 μὲν
1556 1891 1665 1933 πεζῶν
1689 1889 1772 1940 ὑπὲρ
1791 1889 1872 1926 δέκα
1894 1890 2060 1941 μυριάδας
2083 1891 2226 1941 διαφθα-

1197 1951 1312 1999 ρῆναι,
1338 1951 1403 1985 τῶν
1426 1947 1462 1984 δὲ
1489 1947 1621 1984 ἱππέων
1645 1947 1779 1996 ὀλίγους
1805 1948 2007 1984 παντάπασι
2035 1948 2223 1999 διαφυγεῖν.

1196 2005 1380 2053 (Ρωμαίων
1404 2005 1432 2041 δ’
1449 2004 1568 2042 ἑκατὸν
1590 2004 1798 2056 ἐτρώθησαν,
1814 2005 1934 2042 ἔπεσον
1952 2004 1987 2042 δὲ
2002 2005 2116 2042 πέντε.
2136 2006 2227 2043 Ταύ-

1196 2080 1255 2109 της
1273 2067 1332 2108 τῆς
1357 2062 1471 2114 μάχης
1496 2063 1662 2114 Ἀντίοχος
1681 2064 1698 2099 ὃ
1717 2061 1895 2114 φιλόσοφος
1912 2065 1945 2100 ἐν
1966 2065 2013 2114 τῷ
2036 2063 2121 2114 Περὶ
2143 2066 2226 2100 θεῶν

1196 2125 1310 2173 γραφῇ
1327 2121 1503 2170 μνησθεὶς,
1519 2120 1555 2157 οὔ
1571 2136 1671 2173 φησιν
1691 2120 1798 2165 ἄλλην
1819 2121 2048 2171 ἐφεωρακέναι
2065 2121 2224 2167 τοιαύτην

1174 2191 1177 2194 ’
1197 2180 1252 2216 τὸν
1273 2179 1380 2224 ἥλιον.
1400 2178 1568 2231 Στράὸων
1589 2178 1615 2215 δ’
1642 2178 1752 2230 ἕτερος
1770 2179 1948 2231 φιλόσοφος
1972 2181 2004 2216 ἐν
2024 2181 2092 2221 τοῖς
2117 2178 2224 2216 Ἱστο-

1193 2290 1346 2328 dominis,
1361 2290 1495 2329 alia-que
1515 2290 1624 2320 multae
1641 2290 1781 2328 regiones
1800 2289 1912 2320 horum
1932 2298 2035 2320 mores
2050 2287 2223 2328 imitentur,

1194 2349 1404 2380 magnumque
1419 2340 1601 2371 Judaeorum
1626 2349 1794 2370 numerum
1817 2339 2015 2379 peculiariter
2041 2342 2168 2371 foveant
2193 2343 2225 2372 et

1195 2401 1267 2422 cum
1289 2392 1327 2422 iis
1357 2391 1470 2430 opibus
1491 2392 1649 2428 crescant,
1666 2391 1773 2430 patriis
1794 2390 1979 2421 Judaeorum
1997 2392 2119 2422 utentes
2135 2391 2220 2422 insti-

1191 2445 1279 2475 tutis.
1301 2444 1421 2474 Etenim
1443 2443 1473 2474 in
1491 2444 1622 2482 Aigypto
1640 2451 1823 2473 concessum
1847 2444 1893 2473 est
1918 2442 2037 2473 Judoeis
2061 2443 2222 2481 hahitare,

1192 2498 1223 2526 et
1237 2504 1347 2534 magna
1361 2503 1433 2534 pars
1457 2492 1544 2524 urbis
1560 2493 1780 2525 Alexandrinoe
1797 2502 1937 2524 scorsum
1955 2493 2029 2524 huie.
2044 2493 2127 2531 genti
2143 2494 2223 2524 assi—

1191 2548 1284 2585 gnata
1296 2547 1342 2577 est
1368 2558 1375 2576 :
1391 2545 1466 2584 quin
1487 2547 1518 2575 et
1536 2554 1613 2575 suus
1635 2545 1695 2575 illis
1714 2545 1888 2575 ethnarcha
1906 2546 1970 2583 est,
1988 2545 2040 2584 qni
2060 2546 2159 2584 gentis
2175 2554 2224 2576 res

1192 2597 1389 2628 administrat
1403 2599 1433 2628 et
1442 2597 1559 2635 judicia
1572 2598 1717 2635 exercet,
1732 2598 1884 2636 curatque
1897 2599 2077 2628 contractus
2089 2599 2121 2628 et
2134 2606 2222 2628 man-

1192 2649 1265 2679 data
1278 2673 1286 2687 ‚
1301 2648 1388 2687 quasi
1403 2648 1483 2679 esset
1503 2647 1683 2687 reipublicae
1701 2647 1766 2677 suis
1786 2647 1903 2685 legibus
1925 2648 2041 2678 utentis
2067 2649 2220 2687 princeps.

1192 2701 1230 2730 Et
1244 2700 1275 2730 in
1300 2701 1433 2738 AEgypto
1450 2698 1578 2737 quidem
1598 2699 1769 2737 plurimum
1788 2698 1884 2737 pollet
1907 2698 1976 2728 haec
1997 2706 2071 2737 gens
2084 2723 2092 2736 ,
2121 2707 2221 2737 quum

1192 2751 1293 2782 Jnda=i
1318 2760 1357 2781 ex
1381 2750 1529 2790 AEgyptiis
1546 2750 1698 2789 originem
1716 2749 1873 2788 habeant,
1900 2751 1931 2780 et
1950 2749 2034 2789 quod
2054 2749 2094 2779 ab
2118 2750 2154 2780 iis
2174 2749 2221 2779 di-

1191 2802 1284 2839 gressi
1298 2801 1424 2832 sedibus
1443 2801 1535 2831 vicini
1553 2801 1614 2831 sint
1634 2814 1640 2831 ι
1665 2802 1855 2840 transgressa
1878 2801 1926 2830 est
1947 2801 2052 2830 autem
2078 2800 2109 2830 in
2125 2801 2220 2839 Cyre-

1191 2862 1312 2892 naeam,
1330 2853 1413 2892 quod
1431 2853 1498 2883 hare
1515 2853 1646 2883 finitima
1659 2854 1705 2883 est
1728 2852 1944 2892 AEgyptiorum
1959 2852 2088 2890 ditioni,
2107 2860 2218 2891 quem-

1192 2904 1365 2935 admodum
1394 2903 1489 2935 etiam
1509 2903 1643 2942 Judoea,
1662 2903 1711 2934 vel
1738 2904 1843 2942 potius
1867 2913 1937 2943 pars
1959 2902 2034 2934 olim
2055 2903 2113 2933 suit
2135 2902 2219 2940 regni

1192 2955 1375 2995 AEgyptiaci.
1393 2968 1408 2983 υ
1425 2955 1538 2986 Strabo
1552 2955 1646 2994 igitur
1658 2955 1726 2985 haec
1744 2954 1831 2986 dicit.

1689 3016 1721 3046 7.

1231 3068 1325 3108 Syllae
1340 3067 1469 3099 Athenis
1479 3067 1686 3098 commoranti
1698 3067 1788 3098 dolor
1798 3075 1871 3097 cum
1886 3068 2011 3106 torpore
2025 3068 2056 3096 et
2066 3066 2218 3104 gravitate

1192 3120 1284 3160 pedes
1298 3120 1426 3158 invasit,
1444 3127 1538 3158 quem
1556 3118 1669 3150 Strabo
1686 3118 1830 3158 podagrae
1847 3117 2022 3148 l‘ialbutiem
2042 3119 2142 3147 vocat.

1232 3228 1348 3258 Ferunt
1360 3235 1454 3265 supra
1471 3227 1598 3257 centum
1613 3225 1710 3256 millia
1724 3225 1864 3265 peditum
1880 3234 1914 3255 ea
1929 3224 2019 3255 clade,
2032 3225 2216 3262 absumpta,

1191 3279 1332 3318 equilum
1358 3287 1528 3317 perpaucos
1547 3277 1718 3308 admodum
1737 3278 1880 3308 evasisse.
1913 3279 1953 3307 lix
1979 3277 2125 3307 Romanis
2145 3276 2214 3306 vul-

1191 3331 1289 3360 nerati
1304 3331 1374 3359 sunt
1388 3333 1514 3359 centum
1525 3352 1532 3366 ,
1548 3329 1650 3359 amissi
1661 3328 1811 3368 quinque..
1830 3328 2002 3358 Antiochus
2016 3327 2216 3367 philosophus
