2338 3765
113 180 182 207 3210

913 175 1117 216 NlCOLAl
1147 176 1252 214 ΒΑΜ
1261 177 1433 216 ASCENI

114 261 168 298 ἐπὶ
195 256 434 314 τῇωῖκῖσχύνῃ,
466 260 636 313 πρόφασιν
667 262 914 310 ποιησάμενοι,
937 263 987 300 ὅτι
1012 265 1045 301 ἐν
1073 270 1141 307 τοῖς
1199 271 1308 310 pinqui
1323 280 1444 311 ,quum
1459 270 1639 309 huJusmodi
1662 270 1823 301 infamiam
1841 279 1923 310 aegre
1945 271 2079 311 ferrent,
2094 272 2230 311 praeten-

112 313 226 350 ἔπεσιν
241 317 323 363 ᾐσεν
344 316 361 350 ὃ
384 312 528 363 Μάγνης
546 314 665 351 Λυδῶν
686 314 860 364 ἀριστείαν
886 317 919 352 ἐν
939 317 1140 368 ἱππομαχίᾳ

111 370 195 421 πρὸς
211 370 414 419 Ἀμαζόνας,
434 371 543 407 αὐτῶν
575 370 609 408 δὲ
629 370 725 408 οὐδὲν
750 371 921 420 ἐμνήσθη,
943 371 1142 417 ἐπαΐξαντες

1200 328 1326 367 dentes,
1342 327 1427 367 quod
1446 330 1590 367 Magnes,
1604 327 1702 367 quiin
1715 328 1779 358 suis
1792 329 1984 360 carminibus
1998 329 2158 369 Lydorum
2173 330 2231 361 for-

1169 386 1170 421 ]
1201 385 1365 416 titudinem
1380 386 1410 416 in
1422 385 1558 425 equestri
1571 385 1724 416 adversus
1738 388 1913 418 Amazonas
1926 387 2035 426 praelio
2049 387 2230 426 cecinisset,

111 427 403 479 περικατέρρηξάν
417 443 453 465 τε
473 427 534 473 τὴν
556 430 705 474 ἐσθῆτα,
726 429 785 466 καὶ
808 429 869 473 τὰς
889 430 997 490 κόμὲς
1019 431 1142 475 ἕξὲκεῑ-
1168 427 1171 487 i
1200 445 1318 475 nullam
1338 447 1516 484 Magnetum
1530 445 1724 476 mentionem
1738 446 1872 485 fecerat,
1885 447 2003 486 impetu
2018 448 2100 478 sacto
2113 449 2232 479 vestem

114 501 186 536 ραν,
208 486 267 522 καὶ
288 491 404 522 πᾶσαν
429 485 547 531 λώὸην
564 486 785 537 προσέθεσαν.

113 542 266 591 μάλιστα
283 542 407 592 Γύγης,
418 543 476 580 καὶ
494 543 660 586 πολλάκις
674 543 733 593 μὲν
751 545 789 593 (5)
809 546 853 588 εἷς
866 545 927 590 τὴν
945 545 1141 595 Μαγνήτων

110 603 174 648 γ’ῆν
196 600 355 645 ἐνέὸαλε,
370 601 466 642 τέλος
483 601 517 637 δὲ
535 600 594 637 καὶ
617 601 655 651 (6)
675 606 849 652 χειροῦται
871 602 933 648 τὴν
956 603 1053 640 πόλιν
1078 605 1141 652 (7),
1170 608 1172 614 ’

113 656 308 694 ἐπανελθὼν
335 657 369 694 δὲ
387 659 432 701 εἷς
455 658 623 709 Σάρδεις,
640 658 848 710 πανηγύρεις
872 659 1057 705 ἐποιήσατο
1079 675 1143 708 με-

112 715 355 766 γαλοπρεπεῗς.

598 803 659 840 63.

164 890 260 926 Ibid.
273 904 281 925 :
292 886 377 927 ’Ότι
389 888 592 934 Σαδυάττης
602 891 619 926 ὃ
634 890 754 928 Λυδῶν
767 889 939 940 βασιλεὺς,
954 889 1145 927 Ἀλυάττεω

110 950 192 990 παῖς
209 948 247 998 (1)
262 976 271 994 ‚
289 942 330 993 ἦν
350 946 411 996 μὲν
431 946 474 984 τὰ
491 947 641 996 πολέμια
655 954 817 997 γενναῖος,
836 948 948 990 ἄλλως
965 947 999 984 δὲ
1016 947 1144 985 ἀκόλα-

113 1019 204 1047 στος.
226 1004 298 1043 Καὶ
316 1004 383 1056 γάρ
403 1020 484 1042 ποτε
502 1004 564 1050 τὴν
585 1007 706 1042 ἑαυτοῦ
723 1005 885 1057 ἀδελφὴν,
905 1006 1050 1054 γυναῖκα
1073 1007 1144 1043 Μι-

111 1062 238 1111 λήτου,
255 1062 374 1113 ἀνδρὸς
393 1061 554 1111 δοκίμου,
571 1062 718 1104 καλέσας
739 1062 789 1113 ἐφ’
807 1062 901 1112 ἱερὰ,
923 1063 981 1113 βίᾳ
1001 1063 1144 1113 ᾔσχυνε,

111 1120 170 1157 καὶ
187 1120 225 1157 τὸ
244 1120 363 1158 λοιπὸν
383 1121 490 1166 αὐτὴν
514 1120 605 1171 ἴσχει
626 1122 785 1169 γυναῖκα.
808 1120 853 1158 ‘O
874 1120 907 1157 δὲ
932 1120 1086 1166 Μίλητος
1104 1115 1145 1166 ἦν

112 1178 270 1221 Μέλανος
283 1181 341 1214 τοῦ
363 1177 475 1228 Γύγου
491 1177 650 1229 γαμὸροῧ
671 1178 849 1228 ἀπόγονος.
869 1181 1144 1228 Δυσανασχετῶν

113 1237 142 1273 δ’
161 1236 216 1273 ἐπὶ
236 1235 382 1282 τούτοις,
402 1236 534 1288 φεύγων
563 1235 674 1286 ᾤχετο
694 1238 739 1278 εἷς
757 1234 960 1273 Δασκύλιον.
984 1237 1146 1274 Σαδυάτ-

112 1308 172 1339 της
189 1292 224 1329 δὲ
244 1294 398 1330 κάκεῖθεν
418 1292 519 1330 αὐτὸν
539 1292 695 1335 ἐξέωσεν.
722 1292 766 1331 ‘O
796 1292 830 1329 δὲ
851 1291 1076 1343 ἀπεχώρησεν
1101 1294 1145 1335 εἰς

113 1349 353 1401 Προκόννησον
376 1351 428 1402 (2).
448 1350 650 1395 Σαδυάττης
671 1350 705 1386 δὲ
724 1349 836 1400 ὀλίγον
858 1349 997 1401 ὕστερον
1018 1350 1144 1400 ἔγημεν

113 1407 229 1458 ἑτέρας
247 1407 305 1445 δύο
327 1413 490 1457 γυναῖκας
507 1407 674 1452 ἀλλήλαις
701 1407 866 1458 ἀδελφὰς,
887 1408 945 1444 καὶ
963 1407 1055 1458 ἴσχει
1069 1414 1147 1445 παῖ-

842 487 922 539 Ἔφ’
944 492 991 531 οἷς
1012 489 1142 537 ἤλγησε
1170 492 1171 500 ’

1200 502 1266 541 ejus
1283 503 1485 542 disciderunt,
1500 511 1624 534 comam
1638 507 1794 543 raserunt,
1810 505 1961 544 omnique
1973 505 2144 537 acerbitate
2158 514 2231 537 eum

1201 560 1464 591 commulcarunt.
1483 563 1587 597 Quam
1606 561 1647 591 ob
1664 570 1728 591 rem
1750 561 1930 601 indignatus
1948 564 2051 602 Gyges
2067 563 2099 594 in
2121 572 2230 603 agrum

1201 619 1432 656 Magnesiorum
1460 618 1641 658 frequenter
1665 619 1799 660 irrupit,
1826 620 2021 660 tandemque
2045 621 2157 652 urbem
2182 629 2234 652 ce-

1203 677 1256 716 pit.
1285 678 1443 708 Reversus
1471 678 1576 708 autem
1600 677 1730 716 Sardes,
1754 678 1845 709 ludos
1868 678 1965 710 edidit
1986 679 2150 718 magnifico
2179 687 2235 719 ap-

1171 734 1173 785 ]
1207 736 1331 773 paratu.

1688 808 1746 840 63.

1245 884 1410 923 Sadyattes
1423 884 1555 923 Alyattis
1571 884 1653 916 filius
1665 908 1674 923 ‚
1691 884 1851 924 Lydorum
1867 893 1941 923 rex,
1955 887 2024 917 erat
2038 886 2088 917 ille
2106 886 2237 926 quidem

1203 942 1234 972 in
1252 941 1333 973 bello
1351 942 1556 981 fortissimus,
1570 942 1625 973 sed
1639 943 1779 982 alioquin
1795 943 2019 982 intemperans.
2036 945 2180 984 Namque
2195 953 2239 976 so·

1206 1009 1309 1031 rorem
1323 1009 1413 1031 suam
1426 1024 1435 1039 ,
1452 1002 1583 1040 nuptam
1597 1001 1706 1031 Mileto
1718 1024 1726 1039 ‚
1745 1001 1812 1031 viro
1828 1001 2001 1032 clarissimo
2011 1024 2019 1040 ,
2036 1009 2091 1041 per
2103 1002 2238 1042 speciem

1204 1059 1346 1089 sacrificii
1372 1058 1504 1089 accitam
1532 1060 1752 1098 constuprasse
1779 1067 1834 1098 per
1859 1058 1922 1089 vim
1948 1058 2075 1098 dicitur,
2100 1068 2235 1100 eamque

1204 1116 1351 1156 deinceps
1363 1117 1470 1148 uxoris
1487 1117 1556 1147 loco
1574 1117 1731 1148 habuisse.
1753 1118 1828 1148 Erat
1841 1117 1947 1148 autem
1971 1116 2096 1148 Miletus
2107 1118 2238 1149 Melanis

1204 1183 1300 1214 nepos
1313 1174 1391 1214 ejus,
1405 1175 1460 1214 qui
1475 1175 1569 1214 Gygis
1581 1183 1674 1214 gener
1686 1175 1799 1206 ruerat,
1815 1175 1876 1212 Qui
1893 1183 1994 1214 quum
2006 1183 2076 1206 eam
2088 1175 2235 1214 injuriam

1204 1233 1285 1263 serre
1298 1241 1361 1263 non
1377 1237 1478 1272 posset
1491 1256 1499 1271 ,
1512 1232 1588 1272 sugit
1603 1232 1804 1272 Dascylium;
1821 1232 1904 1263 unde
1926 1234 2037 1273 postea
2056 1241 2074 1264 a
2087 1233 2238 1273 sadyatte

1205 1291 1367 1330 expulsus,
1382 1293 1614 1322 proconnesum
1628 1299 1660 1321 se
1674 1291 1803 1330 recepit.
1822 1292 1861 1322 At
1875 1291 2042 1331 Sadyattes
2052 1291 2157 1331 paullo
2171 1294 2242 1331 post

1206 1349 1282 1379 alias
1297 1348 1393 1387 duas,
1414 1350 1445 1379 et
1469 1348 1596 1388 quidem
1616 1357 1740 1380 sorores
1762 1349 1872 1379 ambas
1888 1349 2090 1380 matrimonio
2108 1350 2166 1380 sihi
2191 1359 2240 1381 so-

1207 1405 1318 1442 ciavit,
1331 1413 1467 1444 quarum
1487 1413 1523 1435 ex
1540 1405 1639 1435 altera
1655 1406 1793 1436 Attalem
1807 1429 1815 1444 ,
1832 1414 1872 1436 ex
1888 1407 1986 1437 altera
2004 1406 2165 1447 Adramyn
2182 1416 2240 1438 no-

1207 1462 1279 1492 thos
1294 1463 1449 1502 suscepit;
1464 1470 1502 1493 ex
1516 1471 1622 1493 sorore
1636 1463 1743 1494 autem
1756 1471 1812 1494 sua
1826 1463 1926 1494 filium
1945 1464 2120 1503 legitimum
2134 1467 2239 1497 sustu-

1207 1519 1244 1550 lit
1256 1519 1423 1558 Alyattem.

114 1466 190 1512 δας,
207 1467 244 1502 ἐκ
262 1465 322 1514 μὲν
336 1468 395 1510 τῆς
406 1464 587 1514 Ἀττάλην,
603 1465 688 1502 ἐκδὲ
703 1469 762 1510 τῆς
772 1464 945 1517 ’Ἁδραμυν
962 1465 1073 1509 νόθους
1091 1467 1145 1516 (3),

114 1524 151 1560 ἐκ
173 1522 207 1560 δὲ
223 1525 282 1568 τῆς
302 1524 404 1559 αὐτοῦ
425 1523 574 1573 ἀδελφῆς
594 1522 732 1572 γνήσιον
751 1523 949 1569 Ἀλυάττην.

603 1610 662 1652 64.
1697 1611 1754 1642 64.

167 1690 265 1726 Ibld·
282 1701 290 1726 ἰ
309 1687 392 1727 ’Ότι
406 1688 591 1747 Ἀλυάτξης
609 1690 626 1724 ὅ
647 1687 856 1725 Σαδυάττεω
871 1687 958 1733 υἷὸς,
982 1686 1145 1737 βασιλεὺς
1250 1698 1388 1738 Alyattes
1412 1697 1570 1737 Sadyattis
1586 1698 1685 1733 filius,
1708 1697 1871 1737 Lydorum
1888 1707 1959 1738 rex,
1985 1700 2015 1730 in
2029 1700 2240 1731 adolescentia

116 1748 248 1794 Λυδῶν,
269 1746 330 1789 ἕως
351 1744 411 1795 μὲν
436 1746 507 1788 νέος
526 1749 580 1793 ᾖν,
601 1744 763 1795 ὑὲρῑστὴς
782 1748 822 1791 ἠν
853 1745 911 1782 καὶ
931 1745 1144 1787 ἀκόλαστος,
1209 1755 1336 1794 quidem
1351 1756 1495 1795 petulans
1510 1756 1568 1786 suit
1584 1764 1620 1786 ac
1636 1755 1842 1791 libidinosus;
1858 1756 1910 1787 sed
1929 1757 1959 1787 in
1978 1757 2098 1788 virilem
2117 1762 2240 1788 :etalem

107 1827 1184 1836 *μ
1283 1825 2236 1838 ..Ἥ

104 1877 142 1882 —
158 1865 184 1890 5.
200 1859 274 1899 μὲν]
288 1859 372 1891 deest
388 1860 417 1890 in
428 1859 517 1890 editt.
531 1870 539 1897 ;
554 1859 649 1890 habet
662 1859 763 1890 codex
775 1861 806 1890 et
819 1858 942 1890 Suidas.
955 1878 995 1885 --
1007 1863 1037 1890 6.
1052 1859 1140 1899 καὶ]
1154 1858 1259 1889 addidi
1273 1867 1290 1890 e
1303 1858 1409 1889 Suida.
1425 1878 1463 1884 -
1478 1862 1508 1890 7.
1522 1861 1638 1890 Utrum
1652 1859 1808 1899 Magnesia
1822 1859 1860 1890 ad
1875 1860 2018 1899 Sipylum
2028 1883 2037 1899 ,
2052 1869 2094 1894 an
2107 1862 2231 1899 Magne-

103 1906 147 1937 sia
163 1906 202 1937 ad
218 1905 412 1936 Maeandrum
428 1905 487 1936 sita
503 1905 542 1936 sit
555 1905 773 1945 intelligenda,
788 1914 851 1936 non
866 1906 942 1936 satis
958 1905 1066 1945 liquet.
1085 1909 1133 1937 De
1148 1906 1207 1940 bac
1223 1906 1247 1936 si
1263 1905 1411 1945 cogitavit
1424 1907 1546 1943 auctor,
1562 1906 1664 1945 putari
1678 1905 1775 1945 possit
1789 1906 1828 1936 τὰ
1845 1907 2016 1943 Μαγνήτων
2032 1907 2134 1945 κάνοι,
2148 1916 2230 1945 quo·

105 1961 176 1983 rum
199 1952 405 1983 Archilochus
424 1960 475 1991 ap.
492 1951 639 1984 strabon.
667 1952 760 1991 XIV,
785 1960 813 1991 p.
840 1954 898 1983 647
917 1953 1077 1991 meminit,
1090 1961 1127 1983 ea
1153 1961 1219 1984 esse
1237 1961 1310 1992 quae
1336 1962 1354 1983 a
1370 1954 1457 1992 Gyge
1473 1955 1563 1992 capta
1591 1952 1666 1983 urbs
1681 1962 1824 1992 perpessa
1841 1954 1890 1984 sit.
1910 1955 2032 1984 Etenim
2048 1956 2154 1986 Caesar
2171 1955 2234 1991 (lle

104 2000 234 2031 carmin.
250 1999 343 2038 elegg.
362 2008 391 2039 p.
411 2003 449 2030 59
462 1999 556 2039 sqq.)
574 2000 692 2030 etcum
706 2007 743 2029 eo
758 2000 1020 2031 Westermannus
1032 2003 1078 2031 De
1095 2000 1279 2032 Callisthen.
1296 2008 1324 2039 p.
1342 2002 1378 2030 37
1395 1999 1584 2037 Magnesiam
1599 2008 1740 2030 eversam
1754 2008 1820 2030 esse
1838 2008 1855 2030 a
1869 2000 2019 2030 Treribus
2035 2001 2181 2034 statuunt
2197 2009 2232 2030 ea

104 2046 302 2085 expeditione
315 2046 572 2083 Cimmeriorum,
587 2046 619 2076 in
632 2054 695 2085 qua
708 2054 770 2077 sec.
787 2046 984 2078 Herodotum
999 2047 1049 2086 (1,
1064 2052 1093 2079 6.
1108 2052 1143 2078 15
1157 2048 1167 2086 )
1179 2071 1188 2086 ,
1202 2046 1369 2087 postremis
1385 2046 1497 2086 Ardyis
1507 2046 1587 2085 regis
1600 2046 1815 2087 temporibus(
1827 2055 1855 2078 c.
1875 2047 1926 2077 Ol.
1938 2049 1993 2085 36,
2009 2048 2030 2076 4.
2040 2047 2087 2077 vel
2101 2048 2137 2080 37
2151 2069 2159 2084 ,
2177 2051 2188 2077 1
2203 2048 2232 2083 ),

105 2092 217 2124 Sardes
239 2093 341 2132 captre
364 2094 447 2123 sunt.
467 2093 539 2123 Jam
556 2099 631 2122 vero
651 2099 724 2130 quae
743 2091 782 2122 de
801 2091 980 2122 Archilochi
1003 2093 1197 2132 temporibus
1213 2094 1376 2132 comperta
1397 2093 1568 2131 habemus,
1590 2102 1653 2124 non
1670 2092 1886 2123 admitterent
1908 2092 2016 2123 l’arius
2035 2093 2126 2131 poeta
2154 2092 2230 2123 illud

106 2138 192 2169 urbis
209 2138 418 2169 infortunium
434 2139 713 2173 commemoraret,
732 2137 818 2177 quod
835 2138 884 2169 Ol.
903 2142 939 2170 37
957 2139 1086 2170 demum
1106 2139 1279 2170 accidisset.
1296 2142 1400 2175 Quare
1422 2140 1474 2170 illa
1492 2141 1662 2178 Μαγνήτων
1686 2139 1769 2170 κακὰ
1791 2139 1832 2171 ad
1856 2139 1953 2170 alium
1971 2139 2132 2178 quendam
2148 2138 2235 2171 urhis

104 2193 213 2215 casum
226 2185 413 2216 anteriorem
427 2194 493 2216 esse
504 2184 677 2216 reserenda.
692 2185 841 2215 Ceterum
855 2187 961 2215 omnia
975 2186 1042 2216 haec
1054 2185 1261 2216 incertissima
1274 2188 1358 2223 sunt,
1368 2194 1470 2225 neque
1478 2186 1650 2217 admodum
1663 2185 1847 2225 probabilia.
1859 2187 1997 2224 Tempus
2009 2184 2094 2223 quod
2106 2187 2233 2224 Magne·

104 2231 158 2261 siae
182 2231 335 2261 eversioni
363 2230 521 2270 assignant
544 2231 575 2260 in
603 2239 691 2261 mera
715 2231 851 2270 positum
877 2231 1070 2269 conjectura.
1098 2232 1217 2263 Deinde
1243 2232 1419 2263 Archilochi
1447 2233 1545 2263 verba
1570 2242 1576 2262 :
1602 2233 1708 2263 Κλαίω
1731 2233 1769 2262 τὰ
1792 2231 1918 2263 Θασίων
1942 2231 1977 2262 οὐ
1998 2231 2036 2261 τὰ
2058 2232 2233 2269 Μαγνήτων

104 2276 188 2307 κακά
205 2277 362 2316 aptissime
378 2278 558 2308 referuntur
575 2277 614 2307 ad
628 2279 738 2307 notum
756 2277 832 2307 illud
852 2279 1034 2317 Magnetum
1055 2278 1262 2309 infortunium
1277 2302 1284 2316 ,
1301 2278 1385 2316 quod
1403 2278 1434 2308 in
1455 2279 1657 2317 proverbium
1671 2278 1768 2315 abiit,
1786 2279 1817 2308 et
1838 2279 1911 2308 ante
1931 2274 2110 2309 Archilochi
2127 2286 2232 2310 aevum

105 2322 252 2353 accidisse
269 2323 381 2361 potest.
398 2325 461 2353 Nec
471 2322 558 2353 deest
574 2323 801 2353 testimonium.
819 2325 899 2354 Nam
916 2325 1035 2355 Plinius
1052 2326 1090 2355 H.
1106 2327 1143 2356 Ν.
1162 2327 1240 2362 Vll,
1260 2330 1297 2356 39
1314 2338 1321 2354 :
1342 2324 1533 2355 Candaules
1550 2333 1628 2360 rese,
1644 2324 1706 2362 ait,
1721 2324 1888 2355 Bularchi
1907 2325 2082 2363 picturam
2100 2326 2231 2363 Maqne·

108 2371 181 2399 tum
200 2368 325 2399 excidii
344 2369 440 2400 haud
464 2369 642 2400 mediocris
663 2370 790 2407 spatii,
814 2372 893 2409 pari
909 2370 1070 2409 pependit
1092 2379 1189 2401 auro.
1208 2373 1284 2402 Haec
1308 2380 1325 2401 e
1348 2370 1591 2401 Pseudoxantho
1617 2370 1743 2400 linxisse
1759 2370 1834 2400 olim
1854 2370 1950 2400 statui
1977 2378 2050 2400 cum
2077 2371 2235 2403 Creuzero

106 2416 137 2444 et
159 2414 336 2445 welcliero.
363 2415 425 2446 Vix
442 2417 543 2445 recte.
566 2416 644 2445 Nam
660 2416 804 2446 Xanthus
827 2415 999 2446 Caudaulis
1013 2416 1081 2446 loco
1104 2416 1193 2455 ponit
1210 2416 1398 2455 Sadyatten,
1415 2417 1451 2446 ut
1474 2424 1514 2446 ex
1528 2415 1655 2446 Nicolao
1681 2415 1844 2446 discimus.
1860 2415 1920 2446 Sed
1935 2416 2172 2455 quanticunque
2186 2418 2231 2452 fa-

107 2460 218 2490 cienda
246 2461 325 2498 sint,
339 2470 411 2500 quae
431 2461 550 2492 Plinius
566 2460 605 2491 de
620 2461 741 2499 pictura
764 2462 910 2492 Bularchi
930 2462 1047 2500 tradit,
1067 2462 1145 2492 nihil
1162 2462 1271 2500 video,
1287 2470 1344 2492 cur
1363 2461 1402 2492 de
1418 2461 1576 2499 Magnesia
1595 2460 1770 2492 Candaulis
1795 2462 1843 2492 vel
1869 2461 2026 2501 prioribus
2039 2463 2235 2502 temporibus

107 2514 213 2536 eversa
235 2506 427 2537 dubitemus.
452 2507 543 2545 Apud
564 2507 724 2537 Xanthum
755 2507 871 2538 Nicolai
896 2508 955 2538 sub
984 2508 1145 2540 Candaule
1169 2511 1200 2540 et
1229 2509 1371 2549 proxime
1396 2508 1652 2539 antecedentibus
1678 2508 1804 2546 regibus
1825 2507 1910 2538 nulla
1939 2508 1974 2539 fit
2000 2508 2072 2543 belli
2102 2510 2231 2540 mentio.

108 2554 225 2583 Contra
248 2552 350 2592 Ardys
366 2553 529 2584 Heraclida
546 2553 673 2592 triginta
696 2553 792 2583 millia
809 2555 951 2593 equitum
968 2554 1126 2594 collegisse
1142 2554 1268 2585 dicitur.
1290 2556 1318 2585 Is
1338 2554 1429 2593 igitur
1451 2554 1570 2584 bellum
1587 2553 1713 2592 gessisse
1738 2552 1866 2592 aliquod
1891 2552 2026 2585 videtur.
2055 2555 2127 2585 Jam
2150 2557 2232 2585 Oro-

108 2599 172 2629 sius
198 2600 231 2636 l,
253 2602 286 2629 21
307 2599 349 2629 ita
366 2598 460 2629 habet
479 2611 485 2629 z
514 2601 609 2629 Anno
625 2601 705 2629 ante
719 2599 837 2630 urbem
850 2599 1023 2631 condicam
1050 2602 1215 2631 tricesimo
1235 2601 1312 2638 (782
1326 2608 1355 2629 a.
1378 2600 1471 2638 c.)...
1493 2602 1703 2631 Amazonum
1724 2600 1830 2638 yemis
1855 2601 1888 2629 et
1918 2600 2180 2632 mmmm-iorum
2197 2603 2232 2632 in

110 2646 222 2675 Asiam
238 2646 434 2684 repentinus
452 2647 613 2676 incursus
631 2644 692 2675 diu
716 2645 851 2685 lateque
872 2648 1099 2677 vastationem
1114 2649 1329 2686 straqemque
1345 2645 1465 2677 edidit.
1480 2649 1587 2676 Annus
1599 2654 1674 2675 vero
1691 2647 1751 2676 782
1769 2646 1877 2683 aperte
1895 2645 2004 2676 incidit
2018 2645 2049 2676 in
2062 2654 2162 2677 annos
2175 2649 2232 2685 70,

110 2699 164 2729 per
177 2698 256 2729 qups
273 2690 373 2730 Ardys
386 2699 528 2729 regnasse
543 2690 733 2729 perhibetur.
754 2691 866 2722 Facilis
882 2691 976 2730 igitur
994 2691 1176 2730 conjectura
1195 2695 1241 2724 est
1265 2695 1342 2723 tunc
1362 2693 1552 2731 Magnesiam
1577 2700 1643 2723 esse
1660 2700 1814 2722 eversam.
1833 2691 1924 2727 Quod
1947 2692 1972 2722 si
1995 2693 2131 2730 statuas,
2157 2694 2232 2726 nihil

113 2736 242 2775 impedit
257 2736 332 2774 quin
358 2736 469 2767 Callini
489 2739 590 2775 poetae
615 2738 758 2776 tempore
775 2737 855 2774 (sub
875 2740 960 2777 Gyge
983 2740 1013 2768 et
1040 2738 1142 2777 Ardye
1160 2740 1264 2777 rege),
1281 2739 1346 2769 sive
1372 2738 1397 2768 is
1416 2738 1604 2769 Archilocho
1621 2738 1729 2777 paullo
1747 2736 1852 2775 junior
1874 2737 1923 2767 vel
1950 2737 2055 2776 paullo
2077 2736 2234 2776 antiquior

115 2783 227 2820 suerit,
243 2783 323 2812 vires
335 2782 399 2821 Jam
415 2782 645 2822 recuperaverit
658 2782 833 2821 Magnesia,
845 2783 922 2813 adeo
939 2786 974 2814 ut
988 2784 1104 2814 bellum
1119 2786 1227 2814 contra
1246 2785 1393 2824 Ephesios
1403 2793 1509 2823 gerere
1523 2785 1627 2823 posset
1642 2783 1776 2822 (strabo
1790 2785 1882 2821 XIV,
1898 2792 1927 2822 p.
1944 2785 2001 2814 647
2012 2784 2034 2822 ).
2050 2787 2234 2817 Amazones

115 2828 198 2867 apud
213 2827 360 2858 orosium
377 2828 565 2867 intelligendi
589 2830 662 2859 sunt
681 2829 721 2859 de
737 2829 834 2868 copiis
850 2832 999 2860 Sacarum
1020 2830 1259 2869 Scytharumve.
1273 2833 1318 2861 Ac
1335 2831 1439 2861 nescio
1462 2839 1501 2861 an
1518 2831 1575 2861 ista
1590 2830 1747 2869 Lydorum
1765 2832 1875 2860 contra
1889 2833 2062 2861 Amazones
2078 2829 2232 2869 ἀριστεία.

114 2883 211 2913 quam
230 2874 343 2904 cecinit
363 2876 544 2913 Smyrnaeus
562 2875 733 2914 rhapsodus
755 2876 896 2914 neglecta
913 2877 1142 2916 Magnesiorum
1161 2877 1338 2915 mentione,
1356 2876 1394 2906 ad
1419 2876 1520 2915 ipsum
1538 2876 1616 2907 illud
1634 2876 1754 2907 bellum
1772 2874 1855 2915 quod
1869 2876 1978 2905 contra
2000 2875 2131 2915 Scythas
2157 2874 2233 2914 Lydi

114 2920 173 2950 sub
187 2919 287 2958 Ardye
304 2928 374 2957 rege
396 2921 573 2959 gesserunt,
591 2921 631 2951 sit
651 2921 821 2952 reserenda.

155 2970 205 2996 63.
232 2964 309 2997 Cod.
330 2966 484 3004 Tur.fol.
503 2970 577 3004 155,
599 2970 697 2998 17-27.
720 2970 797 3004 Quae
816 2968 852 2998 sr.
866 2971 904 2999 63
920 2969 951 2999 et
967 2970 1003 2999 64
1022 2968 1167 3007 leguntur
1180 2969 1306 2999 brevius
1320 2969 1447 3001 exhibet
1464 2969 1575 2999 Suidas
1589 2979 1595 2999 :
1611 2969 1768 3004 Ἀλυάττης
1787 2967 1876 3006 (deb.
1892 2967 2106 3006 Σαδυάττης),
2125 2966 2233 2997 Λυδῶν

116 3011 273 3050 βασιλεὺς,
292 3011 322 3046 ὃς
339 3011 375 3049 ἦν
393 3012 445 3051 μὲν
461 3011 499 3042 τὰ
515 3013 645 3051 πολέμια
658 3016 792 3051 γενναῖος
803 3036 811 3051 ‚
828 3014 925 3049 ἄλλως
941 3014 971 3045 δὲ
991 3015 1177 3050 ἀκόλαστος·
1201 3017 1252 3047 καὶ
1275 3016 1333 3056 γάρ
1346 3026 1420 3046 ποτε
1433 3016 1486 3052 τὴν
1503 3017 1611 3046 ἑαυτοῦ
1632 3016 1760 3054 ἀδελφὴν
1773 3015 1916 3054 ᾔσχυνεν.
1931 3031 1969 3035 --
1986 3019 2013 3044 1.
2029 3012 2233 3046 Ἀλυάττεω

114 3055 225 3096 παῖς]
249 3056 413 3096 sadyattes
443 3065 505 3087 sec.
529 3058 724 3089 Herodotum
742 3061 772 3097 1,
803 3063 856 3098 16,
879 3059 990 3099 Ardyis
1010 3060 1092 3091 {ilius
1118 3061 1192 3099 tuit;
1214 3062 1291 3092 adeo
1320 3064 1354 3092 ut
1382 3063 1547 3100 excerptor
1571 3063 1677 3092 noster
1693 3069 1812 3092 errasse
1833 3060 1929 3100 possit
1959 3059 2067 3090 videri.
2088 3061 2232 3090 Sororem

114 3102 270 3141 Sadyattis
297 3102 407 3141 Lyden
433 3104 526 3132 vocat
550 3099 743 3142 Xenophilus
759 3105 842 3144 apud
870 3109 1022 3145 Anonym.
1059 3109 1102 3137 De
1116 3107 1190 3137 clar.
1219 3108 1374 3139 mulierib.
1397 3116 1425 3138 c.
1444 3111 1472 3139 8.
1494 3112 1578 3138 —2.
1601 3106 1738 3147 1’1ροκ.]
1763 3104 1958 3147 ΙΙροκὸνησον
1985 3105 2055 3136 cod.
2074 3124 2112 3131 -—
2127 3110 2156 3137 3.
2184 3104 2232 3136 Ab

115 3150 162 3180 bis
187 3149 345 3188 sadyattis
364 3149 434 3180 filiis
453 3150 598 3181 Xanthus
616 3151 732 3181 dixerit
757 3153 904 3182 Attalium
924 3154 955 3183 et
979 3154 1210 3193 Adramyttium
1236 3155 1328 3185 urbes
1348 3153 1489 3184 conditas
1511 3162 1588 3184 esse.
1611 3153 1706 3184 Aliter
1730 3153 1906 3191 Stephanus
1927 3153 2000 3190 Byz.
2029 3164 2035 3181 z
2067 3150 2232 3191 Ἀδραμύτ-

114 3207 232 3226 τειον...
253 3196 395 3232 κέκληται
413 3196 474 3226 ἀπὸ
499 3196 681 3236 Ἀδραμύτου
707 3201 848 3235 κτιστοῡ,
879 3199 986 3234 παιδὸς
1012 3200 1064 3239 μὲν
1080 3201 1257 3239 Ἀλυάττου,
1278 3200 1410 3240 Κροίσου
1433 3200 1464 3230 δὲ
1481 3200 1608 3238 ἀδελφοῦ
1622 3222 1630 3236 ,
1657 3201 1697 3234 ὡς
1716 3199 1917 3238 Ἀριστοτέλης
1942 3199 1971 3228 ἐν
1994 3198 2163 3232 Πολιτείαις
2180 3199 2231 3227 καὶ

115 3243 210 3272 ἄλλοι.
231 3239 318 3276 Τινὲς
332 3243 362 3272 δὲ
379 3243 440 3273 ἀπὸ
454 3243 611 3281 ”Ι·“.ρμωνο;
633 3247 686 3274 τοῦ
706 3245 813 3275 Λυδῶν
831 3246 990 3283 βασιλέως.
1010 3246 1097 3285 Apud
1118 3248 1277 3278 Xanthum
1301 3248 1426 3278 Croesus
1448 3247 1512 3285 jam
1536 3247 1701 3285 praefectus
1729 3246 1913 3284 Adramyttii
1936 3245 2021 3276 urbis
2044 3246 2138 3276 fuisse
2153 3244 2231 3275 dici-

116 3289 166 3317 tur
182 3288 237 3324 (fr.
255 3292 294 3317 (35
307 3292 327 3325 ).

156 3337 206 3364 ola
235 3333 309 3364 (ἶσα.
334 3334 486 3372 Τιιν.]ὀί.
511 3339 582 3373 Ιῡζ),
599 3339 681 3367 27-31
704 3345 767 3367 vso.
785 3337 896 3368 Suidas
917 3338 936 3367 Ι.
956 3338 974 3367 l.
1000 3351 1004 3368 z
1022 3338 1179 3376 Ὶζγὲννησε
1199 3341 1229 3369 δὲ
1247 3341 1310 3377 (sc.
1334 3339 1805 3378 sadyattes)‘Atuamvfflove
1822 3339 1877 3373 ἕως
1895 3339 1947 3377 μὲν
1962 3340 2025 3373 νέος
2042 3338 2077 3375 ἦν
2091 3338 2230 3376 ὑὸριστὴς
