2338 3765
871 143 1383 227 MEMNON.

1065 341 1067 343 .
1081 335 1142 356 Δρ
1155 336 1192 352 »ἲ

126 453 274 490 Grande
297 453 473 487 Memnon
493 464 586 499 opus
606 451 651 486 dc
667 451 776 485 rebus
796 449 981 484 Heracleae
999 448 1095 481 Pou-

76 514 173 556 ticae,
193 524 264 558 qua
286 512 321 545 in
341 511 433 545 urbe
453 511 510 545 vel
528 518 632 545 natus
654 508 695 557 (Ἴ
717 509 773 542 vel
790 513 950 541 versatus
961 505 1098 540 diutius

74 582 144 604 esse
159 568 319 611 videtur,
334 568 538 615 posteritati
555 566 730 601 mandare
742 565 968 599 decreverat.
992 563 1039 597 At
1052 573 1098 595 ne

75 627 294 661 levissimum
315 625 466 672 quidem
482 631 684 671 superesset
700 623 777 668 ejus
798 622 990 669 vestigium
1005 647 1013 663 ,
1030 620 1097 653 nisi

74 684 188 719 fausta
207 684 355 718 fortuna
374 683 411 715 in
430 693 558 715 manus
574 680 757 715 incidisset
776 680 914 723 Photii,
933 679 994 725 qui
1011 685 1095 712 octo

76 741 259 775 librorum
286 738 497 787 (IX—XVI)
541 739 624 772 satis
652 738 771 784 ampla
805 737 912 771 nobis
944 735 1095 782 reliquit

74 805 260 844 excerpta.
283 797 388 832 Certe
421 797 533 830 alium
560 796 780 841 scriptorem
800 795 863 841 qui
891 794 1097 828 Memnonis

73 855 290 890 memoriam
305 854 517 888 excitaverit
544 854 633 887 novi
657 854 855 888 neminem.
882 853 963 886 Jam
982 864 1096 897 quum

74 911 281 955 Herodori,
313 910 554 957 Nymphidis,
588 910 851 953 Promaffiidae,
879 910 1094 951 Callistrati‚

74 969 138 1015 qui
157 969 244 1003 item
259 968 304 1003 de
325 968 504 1003 Heracleae
528 969 585 1002 vel
606 967 739 1002 fabulis
762 969 820 1002 vel
834 967 993 1001 historiis
1008 968 1095 1001 scri-

71 1034 241 1073 pserunt,
258 1027 389 1061 crebra
406 1026 505 1073 apud
524 1026 733 1061 scholiastas
750 1026 939 1072 Apollonii
959 1025 1096 1059 Rhodii

72 1085 211 1119 mentio
229 1083 311 1127 fiat,
328 1084 374 1119 de
389 1085 586 1118 Memnone
606 1095 694 1118 vero
712 1084 757 1118 sit
769 1084 970 1127 silentium,
985 1083 1097 1117 facilis

73 1141 285 1187 conjectura
303 1149 354 1176 est
367 1143 602 1177 Memnonem
615 1148 718 1175 aetate
732 1141 974 1187 posteriorem
991 1139 1096 1174 fuisse

72 1198 234 1245 Didymo
255 1199 406 1244 aliisque
426 1197 502 1243 ejus
518 1199 637 1233 saeculi
659 1199 886 1233 scholiorum
902 1198 1096 1244 scriptori-

72 1256 151 1290 bus.
166 1256 302 1291 Eadem
316 1256 426 1290 docet
441 1256 604 1293 Photius.
622 1257 656 1290 Is
669 1256 766 1290 enim
779 1262 976 1302 postquam
990 1255 1096 1290 dixe-

72 1321 129 1348 rat
140 1314 278 1348 librum
293 1314 541 1348 Historiarum
556 1313 741 1348 decimum
755 1321 896 1348 sextum
910 1314 1097 1360 pertinere

72 1384 189 1418 usque
211 1371 258 1407 ad
293 1378 454 1406 mortem
472 1373 675 1419 Britagorae
694 1369 745 1420 (e.
783 1371 829 1413 46
861 1384 894 1406 a.
918 1372 957 1408 C.
973 1372 997 1418 )‚
1033 1372 1097 1417 qui

72 1430 229 1476 patriam
248 1441 268 1464 a
286 1430 464 1464 Romanis
497 1429 658 1464 dirutam
685 1430 921 1475 restauravit,
953 1429 1056 1464 addit
1086 1441 1094 1465 :

72 1484 145 1527 Τὰς
161 1484 195 1522 δὲ
212 1484 349 1535 πρώτας
361 1485 392 1531 η’
410 1485 561 1537 ἱστορίας
575 1484 711 1522 καὶτὰ
724 1501 738 1527 ς
755 1483 864 1534 μετὰ
882 1483 927 1530 τὴ
940 1501 956 1521 ν
975 1484 1096 1530 ἕκτην

74 1558 94 1579 κ
108 1542 148 1579 αὶ
169 1542 357 1589 δεκάτην
379 1542 473 1579 οὔπω
501 1544 606 1580 εἰπεῖν
627 1545 672 1586 εἷς
692 1543 769 1580 Θέαν
791 1545 888 1591 ἡμῶν
913 1544 1098 1594 ἀφιγμένας

74 1600 213 1651 ἔχομεν.
236 1623 286 1628 -
305 1603 446 1637 Vixerit
470 1604 618 1638 Memno
638 1604 760 1650 primo
785 1603 843 1637 vel
866 1603 1015 1637 ineunte
1039 1615 1096 1637 se-

75 1660 197 1695 cundo
217 1667 300 1707 post
320 1661 501 1696 Christum
517 1661 652 1696 seculo.

127 1719 274 1752 Priores
292 1718 376 1752 libri
397 1725 482 1753 octo
509 1719 694 1753 Heracleae
716 1719 903 1752 historiam
925 1718 1100 1753 exhibent

75 1788 192 1822 usque
212 1776 259 1811 ad
276 1776 509 1823 tyrannidem
530 1776 696 1811 Clearchi
719 1775 811 1823 (364
844 1788 874 1811 a.
893 1777 934 1812 C.
951 1775 976 1824 ).
997 1777 1101 1822 Quo-

28 1878 34 1883 ·
75 1833 189 1868 modo
220 1840 305 1881 post
335 1846 450 1868 annos
477 1835 665 1881 octoginta
695 1841 871 1880 quattuor
892 1846 1037 1869 eversus
1057 1836 1101 1869 sit

76 1899 318 1938 tyrannorum
332 1892 555 1935 dominatus,
568 1898 697 1927 auctor
711 1892 881 1940 exposuit
892 1892 988 1926 libro
1005 1892 1100 1926 duo-

77 1949 235 1985 decimo.
257 1950 428 1984 Totidem
463 1950 536 1985 fere
555 1950 660 1985 libris
691 1950 790 1984 idem
813 1951 987 1996 temporis
1020 1962 1100 1996 spa—

80 2008 169 2042 tium
188 2014 407 2042 tractaverat
428 2008 625 2054 Nymphis,
646 2020 756 2053 quem
775 2020 850 2054 prae
874 2008 1003 2041 ceteris
1031 2007 1101 2041 du—

77 2077 157 2100 cem
170 2067 345 2100 Memnon
358 2065 425 2100 sibi
435 2057 639 2112 sumpserit.
650 2066 876 2099 Mentionem
891 2064 968 2109 ejus
986 2064 1101 2109 injicit

76 2135 154 2170 cap.
172 2136 184 2157 1
198 2136 210 2157 1
230 2130 266 2158 et
283 2127 348 2167 243
368 2130 478 2169 atque
498 2135 573 2157 uno
593 2123 657 2156 illo
678 2123 780 2166 loco,
801 2122 865 2156 ubi
885 2121 1102 2168 Nymphidis

79 2180 142 2227 (fr.
167 2180 230 2228 17)
250 2188 285 2215 et
310 2182 517 2216 Memnonis
533 2180 579 2215 de
599 2181 777 2226 Dionysio
796 2187 952 2226 tyranno
972 2191 1101 2213 narra—

76 2239 215 2273 tionem
228 2239 396 2274 conferre
410 2240 492 2274 licet
503 2267 511 2283 ,
534 2239 671 2285 optime
687 2239 782 2273 inter
800 2251 837 2272 se
850 2238 1097 2273 consentiunt.

128 2296 248 2330 Libris
263 2297 358 2331 XlII
378 2304 414 2330 et
431 2297 519 2332 XIV
548 2297 711 2330 narratio
740 2308 856 2341 usquc
885 2295 931 2329 ad
963 2295 1100 2328 victum

77 2366 97 2387 a
141 2354 318 2388 Romanis
354 2354 582 2401 Antigonum
627 2353 845 2400 (280-188)
888 2352 1098 2387 deducitur.

77 2411 185 2445 Varia
202 2411 239 2444 in
254 2411 310 2445 his
334 2418 370 2446 et
398 2411 635 2445 multiformis
656 2411 807 2445 historia
836 2418 901 2445 est.
924 2412 1016 2445 Nam
1036 2422 1101 2444 suo

78 2468 159 2502 nisu
184 2469 430 2503 Heraclienses
449 2468 541 2503 nihil
563 2476 641 2503 tum
659 2469 763 2515 quod
780 2469 932 2515 quidem
952 2468 1101 2513 majoris

78 2527 255 2560 momenti
269 2527 328 2573 sit,
347 2533 569 2574 peregerunt
581 2540 590 2571 3
603 2526 667 2561 sed
680 2526 793 2561 modo
806 2527 1003 2561 Ptolemaeo
1025 2526 1102 2562 Ce-

79 2595 195 2618 rauno
210 2591 339 2618 contra
359 2585 587 2631 Antigonum
599 2611 609 2630 ,
628 2584 744 2618 modo
761 2584 952 2619 Nicomedi
974 2590 1103 2618 contra

79 2642 247 2687 Zipoeten
268 2648 304 2675 et
322 2641 546 2675 Antiochum
569 2642 804 2686 auxiliantur,
822 2641 938 2676 modo
962 2643 1103 2687 Byzan-

80 2699 150 2733 tios
182 2706 310 2733 eontra
343 2699 466 2734 Gallos
495 2699 645 2747 juvant,
676 2690 790 2733 modo
820 2700 899 2734 lites
934 2700 1103 2734 colonia—

81 2768 163 2789 rum
183 2763 220 2790 et
238 2757 506 2790 controversias
524 2755 684 2791 filiorum
708 2757 920 2792 Nicomedis
946 2769 1104 2803 compo-

81 2821 186 2850 nunt.
208 2815 293 2848 Haec
312 2814 425 2861 igitur
453 2826 530 2848 non
560 2820 633 2849 tam
654 2806 840 2849 Heraclea,⁵
870 2815 1024 2849 historia
1057 2821 1106 2849 est

81 2882 192 2916 quam
229 2872 333 2917 regni
367 2868 598 2905 Macedonici
616 2899 625 2916 ‚
655 2872 838 2918 Bithynici
851 2899 861 2918 ,
899 2872 1102 2907 Gallorum.

82 2931 247 2975 Augetur
267 2929 344 2962 haec
374 2929 595 2963 narrationis
620 2931 776 2964 varietas
795 2930 938 2963 insertis
961 2929 1105 2976 digres—

82 2985 264 3029 sionibus,
300 2986 436 3032 quibus
470 2986 518 3021 ad
547 2988 740 3033 superiora
775 2993 943 3033 tempora
978 2994 1107 3021 auctor

83 3043 259 3077 ascendit.
276 3044 334 3078 Sic
352 3056 430 3090 cap.
447 3056 494 3079 20
505 3056 634 3091 regum
648 3045 825 3090 Bithyniae
839 3045 969 3078 seriem
984 3056 1107 3091 perse-

84 3101 223 3145 quitur3
242 3100 391 3144 deinde,
413 3102 477 3136 ubi
497 3102 545 3136 ad
564 3114 700 3137 annum
717 3102 884 3146 devenit,
917 3114 992 3148 quo
1032 3101 1107 3138 Ro-

127 3227 166 3264 (*)
187 3227 357 3265 Cyzicenus
377 3229 508 3266 Μέμνων
523 3228 720 3267 γραμματεὺς
741 3228 852 3268 βουλᾶς
867 3230 918 3259 καὶ
931 3229 1028 3268 δάμου
1045 3239 1109 3260 me·

86 3274 228 3304 moratur
245 3274 274 3304 in
289 3273 378 3304 inser.
399 3276 472 3313 Cyz.
497 3282 545 3314 ap.
569 3275 692 3307 ssoeckh.
707 3277 742 3306 C.
768 3277 796 3306 J.
818 3277 852 3306 ΙΙ.
872 3284 902 3308 n.
916 3279 1005 3308 3794.

1114 3339 1145 3363 5⁰

1160 447 1257 480 mani
1277 454 1405 482 contra
1420 449 1642 483 Antiochum
1661 451 1696 484 in
1718 452 1837 486 Asiam
1856 452 2076 497 trajecerunt
2097 483 2105 498 ‚
2124 456 2181 489 hi-

1159 505 1307 538 storiam
1329 516 1457 538 corum
1475 506 1559 540 inde
1576 520 1595 541 a
1612 508 1737 553 primis
1751 509 1981 544 incunabulis
1999 524 2115 558 usque
2133 513 2179 547 ad

1158 563 1348 607 praesentia
1380 569 1542 608 tempora
1570 566 1652 599 satis
1681 568 1804 612 amplo
1836 580 1990 603 excursu
2010 571 2178 615 exponit.

1159 619 1271 664 Quod
1292 632 1407 665 quum
1425 633 1444 654 a
1464 623 1658 667 proposito
1683 625 1839 658 alienum
1858 627 1921 669 sit,
1950 628 2072 661 nescio
2105 641 2181 673 quo

1156 676 1239 721 jure
1255 677 1407 710 Photius
1423 677 1558 711 dixerit
1571 680 1803 714 Memnonem
1818 682 2058 727 digressiones
2073 685 2184 718 histo-

1158 734 1220 768 riis
1239 734 1311 768 suis
1324 747 1401 768 non
1418 735 1610 770 intexuisse
1622 737 1688 770 nisi
1709 738 1773 771 ubi
1794 741 2002 775 necessitate
2021 741 2182 787 quadam

1158 791 1203 825 sit
1219 798 1367 825 coaetus
1389 791 1444 839 (e.
1471 789 1555 839 60).

1211 849 1346 883 Similis
1373 849 1466 883 ratio
1495 856 1549 883 est
1569 850 1654 883 libri
1689 851 1822 885 decimi
1857 855 1977 899 quinti
2007 855 2054 889 ad
2089 856 2185 892 istud

1158 918 1274 953 usque
1294 913 1438 952 tempus
1460 907 1699 952 pertinentis,
1716 920 1790 953 quo
1810 910 1915 945 Cotta
1949 910 1996 945 ad
2022 911 2185 946 obsidio-

1158 976 1242 999 nem
1262 964 1448 999 Heraeleae
1467 963 1654 1010 profectus
1678 971 1742 998 est.
1758 967 1917 1012 Exponit
1931 974 2059 1002 auctor
2088 982 2184 1015 quo—

1157 1022 1273 1057 modo
1303 1022 1439 1056 factum
1472 1022 1518 1055 sit
1551 1028 1590 1055 ut
1619 1023 1868 1058 Heraclienses
1882 1051 1890 1067 ‚
1927 1026 2182 1060 Romanorum

1157 1080 1266 1114 amici
1295 1079 1446 1125 quidem
1466 1091 1584 1125 neque
1614 1086 1733 1114 tamen
1755 1093 1838 1114 cum
1866 1083 2040 1117 Romanis
2068 1096 2188 1130 neque

1157 1149 1242 1171 cum
1254 1136 1467 1171 Mithridate
1480 1148 1579 1171 arma
1589 1135 1794 1184 jungentes,
1810 1150 1896 1172 mox
1913 1139 2081 1174 Archelai
2099 1140 2187 1174 dolo

1157 1195 1323 1229 nolentes
1343 1195 1380 1228 in
1408 1201 1529 1240 partes
1546 1194 1768 1231 Mithridatis
1789 1193 2033 1239 traherentur,
2054 1197 2189 1233 deinde

1156 1252 1330 1287 Lamachi
1345 1252 1559 1298 proditione
1576 1252 1664 1290 urbs
1689 1253 1727 1286 in
1751 1265 1880 1287 manus
1896 1254 2116 1289 Mithridatis
2130 1269 2189 1290 ve-

1157 1310 1274 1355 niret,
1294 1316 1405 1356 atque
1421 1310 1470 1344 sic
1486 1310 1611 1344 hostili
1630 1311 1887 1344 Romanorum
1916 1312 2077 1345 exercitu
2093 1320 2189 1359 pete-

1158 1374 1274 1401 retur.
1296 1368 1383 1402 Haec
1403 1366 1559 1403 Photius
1578 1374 1705 1402 narrat
1724 1380 1805 1414 cap.
1839 1367 1900 1410 33,
1936 1368 1981 1403 36
1997 1395 2006 1412 ,
2034 1368 2095 1412 38,
2125 1375 2188 1417 42,

1160 1424 1222 1466 43.
1244 1425 1402 1471 Reliqua
1422 1424 1469 1459 ad
1490 1425 1779 1459 Heracliensium
1802 1437 1856 1459 res
1882 1426 1973 1459 nihil
2001 1427 2190 1462 attinentia

1155 1483 1197 1520 ,in
1211 1483 1422 1517 narratione
1437 1489 1631 1517 versantur
1651 1482 1697 1517 de
1710 1483 1808 1518 bello
1831 1483 2084 1518 Mithridatico
2098 1512 2106 1528 ‚
2125 1485 2190 1520 ad-

1155 1540 1284 1586 juncto
1306 1541 1352 1576 de
1370 1541 1499 1577 Nieaeae
1517 1541 1725 1588 originibus
1745 1541 1927 1587 episodio.

1213 1599 1351 1636 Contra
1380 1605 1639 1646 argumentum
1667 1598 1754 1632 libri
1783 1598 1918 1633 decimi
1944 1600 2035 1633 sexti
2073 1606 2190 1634 totum

1159 1657 1322 1703 pertinet
1334 1656 1381 1691 ad
1392 1668 1447 1690 res
1463 1656 1650 1690 Heracleae
1669 1656 1808 1702 patriae,
1822 1656 1924 1701 eujus
1944 1656 2190 1699 obsidionem,

1162 1715 1465 1760 occupationem,
1482 1713 1754 1760 direptionem,
1777 1714 2025 1757 eversionem,
2051 1722 2192 1750 restau-

1161 1772 1342 1806 rationem
1362 1771 1551 1805 uberrime
1566 1772 1744 1805 Memnon
1758 1772 1940 1817 exposuit.
1958 1772 2067 1806 Plura
2093 1773 2192 1807 Pho-

1169 1829 1238 1863 tius
1266 1830 1303 1863 in
1326 1842 1392 1863 suo
1413 1829 1601 1863 volumine
1635 1841 1712 1862 non
1741 1829 1918 1875 repperit.
1941 1829 2086 1863 Scilicet
2117 1830 2192 1864 haec

1163 1889 1321 1922 maxime
1335 1888 1495 1921 historise
1514 1887 1755 1921 Heracliensis
1771 1899 1853 1933 pars
1888 1887 1986 1920 lectu
2005 1886 2116 1934 digna
2135 1900 2191 1922 se·-

1163 1946 1324 1979 rioribus
1348 1946 1423 1978 visa
1443 1944 1564 1978 fuerit.
2010 1991 2013 1993 -

1215 2003 1323 2037 Fides
1344 2003 1587 2036 Historiarum
1620 2002 1827 2036 Memnonis
1849 2002 1886 2035 in
1911 2002 2119 2035 universum
2140 2009 2191 2036 est

1166 2061 1319 2107 optima.
1334 2060 1408 2095 Ubi
1425 2072 1507 2093 eum
1528 2059 1605 2094 aliis
1624 2059 1729 2093 honae
1749 2066 1846 2093 notae
1868 2059 2115 2105 scriptoribus
2135 2071 2193 2093 eas

1164 2118 1333 2151 conferre
1356 2117 1458 2160 licet,
1474 2123 1515 2150 ut
1538 2116 1576 2150 in
1604 2116 1863 2150 Mithridaticis
1894 2128 1978 2150 cum
2003 2117 2189 2162 Appiano,

1164 2175 1375 2217 Plutarcho,
1388 2175 1509 2208 Dione
1526 2174 1660 2218 Cassio,
1678 2175 1716 2207 in
1728 2174 1912 2220 plerisque
1932 2174 2188 2217 consentiunt3

1164 2233 1228 2266 ubi
1238 2230 1470 2275 dissentiunt,
1481 2232 1686 2266 Memnonis
1696 2231 1945 2265 testimonium
1961 2242 2055 2276 saepe
2064 2229 2194 2276 praefe-

1165 2290 1318 2325 rendum
1340 2289 1393 2336 (v.
1411 2303 1440 2324 c.
1459 2289 1518 2333 57,
1542 2302 1555 2323 1
1571 2302 1579 2332 3
1595 2288 1657 2332 31,
1680 2287 1719 2335 2)
1736 2302 1745 2331 3
1766 2295 1894 2322 contra
1909 2287 2056 2322 laborat
2075 2289 2193 2322 Mem-

1162 2361 1239 2382 non
1254 2360 1380 2382 rerum
1394 2346 1966 2394 geographicarumignorantia;
1985 2345 2061 2382 vid.
2084 2358 2114 2381 c.
2132 2358 2191 2392 19,

1165 2410 1200 2447 ζμ
1223 2409 1285 2448 41,
1312 2418 1325 2439 1
1349 2412 1384 2439 et
1402 2417 1477 2451 prae
1493 2405 1621 2439 ceteris
1637 2417 1666 2438 c.
1682 2409 1747 2450 49,
1764 2404 1829 2437 ubi
1842 2404 2000 2445 Marsos,
2023 2403 2194 2448 Pelignos

1163 2464 1420 2497 etMarucinos
1453 2475 1562 2509 supra
1582 2462 1736 2508 Libyam
1765 2462 1803 2494 in
1837 2459 1997 2495 Gadium
2023 2458 2193 2494 confiniis

1162 2521 1340 2556 habitasse
1361 2521 1471 2563 dieit3
1495 2532 1536 2554 ac
1558 2520 1710 2554 omnino
1732 2518 1778 2553 de
1800 2519 2059 2552 Romanorum
2076 2517 2193 2550 histo-

1163 2579 1216 2613 ria
1235 2579 1408 2626 pessimos
1422 2585 1590 2613 auctores
1609 2577 1795 2612 Graeculos
1813 2582 1958 2610 secutus
1982 2586 2059 2610 esse
2088 2573 2193 2608 vide-

1165 2643 1236 2679 tur,
1252 2643 1294 2670 ut
1312 2648 1355 2670 ex
1372 2636 1412 2669 iis
1433 2647 1583 2681 quoque
1605 2646 1684 2680 quae
1703 2633 1748 2668 de
1768 2634 1937 2667 Romana
1957 2631 2005 2666 ad
2033 2632 2192 2666 Alexan-

1164 2693 1273 2728 drum
1306 2694 1489 2740 legatione
1522 2701 1733 2734 narrantur,
1762 2690 1938 2737 suspicari
1972 2690 2059 2724 licet
2090 2687 2187 2738 (vid.

1165 2764 1197 2787 c.
1223 2763 1283 2797 29,
1301 2750 1335 2794 3,
1354 2752 1400 2787 cl.
1426 2762 1485 2796 29,
1512 2748 1570 2796 2).

1217 2810 1272 2843 De
1296 2804 1462 2842 oratione
1483 2815 1680 2852 ceteraque
1709 2806 1946 2840 historiarum
1980 2803 2106 2838 indole
2145 2804 2192 2837 ita

1165 2866 1316 2900 Photius
1328 2864 1376 2911 (c.
1394 2865 1458 2911 60,
1474 2863 1516 2911 5)
1536 2860 1660 2899 ε”Εστι
1681 2860 1716 2898 δὲ
1730 2863 1751 2906 ἠ
1768 2858 1947 2910 συγγραφὴ
1959 2857 2120 2908 νουνεχὴς
2132 2855 2192 2905 μὲν

1166 2921 1224 2957 καὶ
1244 2920 1300 2957 τὸν
1315 2920 1431 2970 ἰσχνὸν
1452 2918 1712 2969 μεταδιώκουσα
1729 2921 1955 2968 χαρακτῆρα,
1976 2917 2012 2953 οὗ
2034 2918 2101 2964 μὴν
2115 2913 2191 2951 οὐδὲ

1166 2982 1224 3015 τοῦ
1241 2982 1368 3029 σαφοῦς
1384 2979 1603 3027 ἀμελοῦσα...
1626 2977 1684 3014 καὶ
1702 2976 1816 3019 λέξεσι
1837 2975 1870 3012 δὲ
1882 3006 1890 3021 ,
1908 2976 1936 3011 εἷ
1956 2973 2083 3023 μήπου
2101 2986 2192 3007 σπα-

1167 3036 1244 3078 νίως
1276 3034 1579 3084 ἐξαλλαττούσαις,
1611 3035 1683 3077 ταῖς
1713 3035 1870 3079 συνήθεσι
1911 3037 2050 3083 χρᾶται.
2081 3029 2191 3076 Quod

1169 3096 1215 3130 de
1235 3095 1438 3130 verborum
1467 3108 1535 3129 usu
1560 3095 1712 3129 Photius
1741 3094 1790 3128 ait
1823 3092 1928 3140 (nam
1949 3091 1995 3125 de
2014 3090 2085 3123 hoc
2112 3088 2190 3121 solo

1170 3153 1401 3199 aliquatenus
1428 3152 1595 3198 judicare
1615 3151 1722 3185 nobis
1738 3149 1862 3197 licet),
1886 3148 1970 3194 ipsis
1998 3143 2190 3180 confirma-

1170 3217 1229 3243 tur
1243 3210 1430 3256 exemplis.
1459 3226 1473 3240 «
1497 3211 1610 3244 Voces
1622 3208 1880 3249 etloeutiones‚
1901 3204 2056 3239 Orellius
2071 3201 2191 3250 (Mem-

1170 3280 1257 3305 non.
1278 3268 1624 3314 Histor.Exc.Lips.
1645 3266 1753 3309 1816,
1767 3277 1805 3311 p.
1822 3262 2011 3311 V)inquit,
2025 3259 2191 3305 plurimae

1133 3349 1164 3363 ui)
