2338 3765
97 157 169 188 494

91 233 219 282 γεσίαις
251 231 447 274 πλεονάζειν
477 230 534 266 καὶ
566 229 607 266 τὰ
646 229 793 278 πολέμια
823 231 956 266 ἀσκεῖν·
987 230 1124 271 ἁπάσας

91 293 121 326 δ’
149 291 398 327 ἐπικεκαῧσθαι
425 288 481 324 τὸν
505 287 610 330 δεξιὸν
637 287 769 336 μαστὸν
801 288 838 323 ἐκ
867 287 1016 333 νηπίων,
1036 287 1123 324 ὥστε

92 340 240 389 εὐπετῶς
259 349 408 397 χρῆσθαι
425 347 473 396 τῷ
492 344 650 395 βραχίονι
666 344 749 395 πρὸς
766 344 913 390 ἑκάστην
929 345 1068 396 χρείαν,
1090 347 1123 383 ἐν

91 405 125 440 δὲ
142 406 208 445 τοῖς
234 403 380 454 πρώτοις
396 401 478 452 πρὸς
496 400 714 450 ἀκοντισμόν.
736 403 895 451 Χρῆσθαι
911 402 946 439 δὲ
962 402 1020 439 καὶ
1038 401 1124 451 τόξῳ

90 462 148 498 καὶ
166 461 290 512 σαγάρι
308 460 365 497 καὶ
385 459 514 509 πέλτῃ,
531 458 631 510 δορὰς
652 458 686 495 δὲ
702 460 826 510 Θηρίων
843 464 1010 497 ποιεῖσθαι
1027 459 1122 510 περί-

90 518 199 568 κρανά
213 534 248 555 τε
262 518 321 555 καὶ
335 517 567 566 σκεπάσματα
582 516 640 553 καὶ
657 517 856 565 διαζώματα
870 533 877 540 ·
893 517 951 555 δύο
966 518 1000 555 δὲ
1015 521 1125 564 μῆνας

90 576 278 627 ἐξαιρέτους
298 575 387 626 ἔχειν
404 578 462 611 τοῦ
483 574 581 626 ἔαρος
595 574 671 612 καθ’
685 574 740 618 οὒς
756 575 998 613 ἀναὸαίνουσιν
1019 578 1066 618 εἷς
1087 577 1124 613 τὸ

92 634 237 679 πλησίον
258 635 332 685 ὄρος
351 633 388 670 τὸ
409 634 550 683 διορίζον
569 632 672 674 αὐτάς
685 648 722 669 τε
741 634 799 670 καὶ
816 633 893 676 τοὺς
907 635 957 671 Γα
966 633 1122 685 ργαρέας.

143 688 275 728 Strabo
291 694 423 739 XVII,
442 705 481 739 p.
501 691 574 737 827
595 704 604 729 t
623 690 794 728 Ἐνταῦθα
810 691 844 728 δὲ
865 696 931 739 (sc.
951 694 984 729 ἐν
999 695 1040 743 τῇ
1060 694 1124 728 τῶν

92 749 258 800 ἑσπερίων
285 749 505 796 καλουμένων
532 748 706 786 Αἰθιόπων
729 748 852 800 χώρᾳ)
880 748 938 786 καὶ
963 749 1125 797 καμηλο-

91 807 277 857 παρδάλεις
299 806 399 856 ’,ρηο-ὶν
426 805 622 857 Ἰφικράτης
655 808 747 855 (scr.
782 805 1017 857 Ὑψικράτης]
1046 820 1124 855 γεν-

91 868 213 901 νᾶσθαι
242 864 301 901 καὶ
328 863 514 915 ἐλέφαντας
539 864 598 901 καὶ
624 864 700 907 τοὺς
729 864 957 912 καλουμένους
986 863 1123 908 Ἱ)ίζεις,

91 922 123 959 οἳ
138 923 342 973 ταυροειδεῖς
360 923 421 971 μέν
439 923 504 959 εἰσι
518 921 577 967 τὴν
594 922 739 975 μορφὴν,
757 921 847 959 κατὰ
861 923 894 959 δὲ
919 921 979 966 τὴν
994 921 1125 958 δίαιταν

92 981 152 1018 καὶ
167 981 204 1018 τὸ
221 980 361 1030 μέγεθος
377 979 436 1017 καὶ
455 979 516 1025 τὴν
533 981 641 1026 ἀλκὴν
659 981 719 1026 τὴν
735 980 818 1031 πρὸς
832 979 947 1030 μάχην
966 980 1126 1031 ἐλέφασιν

92 1039 239 1076 ἐοίκασι·
269 1037 456 1089 δράκοντάς
472 1053 507 1075 τε
531 1038 622 1088 λέγει
643 1039 833 1089 μεγάλους,
852 1038 940 1075 ὥστε
960 1037 1019 1074 καὶ
1038 1037 1126 1074 πόαν

92 1095 357 1148 ἐπιπεφυκέναι·
377 1094 454 1137 τούς
474 1110 509 1132 τε
540 1096 678 1138 λέοντας
707 1102 775 1139 τοῖς
802 1095 927 1137 πώλοις
956 1097 1022 1132 τῶν
1050 1095 1127 1131 ἐλε-

93 1154 230 1206 φάντων
257 1153 484 1191 ἐπιτίθεσθαι·
504 1153 717 1203 αἱμάξαντας
737 1153 772 1191 δὲ
795 1153 940 1205 φεύγειν,
961 1155 1127 1191 ἐπιουσῶν

93 1215 160 1249 τῶν
184 1211 352 1262 μητέρων·
370 1212 429 1254 τὰς
445 1213 487 1258 δ’,
503 1211 642 1248 ἐπειδὰν
658 1211 775 1249 ἴδωσιν
789 1212 1022 1263 ᾑμαγμένους,
1037 1211 1128 1248 κτεί-

93 1285 173 1307 νειν·
195 1270 395 1313 ἐπανιόντας
415 1270 449 1307 δὲ
469 1269 545 1313 τοὺς
565 1270 701 1312 λέοντας
721 1270 776 1307 ἐπὶ
797 1270 839 1307 τὰ
859 1270 1049 1319 πτώματα,
1071 1285 1128 1306 νε-

95 1330 292 1380 κροφαγεῒν.
317 1330 423 1377 Βόγον
452 1328 504 1374 δὲ,
521 1329 578 1365 τὸν
610 1328 755 1378 βασιλέα
782 1330 848 1364 τῶν
879 1327 1125 1378 Μαυρουσίων,

96 1386 272 1424 ἀναῧάντα
302 1387 357 1424 ἐπὶ
387 1386 463 1428 τοὺς
492 1386 668 1436 ἑσπερίους
686 1386 873 1432 Αἰθίοπας,
904 1387 1130 1437 καταπέμψαι

95 1446 138 1495 τῇ
157 1444 291 1492 γυναικὶ
315 1446 407 1495 δῶρα
423 1474 432 1490 ,
457 1444 633 1493 καλάμους
649 1444 718 1486 τοῖς
739 1443 890 1485 Ἰνδικοῖς
915 1443 1070 1492 ὁμοίους,
1084 1438 1130 1480 ὧν

98 1500 240 1539 ἕκαστον
262 1502 343 1552 γόνυ
368 1503 520 1552 χοίνικας
545 1504 679 1552 χωροῦν
709 1501 815 1538 ὀκτώ·
834 1500 893 1537 καὶ
919 1501 1130 1551 ἀσπαράγων

97 1560 127 1595 δ’
146 1560 276 1610 ε’μιρερῆ
296 1558 435 1609 μεγέθη.

149 1619 325 1666 stephan.
360 1620 443 1665 Byz.
465 1630 500 1653 V.
524 1613 675 1667 Αἰθίοψ;
699 1634 712 1648 «
738 1616 918 1661 Αἰθίοπες,
950 1617 1000 1652 τοὶ
1032 1615 1133 1666 διχθὰ

98 1675 274 1712 δεδαίαται
298 1675 438 1725 ἔσχατοι
467 1675 597 1724 ἀνδρῶν
624 1692 638 1707 »
661 1676 805 1723 (Odyss.
832 1678 872 1720 Ι,
893 1673 967 1724 23).
990 1675 1042 1712 Οὐ
1066 1673 1132 1725 γὰρ

98 1733 226 1778 ἀληθὴς
256 1736 272 1769 ὃ
301 1732 532 1784 Ἶ’ψικράτους
556 1732 671 1781 λόγος,
693 1734 738 1774 ὡς
766 1731 858 1768 οὐδὲν
889 1734 934 1774 εἷς
964 1733 1007 1783 οψ
1034 1731 1133 1781 λήγει

98 1790 182 1840 παρ’
204 1789 350 1841 Ὁμήρῳ
378 1790 406 1826 εἷ
428 1788 476 1838 μὴ
496 1788 535 1825 τὸ
554 1788 734 1840 καλαύροψ
757 1790 813 1838 (ΙΙ.
839 1792 996 1834 XXIII,
1028 1791 1129 1837 845).

151 1850 206 1886 De
236 1857 339 1884 aetate
360 1850 514 1884 Homeri
543 1850 780 1896 Hypsicrates
798 1849 971 1884 laudatur
993 1850 1030 1883 in
1058 1851 1130 1886 Vit.

100 1910 211 1944 Hom.
232 1909 405 1955 Iriart.p.
429 1906 502 1944 233
526 1918 534 1944 ζ
559 1904 773 1957 ’Υψικράτης
792 1904 979 1951 ἡλικιώτην
1002 1904 1134 1957 ((Ησιό-

100 1966 157 2002 δου
176 1963 337 2015 εΌμηρον
353 1963 526 2014 γεγονέναι
541 1963 670 2015 φησίν).
691 1986 739 1991 -
757 1967 937 2000 Praeterea
951 1966 1136 2013 Diogenes

102 2025 269 2058 Laertius
288 2025 374 2067 VII,
401 2023 493 2068 188,
530 2024 626 2058 inter
660 2035 723 2058 eos
759 2024 823 2070 qui
857 2021 945 2072 Περὶ
980 2021 1135 2058 πινάκων

99 2082 326 2128 scripserint,
348 2087 483 2128 praeter
508 2081 746 2116 Polemonem
771 2087 807 2115 et
824 2082 1051 2127 Antigonum
1074 2093 1136 2116 re-

101 2146 223 2174 censet
243 2141 513 2186 Hipsicratem‚
539 2140 613 2174 sive
639 2146 808 2173 nostrum
827 2136 882 2174 διὰ
901 2138 1036 2174 πολλῶν
1067 2153 1136 2186 μα-

101 2196 264 2244 θημάτων
298 2195 500 2245 γενόμενον,
532 2197 607 2232 sive
645 2197 771 2231 alium.
818 2221 870 2229 -
896 2197 1136 2244 Hypsicrates

103 2256 254 2302 quidam
269 2282 277 2297 ,
317 2256 381 2302 qui
415 2256 541 2303 lingua
568 2255 755 2290 Phoenicia
792 2255 974 2301 scripsisse
1008 2255 1136 2301 perhi—

103 2314 213 2348 betur
236 2314 453 2348 Phoenicum
485 2314 699 2356 historiam,
730 2325 841 2359 quam
873 2314 994 2347 Laetus
1019 2325 1137 2360 graece

104 2372 277 2413 verterit,
298 2378 615 2405 commemoratur
633 2370 731 2417 apud
748 2371 942 2404 'I'atianum
956 2370 1051 2407 Adv.
1067 2370 1133 2407 Gr.

105 2441 138 2464 e.
172 2428 215 2472 37
240 2428 300 2476 (v.
330 2429 461 2475 fragm.
482 2427 611 2475 Laeti).
645 2430 897 2474 Ῑζι])ιίἐιίιίθινι
928 2432 1136 2475 quempiam

688 146 964 184 STRABoNis
991 145 1270 184 AMASENSIS
1302 145 1624 183 FRAGMENTA.

1187 235 1486 277 grammamfum.
1519 236 1619 276 cujus
1649 231 1733 264 libri
1758 242 1846 264 sane
1868 231 2005 265 nobiles
2031 244 2139 279 supet·
2160 233 2219 267 his

1187 302 1280 336 qnae
1297 303 1319 323 (ι
1341 291 1478 323 Gravis
1495 297 1645 335 (tempta
1661 295 1757 330 sunt,
1784 288 1830 322 de
1851 289 1974 335 inepta
1992 291 2216 337 etymologia

1187 345 1517 391 vocisfoenerator,
1543 346 1669 380 laudat
1687 346 1849 380 Cloatius
1869 348 1983 380 Verus
2001 347 2101 394 apud
2129 348 2219 382 Gel-

1186 405 1274 438 lium
1291 406 1334 440 N.
1364 407 1405 440 A.
1433 404 1542 447 XVI,
1572 416 1637 444 12,
1660 401 1695 438 5.
1716 402 1771 439 Cf.
1797 404 1914 437 varro
1936 405 1979 440 L.
2010 406 2051 438 L.
2075 407 2123 448 V,
2150 404 2218 447 88,

1184 475 1223 508 p.
1249 463 1294 503 34
1313 461 1373 498 ed.
1393 460 1537 497 Miiller.
1559 460 1570 508 (
1592 461 1784 496 Cohortem
1811 465 1849 495 in
1872 464 1968 496 villa
1989 464 2222 510 Hipsicrates

1184 521 1278 554 dicit
1304 532 1380 554 esse
1408 531 1530 565 ἔντεα)
1567 517 1729 568 χόρτον
1762 521 1865 566 apud
1877 528 2006 567 poetas
2044 522 2218 570 dictam).

1185 578 1318 612 Paulus
1337 579 1391 612 De
1405 576 1525 623 signif.
1543 577 1647 613 verb.
1672 589 1712 623 p.
1730 576 1751 611 8
1767 577 1827 613 ed.
1844 579 1980 613 Miiller
1999 577 2082 627 (ubi
2109 580 2221 627 vulgo

1191 634 1363 669 laudatur
1379 635 1659 681 Hipjmcrates).

1677 713 1736 750 14.

1240 797 1426 832 Plutarch.
1447 795 1578 832 Caesar.
1600 809 1634 831 e.
1654 795 1720 842 63,
1739 795 1785 830 de
1804 796 1954 831 ostentis
1973 803 2131 832 mortem
2146 798 2222 833 Cae-

1187 855 1275 889 saris
1287 854 1598 902 portendentibus
1618 866 1624 888 :
1648 851 1815 902 Στράὲων
1827 852 1861 889 δὲ
1876 854 1892 889 ὁ
1904 851 2083 904 φιλόσοφος
2095 855 2223 905 ἱστορεῖ

1189 909 1334 952 πολλοὺς
1355 909 1415 958 μὲν
1441 909 1639 961 ἀνθρώπους
1663 908 1847 961 διαπύρους
1872 910 2134 962 ἐπιφερομένους
2154 926 2222 963 φα-

1188 969 1310 1013 νῆναι,
1332 966 1544 1017 στρατιώτου
1575 966 1609 1003 δὲ
1642 966 1761 1018 ἀνδρὸς
1790 966 1924 1013 οἰκέτην
1956 968 1994 1004 ἐκ
2025 971 2086 1012 τῆς
2111 969 2224 1020 χειρὸς

1189 1024 1346 1061 ἐκὸαλεῖν
1363 1024 1493 1069 πολλὴν
1507 1024 1618 1076 φλόγα
1635 1025 1695 1062 καὶ
1711 1026 1819 1062 δοκεῖν
1834 1025 1990 1062 καίεσθαι
2006 1027 2075 1067 τοῖς
2088 1028 2224 1077 ὁρῶσιν,

1189 1084 1234 1124 ὡς
1262 1082 1296 1119 δὲ
1331 1082 1530 1131 ἐπαύσατο,
1563 1082 1669 1132 μηδὲν
1700 1082 1790 1134 ἔχειν
1818 1084 1924 1120 κακὸν
1950 1083 2006 1120 τὸν
2035 1083 2223 1134 ἄνθρωπον·

1191 1142 1282 1191 αὐτῷ
1300 1140 1335 1178 δὲ
1359 1141 1509 1193 Καίσαρι
1533 1140 1644 1196 θύοντι
1671 1141 1732 1187 τὴν
1758 1141 1900 1193 καρδίαν
1928 1143 2042 1193 ἀφανῆ
2069 1141 2225 1190 γενέσθαι

1190 1202 1248 1236 τοῦ
1266 1198 1389 1249 ἱερείου
1410 1198 1468 1236 καὶ
1489 1198 1593 1235 δεινὸν
1619 1192 1706 1236 εἶναι
1726 1198 1764 1236 τὸ
1785 1198 1883 1250 τέρας
1897 1214 1904 1222 ·
1922 1200 1960 1235 οὗ
1978 1198 2044 1251 γὰρ
2066 1199 2106 1237 ἂν
2126 1200 2225 1252 φύσει

1190 1272 1227 1307 γε
1246 1259 1410 1301 συστῆναι
1430 1259 1514 1308 ζῷον
1534 1256 1709 1305 ἀκάρδιον.
1959 1252 1962 1256 ’

1676 1349 1734 1385 15.

1245 1448 1426 1495 Josephus
1445 1451 1532 1485 Ant.
1553 1448 1639 1485 Jud.
1658 1448 1742 1491 XV,
1763 1460 1794 1492 1,
1811 1460 1847 1491 2,
1863 1454 2059 1494 postquam
2074 1448 2120 1483 de
2138 1450 2228 1484 Hie—

1194 1507 1387 1553 rosolymis
1403 1519 1423 1541 a
1437 1507 1540 1542 Sosio
1559 1508 1712 1541 Antonii
1730 1506 1825 1542 duce
1841 1508 2057 1553 expugnatis
2090 1506 2137 1555 (a.
2161 1507 2223 1553 38)

1195 1565 1381 1611 exposuit,
1408 1565 1531 1612 pergit
1557 1577 1565 1599 z
1594 1562 1768 1605 Ἀντώνιος
1798 1561 1832 1600 δὲ
1860 1562 1977 1600 λαὸὼν
2005 1562 2226 1614 αἰχμάλωτον

1194 1619 1250 1656 τὸν
1269 1619 1455 1669 Ἀντίγονον
1477 1620 1614 1669 δέσμιον
1641 1619 1727 1671 ἔγνω
1751 1620 1853 1671 μέχρι
1878 1624 1937 1657 τοῦ
1965 1621 2137 1672 θριάμὸου
2167 1636 2228 1672 φυ-

1197 1677 1345 1716 λάττειν.
1370 1677 1468 1716 Ἐπεὶ
1487 1678 1514 1715 δ’
1533 1678 1658 1723 ἤκουσε
1678 1678 1884 1729 νεωτερίζειν
1905 1678 1943 1715 τὸ
1959 1678 2065 1723 ἔθνος,
2083 1680 2150 1716 κάκ
2169 1683 2228 1716 τοῦ

1195 1735 1279 1787 πρὸς
1300 1735 1459 1786 (Ηρώδην
1481 1735 1598 1784 μίσους
1615 1734 1729 1772 εὔνουν
1749 1735 1930 1788 Ἀντιγόνῳ
1950 1736 2121 1785 διαμένον,
2141 1735 2229 1785 ἔγνω

1196 1796 1315 1830 τοῦτον
1344 1795 1378 1830 ἐν
1395 1793 1583 1844 Ἀντιοχείᾳ
1603 1793 1800 1830 πελεκίσαι·
1829 1795 1950 1845 σχεδὸν
1977 1793 2043 1846 γὰρ
2071 1795 2230 1843 οὐδαμῶς

1196 1853 1336 1902 ἠρεμεῖν
1356 1851 1524 1897 ἠδύναντο
1541 1851 1712 1889 Ἰουδαῖοι.
1730 1853 1909 1904 Μαρτυρεῖ
1929 1851 1964 1889 δέ
1980 1866 2045 1901 μου
2067 1854 2115 1904 τῷ
2138 1852 2230 1904 λόγῳ

1198 1906 1365 1960 Στράὸων
1391 1912 1408 1946 ὁ
1428 1907 1623 1952 Καππάδοξ
1650 1908 1759 1959 λέγων
1787 1909 1909 1952 οὕτως·
1931 1928 1946 1942 «ι
1971 1909 2147 1953 Ἀντώνιος
2169 1909 2230 1958 μὲν

1197 1965 1383 2016 Ἀντίγονον
1404 1966 1460 2004 τὸν
1475 1966 1637 2004 Ἰουδαῖον
1659 1966 1805 2017 ἀχθέντα
1823 1969 1870 2010 εἷς
1890 1966 2097 2018 Ἀντιόχειαν
2124 1969 2229 2005 πελε-

1197 2023 1298 2067 κίζει·
1327 2023 1386 2061 καὶ
1413 2023 1502 2068 ἔδοξε
1529 2023 1590 2072 μὲν
1616 2018 1710 2066 οὗτος
1729 2027 1862 2075 πρῶτος
1878 2024 2064 2074 Ῥωμαίων
2086 2024 2230 2075 βασιλέα

1196 2081 1397 2128 πελεκίσαι,
1425 2085 1486 2120 οὐκ
1516 2081 1639 2127 οἰηθεὶς
1668 2082 1781 2134 ἕτερον
1809 2081 1933 2134 τρόπον
1965 2085 2161 2132 μεταθεῖναι
2189 2082 2231 2120 ἂν

1196 2138 1257 2181 τὰς
1285 2138 1424 2189 γνώμας
1447 2142 1515 2177 τῶν
1541 2139 1730 2185 Ἰουδαίων,
1762 2138 1852 2176 ὥστε
1882 2138 2041 2182 δέξασθαι
2070 2139 2127 2176 τὸν
2156 2141 2230 2176 ἀντ’

1198 2197 1324 2234 ἐκείνου
1341 2196 1593 2246 καθεσταμένον
1610 2196 1783 2248 “Ηρώδην·
1797 2197 1872 2234 οὐδὲ
1887 2196 1953 2249 γὰρ
1971 2197 2230 2247 βασανιζόμενοι

1199 2254 1343 2304 βασιλέα
1362 2254 1462 2292 αὐτὸν
1492 2254 1710 2305 ἀναγορεύειν
1735 2254 1934 2303 ὑπέμειναν,
1956 2253 2045 2291 οὕτω
2077 2254 2165 2304 μέγα
2195 2270 2229 2292 τι

1197 2312 1354 2363 ἐφρόνουν
1374 2312 1452 2363 περὶ
1467 2315 1526 2349 τοῧ
1546 2315 1681 2364 πρώτου
1708 2312 1889 2363 βασιλέως.
1919 2311 1992 2357 Τὴν
2010 2306 2066 2349 οὖν
2089 2313 2230 2362 ἀτιμίαν

1198 2371 1334 2420 ἐνόμισε
1361 2369 1518 2417 μειώσειν
1538 2373 1599 2415 τῆς
1618 2370 1699 2421 πρὸς
1722 2369 1823 2408 αὐτὸν
1841 2369 1994 2418 μνήμης,
2017 2371 2175 2419 μειώσειν
2196 2371 2230 2409 δὲ

1246 2428 1252 2438 t
1299 2427 1307 2438 X
1383 2427 1391 2437 ἲ
1435 2427 1445 2440 <
1519 2427 1526 2440 Ι
1540 2429 1554 2441 ΙΝ
1648 2433 1660 2438 -·
1797 2430 1805 2440 1
1820 2430 1829 2439 Ἴ
1853 2431 1874 2438 Ν
1971 2427 1977 2441 ἱ
2133 2427 2142 2440 Ι

1199 2443 1257 2464 και
1276 2443 1315 2464 το
1333 2443 1415 2478 προς
1448 2430 1597 2478 Ηρωοην
1621 2443 1731 2476 μισος.
1757 2445 1772 2459 ν)
1804 2430 1917 2465 lau-:oc
1939 2443 2000 2476 μεν
2015 2430 2032 2464 ὁ
2047 2428 2228 2479 Στραὸων.

594 2534 649 2565 14.

149 2588 263 2620 Strabo
282 2588 486 2628 philosophus
498 2590 623 2626 narrat,
645 2588 765 2619 multos
788 2588 933 2620 homines
954 2589 1065 2627 ignitos
1087 2597 1142 2629 per

109 2648 215 2669 aerem
238 2639 352 2669 deferri
370 2639 451 2669 visos
462 2662 470 2676 ,
485 2639 627 2669 calonem
643 2639 802 2678 quendam
825 2648 865 2670 ex
880 2648 975 2670 manu
1002 2640 1140 2671 multum

111 2690 247 2720 thimmae
261 2689 406 2720 effudisse
418 2690 585 2729 visumque
598 2690 718 2728 ardere,
733 2690 785 2721 sed
800 2690 936 2721 flammis
949 2691 1142 2722 cessantibus

110 2742 186 2772 uiui!
202 2742 345 2772 habuisse
360 2742 447 2772 mali.
464 2744 534 2781 Ipso
550 2744 674 2773 Cat-sare
686 2742 882 2781 immolante,
900 2742 1033 2773 hostiam
1049 2743 1142 2774 corde

110 2801 217 2823 carere.
231 2792 327 2823 visam
339 2816 346 2829 ,
364 2792 457 2832 idque
472 2801 527 2832 pro
543 2793 628 2831 gravi
649 2795 772 2823 ostento
796 2793 958 2832 habitum,
979 2794 1062 2833 quod
1085 2803 1142 2825 na-

111 2845 182 2875 tura
196 2853 257 2874 non
273 2844 350 2875 serat
368 2845 413 2875 uti
432 2845 533 2876 ullum
549 2845 665 2876 animal
679 2845 745 2877 sine
759 2845 852 2876 corde
869 2846 919 2877 sit.

599 2901 654 2932 15.

154 2953 308 2983 Antonius
322 2961 419 2991 quum
434 2954 565 2992 cepisset
581 2954 771 2992 Antigonum
787 2953 991 2992 (Judaeorum
1007 2957 1141 2994 regem),

113 3003 295 3033 decreverat
323 3012 422 3042 usque
446 3003 486 3033 ad
517 3004 715 3043 triumphum
746 3013 871 3035 servare
899 3005 1052 3036 vinctum.
1083 3006 1141 3036 Sed

113 3062 212 3092 quum
230 3053 352 3084 audiret
370 3054 462 3085 rebus
475 3054 565 3084 novis
581 3054 708 3085 studere
722 3056 864 3093 gentem,
883 3058 913 3086 et
931 3064 995 3095 prae
1014 3056 1144 3087 Herodis

114 3104 186 3134 odio
201 3103 454 3135 benevolentiam
472 3112 543 3144 erga
560 3105 753 3144 Antigonum
772 3105 924 3142 retinere,
941 3106 1050 3137 statuit
1067 3115 1140 3137 euni

1202 2532 1377 2563 Aniiochiae
1394 2533 1494 2563 securi
1510 2533 1683 2564 feriendum
1700 2543 1706 2563 :
1721 2533 1860 2572 alioquin
1876 2533 2037 2572 quiescere
2052 2532 2156 2564 Judaei
2176 2534 2232 2564 mi—

1201 2583 1286 2614 nime
1310 2585 1466 2623 poterant.
1485 2584 1599 2615 Verbis
1621 2586 1728 2615 autem
1748 2584 1826 2615 meis
1847 2583 2063 2615 testimonium
2089 2584 2233 2623 perhibet

1201 2635 1313 2665 Strabo
1327 2634 1516 2674 cappadox,
1535 2635 1577 2666 ita
1591 2635 1698 2665 dicens
1716 2647 1722 2666 :
1743 2646 1757 2660 κ
1783 2634 1937 2665 Antonius
1961 2635 2150 2673 Antigonum
2172 2637 2231 2666 Ju-

1200 2685 1304 2716 daeum
1322 2686 1519 2716 Antiochiam
1537 2685 1725 2724 perductum
1742 2685 1843 2716 securi
1864 2685 1936 2716 serit
1959 2698 1966 2715 ι
1985 2685 2017 2715 et
2038 2685 2089 2716 hic
2105 2684 2230 2725 quidem

1202 2738 1419 2767 Romanorum
1443 2736 1562 2775 primus
1587 2736 1673 2767 visus
1697 2737 1744 2767 est
1770 2744 1873 2775 regem
1899 2735 2001 2766 securi
2024 2736 2229 2775 percussisse,

1202 2789 1290 2818 ratus
1305 2797 1367 2818 non
1385 2796 1475 2827 posse
1490 2787 1550 2818 alia
1566 2788 1617 2818 via
1632 2787 1715 2818 ssecti
1729 2787 1915 2818 Judaeorum
1929 2787 2069 2826 animm,
2087 2788 2123 2818 ut
2135 2789 2232 2818 Hero-

1203 2838 1275 2869 dem
1292 2839 1323 2869 in
1337 2839 1422 2870 illius
1437 2839 1542 2869 locum
1561 2839 1731 2869 suffectum
1755 2839 1960 2878 agnoscerent
1984 2851 1991 2869 z
2018 2846 2091 2868 nam
2108 2846 2148 2869 ne
2163 2839 2230 2869 tor-

1202 2891 1317 2922 mentis
1333 2891 1462 2930 quidem
1482 2890 1562 2930 adigi
1582 2892 1727 2930 poterant
1742 2891 1778 2921 ut
1799 2898 1873 2921 eum
1896 2897 1998 2928 regem
2021 2889 2230 2928 appellarent;

1202 2942 1280 2973 adeo
1306 2951 1416 2981 magna
1438 2942 1499 2973 iilis
1522 2942 1627 2982 opinio
1648 2944 1715 2973 erat
1739 2941 1778 2973 de
1803 2941 1906 2981 priore
1926 2950 2008 2981 rege.
2036 2943 2116 2972 Fore
2138 2941 2232 2980 igitur

1202 2993 1395 3024 existimavit
1419 2995 1455 3024 ut
1481 2993 1634 3024 memoria
1664 2993 1730 3032 ejus
1759 2992 1930 3031 ignominia
1960 2992 2169 3031 minueretur,
2200 2994 2232 3023 et

1202 3045 1309 3076 odium
1324 3045 1448 3076 illorum
1462 3045 1494 3076 in
1512 3045 1667 3077 Herodem
1687 3045 1894 3084 mitigaretur.
1913 3057 1927 3072 υ
1945 3043 1995 3076 Sic
2011 3043 2105 3084 igitur
2117 3043 2231 3076 strabo

1202 3098 1318 3126 narrat.
