2338 3765
966 163 1292 204 FRAGMENTA.

73 255 200 306 σφόδρα
223 255 338 307 ἤγειρε
366 254 440 296 τοὺς
461 254 684 293 συνεστῶτας.
710 249 850 300 Ἀγορὰν
873 249 1099 293 κατεσκεύαζε

72 312 224 361 μεγάλην
244 311 303 348 καὶ
328 312 516 362 ἁξιοπρεπῆ
537 312 570 347 ἐν
594 309 739 359 Ῥώμη,
770 308 828 344 καὶ
851 306 926 349 τοὺς
946 307 1100 357 τεχνίτας

72 368 231 419 ἀθροίσας
257 368 300 406 τὰ
328 369 410 419 ἔργα
431 371 476 411 εἷς
501 368 562 413 τὴν
590 365 807 410 κατασκευὴν
840 365 1097 415 διεπίπρασκεν.

71 426 130 463 Ἐν
147 425 256 476 τούτῳ
276 426 309 463 δὲ
332 427 424 477 αὐτῷ
451 427 641 476 προσῆλθον
671 425 710 472 (n)
733 425 763 460 οἱ
780 423 949 471 εΡωμαῖοι
967 421 1098 472 ἄριστοι

69 482 170 532 τιμὰς
196 483 373 535 φέροντες,
409 483 548 525 ἅστινας
581 483 655 519 τότε
684 481 892 533 ἐψηφίσαντο
918 481 951 515 ἐν
980 481 1095 529 κοινῷ.

68 540 206 579 Τούτων
227 542 255 578 δ’
275 544 389 592 ἡγεῖτο
410 541 470 590 μὲν
492 543 508 577 ὃ
533 541 679 588 ὕπατος,
703 539 881 589 συνάρχων
902 537 978 575 τότε
1006 538 1098 588 αὐτῷ

69 597 128 644 ὢν,
145 599 293 648 κομίζων
318 599 361 636 τὰ
387 598 619 650 ἐψηφισμένα·
642 597 845 649 ῥαῧόοφόροι
867 611 903 632 τε
923 594 1098 645 προῄεσαν

70 656 160 693 ἔνθεν
180 656 239 693 καὶ
260 657 350 693 ἔνθεν
365 656 421 693 τὸν
445 656 546 706 ὄχλον
565 655 792 705 ἀνείργοντες·
808 653 978 703 συνῄεσαν
998 651 1031 689 δὲ
1050 654 1098 702 τῷ

70 712 187 764 ὑπάτῳ
214 712 248 750 οἵ
269 729 305 751 τε
333 713 517 765 στρατηγοὶ
538 713 596 750 καὶ
616 712 789 762 δήμαρχοι
819 710 877 748 καὶ
899 709 1020 759 ταμίαι
1041 709 1099 747 καὶ

70 771 173 808 ἄλλαι
201 778 312 809 πᾶσαι
339 771 465 823 ἀρχαί·
492 771 578 820 μετὰ
600 770 634 808 δὲ
654 774 674 816 ἡ
705 770 894 819 σύγκλητος
919 770 952 805 ἐν
979 767 1099 819 κόσμῳ

69 828 184 866 εἵπετο
198 829 256 866 καὶ
270 832 286 866 ὁ
302 829 383 872 λαὸς
397 829 441 879 (7)
461 829 598 880 ἄπειρος
612 828 649 866 τὸ
665 830 792 873 πλῆθος
805 827 864 864 καὶ
878 825 953 868 ὅσος
966 827 1027 863 οὐκ
1042 826 1099 863 ἄλ-

68 888 135 929 λος·
150 887 261 932 πολλὴ
280 887 314 924 δὲ
328 887 351 933 ἥ
365 903 399 924 τε
416 886 575 932 ἔκπληξις
592 882 632 932 ἦν
649 885 708 923 καὶ
722 886 760 923 τὸ
771 885 904 935 ἀξίωμα
921 887 987 921 τῶν
1004 884 1098 936 πρώ-

68 959 150 992 των,
174 947 219 987 εἷς
244 944 300 987 οὒς
318 945 361 981 τὰ
383 945 591 994 συμπάντων
619 945 789 996 ἀνήρτητο
810 943 941 994 κράτη,
966 947 1099 990 θαυμα-

68 1001 190 1045 ζόντων
219 1002 320 1039 ἄλλον
343 1001 502 1053 κρείττω.
533 1002 577 1041 ‘O
599 1001 632 1039 δὲ
651 1001 859 1054 προσιόντων
880 1000 1024 1046 ἐκάθητο
1042 999 1100 1036 καὶ

69 1058 124 1096 διὰ
150 1059 188 1096 τὸ
210 1061 277 1103 τοῖς
300 1062 338 1097 ἐκ
357 1060 504 1111 πλαγίου
533 1062 664 1109 ὁμιλεῖν
690 1060 761 1097 οὔτ’
789 1058 996 1109 ἐπιστρέψας
1018 1057 1101 1108 πρὸς

69 1117 189 1160 αὐτοὺς
199 1118 236 1154 τὸ
250 1118 432 1168 πρόσωπον
445 1117 521 1155 οὔτε
532 1117 725 1168 προσέχων,
740 1117 814 1153 ἀλλ’
832 1115 955 1164 ὁμοίως
967 1116 1100 1152 διοικῶν

69 1174 90 1211 ἃ
121 1177 154 1211 ἐν
183 1174 300 1225 χερσὶν
332 1169 439 1225 εἶχεν,
466 1177 511 1217 εἷς
539 1173 556 1211 ὃ
584 1177 651 1210 τῶν
677 1173 821 1219 πλησίον
854 1172 960 1223 φίλων
985 1188 1035 1215 τις
1057 1174 1098 1223 (a)

69 1227 174 1280 εἶπεν,
184 1232 280 1284 (Ὀρα
294 1232 370 1275 τοὺς
382 1232 413 1276 ἐξ
427 1232 578 1275 ἐναντίας
590 1231 792 1283 προσιόντας
802 1247 809 1254 ·
821 1230 879 1268 καὶ
892 1230 966 1267 τότε
980 1230 1101 1267 ἀποθέ-

70 1306 167 1340 μενος
177 1290 219 1328 ’τὰ
232 1291 469 1341 γραμματίδια
481 1290 679 1341 ἐπεστράφη
697 1289 738 1339 (o)
751 1319 759 1333 ,
776 1289 834 1326 καὶ
850 1288 928 1339 περὶ
942 1282 987 1325 ὧν
999 1282 1100 1334 ἦλθον

70 1348 184 1394 ἤκουε.
210 1348 374 1390 Συνόντες
388 1342 444 1385 οὖν
473 1349 586 1390 αὐτοῖς
605 1349 635 1384 οἱ
652 1347 930 1389 ἐπιὲουλεύοντες
950 1347 987 1382 τὸ
1003 1362 1100 1395 γεγο-

72 1405 124 1447 νὸς
152 1407 211 1455 (ιο)
243 1405 301 1442 καὶ
326 1406 401 1448 τοὺς
430 1405 551 1448 ἄλλους
579 1407 639 1449 τ’ἧς
665 1403 746 1455 πρὸς
775 1402 876 1439 αὐτὸν
902 1403 1101 1452 δυσμενείας

52 1464 263 1509 ,ἀνέπλησαν
278 1463 337 1501 καὶ
351 1463 472 1506 αὐτοὺς
485 1464 551 1510 ἤδη
567 1462 792 1514 ἀχθομένους·
817 1461 936 1513 ὤργων
952 1462 1026 1498 τότε
1043 1462 1101 1499 καὶ

71 1524 100 1560 οἵ
117 1523 170 1559 ἐπὶ
191 1522 318 1574 ὀλέθρῳ
341 1525 407 1559 τῶν
428 1522 652 1571 συμπάντων,
673 1521 720 1569 μή
745 1520 779 1557 τί
799 1535 837 1569 γε
857 1520 909 1557 ἐπ’
927 1519 1100 1570 ἐλευθερία

70 1581 252 1631 ἐπιχειρεῖν
272 1582 320 1632 τῷ
341 1580 436 1632 ἀνδρὶ
453 1579 687 1630 [βουλόμενοι]
708 1580 789 1628 (11),
807 1577 865 1615 καὶ
884 1578 1099 1629 προσεδόκων

69 1638 300 1690 χειρώσασθαι
313 1639 412 1675 αὐτὸν
432 1637 588 1683 ἀνίκητον
603 1637 804 1674 παντάπασι
821 1637 982 1672 δοκοῦντα
995 1630 1079 1672 εἶναι
1091 1652 1098 1659 ·

70 1696 146 1734 δυσὶ
164 1695 229 1747 γὰρ
256 1696 314 1732 καὶ
333 1695 544 1746 τριακοσίαις
567 1694 696 1745 μάχαις
721 1693 830 1730 ἐδόκει
848 1692 1035 1741 συμῧαλὼν
1056 1695 1100 1734 εἷς

71 1755 196 1792 ἐκεῖνον
217 1754 273 1790 τὸν
290 1754 409 1804 χρόνον
431 1752 465 1789 ἔν
480 1768 516 1789 τε
537 1752 633 1804 Ἀσία
649 1752 706 1788 καὶ
728 1750 882 1801 Εὐρώπη
903 1752 963 1800 <12)
984 1750 1097 1787 οὔποθ’

70 1815 252 1858 ἡττῆσθαι.
275 1811 383 1853 Μόνος
400 1811 433 1847 δὲ
449 1810 614 1852 πολλάκις
631 1809 725 1853 ἐξιὼν
743 1809 801 1845 καὶ
821 1809 1021 1860 φαινόμενος
1040 1810 1100 1845 αὐ·

70 1871 139 1912 τοῖς
169 1869 289 1906 ἐλπίδα
326 1869 472 1905 ἐνεδίδου
501 1871 560 1905 τοῦ
596 1867 763 1917 ἐπιδουλῇ
795 1865 967 1914 ἁλώσιμος
998 1860 1099 1902 εἶναι·

72 1926 297 1978 ἐμηχανῶντο
317 1942 352 1963 τε
365 1956 374 1974 ‚
394 1925 424 1963 εἴ
449 1942 522 1968 πως
539 1925 773 1976 παραλυσειαν
802 1925 905 1960 αὐτοῦ
931 1923 992 1969 τὴν
1014 1923 1101 1975 ἀμφὶ

70 1985 108 2022 τὸ
124 1984 181 2035 (13)
201 1987 301 2033 σῶμα
320 1982 492 2034 φυλακὴν,
508 1983 598 2033 λόγῳ
614 1998 647 2019 τε
665 1984 846 2028 κηλοῦντες
860 1984 904 2024 ὣς
922 1980 1032 2033 χρεὼν
1048 1981 1099 2027 εἴη

70 2042 159 2094 ἱερὸν
177 2042 279 2079 αὐτὸν
296 2041 379 2092 πρὸς
397 2040 535 2077 πάντων
553 2040 746 2089 νομίζεσθαι
767 2039 901 2090 πατέρα
923 2055 959 2076 τε
983 2043 1101 2076 καλεῖ-

72 2105 150 2139 σθαι
167 2103 227 2146 τῆς
243 2099 395 2148 πόλεως7
413 2099 471 2136 καὶ
489 2099 697 2150 ψηφίσματα
715 2098 793 2149 περὶ
810 2099 937 2135 τούτων
953 2097 1100 2149 γράφον-

71 2175 142 2206 τες,
156 2158 187 2196 εἴ
207 2174 279 2201 πως
302 2158 426 2200 ἐκεῖνος
445 2157 574 2199 τούτοις
590 2156 778 2207 παραχθεὶς
801 2159 849 2207 τῷ
868 2155 938 2192 ὄντι
957 2155 1099 2192 πιστεύ-

72 2233 158 2255 σειεν
174 2218 232 2254 ὑπ’
250 2217 361 2252 αὐτῶν
374 2214 588 2266 στέργεσθαι,
602 2214 747 2256 καὶτοὺς
762 2213 964 2265 δορυφόρους
977 2213 1103 2250 ἀπολύ-

72 2290 173 2320 σειεν,
191 2273 341 2323 οἰόμενος
360 2276 401 2323 τῇ
423 2272 561 2309 πάντων
585 2272 696 2323 εὐνοίᾳ
723 2271 965 2323 φυλάττεσθαι.
983 2270 1100 2322 εὈπερ

71 2332 249 2383 γενόμενον
261 2330 390 2375 πολλὴν
403 2331 515 2373 αὐτοῖς
528 2331 573 2372 εἷς
583 2330 620 2366 τὸ
634 2330 730 2380 ἔργον
744 2329 920 2381 ῥαστώνην
935 2328 1099 2379 παρέσχε.

124 2392 261 2428 XXIII.
281 2387 459 2439 Συνῄεσαν
478 2389 506 2425 δ’
525 2390 558 2424 ἐν
579 2389 714 2438 φανερῷ
732 2386 794 2436 μὲν
816 2386 938 2423 οὔποτε
959 2388 1099 2436 βουλευ-

72 2447 229 2496 σόμενοι,
245 2447 355 2497 λάθρα
372 2446 406 2483 δὲ
422 2448 498 2483 κατ’
518 2445 648 2494 ὀλίγους
665 2447 710 2487 εἷς
723 2444 783 2487 τὰς
798 2444 956 2489 ἀλλήλων
975 2444 1099 2485 οἰκίας·

72 2505 130 2543 καὶ
147 2505 258 2542 πολλὰ
282 2503 356 2553 μὲν,
379 2502 494 2554 ὥσπερ
515 2503 604 2546 εἰκὸς
623 2497 675 2548 ἦν,
700 2503 822 2552 ἐλέχθη
846 2517 882 2539 τε
907 2503 1020 2544 αὐτοῖς
1042 2500 1100 2538 καὶ

73 2562 231 2609 ἐκινήθη,
267 2561 512 2611 σκοπουμένοις
531 2561 668 2598 τοσόνδε
688 2559 783 2611 ἔργον
804 2558 896 2602 ὅπως
917 2575 953 2596 τε
982 2559 1100 2604 ἐπιθή-

72 2635 198 2658 σωνται
215 2620 273 2657 καὶ
296 2619 387 2658 ὅποι.
407 2619 506 2661 Τινὲς
521 2619 582 2668 μὲν
603 2613 658 2656 οὖν
674 2619 843 2670 εἰσέφερον
862 2617 917 2654 διὰ
934 2621 993 2663 τῆς
1009 2619 1101 2667 ἱερᾶς

73 2677 285 2727 καλουμένης
305 2678 381 2714 ὁδοῦ
402 2677 485 2714 ἰόντι
509 2679 674 2728 ἐγχειρεῖν
688 2693 696 2700 ·
715 2676 831 2728 ἐφοίτα
850 2675 915 2726 γὰρ
936 2675 1101 2718 πολλάκις

73 2736 183 2788 ἐκείνῃ
197 2752 205 2759 ·
227 2736 323 2773 ἄλλοι
339 2738 367 2773 δ’
385 2738 418 2773 ἐν
435 2738 508 2777 ταῖς
525 2734 761 2786 ἀρχαιρεσίαις
772 2763 781 2780 ,
800 2736 833 2771 ἐν
849 2728 900 2776 αἶς
917 2733 1017 2770 αὐτὸν
1033 2732 1100 2769 ἔδει

73 2794 279 2832 καθιστάντα
312 2795 346 2831 ἐν
373 2796 420 2844 τῷ
444 2793 510 2845 πρὸ
528 2796 588 2838 τῆς
611 2792 742 2834 πόλεως
769 2791 875 2843 πεδίῳ
903 2791 962 2833 τὰς
991 2790 1100 2842 ἀρχὰς

74 2853 192 2889 διιέναι
211 2851 286 2888 τινὰ
309 2851 471 2904 γέφυραν,
499 2850 818 2902 διακληρωσάμενοι
837 2849 875 2886 τὸ
894 2849 991 2900 ἔργον
1008 2849 1100 2891 ὅπως

2111 177 2185 210 443

1162 266 1231 288 rnm
1249 260 1389 298 amplum
1410 262 1670 304 splcmlidumque
1686 266 1795 296 Romae
1813 264 1973 296 aedificans
1991 266 2097 296 Caesar
2118 265 2188 304 opi-

1162 318 1235 350 tices
1257 325 1504 362 convocaverat,
1528 325 1626 364 iisqne
1641 334 1737 365 opera
1762 326 1905 358 facienda
1930 326 2083 358 elocabat.
2105 328 2189 357 Dum

1161 382 1209 412 his
1227 385 1413 423 occupatur,
1431 387 1583 418 accedunt
1596 389 1751 429 principes
1765 391 1993 428 Romanorum,
2008 389 2134 421 decreta
2147 389 2190 420 as-

1161 445 1294 476 serentes
1308 446 1481 487 houormn,
1499 458 1578 488 qnos
1590 452 1667 481 tunc
1683 452 1844 482 communi
1864 461 2016 483 consensu
2034 452 2064 482 in
2077 453 2187 483 senatu

1160 507 1187 538 ei
1201 507 1390 540 detulerant.
1416 513 1534 548 Agmen
1560 511 1694 544 ducebat
1718 516 1885 545 Antonius
1913 515 2038 552 consul,
2057 515 2191 546 Caesaris

1160 570 1295 609 collega,
1314 580 1409 602 manu
1425 573 1533 603 tenens
1547 573 1688 613 decreta3
1709 576 1863 614 proeibant
1888 576 2011 607 lictores
2029 576 2101 606 hinc
2118 576 2191 606 inde

1160 631 1283 669 plebem
1299 635 1460 672 arcentes3
1478 636 1641 666 consulem
1664 637 1900 668 comitabantur
1923 640 2072 677 praetores
2091 640 2122 670 et
2138 639 2191 669 tri-

1160 692 1237 723 buni
1254 695 1286 724 et
1302 696 1475 733 quaestores
1487 698 1518 726 et
1533 696 1644 735 reliqui
1666 706 1774 729 onmes
1791 700 2007 739 magistratum
2036 701 2190 740 sequeba-

1160 755 1213 784 tur
1226 756 1352 786 senatus
1365 755 1479 787 decore
1498 756 1661 796 incedens,
1681 759 1711 789 et
1725 759 1870 799 deinceps
1892 762 2044 792 immensa
2059 771 2192 793 numero

1160 817 1332 848 multitudo
1358 820 1390 849 et
1416 820 1534 858 quanta
1559 819 1646 850 nulla
1669 829 1802 860 usquam
1824 822 1896 853 alia.
1922 824 2102 862 Stupendus
2124 826 2192 855 erat

1160 880 1307 920 splendor
1321 880 1519 920 dignitasque
1534 882 1726 921 primorum,
1742 884 1796 922 qui
1809 894 1908 923 quum
1923 895 2079 916 summam
2094 887 2192 917 totius

1160 939 1281 979 imperii
1295 940 1439 971 tenerent
1472 940 1529 979 ipsi
1554 940 1651 970 alium
1672 940 1909 973 admirabantur
1924 945 2187 983 pra-stantiorem.

1161 997 1390 1029 Accedentibus
1408 998 1489 1036 ilhs,
1503 999 1609 1028 Caesar
1629 998 1775 1037 sedebat,
1797 1000 1829 1030 et
1851 1009 1923 1031 cnm
1942 1001 1977 1031 iis
1998 1002 2052 1041 qui
2072 1002 2190 1042 obliqui

1160 1055 1327 1086 adstabant
1340 1055 1522 1095 colloquens
1535 1055 1668 1095 ideoque
1681 1056 1793 1088 faciem
1803 1057 1843 1088 ab
1857 1058 2095 1091 advenientibus
2105 1068 2193 1090 aver-

1160 1122 1227 1144 sam
1243 1113 1372 1152 habens,
1390 1122 1462 1152 qnae
1480 1113 1511 1144 in
1525 1122 1619 1144 manu
1637 1115 1729 1145 erant
1742 1115 1866 1154 negotia
1883 1117 2019 1147 tractare
2034 1118 2190 1156 pergebat,

1162 1180 1261 1211 usque
1274 1171 1350 1202 dum
1365 1180 1405 1202 ex
1419 1170 1528 1202 amicis
1541 1171 1668 1210 quidam
1684 1172 1803 1203 diceret
1818 1182 1825 1202 ε
1842 1184 1857 1198 «
1877 1174 1990 1212 Specta
2009 1183 2046 1204 ex
2063 1174 2193 1205 adverso

1161 1228 1357 1260 accedentes.
1372 1241 1387 1256 υ
1401 1231 1481 1260 Tum
1496 1229 1604 1268 positis
1617 1229 1730 1260 libellis
1743 1229 1781 1260 ad
1797 1230 1867 1261 illos
1879 1239 1912 1261 se
1925 1233 2097 1271 convertit,
2112 1235 2142 1264 et
2156 1233 2194 1263 de

1162 1287 1198 1318 iis
1214 1296 1349 1327 quorum
1367 1296 1463 1318 causa
1478 1290 1630 1318 venerant
1643 1287 1729 1318 dedit
1743 1287 1876 1318 aditum.
1895 1289 2016 1326 Quibus
2030 1299 2127 1329 quum
2150 1290 2193 1321 in-

1161 1347 1314 1376 teressent
1327 1345 1482 1384 conjurati
1495 1369 1502 1383 ,
1520 1346 1562 1376 ob
1578 1354 1687 1376 casum
1704 1346 1793 1376 illum
1813 1346 1909 1377 etiam
1934 1347 2068 1386 reliquos
2089 1357 2146 1378 suo
2163 1349 2194 1378 in

1163 1406 1320 1435 Caesarem
1332 1403 1404 1434 odio
1415 1404 1587 1443 implebant
1597 1404 1645 1434 vel
1658 1404 1738 1443 ipsos
1747 1404 1812 1443 jam
1823 1405 1906 1435 male
1917 1405 2059 1436 affectos.
2074 1406 2196 1436 Animis

1162 1463 1239 1492 tunc
1255 1462 1409 1493 ardebant
1422 1462 1470 1493 vel
1485 1462 1526 1500 ii,
1541 1462 1596 1501 qui
1612 1461 1650 1492 ad
1665 1462 1834 1502 perniciem
1854 1463 2051 1502 reipublicae,
2070 1472 2131 1494 non
2154 1464 2193 1494 ad

1162 1520 1411 1559 recuperandam
1426 1520 1604 1551 libertatem
1615 1529 1744 1551 manum
1756 1521 1824 1551 viro
1835 1520 1962 1560 injicere
1972 1521 2194 1560 moliebantur,

1161 1578 1492 1617 opportunitatemque
1507 1562 1751 1617 exspectabant,
1764 1587 1826 1618 qua
1840 1578 1970 1610 domare
1984 1581 2108 1618 possent
2121 1588 2194 1610 cum

1162 1637 1214 1675 qui
1230 1636 1446 1675 insuperabilis
1467 1644 1534 1667 esse
1552 1636 1699 1666 omnibus
1726 1636 1894 1667 videbatur
1923 1649 1931 1668 ι
1952 1646 2026 1678 nam
2043 1637 2196 1668 trecentis

1161 1702 1197 1724 ac
1212 1693 1336 1724 duobus
1353 1694 1485 1732 proeliis,
1501 1702 1572 1732 quae
1590 1694 1629 1724 ad
1646 1693 1723 1724 illud
1751 1694 1901 1733 temporis
1925 1694 1957 1725 in
1980 1694 2051 1725 Asia
2075 1696 2107 1726 et
2130 1697 2193 1726 Eu-

1162 1760 1237 1791 ropa
1251 1751 1469 1790 commiserat,
1492 1759 1655 1790 nunquam
1672 1751 1794 1781 cladem
1804 1751 1913 1782 tulisse
1927 1752 2107 1790 putabatur.
2122 1755 2192 1783 Jam

1162 1818 1262 1849 quum
1276 1809 1360 1840 solus
1374 1818 1456 1848 saepe
1469 1809 1569 1841 exiret
1582 1810 1613 1839 ct
1627 1809 1884 1848 conspiciendum
1897 1818 1929 1840 se
1941 1809 2012 1849 ipsis
2025 1809 2193 1850 praeheret,

1161 1876 1231 1908 spes
1254 1871 1321 1899 erat
1349 1868 1432 1907 sore,
1460 1869 1495 1898 ut
1519 1867 1637 1898 insidiis
1664 1867 1955 1899 circumveniretur.
1985 1868 2195 1899 Nihilominus

1162 1927 1424 1957 machinabantur
1444 1926 1468 1956 si
1487 1934 1551 1965 qua
1565 1925 1686 1956 ratione
1700 1925 1838 1965 corporis
1854 1925 2029 1955 custodiam
2047 1934 2195 1956 amovere

1162 1985 1304 2024 possent,
1328 1984 1432 2014 verbis
1455 1992 1527 2014 eum
1550 1983 1784 2022 demulcentes,
1807 1982 1906 2022 quasia
1916 1983 2134 2013 sacrosanctus
2153 1983 2195 2013 ab

1162 2042 1308 2073 omnibus
1324 2042 1443 2072 censeri
1467 2042 1498 2072 et
1515 2043 1603 2081 pater
1625 2041 1734 2081 patria}
1761 2040 1910 2080 appellari
1928 2040 2073 2079 deberet,
2099 2042 2195 2080 atque

1162 2101 1289 2131 decreta
1309 2100 1339 2130 in
1355 2100 1436 2130 hanc
1453 2100 1641 2130 sententiam
1658 2099 1849 2137 scribentes,
1875 2107 1953 2128 num
1975 2098 2054 2129 sorte
2074 2098 2120 2130 his
2143 2107 2193 2129 se-

1162 2159 1275 2189 ductus
1292 2161 1322 2189 et
1337 2167 1444 2189 revera
1457 2167 1489 2188 se
1504 2157 1544 2188 ab
1556 2158 1627 2196 ipsis
1640 2157 1737 2187 amari
1752 2157 1911 2187 confidens
1923 2156 2129 2195 omniumque
2143 2157 2195 2188 be-

1162 2216 1341 2247 nevolentia
1360 2216 1435 2246 satis
1450 2224 1483 2246 se
1501 2215 1694 2245 custoditum
1714 2216 1829 2254 putans
1844 2214 1993 2245 satellites
2010 2214 2194 2245 dimitteret.

1163 2277 1232 2311 Quo
1250 2274 1377 2304 demum
1396 2274 1497 2312 facto,
1516 2274 1615 2304 multa
1633 2273 1668 2304 iis
1684 2272 1874 2312 exsequendi
1892 2272 2021 2302 consilia
2036 2272 2195 2311 praebeba-

1162 2334 1214 2364 tur
1231 2332 1372 2363 facilitas.

1204 2392 1320 2422 XXlll.
1345 2389 1390 2420 Ad
1406 2388 1641 2420 deliberandum
1655 2388 1757 2427 palam
1772 2387 1930 2418 coitabant
1944 2396 2108 2427 nunquam
2118 2411 2127 2426 ,
2141 2387 2195 2418 sed

1162 2449 1341 2479 clanculum
1355 2447 1421 2477 bini
1439 2447 1487 2478 vel
1504 2447 1583 2477 terni
1599 2446 1629 2476 in
1641 2455 1714 2476 suas
1725 2446 1857 2476 invicem
1871 2445 1995 2476 domus.
2008 2445 2068 2475 Ubi
2081 2445 2195 2483 muna,

1163 2508 1197 2537 ut
1213 2508 1478 2543 consentaneum,
1503 2504 1587 2534 dicta
1604 2506 1755 2543 motaque
1777 2504 1850 2534 sunt
1872 2502 2197 2542 circumspicientibus

1162 2566 1282 2595 tantam
1297 2572 1362 2594 rem
1378 2571 1440 2602 qua
1454 2562 1573 2593 ratione
1587 2563 1618 2593 et
1628 2571 1691 2601 quo
1703 2562 1770 2592 loco
1782 2561 2032 2600 aggrederentur,
2045 2560 2195 2591 Nonnulli

1162 2623 1255 2662 igitur
1268 2621 1497 2661 proponebant,
1514 2622 1547 2651 ut
1561 2620 1744 2650 invaderent
1759 2628 1812 2659 per
1823 2619 1905 2649 viam
1917 2627 2037 2649 sacram
2049 2619 2175 2648 euntem
2188 2628 2197 2655 ·‚

1161 2681 1275 2720 saepius
1291 2680 1373 2711 enim
1388 2679 1452 2710 illic
1464 2678 1630 2710 transibat.
1652 2678 1728 2709 Aliis
1746 2677 1864 2717 placuit
1880 2677 1959 2707 utin
1982 2676 2116 2707 comitiis
2132 2684 2197 2705 ma-

1160 2739 1350 2778 gistratuum
1376 2736 1586 2768 creandorum
1612 2744 1707 2766 causa
1736 2734 1904 2773 habendis,
1937 2734 1992 2764 ubi
2015 2733 2133 2765 Caesari
2163 2733 2194 2764 in

1161 2805 1272 2836 campo
1285 2797 1358 2826 ante
1373 2794 1480 2825 urbem
1492 2794 1552 2825 sito
1565 2794 1766 2833 magistratus
1780 2792 1991 2823 constituturo
2004 2800 2082 2831 pons
2095 2792 2194 2821 trans-

1160 2854 1283 2886 eundus
1299 2853 1397 2891 esset,
1432 2852 1477 2882 ita
1502 2859 1567 2881 rem
1596 2851 1798 2890 peragerent,
1819 2850 1873 2888 ut,
1899 2849 2007 2880 divisis
2033 2847 2174 2888 partibus
2186 2872 2194 2885 ‚

85 2922 2184 2940 Μ

74 2987 111 2993 -
125 2973 155 2999 6.
169 2967 307 2998 Eandem
319 2967 480 2997 historiam
492 2966 599 3005 paullo
610 2959 700 2995 aliter
711 2966 840 2995 narrant
851 2964 982 3004 Appian.
995 2966 1023 2995 11
1034 2989 1042 3002 ,
1058 2965 1111 2994 107
1123 2974 1132 3000 ;
1147 2963 1274 2992 Sneton.
1286 2962 1367 2991 Caes.
1381 2962 1438 2997 783
1453 2959 1518 2990 Liv.
1534 2958 1615 2998 Epit.
1633 2962 1720 2996 116.;
1736 2959 1816 2989 Plut.
1828 2961 1909 2989 Caes.
1926 2962 1976 2996 60,
1990 2958 2097 2996 23D10
2109 2959 2193 2988 Cass,

75 3016 111 3044 44
123 3037 131 3052 ‚
145 3018 173 3044 8.
187 3032 225 3038 -
239 3016 269 3044 7.
284 3013 373 3048 λαὸς
384 3012 395 3052 ]
408 3015 466 3047 πᾶς
478 3011 547 3042 cod.
564 3013 636 3042 Mox
653 3012 758 3041 πολλοὶ
775 3011 844 3041 cod.
860 3024 900 3030 —-
915 3014 944 3041 8.
959 3021 975 3040 τ
987 3021 995 3040 ι
1008 3009 1041 3049 ς]
1059 3011 1094 3040 C.
1107 3008 1275 3039 Trebatius
1288 3015 1349 3036 sec.
1369 3007 1499 3036 Sneton.
1524 3013 1552 3035 c.
1568 3007 1618 3035 68.
1631 3022 1670 3026 —
1684 3010 1714 3036 9.
1730 3004 1833 3035 Minus
1847 3004 1945 3034 facete
1967 3012 2116 3034 excusare
2130 3004 2196 3033 Cae-

75 3069 176 3091 sarem
193 3059 322 3090 student
338 3059 381 3089 illi
397 3059 451 3097 qui
466 3059 576 3089 dicunt
593 3067 666 3088 eum
688 3066 751 3088 non
765 3057 972 3087 assurrexisse
985 3057 1030 3087 ὅτι
1053 3060 1105 3093 τῆς
1118 3053 1234 3088 κοιλίας
1249 3052 1379 3092 ἀκρατὴς
1392 3052 1452 3082 ὑπὸ
1465 3051 1616 3091 διαρροίας
1633 3051 1782 3090 ἐγεγόνει,
1797 3050 1853 3081 1)10
1869 3051 1957 3080 Cass.
1971 3052 2009 3079 44
2022 3073 2029 3085 ,
2050 3052 2078 3079 8.
2096 3048 2196 3082 Aliam

76 3104 310 3136 excusationem
326 3104 418 3134 affert
433 3103 590 3134 Plutarch.
608 3105 722 3133 Caesar.
737 3106 775 3132 (30
786 3126 795 3139 ,
812 3107 840 3132 2.
857 3121 896 3126 -
914 3106 960 3132 10.
980 3102 1068 3132 Verti
1090 3100 1179 3139 quasi
1197 3100 1348 3138 scriptum
1363 3100 1443 3128 esset
1456 3098 1505 3128 διὰ
1526 3098 1561 3128 τὸ
1580 3097 1715 3136 γεγονὸς.
1732 3099 1757 3127 A
1773 3096 1872 3127 verbo
1886 3095 2126 3128 ἐπιδουλεύοντες
2140 3102 2193 3123 ac—

77 3147 237 3178 cusativus
248 3149 283 3179 τὸ
299 3149 420 3187 γεγονὸς
434 3147 569 3187 pendere
581 3148 707 3186 nequit:
725 3146 875 3186 suspicari
890 3148 995 3176 autem
1009 3146 1082 3176 licet
1098 3146 1191 3176 verba
1206 3145 1343 3180 συνόντες
1357 3143 1409 3174 οὖν
1424 3144 1526 3178 αὐτοῖς
1543 3145 1691 3183 corrupta
1703 3151 1780 3180 esse,
1794 3142 2042 3180 scriptoremtpic
2056 3139 2169 3169 dixisse
2184 3146 2190 3163 ’-

79 3192 272 3232 διασύροντες
295 3193 347 3224 οὖν
371 3195 456 3225 αὐτοὶ
474 3196 501 3224 οἱ
528 3194 606 3224 ἐπιδ.
623 3194 657 3224 τὸ
671 3194 794 3232 γεγονὸς
811 3193 858 3223 vel
877 3196 1133 3232 συκοφαντοῦντες
1148 3192 1173 3222 δ’
1188 3193 1216 3222 οἱ
1234 3192 1313 3221 ἐπιό.
1330 3190 1445 3221 mlxvi
1463 3189 1615 3228 ejusmodi
1633 3189 1720 3228 quid.
1738 3191 1811 3219 Mox
1826 3188 1923 3218 codex
1944 3187 2069 3225 ὤργουν.
2085 3202 2124 3205 -
2143 3188 2186 3213 tt.

79 3237 330 3279 βουλόμενοι]
355 3240 487 3279 inserui3
505 3240 529 3271 si
557 3240 655 3278 nolis,
669 3240 769 3270 scribe
786 3240 1014 3279 ἐπιχειροῦντες.
1032 3257 1070 3261 -
1103 3244 1148 3269 12.
1179 3239 1204 3269 ‘A
1218 3250 1235 3268 σ
1250 3238 1257 3267 ί
1270 3249 1288 3278 ᾳ
1311 3239 1377 3267 καὶ
1400 3240 1420 3267 li
1433 3236 1595 3276 ὐρώπῃ]
1615 3236 1712 3266 Ἀσίαν
1728 3236 1859 3275 Εὐρώπῃ
1886 3233 1994 3264 codex.
2011 3248 2050 3253 -—-
2073 3233 2118 3260 13.
2137 3230 2171 3260 τὸ
2188 3229 2193 3269 l

79 3285 131 3313 τοῦ
148 3284 256 3314 codex.
