2289 3728
834 163 1090 201 POSlDONll

54 254 130 292 οὐδὲ
143 255 177 290 αἱ
190 250 278 290 κατὰ
290 251 332 287 τὰ
347 250 423 295 ἔθνη
440 249 614 301 διαφοραὶ,
629 249 704 287 οὐδὲ
716 250 783 299 [αἱ]
797 249 981 299 διάλεκτοι,
998 249 1086 287 ἀλλὰ

57 312 146 350 κατὰ
167 309 354 347 ἐπίπτωσιν
375 307 434 344 καὶ
453 307 657 358 συντυχίαν·
676 307 736 344 καὶ
755 306 874 358 τέχναι
890 323 926 345 τε
951 308 1009 346 καὶ
1028 309 1089 345 δυ-

60 175 133 206 282

58 371 177 418 νάμεις
198 367 257 404 καὶ
282 364 534 412 ἐπιτηδεύσεις,
563 365 736 415 ἀρξάντων
759 368 876 414 τινῶν,
905 370 1088 418 κρατοῦσιν

57 431 91 465 αἱ
111 426 246 467 πλείους
264 427 297 462 ἐν
319 426 484 474 ὁποιῳοῦν
505 423 665 472 κλίματι,
695 423 767 460 ἔστι
792 423 828 461 δέ
851 440 883 461 τι
909 424 968 461 καὶ
993 422 1089 475 παρὰ

57 485 99 522 τὰ
119 483 296 532 κλίματα,
315 480 404 518 ὥστε
423 480 467 518 τὰ
488 480 549 530 μὲν
570 481 669 530 φύσει
695 480 786 518 ἐστὶν
805 480 974 532 ἐπιχώριά
1000 495 1089 526 τισι,

56 543 98 580 τὰ
125 543 154 579 δ’
182 540 248 578 ἔθει
273 539 332 577 καὶ
363 538 521 584 ἀσκήσει.
543 540 596 578 Οὐ
616 538 682 590 γὰρ
711 538 810 590 φύσει
837 539 1006 585 Ἀθηναῖοι
1028 537 1088 587 μὲν

57 599 250 651 φιλόλογοι,
274 596 543 646 Λακεδαιμόνιοι
564 598 593 633 δ’
615 595 675 643 οὒ,
699 596 758 634 καὶ
785 598 815 634 οἱ
843 596 891 633 ἔτι
920 595 1091 646 ἐγγυτέρω

60 657 233 703 Θηῧαῖοι,
261 655 351 691 ἀλλὰ
383 655 512 704 μᾶλλον
542 654 628 692 ἔθει·
655 654 759 696 οὕτως
783 654 857 691 οὐδὲ
878 652 1092 692 Βαὸυλώνιοι

59 714 236 767 φιλόσοφοι
257 712 354 764 φύσει
371 713 430 749 καὶ
447 712 630 762 Αἰγύπτιοι
643 742 652 759 ,
674 714 750 750 ἀλλ’
768 711 912 757 ἀσκήσει
931 711 990 748 καὶ
1008 710 1091 748 ἔθει·

58 771 117 809 καὶ
131 770 246 808 ἵππων
261 786 297 807 τε
313 769 373 807 καὶ
393 771 480 821 βοῶν
502 769 623 821 ἀρετὰς
642 769 701 807 καὶ
722 769 834 806 ἄλλων
855 769 961 821 ζῴων,
983 770 1020 805 οὗ
1037 768 1091 805 τό·

61 844 119 866 ποι
149 828 263 878 μόνον,
285 827 376 864 ἀλλὰ
403 826 462 864 καὶ
486 827 649 873 ἀσκήσεις
672 831 847 864 ποιοῦσιν·
877 829 894 863 ὁ
917 825 952 863 δὲ
975 831 1093 875 συγχεῖ

58 890 183 924 ταῦτα.
198 885 374 923 Ἑπαινῶν
386 884 421 922 δὲ
433 885 494 931 τὴν
502 885 661 931 τοιαύτην
678 885 838 936 διαίρεσιν
852 886 918 921 τῶν
930 883 1093 933 ἠπείρων,

60 944 114 982 οιά
134 948 190 981 νῦν
209 946 300 990 ἐστι,
316 944 574 993 παραδείγματι
587 947 714 994 χρῆται
728 946 777 994 τῷ
793 942 868 984 τοὺς
885 941 1011 984 Ἰνδοὺς
1027 943 1094 978 τῶν

59 1003 234 1040 Αἰθιόπων
261 1001 430 1052 διαφέρειν
456 1004 523 1038 τῶν
550 1003 583 1038 ἐν
609 1005 650 1052 τῇ
677 1000 809 1051 Argon·
841 999 1095 1050 εὐερνεστέρους

60 1060 126 1113 γὰρ
149 1055 236 1098 εἶναι
253 1060 312 1097 καὶ
333 1055 432 1105 ἧττον
454 1060 595 1110 ἕψεσθαι
615 1063 655 1109 τῇ
677 1059 824 1109 ξηρασίᾳ
844 1061 901 1094 τοῦ
919 1056 1094 1107 περιέχον·

61 1134 133 1161 τος·
156 1118 206 1156 διὸ
231 1118 288 1155 καὶ
313 1117 475 1168 εΌμηρον
502 1117 633 1160 πάντας
658 1117 799 1166 λέγοντα
827 1115 993 1158 Αἰθίοπας
1016 1115 1096 1165 δίχα

61 1179 195 1223 διελεῖν,

144 1282 172 1310 οἱ
188 1280 241 1319 μὲν
258 1279 425 1318 δυσομένου
444 1278 615 1318 Ὑπερίονος
629 1300 636 1315 ,
653 1279 680 1307 οἱ
699 1277 724 1307 δ’
741 1276 876 1311 ἀνιόντος
891 1287 898 1293 ·

65 1368 82 1385 '¹‘
104 1367 121 1386 '⁴‘
142 1366 201 1404 καὶ
222 1366 404 1416 εἰσάγοντα
424 1364 485 1410 τὴν
505 1364 621 1415 ἑτέραν
640 1363 853 1412 οἰκουμένην,
874 1363 916 1409 ἣν
933 1364 993 1400 οὐκ
1010 1364 1097 1400 οἶδεν

63 1424 223 1474 Ὄμηρος
238 1454 247 1470 ,
278 1424 446 1460 δουλεύειν
470 1422 647 1458 ὑποθέσει·
669 1421 727 1458 καὶ
756 1420 843 1465 ἔδει,
866 1420 970 1471 φησὶ,
992 1436 1098 1469 μετα·

64 1482 206 1535 γράφειν
227 1481 351 1523 οὕτως·

147 1569 222 1609 ἠμὲν
237 1568 446 1608 ἀπερχομένου
460 1566 632 1607 Ὑπερίονος
642 1590 650 1605 ,

66 1640 137 1683 οἷον
154 1645 222 1681 ἀπὸ
239 1648 298 1681 τοῦ
320 1643 556 1693 μεσημὸρινοῦ
574 1641 838 1693 περικλίνοντος.

120 1717 147 1741 8.
181 1705 324 1753 Πρῶτον
346 1701 406 1750 μὲν
428 1695 485 1738 οῦν
507 1702 536 1737 οἱ
558 1701 640 1751 πρὸς
667 1699 833 1750 Αἰγύπτῳ
854 1700 1014 1742 Αἰθίοπες
1043 1700 1101 1736 καὶ

70 1761 167 1797 αὐτοὶ
187 1760 267 1810 δίχα
289 1760 515 1809 διαιροῦνται·
537 1760 566 1794 οἳ
588 1758 648 1807 μὲν
667 1758 732 1809 γὰρ
756 1760 788 1794 ἐν
812 1761 853 1809 τῇ
881 1758 977 1810 Ἀσία
1003 1758 1101 1807 εἷσὶν,

70 1820 99 1855 οἱ
121 1818 149 1854 δ’
170 1819 203 1854 ἐν
224 1820 265 1868 τῇ
284 1816 411 1867 Λιὸύῃ,
428 1815 522 1853 οὐδὲν
538 1815 751 1867 διαφέροντες
772 1815 943 1860 ἀλλήλων.
965 1814 1101 1853 Ἔπειθ’

66 1875 228 1927 ΕΌμηρος
248 1877 284 1912 οὐ
311 1874 365 1911 διὰ
390 1878 489 1911 τοῦτο
516 1875 639 1924 διαιρεῖ
662 1873 737 1916 τοὺς
767 1874 952 1919 Αἰθίοπας,
980 1872 1025 1923 (ἢ)
1053 1872 1103 1910 ὅτι

69 1988 124 2020 fiat
141 1988 282 2025 initium,
308 1989 495 2027 plerumque
514 1988 712 2018 invalescunt
736 1987 767 2017 in
792 1995 986 2026 quocunque
1009 1988 1102 2017 terrae

68 2040 132 2071 situ
148 2053 154 2071 :
176 2049 358 2080 quanquam
373 2042 405 2071 et
421 2039 538 2070 climati
556 2039 675 2078 aliquid
692 2038 898 2070 tribuendum
912 2040 959 2070 est
976 2051 982 2069 ;
998 2039 1105 2078 itaque

69 2092 130 2123 alia
145 2092 318 2123 domestica
340 2092 421 2122 fiunt
440 2093 553 2122 natura
567 2115 575 2130 ,
594 2092 654 2122 alia
668 2091 866 2122 institutione
891 2092 923 2122 et
939 2091 1102 2122 exercitio.

70 2145 139 2176 Non
158 2143 242 2174 enim
262 2144 374 2174 natura
394 2144 428 2174 tit
451 2143 535 2182 quod
554 2142 758 2174 Athenienses
774 2142 905 2173 studiosi
926 2143 1000 2173 sunt
1020 2142 1105 2173 litte-

71 2205 176 2228 rarum
187 2219 196 2235 ,
211 2195 441 2227 Lacedaemonii
455 2204 517 2225 non
533 2195 607 2226 item
621 2219 629 2233 ,
642 2204 680 2226 ac
695 2204 734 2225 ne
747 2194 889 2226 Thebani
904 2194 1032 2234 quidem
1046 2195 1107 2225 illis

71 2247 255 2284 viciniores,
272 2246 326 2277 sed
343 2246 541 2277 institutione
560 2246 677 2286 potius.
722 2247 770 2276 lta
795 2254 898 2285 neque
920 2245 1108 2285 Babylonios

72 2301 186 2328 natura
202 2297 402 2337 philosophos
421 2297 512 2335 facit,
531 2299 586 2328 aut
602 2296 782 2336 Aigyptios‚
800 2296 855 2327 sed
873 2296 1057 2327 exercitatio
1076 2298 1108 2327 et

72 2349 278 2380 consuetudo.
298 2348 381 2386 Quin
397 2350 428 2379 et
441 2357 615 2387 equorum,
631 2348 727 2378 boum
738 2372 745 2386 ‚
763 2348 962 2386 aliorumque
986 2347 1107 2378 anima-

73 2401 151 2431 lium
168 2400 348 2439 praestantia
365 2408 428 2430 non
445 2399 522 2430 locis
537 2400 661 2430 tantum
672 2422 679 2436 ‚
698 2399 752 2429 sed
770 2402 801 2429 et
817 2398 1039 2429 assuefactioni
1055 2398 1109 2429 de-

74 2450 178 2482 betur.
193 2452 268 2481 Haec
281 2451 337 2482 iste
351 2449 526 2481 contundit.
543 2452 639 2480 Porro
656 2449 790 2480 laudans
802 2449 899 2480 talem
914 2449 1106 2480 continentis

75 2502 237 2540 regionum
254 2501 506 2539 distinctionem,
522 2500 623 2540 qualis
641 2508 728 2530 nunc
743 2501 790 2531 est
802 2523 811 2538 ,
831 2500 976 2540 exemplo
995 2500 1108 2537 utitur,

75 2553 170 2584 lndos
186 2553 387 2593 AEthiopihus
401 2553 455 2592 qui
471 2554 545 2583 suut
570 2553 602 2582 in
619 2552 722 2583 Africa
742 2554 891 2591 praestare
902 2577 911 2591 ,
926 2553 1000 2591 quia
1015 2552 1110 2582 robu-

74 2604 186 2635 stiores
199 2605 273 2641 sint‚
289 2605 456 2643 minusque
469 2604 548 2634 aeris
557 2603 696 2634 siccitate
709 2603 810 2634 adusti
828 2615 835 2634 ι
851 2603 921 2634 ideo
936 2605 1109 2634 Homerum

76 2666 204 2698 quoque
223 2656 262 2687 dc
281 2655 436 2686 universis
450 2655 633 2694 loquentem
651 2654 870 2694 AEthiopihus,
888 2654 931 2685 sie
947 2663 1001 2685 eos
1027 2654 1110 2685 ‹livi-

76 2709 152 2740 sisse
170 2708 179 2747 (
196 2707 256 2739 Od.
273 2710 316 2745 Α,
334 2706 413 2746 24);

148 2783 183 2810 1Ιί
198 2789 255 2818 qua
269 2782 310 2809 sol
326 2781 421 2815 cadit,
439 2782 539 2816 etqua
555 2779 685 2808 nascitur
700 2779 741 2807 illi
756 2790 764 2806 ι

77 2860 110 2875 ³³*
126 2858 171 2898 [et
190 2857 362 2896 Cratetem]
391 2857 443 2896 qui
458 2857 587 2887 alterius
601 2856 750 2887 hahitatae
764 2857 874 2894 terrai,
890 2865 984 2895 quam
1000 2858 1114 2888 Home-

80 2919 132 2940 rus
146 2909 301 2946 ignoravit
312 2933 319 2945 ,
336 2907 528 2938 mentionem
544 2908 602 2937 hoc
617 2907 649 2937 in
667 2906 736 2937 loro
752 2907 891 2938 iuvenire
905 2908 1008 2939 voluit
1020 2932 1028 2946 ‚
1046 2908 1113 2947 opi-

80 2961 181 2991 nionis
196 2968 261 2990 suae
278 2960 421 2990 tenacem
441 2966 507 2989 esse
519 2982 527 2997 ,
551 2957 626 2988 dum
641 2957 685 2989 ait
700 2981 709 2996 ,
728 2957 770 2988 ita
788 2959 891 2997 potius
910 2959 1110 2990 scribendum

79 3019 146 3043 esse
161 3023 169 3042 z

151 3078 210 3104 Aut
223 3083 278 3111 qua
292 3076 334 3103 sol
351 3075 428 3110 abit,

84 3148 194 3186 utpote
208 3146 385 3177 declinante
399 3155 436 3177 eo
451 3154 469 3177 a
483 3146 667 3178 meridiano.

126 3202 156 3229 8.
177 3198 315 3228 Primum
340 3197 470 3236 quidem
494 3198 656 3237 Aithiopes
677 3200 810 3238 AEgypto
827 3198 1032 3236 contermini,
1060 3198 1114 3237 ipsi

84 3257 210 3288 quoquc
221 3248 362 3279 hisariam
373 3247 569 3286 dividuntur,
579 3258 678 3287 quum
691 3250 720 3279 in
731 3249 801 3280 Asia
815 3249 928 3288 partim
941 3258 1049 3279 eorum
1064 3250 1114 3285 sit.

86 3302 199 3342 partim
218 3301 248 3333 iu
266 3300 384 3338 Africa,
402 3300 540 3340 nihilque
557 3309 574 3331 a
593 3310 625 3331 se
642 3301 777 3332 invicem
794 3301 950 3332 disserant.
994 3301 1112 3332 Deinde

1120 162 1406 202 APAMENSIS

1154 248 1229 292 τοὺς
1246 249 1372 291 Ἰνδοὺς
1391 248 1467 299 ᾔδει
1491 246 1660 289 τοιούτους
1684 246 1775 289 τινὰς
1797 252 1863 289 τοῖς
1893 246 2048 296 σώμασιν
2082 247 2181 297 (οὐδὲ

1148 306 1214 357 γὰρ
1234 305 1343 357 ἀρχὴν
1363 305 1485 342 εἰδέναι
1501 303 1577 346 τοὺς
1593 304 1716 347 Ἰνδοὺς
1740 305 1826 348 εἰκὸς
1843 305 2018 356 ςΌμηρον,
2040 305 2125 342 ὅπου
2142 321 2180 356 γε

1149 366 1218 402 οὐδ’
1239 366 1256 400 ὃ
1290 362 1479 413 Εὐεργέτης
1507 360 1596 398 κατὰ
1619 361 1677 399 τὸν
1705 361 1879 405 Εὖδόξειον
1907 366 2011 411 μῦθον
2037 362 2110 413 ᾔδει
2135 362 2178 399 τὰ

1150 420 1240 459 κατὰ
1255 419 1316 466 τὴν
1332 419 1493 466 Ἰνδικὴν,
1508 419 1584 456 οὐδὲ
1599 419 1657 456 τὸν
1668 421 1774 457 πλοῦν
1788 421 1844 457 τὸν
1856 420 1908 457 ἐπ’
1925 419 2032 465 αὐτήν
2045 422 2054 469 )
2067 450 2076 466 ,
2092 420 2182 457 ἀλλὰ

1152 480 1282 528 μᾶλλον
1300 479 1389 514 κατὰ
1404 476 1465 522 τὴν
1478 478 1660 527 λεχθεῖσαν
1681 478 1737 529 ὑφ’
1757 479 1856 525 ἡμῶν
1873 476 2033 528 πρότερον
2055 477 2184 528 διαίρε-

1152 551 1217 574 σιν.
1238 535 1336 573 'Exti
1354 534 1389 571 δὲ
1404 534 1463 571 καὶ
1476 534 1555 585 περὶ
1575 536 1635 579 τῆς
1649 537 1783 586 γραφῆς
1798 537 1858 579 τῆς
1873 534 2085 586 Κρατητείου
2106 535 2185 584 διῃ-

1151 593 1318 642 τῆσαμεν,
1336 592 1388 630 ὅτι
1407 591 1502 629 οὐδὲν
1519 591 1687 644 διαφέρει,
1704 592 1808 635 οὕτως
1825 591 1847 637 ἢ
1873 592 2008 634 ἐκείνως
2026 591 2185 643 γράφειν·

1153 654 1169 688 ὁ
1189 649 1224 688 δὲ
1244 654 1342 688 τοῦτο
1362 649 1423 699 μὲν
1444 650 1613 701 διαφέρειν
1630 650 1730 702 φησί,
1748 655 1900 701 κρεῖττον
1923 650 1949 686 δ’
1971 649 2078 692 οὕτως
2099 644 2185 687 εἶναι

1155 710 1350 756 μεταθεῖναι
1368 724 1382 739 «
1396 706 1484 756 ἠμὲν
1500 707 1748 758 ἀπερχομένου.
1763 726 1778 741 »
1790 708 1836 746 Τί
1849 702 1906 745 οῦν
1924 707 2077 757 διαφέρει
2089 711 2188 745 τοῦτο

1154 768 1212 802 τοῦ
1229 783 1245 798 α
1263 764 1351 810 ἠμὲν
1369 765 1575 814 δυσομένου,
1594 783 1608 796 1·
1629 771 1698 802 πᾶν
1714 765 1781 817 γὰρ
1794 769 1834 802 τὸ
1845 768 1968 815 τμῆμα
1983 764 2022 801 τὸ
2038 763 2105 802 ἀπὸ
2129 768 2187 802 τοῦ

1157 822 1393 873 μεσημὲρινοῦ
1411 821 1467 859 ἐπὶ
1488 821 1581 859 δύσιν
1598 822 1691 865 δύσις
1710 824 1886 869 καλεῖται,
1903 822 2058 872 καθάπερ
2075 823 2133 858 καὶ
2150 824 2189 859 τὸ

1155 883 1214 916 τοῦ
1234 879 1399 931 ὁρίζοντος
1420 880 1642 929 ἡμικύκλιον·
1661 880 1743 932 ὅπερ
1760 881 1818 918 καὶ
1834 879 1977 932 Ἄρατος
1998 879 2189 928 ἐπισημαί-

1156 952 1269 983 νεται,

1792 994 1846 1039 ᾗχί
1863 1005 1918 1034 περ
1935 994 2027 1034 ἄκραι

1231 1041 1402 1081 μίσγονται
1417 1040 1515 1077 δύσιές
1532 1052 1564 1072 τε
1578 1042 1630 1072 καὶ
1648 1041 1770 1072 ἀντολαὶ
1787 1042 1964 1080 ἀλλήλῃσιν.

1159 1100 1201 1137 Εἰ
1224 1098 1251 1135 δ’
1272 1098 1329 1135 ἐπὶ
1347 1101 1407 1144 τῆς
1429 1098 1643 1150 Κρατητείου
1662 1100 1793 1150 γραφῆς
1811 1098 1900 1135 οὕτω
1925 1097 2072 1148 βέλτιον,
2091 1097 2192 1148 φήσει

1159 1172 1206 1198 τις
1232 1156 1292 1192 καὶ
1313 1155 1371 1192 ἐπὶ
1394 1158 1454 1201 τῆς
1474 1155 1728 1206 Ἀρισταρχείου
1747 1156 1829 1194 δεῖν.
1852 1157 2016 1193 Τοσαῦτα
2036 1154 2094 1191 καὶ
2111 1154 2193 1204 πρὸς

1160 1213 1402 1251 Ποσειδώνιον.
1427 1213 1548 1251 Πολλὰ
1568 1213 1633 1264 γὰρ
1653 1213 1711 1250 καὶ
1732 1215 1764 1250 ἐν
1782 1213 1851 1255 τοῖς
1872 1212 1946 1250 καθ’
1964 1212 2094 1249 ἕκαστα
2110 1228 2192 1263 τυγ-

1158 1271 1256 1322 χάνει
1274 1274 1335 1316 τῆς
1354 1271 1593 1322 προσηκούσης
1614 1271 1764 1317 διαίτης,
1784 1270 1847 1308 ὅσα
1866 1271 2106 1322 γεωγραφικοί·
2127 1270 2192 1308 ὅσα

1160 1331 1194 1366 δὲ
1216 1329 1449 1381 φυσικώτερα,
1471 1329 1693 1367 ἐπισκεπτέον
1711 1331 1745 1366 ἐν
1768 1329 1902 1376 ἄλλοις,
1923 1327 1944 1373 ἢ
1966 1328 2040 1365 οὐδὲ
2058 1345 2195 1381 φροντι-

1161 1387 1277 1424 στέον·
1298 1387 1384 1424 πολὺ
1404 1387 1469 1438 γάρ
1492 1389 1564 1424 ἐστι
1583 1387 1622 1424 τὸ
1649 1386 1873 1436 αἰτιολογικὸν
1901 1385 1998 1438 παρὰ
2022 1387 2116 1439 αὐτῷ
2136 1386 2194 1424 καὶ

1161 1445 1198 1482 τὸ
1217 1445 1493 1496 Ἀριστοτελίζον,
1511 1444 1594 1496 ὅπερ
1612 1446 1822 1483 ἐκκλίνουσιν
1840 1447 1869 1482 οἷ
1887 1444 2048 1495 ἡμέτεροι
2064 1445 2118 1482 διὰ
2132 1444 2194 1490 τὴν

1162 1503 1340 1554 ἐπίκρυψιν
1357 1506 1424 1540 τῶν
1441 1505 1573 1542 αἰτιῶν.

1214 1565 1295 1598 Jam
1316 1564 1459 1609 reliqua
1482 1563 1695 1609 subjicimus
1714 1575 1795 1609 quae
1814 1574 1854 1597 ex
1872 1563 1943 1597 hoc
1963 1563 2062 1597 libro
2082 1563 2197 1609 petita

1162 1629 1246 1655 sunt
1266 1622 1319 1656 vel
1340 1622 1455 1667 petita
1474 1633 1548 1656 esse
1567 1621 1754 1656 videntur.
1777 1620 1955 1656 Ordinem
1975 1633 2101 1655 rerum
2129 1621 2197 1654 ob-

1162 1680 1387 1714 sewabimus
1404 1679 1560 1714 eundem
1575 1706 1585 1721 ,
1608 1691 1720 1725 quem
1738 1679 1871 1714 Strabo
1888 1679 1913 1713 l.
1930 1679 1956 1713 l.
1979 1685 2121 1713 secutus
2134 1686 2196 1713 est.

1162 1757 1214 1763 —
1226 1739 1279 1772 Ac
1295 1738 1460 1784 primum
1475 1737 1627 1784 quidem
1641 1736 1687 1771 de
1690 1734 1820 1781 scu-ma
1836 1744 1945 1771 tert-(e
1960 1736 2148 1770 conferam
2155 1749 2171 1770 r
2189 1749 2196 1770 :

1648 1805 1714 1852 69.

1218 1876 1485 1923 Agathemerus
1504 1876 1542 1909 in
1561 1875 1732 1912 Hudson.
1757 1876 1893 1923 Geogr.
1917 1875 2009 1911 Min.
2029 1882 2117 1910 tom.
2138 1877 2197 1922 ΙΙ,

1166 1988 1323 2018 Homerus
1335 1996 1398 2017 non
1412 1988 1481 2018 ideo
1492 1987 1603 2018 dividit
1614 1988 1786 2026 AEthiopas,
1801 1986 1886 2026 quod
1901 1987 1978 2018 tales
1992 1987 2055 2017 fere
2065 1987 2202 2026 corpori·

1164 2038 1223 2068 hus
1239 2038 1333 2068 ludos
1347 2039 1452 2069 nosset
1467 2040 1566 2078 (quos
1579 2038 1607 2069 ei
1621 2038 1710 2078 plane
1725 2038 1846 2077 ignotos
1860 2038 1953 2069 fuisse
1969 2037 2129 2077 probabile
2139 2040 2198 2076 est,

1164 2098 1265 2128 quum
1282 2089 1458 2121 secundum
1478 2090 1660 2120 Eudoxeam
1676 2089 1814 2120 fabulam
1832 2098 1870 2120 ne
1888 2091 2053 2128 Euergetes
2070 2088 2199 2128 quidem

1167 2140 1288 2171 Indiam
1305 2141 1601 2180 navigationemque
1617 2141 1657 2171 ad
1674 2149 1744 2171 eam
1761 2140 1917 2179 cognitam
1934 2139 2080 2170 habuerit
2092 2141 2101 2178 )
2115 2163 2124 2177 ‚
2146 2139 2201 2170 sed

1166 2191 1302 2230 respexit
1320 2194 1477 2222 Homerus
1491 2191 1595 2231 potius
1610 2191 1649 2222 ad
1671 2200 1766 2231 supra
1788 2191 1906 2222 dictam
1928 2199 1947 2220 a
1963 2191 2053 2221 nobis
2068 2190 2200 2221 divisio<

1166 2251 1249 2273 nem.
1265 2244 1367 2282 Atque
1381 2243 1421 2273 ibi
1435 2243 1529 2274 etiam
1543 2242 1583 2274 de
1596 2243 1731 2274 Cratetis
1745 2242 1878 2273 lectione
1895 2243 2176 2282 pronunciavimus
2188 2268 2197 2282 ‚

1167 2293 1243 2324 nihil
1258 2293 1298 2323 ad
1308 2303 1374 2324 rem
1388 2293 1536 2325 interesse
1550 2294 1622 2324 utro
1637 2292 1732 2323 modo
1746 2293 1878 2332 legatur.
1893 2292 2082 2324 Posidonius
2095 2295 2202 2325 tamen

1170 2346 1319 2376 interesse
1337 2345 1456 2385 aliquid
1470 2345 1584 2384 sentit,
1599 2345 1708 2376 sedita
1722 2345 1826 2384 potius
1839 2344 2079 2385 corrigendum:

1238 2395 1276 2422 ni
1290 2403 1346 2430 qua
1362 2395 1405 2422 sol
1421 2395 1490 2423 abit.

1170 2447 1254 2484 Quid
1268 2449 1375 2478 autem
1390 2448 1517 2479 interest
1534 2448 1615 2479 inter
1628 2447 1703 2479 abit
1716 2448 1748 2479 et
1764 2447 1886 2478 cadit?
1901 2456 1975 2478 nam
1990 2448 2055 2479 tota
2073 2447 2203 2488 quidem

1169 2502 1270 2540 portio
1283 2509 1355 2540 quae
1369 2509 1387 2531 a
1400 2501 1529 2532 meridie
1548 2509 1658 2532 versus
1677 2509 1824 2532 oceasum
1846 2502 1911 2538 est,
1926 2508 2057 2531 occasus
2076 2499 2202 2538 dicitur,

1169 2553 1291 2583 sicutet
1305 2553 1476 2584 horizontis
1493 2553 1544 2584 ille
1562 2553 1778 2584 semicirculus
1796 2565 1803 2584 :
1821 2553 1906 2593 quod
1919 2554 1951 2583 et
1962 2554 2075 2584 Aratus
2088 2551 2205 2583 indicat

1172 2603 1316 2643 (Plzaen.
1334 2604 1394 2643 61)
1411 2613 1420 2637 ι

1874 2662 2029 2690 supremus

1241 2703 1330 2728 Ortus
1344 2700 1393 2728 uhi
1406 2703 1493 2735 atquc
1507 2700 1611 2728 Obitus
1623 2702 1705 2736 parte
1718 2699 1919 2727 admiscentur
1933 2699 1962 2726 in
1977 2707 2045 2727 uua.

1171 2752 1290 2790 Quodsi
1309 2753 1379 2792 quis
1393 2753 1508 2783 rectius
1522 2753 1583 2783 hoc
1597 2753 1712 2783 habere
1731 2753 1761 2782 in
1782 2752 1917 2782 Cratetis
1929 2752 2084 2791 scriptura
2099 2750 2203 2790 dicat,

1172 2804 1265 2835 etiam
1282 2804 1313 2834 in
1338 2804 1534 2835 Aristarchea
1556 2803 1688 2835 eandem
1716 2803 1742 2834 is
1762 2803 1845 2834 dicet
1867 2802 2009 2834 obtinere
2035 2802 2201 2833 rationem.

1172 2858 1276 2895 Atque
1302 2856 1370 2887 hmo
1391 2856 1542 2887 adversus
1576 2856 1790 2887 Posidonium.
1834 2855 1934 2886 Multa
1959 2854 2043 2886 enim
2067 2863 2138 2894 quae
2161 2854 2201 2885 ad

1172 2909 1391 2948 geographiam
1415 2909 1573 2949 pertinent
1597 2909 1628 2940 in
1653 2910 1719 2949 ipsa
1743 2909 1930 2939 tractatione
1951 2907 2129 2946 singulatim
2146 2906 2204 2938 suh

1173 2969 1338 2991 censuram
1356 2960 1540 2991 vocabimus
1548 2971 1557 2998 ;
1583 2969 1654 3000 quae
1673 2961 1779 2991 autem
1802 2959 1841 2990 ad
1859 2960 1981 2990 naturoe
2004 2957 2203 2997 contempla-

1173 3013 1290 3044 tionem
1305 3011 1475 3051 pertiuent,
1492 3020 1529 3042 ea
1545 3011 1618 3042 alibi
1633 3012 1707 3041 sunt
1723 3010 1923 3048 excutienda,
1941 3010 1995 3040 aut
2008 3009 2112 3048 potius
2125 3009 2202 3040 nihil

1174 3062 1325 3094 curanda.
1371 3062 1486 3093 Multas
1502 3063 1585 3093 enim
1603 3062 1697 3093 hahet
1713 3061 1737 3091 is
1750 3061 1789 3092 dc
1803 3061 1904 3091 causis
1914 3059 2156 3099 disputationes,
2168 3060 2200 3091 in

1174 3113 1280 3144 multis
1293 3112 1490 3144 Aristotelem
1502 3113 1656 3152 imitatur,
1670 3121 1742 3153 quac
1756 3111 1853 3143 nostri
1866 3111 2024 3142 declinant
2036 3110 2077 3141 ob
2092 3118 2202 3141 causa-

1175 3173 1243 3195 rum
1258 3163 1494 3195 obscuritatem.

1651 3228 1712 3260 (39.

1219 3301 1403 3332 Posidonius
1430 3300 1552 3332 Stoicus
1566 3299 1698 3330 torm-„un
1720 3299 1809 3328 terra·
1830 3305 1895 3328 esse
1922 3295 2026 3326 fundae
2049 3295 2201 3333 similem,
