2338 3765
971 196 1293 235 FRAGMifiN'l'A.

62 282 120 319 καὶ
144 280 309 327 ἠλλοίωτο
326 281 366 329 τῇ
387 277 526 330 γνώμῃ,
549 280 605 318 καί
627 281 765 330 μάλισθ’
782 280 838 318 ὅτε
857 279 931 323 τοὺς
953 282 1090 318 Καίσα-

64 355 117 390 ρος
138 337 348 388 στρατιώτας
368 338 401 373 ἓν
421 336 609 388 ὀφθαλμοῖς
626 333 710 376 εἶδεν
726 339 845 375 ἑαυτὸν
868 338 929 387 μὲν
947 341 1091 375 καταλε-

62 395 239 440 λοιπότας,
264 393 422 442 Καίσαρα
447 393 481 428 δ’
514 398 551 433 ἐκ
570 400 628 433 τοῦ
661 398 751 446 ἱεροῦ
776 396 902 447 ἀθρόως
933 396 1091 447 προπέμ-

61 468 199 495 ποντας.
230 451 364 490 Ἐδόκει
384 449 421 490 δέ
441 468 509 490 τισι
527 453 606 502 μηδ’
633 453 672 490 ἂν
699 453 913 504 ἀποσχέσθαι
929 455 1047 499 αὐτοῦ,
1066 455 1092 490 εἷ

62 510 110 559 μὴ
137 508 254 547 ἐδεδίει
274 506 350 550 τοὺς
373 509 604 561 στρατιώτας,
623 510 670 559 μὴ
690 510 742 546 ἐπ’
766 510 864 547 αὐτὸν
883 510 1093 561 ὁρμήσαντες

62 566 229 618 τιμωρίαν
249 570 421 616 ποιοῖντο,
450 567 508 604 καὶ
529 568 657 604 ἀκονιτὶ
687 569 727 618 (3)
758 573 872 604 πᾶσαν
901 568 1003 604 αὐτοῦ
1031 567 1092 613 τὴν

64 625 185 677 μερίδα
211 623 402 675 ἀφέλοιντο.
428 625 658 663 Κατελείπετο
684 625 749 676 γὰρ
767 623 969 677 ἀμφοτέροις
989 640 1091 676 στρα-

61 682 214 731 τεύματα
232 681 378 735 ἔφεδροι.
396 682 441 720 ‘O
457 682 518 730 μὲν
533 682 572 727 δὴ
591 685 731 718 τοιαῦτα
745 682 957 732 λογιζόμενος
971 681 1093 731 ἔμελλέ

61 755 97 778 τε
117 742 156 789 (4)
175 741 233 778 καὶ
251 740 372 786 ὤκνει,
394 739 519 790 καίπερ
539 740 771 788 ἠλλοιωμένος
787 743 829 791 τῇ
849 739 980 790 γνώμῃ.
1007 741 1094 777 Καῖ-

63 798 130 851 σάρ
157 814 194 850 γε
222 798 290 848 μὴν
309 797 448 840 πιθανὸς
468 798 598 840 ἀδόλως
617 797 790 848 γεγονέναι
811 798 904 849 σφίσι
924 797 982 840 τὰς
999 798 1093 835 διαλ-

61 856 191 906 λαγὰς,
211 856 325 907 ἐφοίτα
344 854 515 907 ὁσημέραι
537 856 591 892 ἐπὶ
611 855 672 901 τὴν
699 855 806 892 οἰκίαν
828 856 932 892 αὐτοῦ
946 885 955 901 ,
978 854 1093 906 ὥσπερ

63 915 182 964 ἐχρῆν,
201 913 331 950 ὑπάτου
351 928 386 950 τε
407 913 500 955 ὄντος
520 913 578 950 καὶ
601 912 830 964 πρεσὸυτέρου
850 913 908 949 καὶ
927 916 1093 964 πατρικοῦ

62 971 172 1021 φίλου,
192 969 253 1016 τήν
268 985 305 1008 τε
322 970 429 1017 ἄλλην
446 976 561 1007 πᾶσαν
575 969 723 1020 ἀπένεμε
740 969 858 1019 τιμὴν,
876 969 993 1007 καθότι
1012 972 1092 1007 ὑπέ-

62 1043 182 1079 σχετο,
202 1030 247 1071 εἷς
265 1027 282 1066 ὃ
302 1027 476 1071 Ἀντώνιος
495 1030 554 1073 τῆς
576 1028 733 1079 δευτέρας
749 1027 893 1079 ὑπῆρξεν
915 1022 1007 1070 αὖθις
1024 1029 1094 1065 ἀδι-

63 1086 139 1128 κίας
163 1085 279 1137 τρόπῳ
305 1086 438 1138 τοιῷδε.
461 1085 708 1135 Ἀλλαξάμενος
726 1085 903 1123 Γαλατίαν
924 1086 1091 1136 ἐπαρχίαν

62 1142 145 1193 πρὸς
162 1143 391 1191 Μακεδονίαν,
409 1142 612 1193 μετεὸίὸαζε
632 1142 690 1185 τὰς
708 1144 741 1180 ἐν
764 1144 849 1193 αὐτῇ
871 1143 1029 1192 δυνάμεις
1049 1145 1094 1186 εἷς

62 1200 209 1238 Ἰταλίαν
226 1216 233 1223 ·
253 1203 312 1238 καὶ
332 1201 405 1238 ἐπεὶ
420 1195 518 1247 ἧκον,
538 1200 628 1251 ἐξῄει
651 1202 688 1237 ἐκ
704 1203 763 1245 τῆς
781 1200 920 1248 Ῥώμης
938 1203 1093 1247 ὑπαντη-

64 1258 205 1307 σόμενος
224 1259 342 1301 αὐταῖς
367 1258 449 1310 ἄχρι
471 1258 681 1309 Βρεντεσίου.
740 1258 905 1306 Οἷόμενος
923 1259 958 1295 δὲ
975 1260 1092 1310 καιρὸν

64 1316 254 1362 ἐπιτήδειον
282 1316 372 1367 ἔχειν
400 1316 482 1368 πρὸς
511 1316 532 1353 ἃ
555 1317 707 1362 ἐπενόει,
727 1316 900 1353 διαδίδωσι
917 1317 1028 1367 λόγον,
1049 1320 1092 1360 ὡς

62 1374 128 1425 ἄρα
155 1374 419 1413 ἐπιδουλεύοιτο.
481 1373 550 1412 Καί
567 1389 659 1417 τινας
682 1374 863 1411 συλλαὸὼν
884 1376 1094 1426 στρατιώτας

61 1432 180 1477 ἔδησεν
198 1434 242 1474 ὡς
259 1431 311 1469 ἐπ’
329 1432 411 1469 αὐτὸ
424 1436 524 1470 τοῦτο
540 1431 772 1483 πεμφθέντας,
789 1432 879 1475 ὅπως
897 1432 997 1469 αὐτὸν
1016 1434 1092 1470 ἀνέ-

60 1490 166 1526 λοιεν·
181 1489 335 1540 ᾐνίττετο
355 1490 389 1527 δὲ
411 1489 589 1542 Καίσαρα,
607 1491 643 1527 οὗ
659 1488 725 1538 μήν
748 1505 802 1526 πω
822 1491 938 1541 σαφῶς
954 1491 1088 1536 ἐδήλου.

63 1546 165 1598 Ταχὺ
186 1547 213 1584 δ’
243 1550 265 1592 ἡ
295 1546 393 1599 φήμη
414 1547 503 1584 κατὰ
531 1547 593 1592 τὴν
623 1547 721 1584 πόλιν
743 1546 941 1597 διήγγελλεν
970 1548 1029 1597 (5),
1049 1552 1093 1591 ὡς

63 1605 318 1651 ἐπιδουλευθείη
338 1607 355 1642 ὁ
376 1604 521 1651 ὕπατος,
543 1605 601 1641 καὶ
628 1605 794 1642 συλλάὸοι
817 1604 892 1648 τοὺς
909 1606 961 1642 ἐπ’
992 1607 1091 1643 αὐτὸν

61 1662 224 1710 ἥκοντας,
245 1662 376 1700 σύνοδοί
402 1678 437 1700 τε
458 1665 523 1699 τῶν
548 1662 675 1699 ἐκείνου
697 1662 802 1713 φίλων
832 1664 877 1705 εἰς
902 1664 959 1708 τὴν
984 1664 1092 1700 οἰκίαν

62 1720 250 1770 ἐγίγνοντο,
282 1720 341 1757 καὶ
366 1723 587 1772 στρατιωτῶν
616 1720 675 1756 σὺν
706 1718 820 1762 ὅπλοις
845 1722 1091 1772 μεταπέμψεις.

66 1778 150 1829 ΙΙερὶ
170 1778 204 1815 δὲ
230 1778 344 1824 δείλην
365 1778 464 1830 ὀψίαν
489 1778 626 1830 ἔρχεται
657 1778 715 1815 καὶ
744 1781 789 1820 εἷς
819 1778 982 1829 Καίσαρα
1004 1782 1020 1815 ὃ
1052 1781 1092 1829 (6)

62 1837 182 1885 λόγος,
205 1835 256 1873 ὅτι
276 1836 520 1873 κινδυνεύσειεν
550 1835 722 1878 Ἀντώνιος
751 1838 1014 1889 ἀποσφαγῆναι,
1038 1837 1094 1873 καὶ

64 1893 326 1944 μεταπέμποιτο
337 1893 412 1936 τοὺς
424 1893 631 1946 φυλάξοντας
645 1893 744 1930 αὐτὸν
757 1894 884 1938 ἐκείνην
898 1894 959 1939 τὴν
975 1894 1093 1931 νύκτα.

65 1952 134 1989 Καὶ
153 1955 371 2003 παραχρῆμα
397 1952 536 2003 πέμψας
560 1954 603 1994 ὡς
631 1951 743 1998 αὐτὸν,
771 1952 901 2001 ἕτοιμος
925 1952 988 2003 ἔφη
1010 1947 1094 1989 εἶναι

62 2009 120 2045 καὶ
138 2009 235 2051 αὐτὸς
255 2008 314 2046 σὺν
336 2012 377 2053 τῗ
395 2011 517 2046 ἑαυτοῦ
540 2008 704 2060 θεραπείᾳ
720 2009 994 2060 παραγενόμενος
1012 2010 1095 2062 πρὸς

63 2065 180 2112 κοίτην
203 2069 306 2104 αὐτοῦ
328 2066 498 2118 τάσφαλὲς
517 2065 692 2116 παρέχειν,
707 2067 829 2112 οἰηθεὶς
849 2066 913 2103 ὑπὸ
933 2069 998 2104 τῶν
1019 2068 1096 2119 περὶ

65 2123 215 2162 Κάσσιον
248 2124 350 2161 αὐτὸν
381 2124 439 2161 καὶ
470 2127 617 2175 Βροῦτον
649 2124 966 2163 ἐπιὸεὲουλεῧσθαι.
1028 2125 1096 2163 Καὶ

62 2183 80 2218 ὃ
100 2182 161 2231 μὲν
180 2185 289 2219 ταῦτα
307 2181 639 2234 ἐφιλανθρωπεύετο,
657 2180 751 2218 οὐδὲν
767 2184 917 2218 ὑπονοῶν
932 2182 1011 2232 περὶ
1029 2184 1096 2218 τῶν

63 2241 121 2276 ὑπ’
146 2241 248 2277 αὐτοῦ
267 2239 460 2290 λεγομένων
479 2255 515 2276 τε
535 2240 592 2276 καὶ
615 2239 901 2290 βεὸουλευμένων.
923 2239 1095 2282 Ἀντώνιος

64 2299 92 2334 δ’
108 2292 165 2336 οὖν
181 2299 253 2335 οὐδ’
268 2298 368 2335 αὐτὸν
386 2297 641 2348 παραδέξασθαι
658 2297 715 2334 τὸν
734 2297 876 2348 ἄγγελον
894 2300 1022 2349 ἀφῆκεν
1042 2300 1094 2334 ε’ν-

62 2357 116 2398 τὸς
134 2359 200 2393 τῶν
226 2358 352 2408 θυρῶν,
373 2355 461 2392 ἀλλὰ
480 2355 635 2406 ἀπεῖρξεν
657 2356 785 2404 ἀτίμως
814 2358 869 2405 (7).
897 2355 940 2393 ‘O
961 2357 990 2392 δ’
1011 2357 1095 2392 ε’πα-

62 2412 186 2450 νελθὼν
212 2414 270 2450 καί
286 2430 317 2450 τι
337 2413 439 2450 πλέον
461 2412 615 2459 ἀκηκοὼς
635 2414 832 2463 ἀπήγγελλε
862 2414 1033 2464 Καίσαρι,
1053 2416 1096 2456 ὡς

63 2471 138 2508 οὐδὲ
157 2472 306 2520 τοῦνομα
327 2472 427 2509 αὐτοῦ
448 2471 639 2523 διαφέροιτο
661 2472 738 2522 περὶ
758 2470 817 2514 τὰς
838 2472 1016 2509 Ἀντωνίου
1036 2472 1095 2508 θύ-

66 2544 125 2580 ρας
142 2531 175 2566 ἐν
195 2530 262 2572 τοῖς
279 2529 486 2580 ἀνθρώποις,
510 2532 554 2571 ὡς
575 2529 673 2571 αὐτος
694 2529 745 2575 εἴη
766 2533 782 2566 ὁ
801 2529 876 2571 τοὺς
893 2529 1012 2581 φονέας
1034 2545 1097 2566 πε-

66 2587 210 2639 πομφὼς
228 2587 406 2639 Ἀντωνίῳ,
423 2587 454 2624 οἳ
468 2587 508 2632 δὴ
527 2587 584 2624 καὶ
603 2589 775 2636 δεσμῶται
794 2581 872 2624 εἷεν.
888 2587 932 2625 ‘O
946 2587 980 2624 δὲ
997 2588 1095 2624 ἀκού-

67 2660 128 2687 σας
144 2645 182 2681 τὸ
199 2644 260 2693 μὲν
281 2647 414 2695 πρῶτον
436 2644 500 2681 ὑπὸ
514 2647 572 2681 τοῦ
593 2644 760 2690 ἀδοκήτου
780 2645 934 2690 ἠπίστει·
956 2645 1042 2694 μετὰ
1062 2645 1096 2681 δὲ

63 2696 259 2746 αἰσθόμενος
275 2696 336 2742 τὴν
350 2696 431 2743 ὅλην
450 2695 606 2746 γνώμην,
625 2699 669 2738 ὡς
687 2698 740 2732 ἐπ’
757 2697 860 2733 αὐτὸν
878 2697 929 2742 εἴη
945 2713 1093 2746 τετραμ-

64 2753 178 2802 μένον,
202 2754 289 2803 μετὰ
309 2757 375 2790 τῶν
394 2753 500 2805 φίλων
521 2754 659 2790 ἐσκόπει
678 2753 697 2790 ὅ
715 2770 745 2790 τι
765 2753 832 2805 χρὴ
857 2755 975 2792 ποιεῖν.
1005 2749 1093 2792 p11>oe

63 2812 96 2848 δὲ
117 2814 134 2848 ὃ
148 2812 326 2855 Φίλιππος
346 2812 405 2849 καὶ
420 2812 512 2849 Ἀτία
533 2814 572 2860 (s)
589 2815 609 2857 ἡ
629 2812 744 2862 μήτηρ
762 2812 1024 2863 διαπορούμενοι
1046 2816 1094 2863 τῷ

63 2869 243 2921 παραδόξῳ
257 2900 265 2916 ,
283 2870 342 2908 καὶ
371 2869 615 2918 πυνθανόμενοι
642 2870 690 2912 τίς
710 2872 726 2906 ὃ
746 2869 843 2918 λόγος
863 2870 914 2916 εἴη
927 2900 936 2915 ,
963 2870 1020 2907 καὶ
1048 2871 1096 2912 τίς

65 2929 83 2971 ἡ
103 2926 232 2965 διάνοια
253 2927 453 2978 τάνθρώπου
471 2943 478 2949 ·
508 2928 681 2978 παρῄνουν
702 2943 736 2963 τε
758 2928 851 2978 αὐτῷ
869 2931 1095 2978 ὑποχωρῆσαι

63 2984 215 3022 ἐκποδὼν
236 2984 364 3027 ἐκείνας
384 2984 443 3025 τὰς
472 2984 620 3036 ἡμέρας,
642 2984 722 3035 ἄχρι
742 2989 850 3021 ταῦτα
872 2985 1093 3027 ἐξετασθέντα

64 3042 301 3093 ἔκκαλυφθείη.
322 3043 390 3080 Καὶ
408 3042 452 3087 ὃς,
471 3042 529 3079 ἅτε
545 3043 638 3080 οὐδὲν
654 3045 764 3092 ἑαυτῷ
780 3043 937 3085 συνειδὼς
952 3047 1093 3089 τοιοῦτο,

66 3099 205 3137 ἔνδεινον
227 3100 310 3152 ᾤετο
341 3101 378 3150 (9)
398 3101 434 3136 ἐκ
465 3100 570 3148 μέσου
591 3100 676 3137 ἰέναι
702 3101 759 3136 καὶ
776 3100 899 3151 τρόπον
931 3101 1005 3136 τινὰ
1035 3116 1093 3136 κα-

65 3157 282 3206 ταγινώσκειν
301 3159 419 3194 ἑαυτοῦ
436 3173 443 3180 ·
459 3158 559 3194 πλέον
580 3157 644 3208 γὰρ
663 3158 758 3194 οὐδὲν
778 3158 947 3207 περαίνειν
970 3160 1014 3200 εἰς
1032 3160 1093 3194 τοὶ-

2104 211 2121 240 ί
2132 211 2148 238 [ι
2160 209 2176 237 23

1155 291 1328 328 prasertim
1342 302 1442 331 quum
1464 293 1527 323 suis
1547 294 1645 324 oculis
1664 296 1803 325 cerneret
1828 295 1987 334 quomodo
2014 296 2182 326 Cli-sariam

1155 353 1269 384 milites
1281 378 1288 392 ,
1306 355 1370 394 ipso
1386 356 1511 394 relicto,
1529 357 1768 396 frequentissimi
1784 360 1940 389 Caesarem
1956 368 1972 389 e
1995 360 2111 398 templo
2126 359 2181 388 ‹lo-

1154 423 1242 446 mum
1253 416 1452 448 deducerent.
1469 421 1575 457 Neque
1587 421 1774 451 continuisse
1789 430 1820 451 se
1832 421 1991 452 nonnullis
2007 422 2182 460 videbatur,

1154 477 1212 508 nisi
1230 478 1403 517 timuisset,
1420 489 1458 511 ne
1475 481 1587 511 milites
1604 491 1675 512 eum
1699 483 1874 514 adorientes
1888 484 2039 515 ultionem
2063 488 2182 524 repete·

1155 541 1245 577 rent,
1264 548 1300 569 ac
1319 540 1400 570 sacili
1418 541 1541 579 negotio
1559 544 1655 573 totam
1669 544 1736 582 ejus
1751 545 1915 575 factionem
1928 545 1967 575 ad
1980 555 2012 576 se
2029 547 2181 585 perti-alw-

1156 604 1235 633 rent.
1255 603 1523 642 Relinquebantur
1541 606 1623 636 enim
1642 608 1766 646 utrique
1788 609 1945 640 exercitus
1967 612 2114 640 eventum
2140 620 2182 640 re-

1156 674 1225 696 rum
1243 668 1446 706 aucupantes.
1467 669 1541 698 Haec
1558 668 1649 707 igitur
1675 680 1781 700 secum
1807 674 1952 711 reputans
1977 674 2184 704 cunctabatur

1154 736 1191 758 ac
1207 737 1311 758 moras
1324 728 1480 764 nectebat,
1495 730 1638 768 quamvis
1655 734 1776 762 mutata
1788 733 1852 771 jam
1867 736 2031 765 sententia.
2055 737 2182 766 interim

1155 791 1271 828 Caesar,
1283 789 1437 821 sinceram
1453 791 1545 821 fuisse
1558 793 1842 824 reconciliationem
1855 804 2032 834 persuasus,
2045 800 2183 836 quotidie.

1155 852 1283 883 domuin
1310 853 1435 883 Antonii
1463 853 1700 892 frequentabat,
1725 857 1760 886 ut
1776 865 1831 894 par
1850 860 1934 894 erat,
1960 867 2057 896 quum
2081 859 2131 889 ille
2153 862 2183 889 et,

1155 914 1263 944 consul
1279 916 1359 945 esset
1373 916 1404 945 et
1423 915 1525 945 senior
1539 917 1569 945 et
1585 916 1705 946 amicus
1725 919 1889 956 paternus,
1911 921 2006 958 atque
2028 920 2182 959 reliquum

1154 983 1301 1012 omnem,
1323 975 1427 1014 prouti
1452 976 1658 1015 promiserat,
1687 977 1837 1009 bonorem
1856 981 1882 1009 ei
1912 980 2062 1019 babebat,
2085 982 2184 1012 donec

1155 1035 1260 1066 denuo
1276 1036 1428 1067 Antonius
1444 1037 1574 1068 alteram
1589 1038 1735 1076 injuriam
1757 1039 1839 1078 prior
1862 1040 1965 1071 intulit
1982 1041 2065 1072 lnmc
2080 1043 2108 1072 in
2124 1052 2183 1073 mo-

1154 1098 1241 1128 dum.
1265 1101 1372 1135 Quum
1387 1100 1603 1130 Macedoniam
1626 1101 1819 1140 provinciam
1834 1110 1906 1132 eum
1924 1103 2024 1133 Gallia
2041 1113 2183 1134 eommu-

1154 1161 1268 1199 lasset,
1293 1162 1398 1200 copias
1420 1171 1437 1192 e
1455 1162 1634 1192 Macedonia
1652 1163 1681 1193 in
1697 1163 1818 1193 ltaliam
1837 1164 1959 1194 traduci
1986 1165 2086 1203 jussit.
2107 1170 2183 1203 Qua*

1155 1224 1207 1254 ubi
1237 1224 1441 1263 appulerant,
1468 1224 1545 1254 urbe
1570 1226 1646 1256 exiit
1663 1228 1697 1255 ut
1723 1225 1849 1255 obviam
1878 1226 1912 1256 iis
1938 1227 2180 1265 proliciseeretiu

1156 1286 1308 1325 usquead
1327 1286 1552 1317 Brundusium.
1569 1289 1768 1326 Censensque
1782 1288 1906 1326 tempus
1920 1291 2132 1327 opportunum
2148 1290 2185 1319 ad

1149 1359 1351 1399 exsequenda
1369 1358 1499 1388 consilia
1525 1366 1556 1387 sc
1575 1358 1706 1386 nactum
1727 1364 1811 1393 esse,
1832 1362 1992 1383 rumorem
2021 1354 2131 1391 sparsit
2155 1352 2192 1379 de

1151 1420 1287 1459 insidiis,
1318 1420 1434 1460 quibus
1462 1417 1621 1458 appetitus
1644 1416 1736 1446 esset.
1765 1416 1867 1453 Atque
1896 1413 2009 1443 milites
2034 1411 2191 1450 quosdam

1149 1478 1391 1519 comprelwndit
1405 1479 1436 1508 et
1456 1477 1484 1507 in
1503 1475 1629 1505 vincula
1647 1473 1799 1511 conjecit,
1820 1473 1929 1510 utpote
1943 1470 1980 1500 ad
1997 1470 2056 1500 boc
2074 1469 2190 1508 ipsum,

1147 1539 1181 1568 ut
1197 1546 1270 1568 eum
1296 1537 1527 1571 interficerent,
1552 1533 1724 1568 immissos3
1749 1533 1911 1561 auctorem
1934 1538 2008 1559 vero
2032 1530 2187 1559 Caesarem

1146 1605 1230 1634 esse,
1258 1604 1453 1634 quamquam
1483 1602 1545 1623 non
1575 1592 1687 1621 diserte
1716 1588 1933 1628 profitebatur,
1960 1586 2074 1617 subind
2087 1586 2188 1615 icabat

1147 1657 1263 1685 tamen.
1310 1653 1484 1684 Confestim
1509 1652 1590 1681 sama
1609 1658 1661 1688 per
1683 1648 1793 1678 urbem
1820 1646 1946 1676 nuntiat
1968 1645 2089 1675 consuli
2121 1644 2188 1673 insi-

1147 1709 1215 1740 dias
1230 1711 1378 1746 structas,
1393 1710 1424 1739 et
1438 1716 1596 1747 aggressos
1613 1714 1686 1736 eum
1706 1704 1834 1735 sicarios
1851 1703 2095 1742 comprehensos
2112 1711 2188 1730 esse.

1147 1769 1256 1799 Coetus
1273 1767 1388 1798 {iebant
1406 1766 1581 1796 amicorum
1602 1764 1733 1794 domum
1748 1762 1815 1801 ejus
1832 1760 2085 1796 accurrentium,
2103 1759 2183 1788 mili-

1148 1829 1258 1865 tesque
1279 1825 1416 1855 inarmis
1435 1823 1689 1854 arcessebantur.
1706 1821 1797 1851 Circa
1811 1828 1913 1850 seram
1928 1819 2065 1857 denique
2084 1825 2188 1854 vespe·

1150 1893 1214 1915 ram
1232 1883 1270 1914 ad
1287 1886 1445 1914 Caesarem
1458 1890 1585 1921 quoque
1596 1889 1699 1911 sermo
1716 1879 1811 1916 venit,
1828 1886 1939 1917 parum
1957 1877 2093 1906 abluisse
2108 1874 2187 1913 quin

1149 1943 1301 1973 Antonius
1315 1951 1332 1972 a
1349 1941 1467 1972 sicariis
1489 1940 1673 1970 interiectus
1696 1939 1779 1968 esset
1794 1962 1801 1974 ,
1819 1937 1955 1974 eiiinque
1973 1934 2115 1973 eorporis
2132 1942 2187 1962 cu-

1148 2001 1253 2032 stodes
1270 2001 1301 2030 in
1318 2001 1444 2030 noctem
1461 2006 1627 2029 arcessere.
1654 1998 1691 2026 lit
1714 1996 1820 2026 statim
1847 1996 1954 2025 Ca’sar
1974 1991 2129 2032 quosdam
2150 1991 2187 2020 ad

1148 2060 1281 2090 domum
1299 2059 1366 2097 ejus
1384 2058 1467 2088 misit
1481 2057 1534 2096 qui
1550 2055 1731 2086 nuntIarent
1748 2053 2036 2093 approperaturum
2057 2059 2090 2080 se
2105 2058 2186 2089 quo-

1150 2128 1211 2157 que
1223 2126 1296 2147 cum
1308 2115 1480 2147 ministerio
1493 2124 1551 2145 suo
1565 2114 1602 2144 ad
1619 2114 1734 2144 lectum
1748 2111 1886 2147 Antonii,
1900 2112 1936 2141 ut
1946 2109 2105 2140 securitati
2119 2108 2186 2145 ejus

1151 2176 1352 2215 prospiceret.
1366 2174 1519 2204 Videlicet
1527 2182 1543 2203 a
1552 2171 1649 2203 Cassii
1661 2173 1692 2202 et
1702 2171 1787 2201 Bruti
1796 2169 1889 2200 sociis
1898 2168 2023 2199 insidias
2031 2168 2056 2197 ei
2066 2167 2189 2206 paratas

1149 2243 1215 2265 esse
1233 2233 1373 2274 putabat.
1394 2234 1495 2263 Tanta
1511 2233 1617 2262 Cacsar
1633 2229 1828 2259 humanitate
1840 2236 1912 2258 eum
1924 2225 2187 2266 prosequebatm,

1157 2303 1228 2333 quze
1240 2294 1290 2325 ille
1301 2293 1457 2324 dictitaret
1465 2302 1501 2324 ac
1510 2293 1742 2323 machinaretur
1752 2293 1827 2323 nibil
1840 2293 2022 2331 suspicatus.
2034 2294 2186 2323 Antonius

1158 2361 1231 2382 vero
1249 2361 1288 2382 ne
1304 2352 1451 2382 nuntium
1469 2352 1597 2391 quidem
1616 2352 1697 2382 intra
1722 2352 1804 2381 sores
1829 2351 1951 2381 admitti
1971 2351 2095 2381 voiebat
2108 2375 2115 2387 ,
2133 2352 2184 2380 sed

1157 2410 1284 2440 arcebat
1298 2410 1514 2449 ignominiose.
1535 2412 1563 2440 ls
1579 2409 1671 2448 igitur
1687 2418 1829 2439 reversus
1847 2418 1918 2447 quae
1938 2410 2130 2439 accuratiora
2148 2409 2187 2439 de

1159 2477 1190 2499 re
1211 2471 1449 2508 comperuerat,
1470 2470 1586 2499 Caesari
1605 2468 1731 2504 retulit,
1749 2467 1834 2496 aiens
1847 2467 1914 2505 ejus
1934 2476 1971 2497 ne
1988 2476 2101 2497 nomen
2115 2468 2186 2506 qui-

1157 2527 1228 2556 dem
1242 2526 1279 2556 ad
1296 2527 1376 2557 sores
1394 2527 1517 2557 Antonii
1532 2526 1571 2556 ab
1586 2525 1763 2555 bominibus
1781 2524 1975 2563 pronuntiari
1990 2550 1997 2562 ‚
2016 2525 2106 2563 quasi
2123 2525 2186 2563 ipse

1159 2591 1377 2622 percussores,
1404 2584 1459 2621 qui
1480 2583 1544 2621 Jam
1570 2583 1667 2613 vincti
1696 2584 1816 2620 essent,
1836 2583 1970 2613 Antonio
1997 2583 2184 2613 immisisset.

1157 2642 1279 2676 Quibus
1301 2642 1414 2673 audilis
1434 2644 1539 2673 Caesar
1559 2642 1695 2681 primum
1713 2641 1841 2680 quidem
1860 2642 1900 2671 ob
1918 2641 2123 2680 improvisum
2145 2642 2186 2671 rei

1156 2700 1335 2735 diffidebam
1351 2710 1423 2730 mox
1452 2709 1523 2730 vero
1542 2701 1646 2730 totum
1665 2700 1827 2730 consilium
1850 2701 1958 2731 contra
1978 2700 2077 2739 ipsum
2104 2700 2184 2729 ‹lire-

1157 2761 1243 2789 ctum
1271 2767 1336 2789 esse
1352 2758 1488 2789 sentiens
1503 2783 1510 2796 ,
1538 2767 1611 2788 cum
1641 2758 1767 2795 amicis,
1789 2758 1865 2797 quid
1887 2758 2062 2788 faciendum
2087 2760 2185 2792 esset,

1157 2816 1440 2855 circumspiciebat.
1481 2816 1642 2854 Philippus
1654 2824 1780 2854 quoque
1794 2817 1825 2845 et
1841 2817 1906 2846 Atia
1921 2817 2021 2846 mater
2039 2824 2111 2845 casu
2128 2816 2186 2845 ino·

1158 2875 1264 2913 piuato
1279 2873 1488 2912 consternati,
1507 2873 1720 2910 advenerunt,
1739 2874 1933 2903 sciscitantes
1950 2883 2021 2912 quae
2043 2873 2183 2903 diceren-

1156 2934 1206 2962 tur
1222 2934 1253 2963 et
1272 2932 1347 2971 quid
1366 2932 1460 2961 bomo
1486 2932 1542 2961 iste
1565 2931 1621 2962 sibi
1643 2932 1745 2961 vellet*
1794 2936 1835 2961 Ar
1853 2931 2024 2961 suadebant
2052 2931 2183 2967 Caesari,

1157 2991 1191 3019 ut
1209 2999 1261 3029 per
1280 2990 1344 3019 dies
1361 2990 1480 3028 aliquot
1494 2998 1532 3018 ex
1548 2988 1625 3018 urbe
1636 2988 1808 3019 discederet
1825 2988 2001 3026 usquedum
2020 2997 2066 3018 res
2080 2988 2185 3026 explo-

1157 3050 1223 3078 rata
1241 3049 1271 3077 et
1285 3048 1439 3086 patefacta
1457 3048 1547 3076 esset.
1569 3046 1622 3076 lile
1644 3042 1718 3076 vero
1735 3046 1852 3076 nullius
1870 3045 1926 3076 sibi
1950 3044 2094 3075 facinoris
2108 3053 2183 3073 cou-

1156 3106 1253 3143 scius,
1268 3114 1360 3144 grave
1374 3104 1510 3134 ducebat
1530 3104 1553 3134 si
1580 3113 1596 3133 e
1611 3106 1778 3142 conspectu
1805 3112 1836 3133 se
1856 3103 2063 3138 subduceret,
2086 3110 2184 3138 eoque

1157 3165 1248 3202 pacto
1262 3173 1294 3193 se
1310 3164 1373 3202 ipse
1396 3161 1631 3201 quodammodo
1650 3161 1891 3198 con‹lemmu·et;
1910 3169 2009 3197 neque
2024 3159 2061 3187 ad
2085 3157 2183 3194 majo-

65 3271 165 3311 ρίου]
183 3273 359 3312 δραστήριον
379 3274 447 3303 cod.
466 3293 504 3298 —
524 3278 550 3303 3.
569 3273 703 3312 ἀκονιτὶ]
723 3274 805 3303 ὰκὼν
823 3274 864 3303 ἔτι
883 3273 952 3303 cod.
969 3293 1007 3298 -—
1027 3277 1052 3302 ²1.
1069 3284 1099 3303 τε
1116 3273 1125 3312 ]
1143 3285 1191 3303 ται
1209 3274 1259 3302 καὶ
1280 3273 1387 3302 ώκνυει
1412 3272 1479 3302 rod.
1497 3292 1535 3296 —
1560 3277 1588 3302 5.
1615 3270 1864 3309 διήγγελλεν)
1888 3269 2039 3306 διήγγελεν
2058 3266 2125 3295 eod,
2144 3284 2181 3289 -

68 3323 96 3347 ϋ.
115 3317 255 3356 Καίσαρα
269 3317 303 3357 ὁ]
317 3318 462 3358 καίσαρος
475 3319 545 3348 cod.
562 3337 599 3339 —
615 3321 641 3349 7.
658 3321 725 3348 Sec.
742 3320 870 3357 Appian.
890 3321 928 3349 ΙΙΙ
943 3344 950 3355 ,
968 3323 1004 3350 39
1021 3319 1083 3358 ipse
1095 3322 1199 3349 Caesar
1214 3319 1251 3348 ad
1266 3318 1395 3348 donnum
1413 3319 1536 3348 Antonii
1551 3318 1735 3348 delensurus
1748 3325 1780 3345 se
1795 3316 1888 3344 xenit.
1907 3333 1945 3338 ——
1962 3318 1988 3344 8.
2011 3317 2031 3342 Α
2043 3313 2103 3341 τίοι
2121 3312 2125 3350 l
2141 3312 2182 3339 sir

69 3361 98 3391 b.
121 3362 141 3392 l.
160 3364 258 3401 Supra
280 3371 402 3402 semper
417 3363 525 3394 Ἀντία.
554 3381 591 3385 —-
607 3370 634 3394 υ.
652 3364 772 3393 {wasia
785 3375 822 3394 ον
836 3364 955 3403 ᾤετο..
977 3365 1094 3403 ἰέναι)
1121 3365 1290 3395 {veson-'mo
1309 3365 1341 3394 ἐν.
1360 3365 1453 3402 μέσου
1471 3364 1545 3393 εἶναι
1574 3363 1682 3392 codex.
1708 3362 1808 3391 l'ossis
1835 3360 1928 3390 etiam
1956 3360 2103 3388 ἐδεινοῡτο
2121 3361 2181 3395 τῷ,
