2289 3728
801 95 1079 132 NYMl'lllDlS
1110 98 1435 137 FRAGMENTA.

42 189 179 225 occidit
195 187 429 234 Lysimachus
450 184 578 232 (286).
599 184 754 229 Reliqua
768 184 905 229 pam-is,
924 190 961 217 ut
980 183 1078 216 vido-

42 257 112 291 tnr,
130 259 205 281 uno
217 247 313 279 libro
327 244 492 279 absolvit.
508 241 755 289 Nymphidem
771 253 846 287 prae
864 242 992 275 ceteris
1006 241 1078 274 ‹hi—

43 317 122 341 cem
153 310 297 339 secutus
328 302 439 336 fuerit
465 301 643 334 Memnon
674 299 864 332 historiam
894 299 1078 333 lleraclrae

42 373 156 408 usque
189 360 236 395 ad
256 359 366 394 finem
401 357 603 404 tyrannidis
629 356 829 390 duodecim
859 356 946 390 item
977 356 1081 389 libris

43 419 266 466 complexus,

94 477 258 512 Tertium
275 487 367 522 opus
384 472 689 520 Nymphidisuno
704 472 787 505 loco
808 470 979 505 laudatur
1006 469 1078 505 Πε-

48 533 185 584 ρίπλους
204 530 315 572 Ἀσίας
337 531 442 579 (vide
460 530 505 564 fr.
536 528 616 577 17).
636 550 687 557 -·—
707 530 877 564 Ceterum
898 529 1003 574 copia
1021 540 1080 561 re—

45 604 126 628 rum
141 598 174 625 et
187 591 361 625 varietate
375 589 510 634 scripta
539 586 697 634 insignia
714 586 821 620 fuisse
838 598 880 620 ex
900 585 1077 631 fragmen-

46 651 89 683 tis
100 650 182 683 licet
200 658 442 695 cognoscere3
459 645 505 680 de
516 644 589 679 fide
609 644 770 678 auctoris
781 643 963 689 judicium
980 643 1076 677 serre

47 718 122 740 non
135 707 264 742 ausim.

334 779 450 816 ΠΕΡΙ
482 776 786 814 ΗΡΑΚΛΕῙΑΣ.

464 858 605 892 LIBER
635 858 666 892 I.

548 949 581 972 1.

100 1013 274 1061 Stephan.
300 1013 420 1059 Byz..
453 1009 602 1061 Φρίξος,
637 1007 734 1052 πόλις
756 1009 907 1051 Λυκίας·
929 1023 1001 1045 εστι
1019 1023 1078 1044 και

51 1073 181 1126 Φρίξου
217 1071 322 1120 λιμὴν
354 1069 450 1121 παρὰ
479 1086 528 1106 τω
558 1067 705 1117 στόματι
738 1083 798 1105 του
820 1067 951 1104 Πόντου
980 1069 1014 1103 ἐν
1039 1082 1080 1116 τῃ

51 1129 274 1179 Χαλκηδονία
291 1129 438 1179 περαίᾳ,
457 1143 536 1178 περι
556 1130 593 1163 οὗ
614 1126 785 1178 Νύμφις
771 1142 805 1162 εν
820 1122 851 1161 α’
864 1140 942 1176 περι
968 1123 1079 1176 ’-11ρα

51 1188 164 1229 κλείας
199 1187 280 1224 τάδε
311 1185 393 1237 φησί
406 1185 461 1204 ***
466 1186 548 1224 .Cf.
569 1186 715 1221 Mullel.
734 1186 828 1220 Min.
847 1198 884 1232 p.
913 1184 1000 1231 289.

552 1274 589 1299 2.

103 1340 224 1376 Schol.
245 1339 370 1385 Apoll.
400 1337 474 1372 Rh.
501 1337 557 1380 ΙΙ,
587 1348 660 1383 729
685 1347 694 1372 t
719 1333 802 1370 “Ort
821 1335 843 1378 ἡ
863 1332 941 1384 περὶ
971 1332 1084 1383 Ἡρά-

42 1399 169 1434 κλειαν
201 1393 419 1446 Ἀχερουσιὰς
458 1391 680 1443 (Ἀχερουσία
719 1391 809 1443 ἄκρα
835 1393 921 1429 cod.
950 1390 1084 1440 Paris.)

55 1453 249 1502 καλουμένη
280 1451 494 1502 πανταχόθεν
521 1453 559 1488 ἐκ
594 1449 768 1495 θαλάσσης
802 1450 893 1487 ἐστὶν
917 1449 1030 1500 ὑψηλή
1051 1464 1086 1485 τε

55 1512 111 1550 καὶ
123 1511 364 1562 ἀπόκρημνος,
384 1509 443 1546 καὶ
461 1507 682 1546 ἀπονένευκεν
699 1510 743 1549 εἷς
758 1506 891 1557 δυσμὰς
905 1509 950 1549 εἷς
969 1507 1087 1557 τὸπρὸ

55 1573 114 1616 τῆς
135 1569 289 1611 Βιθυνίας
317 1568 484 1616 πέλαγος·
506 1565 565 1603 καὶ
597 1566 648 1603 ὅτι
680 1571 896 1616 προσπῖπτον
935 1566 1021 1615 αὐτῇ
1049 1565 1086 1601 τὸ

56 1631 147 1674 κ’ὖμα
163 1626 324 1677 σφοδροὺς
345 1626 504 1661 ἀποτελεῖ
520 1624 625 1674 ἤχους
639 1635 648 1644 ·
671 1624 730 1660 καὶ
743 1623 899 1674 περὶτῶν
917 1623 969 1659 ἐπ’
981 1622 1088 1673 ἄκρας

58 1686 160 1730 αὐτῆς
178 1685 372 1734 πεφυκυιῶν
388 1682 588 1727 πλατάνων,
612 1681 671 1718 καὶ
690 1684 749 1718 τοῦ
771 1683 824 1717 ἐπ’
842 1682 928 1731 αὐτῇ
949 1681 1087 1730 πεδίου,

58 1742 115 1780 καὶ
129 1742 181 1779 ὅτι
193 1743 283 1778 δοκεῖ
299 1740 416 1778 αὐτόθι
429 1739 621 1782 κατάὸασις
642 1741 686 1781 εἷς
700 1739 781 1791 ᾅδου
795 1738 973 1790 ὑπάρχειν,
992 1739 1089 1788 Νύμ-

59 1816 112 1851 φις
131 1801 164 1836 ἐν
184 1801 233 1850 τῷ
254 1799 344 1850 Περὶ
358 1797 568 1849 (Ηρακλείας
585 1797 617 1833 α’
635 1797 735 1849 φησί·
752 1795 833 1846 παρ’
858 1791 895 1832 οὗ
915 1795 1090 1833 Ἀπολλώ·

58 1872 124 1898 νιος
145 1856 232 1893 ἔοικε
250 1859 357 1892 ταῦτα
380 1854 597 1905 μεταφέρειν.
616 1856 670 1892 Cf.
686 1855 876 1891 Herodor.
896 1855 939 1891 fr.
958 1855 1020 1892 25.

113 1918 166 1950 Ex
177 1915 306 1950 eodem
323 1915 424 1949 fonte
437 1913 611 1948 fluxerint
629 1914 814 1960 sequentia
833 1925 841 1947 ’.
861 1913 905 1949 Οἱ
921 1911 1004 1962 (εἰς)
1029 1912 1090 1957 τὴν

60 1971 270 2022 Ἡράκλειαν
290 1969 547 2011 κατοικίσαντες
565 1971 739 2019 Μεγαρεῖς
752 1998 760 2013 ,
776 1969 831 2005 ὅτε
851 1971 897 2011 εἷς
913 1969 974 2015 τὴν
992 1972 1091 2007 ἀποι-

62 2029 137 2066 κίαν
158 2029 294 2075 ἔπλεον,
314 2026 554 2078 χειμασθέντες
571 2028 617 2068 εἰς·
640 2025 697 2063 τὸν
728 2026 908 2077 Ἀχέροντα
938 2027 1092 2076 ποταμὸν

63 2086 262 2138 κατέφυγον,
281 2085 353 2123 ὅθεν
371 2085 428 2122 καὶ
446 2083 664 2125 διασωθέντες
684 2086 713 2120 οἱ
733 2087 857 2120 ναῦται
881 2084 1091 2129 Σοωναύτην

63 2146 226 2183 ἐκάλεσαν
256 2144 369 2181 αὐτόν.
392 2138 500 2181 Οῧτοι
520 2142 555 2180 δὲ
572 2145 602 2180 οἱ
639 2143 880 2194 ἹΙρακλεῶται
904 2144 1092 2194 Μεγαρέων

65 2203 147 2242 εἰσὶν
169 2203 306 2242 ἄποικοι
326 2201 385 2241 καὶ
414 2203 585 2250 Βοιωτῶν,
614 2204 811 2238 κατοικοῦσι
828 2201 862 2238 δὲ
892 2203 925 2238 ἐν
942 2204 984 2252 τῇ
1007 2204 1093 2240 Μα-

67 2264 246 2315 ριανδυνῶν
265 2262 373 2314 χώρᾳ.

560 2338 594 2374 3.

120 2416 222 2450 Idem
248 2416 304 2456 ΙΙ,
486 2414 645 2460 Phryges
673 2421 709 2448 et
733 2415 825 2460 Mysi
857 2415 902 2448 ab
924 2405 1094 2450 hercule

338 2414 411 2459 786
445 2427 453 2448 :

292 2521 533 2559 fflsTORlA
570 2521 870 2559 HERACLEAE.

567 2599 597 2630 1.

109 2660 258 2698 Phrixus,
276 2659 352 2689 urbs
369 2660 481 2698 Lyciae.
510 2660 563 2690 Est
584 2658 679 2690 etiam
697 2658 804 2689 Phrixi
822 2661 931 2698 portus
949 2660 988 2690 ad
1007 2661 1096 2691 Ponti

69 2711 182 2741 ostium
198 2711 230 2741 in
246 2711 477 2742 Chalcedonica
490 2719 563 2748 ora,
589 2710 628 2741 de
641 2719 704 2750 quo
720 2711 872 2750 Nymphis
897 2711 977 2741 libro
997 2712 1097 2751 primo

71 2765 114 2794 De
129 2763 275 2794 Heraclea
286 2763 329 2793 ita
342 2763 436 2794 habet
452 2776 458 2794 ε
476 2763 529 2779 ***

567 2824 600 2855 2.

111 2893 156 2924 Ad
170 2894 351 2925 Heracleam
368 2893 592 2932 Acherusium,
606 2893 691 2933 quod
705 2895 835 2932 vocant,
849 2893 1098 2933 promontorium

52 2948 54 2950 ’
72 2944 169 2975 altum
187 2946 219 2976 et
235 2945 407 2984 abruptum
421 2944 560 2984 undique
572 2954 589 2975 e
604 2945 680 2975 mari
694 2945 872 2984 prominere
882 2969 890 2984 ,
905 2947 936 2976 et
951 2954 1098 2976 oceasum

63 2989 180 3026 'versus
202 2997 343 3035 spectare
356 2995 394 3026 ad
417 3004 503 3027 mare
522 2996 745 3035 Bithynicum,
767 3005 958 3035 magnosque
983 2997 1098 3026 undam

74 3046 242 3076 illidentem
262 3046 353 3078 edere
369 3047 527 3086 strepitus,
540 3055 633 3086 porro
651 3046 690 3077 de
713 3046 846 3085 platanis
857 3071 865 3085 ‚
877 3056 949 3086 quae
965 3055 1099 3077 naseun-

74 3097 166 3127 turin
182 3106 303 3129 summo
328 3099 489 3129 cacumine
500 3123 508 3137 ‚
523 3101 554 3129 et
578 3099 616 3129 de
635 3098 762 3138 planitie
787 3099 816 3129 in
830 3108 866 3129 eo
879 3122 887 3136 ‚
910 3107 968 3129 nec
986 3107 1048 3129 non
1062 3098 1101 3129 de

74 3146 233 3185 descensu,
244 3150 298 3188 qui
315 3149 429 3180 ibidem
445 3149 484 3180 ad
501 3150 615 3180 inferos
631 3158 696 3179 esse
709 3149 859 3187 creditur,
872 3149 1022 3188 Nymphis
1032 3158 1098 3179 nar-

75 3199 123 3228 rat
140 3198 218 3229 libro
236 3201 338 3238 primo
359 3203 402 3231 De
424 3201 582 3232 Heraclea.
600 3200 678 3231 Hinc
691 3208 748 3230 sua
761 3200 924 3231 mutuatus
938 3208 1002 3231 esse
1017 3200 1100 3230 vide-

76 3248 126 3277 tur
141 3249 330 3288 Apollonius.

2121 109 2164 141 13

1141 187 1307 231 Dascylo,
1326 188 1399 233 regi
1419 187 2018 235 Mnriandynorum,subjiciuntur.
2037 192 2076 227 V.
2094 193 2170 225 lle-

1140 242 1268 277 rodor.
1294 243 1338 278 l'r.
1368 244 1424 277 1(i.

1639 324 1646 337 Ι

1634 339 1670 360 Α..

1191 394 1315 439 steph.
1333 396 1416 439 Byz.
1439 408 1446 429 2
1470 394 1613 439 ἰΎπιος,
1636 397 1788 445 ποταμὸς
1808 397 1866 434 καὶ
1891 397 1988 439 πόλις
2016 398 2081 435 ὑπὸ
2107 397 2170 443 τὴν

1142 450 1312 493 Ποντικὴν
1331 448 1555 499 ἹΙροίκλειαν,
1590 455 1634 494 ὡς
1662 455 1820 502 Δουίτιος
1856 455 2150 505 Καλλίστρατος
2135 473 2169 493 εν

1140 505 1227 542 ἔικτι)
1244 521 1310 542 των
1329 506 1417 556 Περι
1432 506 1683 557 11ρακλείας..
1707 511 1753 548 Ἐ
1758 527 1811 548 στι
1828 528 1885 549 και
1901 512 1950 550 Ὗ
1954 528 2014 549 πια
2034 513 2096 565 ὄρη
2115 529 2171 550 αυ-

1139 562 1232 611 τόθι,
1254 565 1297 605 ὣς
1315 564 1482 614 Νύμφις
1469 580 1501 601 εν
1532 566 1656 617 πρώτω
1684 570 1818 619 [Περὶ]
1853 570 2075 621 Ηρακλείας.
2100 573 2171 610 Καὶ

1140 635 1215 662 τους
1234 636 1476 664 κατοικουντας
1496 637 1530 658 εν
1551 629 1619 665 τοῖς
1646 624 1737 675 ὄρεσι
1767 627 1895 670 τούτοις
1920 628 2058 671 Μυσούς
2088 644 2171 680 φασι

1140 678 1300 728 (φησιῗ)

1640 748 1675 785 5.

1196 833 1306 867 Schol
1322 823 1325 825 ¹
1344 834 1468 880 Apoll.
1491 835 1563 871 Rh.
1588 836 1647 879 II,
1676 835 1764 881 752,
1789 837 1835 872 de
1862 840 1962 885 Lyco
1984 853 2069 889 rege
2097 843 2172 877 Ma-

1141 890 1422 937 riandynorum.
1444 893 1487 928 V.
1505 893 1694 928 Herodori
1714 894 1760 929 fr.
1783 899 1844 942 [¹9-

1639 973 1678 1010 6.

1195 1060 1299 1094 Idem
1320 1062 1368 1105 ΙΙ,
1389 1061 1463 1096 650
1486 1072 1494 1098 :
1515 1059 1659 1106 Κολώνη
1681 1061 1738 1110 δὲ,
1753 1061 1860 1105 ούτως
1877 1063 1965 1114 ἄκρα
1981 1065 2188 1113 καλουμενη”

1143 1131 1221 1167 περι
1245 1132 1302 1153 τον
1337 1117 1446 1154 Λύκον
1480 1119 1647 1166 ποταμόν.
1680 1119 1867 1168 Μέμνηται
1901 1123 2004 1168 αὐτῆς
2042 1124 2177 1175 Νύμφις

1144 1176 1161 1210 ὃ
1178 1173 1455 1224 ειΗρακλεύτης
1440 1190 1474 1211 εν
1489 1191 1538 1212 τω
1560 1176 1646 1227 Περὶ
1661 1176 1884 1228 Ηρακλείας.

1646 1284 1680 1315 7.

1198 1354 1301 1390 Idem
1317 1357 1375 1399 11,
1396 1355 1468 1391 815
1481 1386 1489 1400 ,
1508 1356 1642 1391 Idmon
1668 1358 1714 1392 ab
1734 1370 1825 1405 apro
1847 1359 2058 1395 interfectus
2078 1361 2179 1408 apud

1146 1412 1409 1459 Mariandynos
1447 1414 1484 1448 in
1526 1416 1830 1450 Heracleotarum
1870 1419 2036 1465 regione.
2088 1419 2180 1453 Vide

1148 1470 1337 1505 Herodori
1358 1471 1488 1519 fragm.
1509 1470 1570 1507 56.

1648 1564 1682 1601 8.

1202 1654 1306 1689 Idem
1325 1655 1378 1699 ΙΙ,
1402 1656 1491 1697 854.
1524 1656 1669 1691 Ibidem
1699 1658 1808 1691 eliani
1831 1658 1968 1704 Tiphys
2002 1658 2181 1706 guberna-

1150 1718 1210 1747 tor
1221 1712 1319 1748 diem
1335 1715 1439 1751 obiit.
1464 1714 1557 1749 Vide
1573 1715 1762 1750 Herodori
1779 1716 1909 1763 fragm.
1931 1715 1994 1751 58.
2063 1726 2065 1729 ’

1648 1820 1683 1853 9·

1204 1897 1399 1931 Athenaeus
1414 1898 1512 1941 XIV,
1532 1910 1570 1944 p.
1595 1898 1683 1945 619,
1703 1898 1763 1936 F:
1787 1896 1923 1949 Νύμφις
1954 1899 1982 1934 δ’
2006 1900 2040 1935 ἐν
2056 1899 2182 1951 πρόητω

1154 1952 1239 2003 Περι
1267 1951 1400 2003 Ηρακλ
1404 1952 1472 1995 είας
1493 1969 1570 2004 περι
1594 1956 1841 2006 Μαριανδυνων
1869 1955 2090 2005 διηγούμενος
2114 1973 2180 2008 φη-

1154 2010 1224 2046 σίν·
1249 2028 1263 2042 «
1288 2009 1437 2059 ‘Ouoimq
1471 2010 1505 2047 δε
1529 2012 1587 2048 καὶ
1613 2028 1680 2049 των
1708 2013 1803 2064 ᾠδων
1830 2013 1917 2055 ἐνίας
1939 2028 2181 2059 κατανοησειεν

1154 2066 1194 2103 ἅν
1208 2083 1273 2112 τις,
1292 2067 1329 2109 ὰς
1351 2070 1470 2105 εκεῖνοι
1487 2069 1575 2105 κατά
1589 2085 1662 2105 τινα
1679 2070 1994 2120 ἐπιχωριαζομένην
2014 2074 2097 2122 παρ’
2115 2073 2184 2108 αὐ·

1153 2127 1221 2166 τοῖς
1254 2124 1432 2170 συνήθειαν
1469 2126 1604 2177 ᾄδοντες
1640 2127 1892 2164 ἀνακαλοῦνταί
1924 2144 1999 2164 τινα
2025 2131 2091 2165 τῶν
2117 2130 2180 2179 ἀρ-

1153 2182 1275 2233 χαίων,
1298 2182 1603 2234 προσαγορεύοντες
1623 2187 1781 2235 Βῶρμον.
1808 2187 1939 2223 Τοῦτον
1966 2185 2000 2222 δὲ
2027 2186 2181 2236 λέγουσιν

1154 2239 1225 2275 υἱὸν
1258 2239 1414 2287 γενέσθαι
1450 2240 1568 2293 ἀνδρὸς
1585 2243 1767 2293 ἐπιφανοῦς
1797 2243 1855 2280 καὶ
1878 2244 2058 2290 πλουσίου,
2079 2246 2128 2293 τῷ
2148 2244 2182 2280 δὲ

1153 2297 1270 2333 κάλλει
1290 2298 1349 2334 καὶ
1366 2302 1407 2349 τῇ
1429 2298 1518 2335 κατὰ
1538 2299 1601 2345 τὴν
1626 2299 1740 2349 ἀκμὴν
1765 2299 1837 2352 ὥρα
1864 2300 1949 2337 πολὺ
1974 2304 2041 2338 τῶν
2070 2301 2182 2338 ἄλλων

1155 2355 1350 2404 διενεγκεῖν·
1378 2355 1413 2393 ὃν
1431 2358 1607 2408 ἐφεστῶτα
1629 2357 1738 2408 ἔργοις
1756 2358 1868 2404 ἰδίοις,
1892 2359 1950 2395 καὶ
1978 2358 2182 2408 βουλόμενον

1154 2418 1221 2456 τοῖς
1241 2412 1403 2464 θερίζουσι
1425 2415 1540 2451 δοῦναι
1568 2417 1669 2461 πιεῖν,
1689 2415 1869 2466 βαδίζοντα
1893 2418 1945 2467 ἐφ’
1966 2416 2069 2467 ὕδωρ,
2093 2418 2183 2467 ἀφα-

1196 2587 1332 2626 Hypius,
1359 2587 1473 2619 ssuvius
1500 2590 1531 2619 et
1557 2589 1632 2620 urbs
1654 2589 1845 2620 Heracleotis
1869 2590 2028 2628 subjecta,
2052 2591 2087 2620 ut
2120 2592 2183 2621 Do-

1155 2639 1261 2669 mitius
1273 2639 1470 2670 Callistratus
1492 2640 1536 2670 ait
1565 2640 1644 2670 libro
1661 2642 1751 2670 sexto
1769 2642 1813 2670 De
1828 2642 2014 2671 Heraclea...
2033 2644 2113 2673 Sunt
2127 2643 2180 2673 ibi-

1154 2690 1225 2720 dem
1251 2690 1345 2721 etiam
1371 2693 1493 2722 montes
1511 2692 1619 2731 Hypii,
1646 2693 1682 2722 ut
1704 2692 1856 2731 Nymphis
1872 2693 1966 2723 refert
1988 2693 2066 2724 libro
2082 2694 2183 2733 primo

1156 2743 1200 2772 De
1218 2742 1368 2772 Heraclea
1380 2765 1388 2780 ,
1402 2751 1539 2781 quorum
1554 2742 1673 2773 incolas
1686 2745 1788 2782 Mysos
1805 2751 1871 2774 esse
1884 2743 1970 2775 dicit.

1196 2862 1314 2893 Colone
1327 2875 1333 2893 :
1345 2862 1389 2893 sic
1399 2863 1578 2894 nominatur
1591 2863 1841 2902 promontorium
1856 2863 1896 2894 ad
1907 2865 2025 2903 Lycum
2038 2864 2181 2895 fluvium.

1156 2913 1230 2952 Ejus
1254 2914 1397 2944 meminit
1413 2914 1562 2954 Nymphis
1585 2914 1767 2945 Heracleota
1795 2914 1827 2944 in
1851 2914 1986 2945 Historia
2010 2916 2179 2946 Heracleae.

1652 2975 1684 3006 9.

1198 3040 1349 3079 Nymphis
1363 3039 1442 3070 libro
1452 3039 1553 3078 primo
1568 3041 1613 3070 De
1627 3039 1790 3077 Heraclea,
1804 3039 1843 3069 de
1860 3039 2071 3078 Mariandynis
2087 3039 2182 3069 verbu

1158 3091 1272 3121 faciens
1288 3091 1357 3121 ait:
1391 3103 1405 3116 «
1431 3090 1581 3121 SimIliter
1605 3098 1679 3120 vero
1703 3089 1935 3120 animadvertat
1964 3090 2076 3128 aliquis
2097 3089 2179 3128 apud

1157 3152 1209 3174 eos
1228 3143 1349 3174 cantica
1366 3142 1513 3181 quaedam
1524 3166 1532 3179 ,
1548 3150 1618 3181 quae
1635 3142 1676 3171 illi
1689 3151 1728 3172 ex
1741 3142 1841 3180 patrio
1867 3141 2009 3171 instituto
2035 3141 2181 3170 canentes

1158 3199 1306 3228 invocant
1324 3198 1462 3236 priscum
1487 3197 1624 3235 aliquem
1648 3198 1814 3233 Bormum,
1833 3204 1927 3234 quem
1942 3195 2067 3223 vocant.
2090 3195 2180 3223 Hune

1161 3250 1247 3279 aiunt
1260 3248 1358 3279 silium
1378 3248 1469 3278 fuisse
1484 3247 1540 3277 viri
1556 3247 1681 3277 illustris
1698 3248 1729 3277 et
1751 3245 1888 3283 opulenti
1903 3268 1910 3281 ‚
1928 3245 2024 3274 forma
2036 3245 2066 3273 ot
2079 3243 2180 3273 aetaiis
