2338 3765
940 210 1265 250 FRAGMENTA.
2096 217 2168 249 587

60 298 196 351 ριδάτης
217 297 325 343 ἤστην
341 295 477 348 ἀδελφὼ
498 294 718 346 Ἀρσακίδαι,
741 297 798 332 τοῦ
820 295 893 332 υἷοῧ
918 295 1086 346 Ἀρσάκου
1141 297 1239 341 snit,
1260 299 1370 333 sedec
1386 302 1460 345 ipse
1479 301 1630 333 Arsaces
1643 300 1770 333 (lictus.
1790 301 1859 334 Pro
1879 300 2052 335 Pherecle
2085 302 2178 345 Syn-

57 360 115 394 τοῦ
132 355 330 407 Φριαπίτου
346 353 520 404 ἀπόγονοι.
541 346 647 391 Οῧτοι
665 353 846 403 Φερεκλέα
860 352 917 389 τὸν
935 354 1000 389 ὑπὸ
1015 353 1087 390 Ἀν-

57 407 172 458 τιόχου
203 410 261 444 τοῦ
278 406 443 457 βασιλέως
462 404 572 455 (Θεὸν
599 404 700 441 αὐτὸν
721 404 863 450 ἐπίκλην
883 404 1085 454 ὠνόμαζον)

59 465 237 517 σατράπην
255 466 366 502 αὐτῶν
385 466 446 510 τ’ἧς
462 462 578 514 χώρας
593 462 833 508 καταστάντα,
852 463 926 500 ἐπεὶ
942 463 998 499 τὸν
1017 462 1088 499 ἕτε-

60 538 115 574 ρον
136 525 203 560 τῶν
233 523 387 574 ἀδελφῶν
418 522 569 572 αἰσχρῶς
595 520 754 571 ἐπείρασε
780 520 1010 571 βιασάμενος,
1031 521 1090 556 οὐκ

59 579 248 630 ἐνεγκόντες
267 579 327 624 τὴν
352 578 461 630 ὕὲριν,
491 579 623 615 ἀνεῒλόν
646 594 683 616 τε
704 578 759 615 τὸν
791 577 1003 630 ὑδρίσαντα,
1031 577 1088 614 καὶ

59 638 183 688 ἑτέροις
196 637 295 674 πέντε
308 635 369 681 τὴν
383 635 504 686 πρᾶξιν
520 635 852 685 ἀνακοινωσάμενοι·
869 635 928 673 καὶ
945 634 983 671 τὸ
1001 634 1089 677 ἔθνος

59 694 270 734 Μακεδόνων
303 694 515 741 ἀπέστησαν,
537 693 595 731 καὶ
619 694 695 731 καθ’
723 693 863 737 ἑαυτοὺς
890 689 1010 745 ἦρξαν,
1032 693 1090 730 καὶ

60 754 115 792 ἐπὶ
136 753 224 803 μέγα
247 753 420 802 δυνάμεως
445 752 596 803 ἤλασαν,
627 755 671 795 ὡς
691 753 750 790 καὶ
767 752 956 801 Ῥωμαίοις
977 753 1091 804 ἀντιρ-

61 810 180 863 ρόπους
201 811 315 862 μάχας
334 810 468 856 θέσθαι,
498 809 601 847 ἐνίοτε
628 809 662 846 δὲ
687 808 744 846 καὶ
772 811 846 858 μεθ’
872 812 1002 846 ἑαυτῶν
1028 809 1090 855 τὴν

59 869 155 915 νίκην
173 869 311 920 ἔχοντας
321 872 380 906 τοῦ
399 868 549 918 πολέμου
567 868 739 906 ἀπελθεῖν.
799 867 955 918 Πάρθους
971 867 1006 904 δέ
1023 883 1092 919 φη·-

60 941 112 964 σιν
134 927 188 965 ἐπὶ
207 926 440 974 Σεσώστριδος
454 930 512 964 τοῖ’)
529 925 725 975 Αἰγυπτίων
745 924 911 976 βασιλέως
928 925 985 962 καὶ
1000 926 1093 963 Ἰαν-

61 985 162 1023 δύσου
194 988 251 1022 τοῦ
276 986 418 1022 Σκυθῶν
440 983 508 1021 ἀπὸ
527 986 587 1029 τ’ἧς
613 986 706 1034 σφῶν
732 983 848 1034 χώρας
875 983 1022 1025 Σκυθίας
1049 984 1093 1025 εἷς

60 1042 119 1088 τὴν
152 1045 209 1079 νῦν
241 1044 459 1092 μετοικῆσαι.
519 1041 590 1084 Οὓς
618 1044 634 1077 ὅ
667 1041 840 1090 Ρωμαίων
872 1040 1093 1093 αὐτοκράτωρ

61 1100 232 1153 Τραϊανὸς
254 1099 344 1137 κατὰ
371 1100 494 1151 κράτος
514 1098 728 1140 ταπεινώσας
749 1098 982 1141 ὑποσπόνδους
1003 1101 1092 1150 ἀφῆ-

61 1174 130 1205 κεν,
151 1158 248 1201 αὐτὸς
265 1159 376 1201 αὐτοῖς
393 1158 448 1194 τὸν
468 1157 612 1208 βασιλέα
633 1157 950 1205 καταστησάμενος.

113 1223 168 1261 Cf.
180 1224 384 1270 Syncelhp.
401 1223 489 1265 284,
501 1224 528 1257 B
551 1235 559 1257 ε
583 1220 667 1258 Ἐπὶ
683 1222 692 1269 (
708 1222 740 1257 ἐν
758 1221 886 1269 codd.)
906 1219 1024 1256 τούτου
1036 1224 1094 1257 τοῦ

62 1279 231 1330 Ἀντιόχου
265 1280 345 1329 (sc,
372 1281 439 1315 sub
463 1281 649 1315 Antiocho
679 1281 753 1314 sive
783 1280 937 1315 Seleuco
980 1278 1091 1315 Calli-

62 1340 148 1374 nico
176 1339 188 1389 )
212 1337 347 1387 Πέρσαι
374 1339 435 1382 τ’ῆς
463 1336 673 1374 Μακεδόνων
698 1335 756 1373 καὶ
777 1336 957 1386 Ἀντιόχων
987 1337 1096 1387 ἀρχῆς

62 1395 277 1442 ἀπέστησαν,
300 1397 358 1432 ὑπ’
378 1394 499 1438 αὐτοὺς
520 1397 692 1437 τελοῦντες
713 1394 780 1431 ἀπὸ
800 1394 1019 1446 Ἀλεξάνδρου
1037 1399 1093 1432 τοῦ

61 1453 198 1491 κτίστου
217 1453 272 1490 διὰ
291 1453 452 1499 τοιαύτην
491 1453 618 1492 αἰτίαν.
641 1452 809 1504 Ἀρσάκης
828 1468 876 1494 τις
895 1452 952 1489 καὶ
987 1455 1094 1503 Τηρι-

62 1509 166 1556 δάτης
184 1511 322 1562 ἀδελφοὶ
341 1510 379 1547 τὸ
399 1510 492 1560 γένος
511 1509 665 1552 ἕλκοντες
685 1509 753 1546 ἀπὸ
773 1513 832 1547 τοῦ
860 1511 1003 1560 Περσῶν
1021 1510 1097 1562 Ἀρ-

63 1572 222 1624 ταξέρξου
240 1574 471 1625 ἐσατράπευον
493 1572 670 1623 Βακτρίων
688 1572 743 1609 ἐπὶ
760 1572 1000 1622 Ἀγαθοκλέους
1017 1576 1096 1611 Μα-

62 1630 193 1673 κεδόνος
211 1630 364 1681 ἐπάρχου
384 1634 443 1676 τῆς
465 1633 651 1682 Περσικῆς.
708 1630 772 1673 “Ὸς
791 1630 998 1680 Ἀγαθοκλῆς
1018 1633 1097 1682 ἐρα-

64 1688 152 1731 σθεὶς
172 1689 385 1739 Τηριδάτου,
415 1691 460 1731 ὡς
480 1688 652 1740 Ἀρριανός
679 1704 794 1740 φησιν,
821 1687 891 1730 ἑνὸς
910 1691 976 1725 τῶν
998 1690 1095 1726 ἀδελ·

65 1749 155 1797 φῶν,
189 1745 248 1782 καὶ
288 1745 344 1782 τὸν
380 1745 556 1783 νεανίσκον
592 1745 792 1789 σπουδάζων
830 1745 1072 1783 ἐπιδουλεῦσαι
1086 1776 1095 1793 ,

64 1803 304 1854 διαμαρτήσας
333 1803 480 1854 ἀνῃρέθη
512 1806 595 1854 παρ’
622 1804 726 1840 αὐτοῦ
756 1802 816 1840 καὶ
842 1803 1008 1854 Ἀρσάκου
1039 1808 1097 1841 τοῦ

65 1863 211 1910 ἀδελφοῦ
233 1863 335 1899 αὐτοῦ
350 1890 361 1909 ,
382 1861 439 1899 καὶ
469 1861 643 1913 βασιλεύει
664 1863 807 1912 Περσῶν
830 1861 1014 1912 Ἀρσάκης,
1040 1864 1097 1914 ἀφ’

67 1914 105 1956 οῧ
125 1921 154 1956 οἱ
184 1921 329 1970 Περσῶν
352 1920 503 1969 βασιλεῖς
529 1919 730 1970 Ἀρσακίδαι
756 1919 1007 1970 ἐχρημάτισαν,
1038 1920 1096 1966 ἔτη

70 1977 114 2028 β’,
135 1976 195 2014 καὶ
217 1977 407 2027 ἀναιρεῖται
430 1976 490 2013 καὶ
516 1977 589 2024 μετ’
617 1976 719 2013 αὐτὸν
736 1976 933 2028 Τηριδάτης
957 1978 1099 2029 ἀδελφὸς

67 2035 126 2079 ἔτη
144 2034 210 2078 λζ’.
231 2037 399 2070 Zosimus
423 2037 455 2081 I,
485 2036 528 2071 18
556 2047 564 2072 t
588 2033 762 2084 Ἀντιόχου
792 2036 859 2071 τῶν
882 2033 952 2070 ἅνω
973 2050 1100 2085 σατρα-

67 2094 173 2129 πειῶν
192 2091 368 2141 ἄρχοντος,
386 2091 557 2144 Ἀρσάκης
572 2094 589 2128 ὃ
610 2094 807 2142 Παρθυαῖος
829 2091 884 2128 διὰ
904 2091 965 2136 τὴν
985 2094 1029 2134 εἷς
1045 2092 1101 2129 τὸν

69 2149 213 2201 ἀδελφὸν
232 2149 429 2200 Τηριδάτην
452 2148 548 2201 ὕὸριν
567 2149 832 2200 ἀγανακτήσας,
852 2149 1001 2198 πόλεμον
1021 2150 1103 2201 πρὸς

70 2205 128 2243 τὸν
148 2206 323 2257 Ἀντιόχου
353 2206 536 2257 σατράπην
554 2207 741 2258 ἀράμενος,
759 2207 872 2247 αἷτίαν
890 2206 1015 2244 δέδωκε
1036 2210 1103 2250 τοῖς

70 2264 281 2315 Παρθυαίοις
294 2265 479 2303 ἓκόαλοῧσι
495 2266 697 2308 Μακεδόνας
707 2268 752 2307 εἷς
762 2264 900 2307 ἑαυτοὺς
914 2264 975 2310 τὴν
991 2266 1103 2317 ἀρχὴν

71 2324 290 2373 περιστῆσαι.
308 2325 478 2359 Diversas
495 2325 726 2359 narrationes
743 2324 827 2358 vide
851 2323 952 2370 apud
971 2325 1102 2360 Justin.

69 2381 171 2424 XLI,
196 2386 230 2423 4.
257 2383 349 2429 XII,
383 2387 426 2426 4;
448 2383 624 2418 Strabon.
645 2384 720 2426 XI,
746 2395 785 2429 p.
812 2381 899 2417 515.
920 2403 968 2408 —
984 2383 1105 2418 Verba

70 2439 193 2474 Photii
209 2442 266 2475 τοῦ
284 2440 358 2475 υἱοῦ
375 2439 541 2489 Ἀρσάκου
571 2443 628 2476 τοῦ
652 2438 850 2489 Φριαπίτου
877 2440 1029 2475 fortasse
1057 2442 1106 2476 ita

72 2497 310 2544 intelligenda
323 2525 332 2541 ,
350 2505 392 2532 ut
411 2499 598 2545 Phriapita
619 2497 627 2546 (
644 2499 673 2533 si
692 2504 792 2532 recte
812 2510 950 2532 nomen
966 2497 1079 2532 habet
1095 2497 1104 2546 )

73 2553 168 2588 filius
188 2554 296 2589 fuerit
316 2557 459 2590 Arsacis
475 2555 570 2601 ejus,
589 2557 653 2602 qui
664 2558 856 2591 Persarum
876 2567 941 2590 rex
956 2554 1025 2590 fuit
1038 2556 1105 2590 sub

74 2613 225 2647 nomine
261 2614 475 2648 Artaxerxis
504 2614 555 2647 II.
601 2613 646 2647 Id
677 2614 775 2648 enim
804 2613 960 2647 suadent
989 2614 1105 2648 verba

76 2671 235 2716 Syncelli
260 2669 330 2717 (V.
357 2672 537 2717 Droysen.
560 2672 702 2707 Hellen.
725 2672 780 2713 ΙΙ,
806 2683 847 2717 p.
874 2670 946 2705 323
968 2671 993 2718 ).
1030 2673 1107 2706 No-

77 2741 159 2762 men
173 2729 356 2775 Priapites
370 2728 468 2763 idem
489 2735 541 2762 cst
558 2728 660 2774 quod
675 2728 773 2774 apud
792 2729 924 2765 Justin.
943 2730 1049 2772 XLI,
1070 2728 1106 2772 5,

79 2786 286 2832 Priapatius
299 2786 489 2822 scribitur:
509 2787 644 2820 Tertius
656 2786 804 2820 Parthis
816 2799 884 2820 rea:
893 2788 1106 2833 Priapatius

78 2902 195 2931 centes.
211 2902 250 2931 Ili
266 2902 445 2932 Phcrcclem
456 2901 495 2931 ab
508 2901 662 2931 Antiocho
677 2910 747 2940 rege
758 2902 869 2940 (quem
882 2903 981 2932 Deum
996 2911 1109 2941 cogno-

80 2953 187 2982 mento
211 2952 428 2991 appellabant)
456 2953 549 2982 terra>
573 2960 682 2982 corum
702 2953 858 2991 satrapam
885 2953 1109 2990 constitutum,

80 3003 164 3042 quod
181 3004 280 3034 altero
297 3005 393 3035 fratre
408 3004 495 3034 abuti
510 3013 564 3042 per
580 3005 643 3035 vim
658 3004 739 3034 secde
753 3006 931 3042 conaretur,
947 3008 1110 3035 contume-

81 3054 153 3084 liam
170 3063 233 3085 non
252 3055 385 3086 serentes
407 3057 579 3092 nccarunt;
600 3055 731 3085 consciis
754 3056 849 3085 etiam
874 3056 941 3086 aliis
961 3056 1110 3095 quinque.

81 3106 245 3144 (lenteque
261 3107 300 3136 ad
322 3107 529 3137 desectionem
546 3115 564 3136 a
584 3107 808 3137 Macedonibus
826 3107 996 3150 perducta,
1013 3109 1111 3147 inipe-

83 3157 163 3187 rium
178 3157 233 3196 ipsi
250 3157 471 3197 arripuerunt,
491 3167 701 3198 magnamque
722 3161 796 3190 sunt
815 3160 988 3198 potentiam
1004 3169 1113 3191 conse-

83 3208 147 3237 cuti
164 3207 259 3246 adeo,
274 3210 311 3239 ut
324 3210 372 3239 vel
389 3218 462 3239 cum
487 3209 633 3240 Romanis
653 3219 746 3249 aequo
762 3218 843 3249 saxpe
860 3212 960 3241 marie
982 3213 1114 3242 conten-

85 3257 205 3296 ‹lerint5
243 3259 400 3289 interdum
430 3260 525 3289 etiam
552 3260 681 3290 victoria
713 3261 795 3291 bello
828 3262 915 3299 politi
941 3262 1116 3300 superiores

86 3307 291 3340 discesserint.
307 3312 418 3341 Narrat
429 3310 467 3341 ad
479 3310 544 3341 hirc
558 3311 687 3342 Parthos
702 3313 881 3343 Sos-osiridis
899 3314 1115 3353 xligyptioruin

1151 355 1264 388 cellus
1283 355 1393 390 habet
1416 356 1671 402 Agathoclem,
1699 358 1820 391 nescio
1842 370 1887 391 an
1910 358 2068 392 nominis
2089 370 2175 390 cor-

1151 412 1394 457 1·uptio11‹=‚an
1414 413 1654 459 Agathoclem
1670 426 1809 461 regem,
1830 413 1932 459 cujus
1950 415 1984 448 in
2006 415 2102 449 hisce
2124 415 2181 448 hi<

1152 469 1272 501 storiis
1296 470 1471 503 Arrianus
1493 472 1771 515 memoraverit,
1789 484 1872 505 cum
1895 473 2069 507 Pherccle
2084 486 2178 508 con-

1151 524 1319 559 fundens.
1342 527 1503 561 Justinus
1516 529 1623 571 XLI,
1647 532 1665 569 l,
1689 530 1828 573 ctXH,
1851 533 1868 570 l.
1883 556 1891 572 ,
1924 531 2179 575 Andragoram

1152 581 1462 628 (lllanclrag‘oram
1482 598 1515 618 v.
1539 586 1561 621 Ι.
1580 582 1611 633 ),
1629 594 1810 621 memorat
1824 594 2002 633 tanquam
2017 589 2179 622 nobilem

1152 640 1316 684 Persam,
1343 642 1571 688 Parthiaeque
1592 650 1790 690 satrapam,
1811 646 1905 678 mule
1917 653 2048 691 posletc
2067 649 2180 690 origi—

1153 710 1234 732 nem
1257 698 1475 732 Parthorum
1496 712 1598 744 regas·
1613 700 1783 734 lmluwre.
1808 704 1861 736 Dc
1885 704 2049 747 genuino
2075 702 2183 747 hujus

1152 761 1305 801 satrapae
1321 756 1471 790 nomine
1487 768 1563 789 non
1587 764 1739 792 constat.
1761 759 2074 793 Raoul-Rochctti
2094 761 2180 805 opi-

1153 813 1303 847 nionem
1318 814 1510 860 impugnat
1525 816 1704 860 Droyscn.
1726 816 1783 850 1.1.
1805 829 1843 862 p.
1862 817 1949 853 328.
1962 835 2006 839 —-
2018 815 2100 853 ’lini
2114 818 2181 853 Σε-

1154 868 1362 918 σώστριδος]
1379 870 1433 905 Cf.
1452 872 1582 905 Malaia
1603 884 1640 918 p.
1663 872 1709 905 26
1728 873 1833 906 Bouu
1857 884 1865 909 :
1891 871 1959 908 Καὶ
1980 873 2013 908 ἐν
2030 874 2078 922 τῷ
2098 875 2182 909 ὓπο-

1156 925 1311 977 στρέφειν
1330 925 1431 962 αὐτὸν
1454 927 1464 974 (
1483 929 1722 963 Sesostridem
1743 929 1754 976 )
1778 927 1833 964 ἐπὶ
1863 928 1923 973 τὴν
1950 929 2123 978 Αἴγυπτον
2147 931 2184 967 ἐκ

1155 986 1215 1028 τῆς
1234 983 1349 1034 χώρας
1370 986 1429 1029 τῆς
1459 984 1606 1026 Σκυθίας
1631 984 1812 1027 ἐπελέξατο
1842 987 1970 1037 ἀνδρῶν
1997 988 2183 1024 νεανίσκων

1155 1042 1374 1090 πολεμιστῶν
1394 1041 1553 1092 χιλιάδας
1583 1040 1643 1078 ιε’·
1669 1041 1823 1084 οὕστινας
1845 1043 2057 1090 μετανάστας
2081 1044 2185 1088 ποιή-

1158 1114 1220 1141 σας
1238 1098 1411 1136 ἐκέλευσεν
1438 1098 1558 1141 αὐτοὺς
1580 1099 1682 1136 οἰκεῖν
1704 1100 1736 1135 ἐν
1764 1100 1924 1149 Περσίδι,
1948 1101 2048 1142 δόσας
2074 1103 2186 1142 αὐτοῖς

1157 1155 1273 1209 χώραν
1305 1158 1373 1194 ἐκεῖ
1394 1155 1469 1194 οῗαν
1504 1157 1598 1194 αὐτοὶ
1627 1156 1840 1200 ἐπελέξαντο.
1900 1157 1967 1194 Καὶ
1992 1157 2125 1206 ἔμειναν
2153 1160 2185 1195 ἐν

1160 1214 1303 1265 Περσίδι
1322 1216 1351 1251 οἱ
1371 1215 1466 1252 αὐτοὶ
1488 1213 1619 1252 Σκύθαι
1638 1215 1670 1256 ἐξ
1689 1214 1816 1250 ἐκείνου
1838 1213 1898 1256 ἕως
1917 1217 1976 1259 τῆς
1997 1219 2072 1251 νῦν·
2098 1215 2185 1252 οἵτι-

1159 1287 1210 1314 νες
1231 1272 1424 1318 ἐκλήθησαν
1443 1272 1510 1308 ἀπὸ
1526 1274 1592 1308 τῶν
1612 1273 1755 1323 Περσῶν
1774 1271 1918 1322 Πάρθοι,
1938 1271 1956 1307 ὅ
1972 1273 2060 1308 ἐστιν
2079 1274 2184 1323 ἑρμη-

1160 1330 1335 1378 νευόμενον
1351 1332 1506 1380 Περσικῇ
1525 1328 1692 1381 διαλέκτῳ
1708 1329 1851 1367 Σκύθαι.
1881 1331 2014 1365 Eadem
2030 1332 2187 1377 Cyriihis

1157 1402 1191 1436 p.
1221 1388 1289 1434 35,
1313 1391 1365 1434 A3
1390 1389 1598 1433 Cedrenus,
1618 1402 1658 1436 p.
1689 1389 1735 1424 36
1756 1391 1875 1425 Bonn.
1899 1389 2027 1423 Suidas
2053 1402 2086 1425 v.
2113 1390 2189 1425 Σῶ<

1158 1461 1262 1495 στρις.
1289 1449 1422 1482 Justin.
1441 1448 1539 1489 XLI,
1572 1461 1584 1481 1
1617 1460 1624 1481 ε
1649 1447 1823 1483 Parthi...
1854 1447 2072 1492 Scytharum
2101 1461 2191 1481 ‹nru-

1161 1503 1339 1550 lessam-e.
1351 1531 1375 1542 ,.
1396 1505 1567 1551 8ςγῑήἱεο
1581 1517 1744 1539 sermone
1759 1504 1892 1539 Parthi
1913 1506 2039 1539 exules
2060 1506 2189 1538 clifan>-

1158 1572 1226 1598 tter.
1267 1565 1408 1598 Malalae
1452 1564 1798 1610 interpretationem
1848 1570 1973 1597 tuetur
2013 1565 2112 1599 Pott.
2150 1564 2184 1597 in

1159 1621 1272 1655 Ersclz
1299 1635 1332 1657 u.
1371 1622 1521 1658 Gruber.
1554 1622 1707 1666 Encycl.
1746 1620 1814 1655 sub
1851 1633 1886 1657 v.
1920 1622 2183 1667 Imlogerman.

1158 1682 1322 1728 SJtraclze
1342 1695 1380 1729 p.
1406 1681 1470 1728 52,
1487 1688 1522 1716 et
1537 1683 1721 1728 Droysen.
1745 1682 1767 1715 l.
1788 1681 1813 1715 l.

1436 1758 1463 1790 E
1496 1757 1641 1791 LIBRO
1671 1756 1908 1791 SECUNDO.

1658 1830 1692 1854 2.

1214 1882 1391 1928 Stephan.
1419 1883 1506 1928 Byz.
1537 1894 1545 1916 ε
1578 1879 1858 1926 Ζηνοδότιον,
1890 1879 1986 1922 πόλις
2008 1880 2196 1930 Ὀσροήνης

1164 1938 1308 1983 πλησίον
1332 1937 1549 1988 Νικοφορίου.
1571 1937 1742 1989 Ἀρριανὸς
1762 1939 1945 1987 Παρθικῶν
1967 1937 2124 1988 δευτέρῳ.
2142 1939 2194 1975 Τὸ

1160 1996 1285 2033 ἐθνικὸν
1318 1995 1518 2040 Ζηνοδότιος
1549 1995 1607 2032 καὶ
1644 1994 1863 2040 Ζηνοδοτιεὺς
1888 1994 1945 2031 καὶ
1970 1996 2192 2041 Ζηνοδοτῖνος

1162 2053 1366 2105 ἐπιχωρίως.
1382 2056 1470 2090 Haec
1486 2055 1732 2101 probabiliter
1752 2068 1793 2090 ex
1813 2067 1857 2089 eo
1877 2055 1960 2089 loco
1982 2055 2187 2102 desumpta,

1161 2126 1236 2159 quo
1257 2113 1303 2148 de
1324 2113 1441 2150 Crassi
1461 2114 1500 2146 in
1516 2113 1670 2147 Parthos
1695 2112 1933 2159 expeditione
1952 2125 2072 2147 sermo
2093 2119 2184 2147 erat.

1161 2171 1215 2208 Cf.
1226 2171 1297 2205 Dio
1307 2171 1401 2207 Cass.
1413 2171 1490 2215 XL,
1513 2169 1646 2213 13,ubi
1662 2170 1758 2205 inter
1769 2169 1878 2204 urbes
1892 2182 1910 2204 a
1928 2170 2194 2204 Macedonibus

1166 2230 1204 2262 in
1218 2229 1276 2263 his
1294 2229 1509 2276 regionibus
1525 2228 1694 2262 conditas
1710 2240 1827 2262 unum
1849 2227 2096 2262 Zenodotiuin
2114 2240 2193 2261 non

1163 2286 1341 2321 defecisse
1356 2286 1403 2320 ad
1423 2286 1591 2321 Crassum
1612 2292 1794 2320 narratur.
1818 2285 1927 2331 Apud
1950 2285 2136 2319 Plutarch.
2157 2286 2196 2319 in

1164 2343 1292 2380 Crasso
1314 2346 1367 2389 (c.
1386 2343 1447 2391 17)
1466 2343 1553 2377 urbs
1572 2344 1778 2389 appellatur
1804 2340 1991 2386 Ζηνοδοτία
2019 2340 2027 2391 (
2044 2342 2194 2386 Ζηνοδο-

1164 2398 1238 2436 τίαν
1254 2399 1395 2436 ἐκάλουν
1415 2399 1477 2444 τὴν
1495 2399 1593 2436 πόλιν
1611 2400 1640 2435 οἱ
1652 2397 1835 2443 Ἵζλληνες.
1851 2402 1938 2445 Quae
1959 2412 1978 2434 e
1996 2400 2195 2434 Plutarcho

1166 2459 1347 2506 exscripta
1362 2459 1536 2506 leguntur
1567 2459 1602 2492 in
1627 2459 1923 2505 Pseudoappian.
1950 2459 2043 2494 llist.
2066 2457 2195 2494 Parth.

1166 2524 1258 2553 tom.
1275 2518 1344 2561 III,
1366 2529 1405 2564 p.
1430 2530 1477 2562 27
1500 2516 1557 2551 ed.
1583 2516 1798 2564 50]ιννς1].).

1454 2593 1482 2627 Ε
1512 2592 1658 2627 Lnfflo
1687 2592 1899 2637 QUARTO.

1671 2667 1706 2703 3.

1221 2730 1325 2764 Idem
1347 2741 1355 2765 2
1379 2728 1578 2772 Γάζακα,
1597 2727 1694 2768 πόλις
1722 2726 1869 2775 μεγίστη
1892 2729 1950 2768 τ’ἦς
1974 2725 2123 2770 Μηδίας,
2154 2728 2199 2766 ὡς

1135 2747 1141 2829 ί
1173 2784 1391 2835 Κουάδροιτος
1411 2787 1443 2821 ἐν
1463 2784 1571 2835 ὀγδόῳ
1595 2787 1793 2834 Παρθικῶν.
1818 2783 1988 2835 Ἀρριανὸς
2017 2783 2050 2820 δὲ
2071 2782 2192 2830 κώμην

1170 2901 1249 2939 regis
1272 2902 1412 2940 tempore
1423 2924 1431 2938 ‚
1457 2902 1488 2931 et
1507 2901 1631 2939 landysi
1647 2901 1835 2940 Scytharum
1848 2924 1857 2939 ‚
1874 2910 1913 2931 ex
1930 2900 2056 2939 Scythia
2074 2899 2103 2929 in
2126 2908 2199 2929 eum

1172 2960 1266 2990 quein
1292 2960 1376 2981 nune
1400 2953 1508 2982 tenent
1534 2952 1638 2982 locuni
1664 2952 1861 2989 demigrasse.
1898 2951 2019 2986 Quibus
2049 2950 2199 2987 Trajanus

1172 3003 1386 3032 Romanorum
1400 3002 1568 3041 imperator
1582 3012 1636 3042 per
1650 3003 1712 3033 vim
1728 3003 1833 3033 fractis
1844 3026 1852 3040 ,
1868 3001 1983 3032 findere
1999 3001 2060 3032 icto
2072 3024 2080 3038 ,
2096 3009 2199 3038 regem

1172 3053 1346 3083 constituit.

1669 3104 1702 3134 2.

1215 3155 1442 3195 Zenodotiuin,
1467 3157 1541 3187 urbs
1567 3159 1737 3196 Osrocnes,
1761 3164 1857 3196 prope
1883 3152 2114 3193 Nicopliorium.
2140 3155 2195 3182 Ar-

1175 3206 1279 3237 rianus
1294 3207 1513 3238 Parthicoruin
1529 3208 1679 3239 secundo.

1679 3264 1713 3293 3.

1216 3318 1354 3354 Gazaca,
1374 3316 1447 3347 urbs
1460 3318 1598 3347 iiiaxiina
1612 3316 1721 3347 li'lcdiar
1734 3339 1741 3353 ‚
1758 3324 1815 3345 sce.
1834 3312 2029 3350 Quadratum
2044 3312 2073 3341 in
2087 3311 2200 3340 oetam
