2338 3765
994 119 1122 156 FRAG
1133 120 1166 156 Μ
1175 121 1302 156 ΕΝΤΑ
1311 150 1318 157 .

104 208 224 258 ᾖροοῆ
245 206 330 250 ἴσον,
353 208 368 242 ὁ
388 205 421 241 δε
442 204 571 254 καρπὸς
594 203 636 240 τὰ
655 202 716 252 μὲν
738 202 826 239 ἄλλα
844 202 956 238 πάντα
978 202 1106 250 ὅμοιος

84 280 160 306 τους
182 266 215 300 δὲ
231 265 360 300 πλείονι
376 261 636 313 χρησαμένους,
658 260 776 297 καθότι
797 264 898 306 οἰνος,
921 259 1058 310 βαρύνει
1075 275 1110 295 τε

84 322 141 358 καὶ
161 321 276 371 ἀλγεῖν
295 320 355 366 τὴν
374 319 524 371 κεφαλὴν
551 318 674 363 τιΟησι.
696 336 709 351 υ
732 320 853 355 Ἰαυτα
874 319 890 353 ὁ
908 316 1114 362 Ἀσκληπιά-

87 380 165 425 δης,
185 378 285 430 φησὶ,
306 393 363 426 μοι
389 377 480 414 δοκεῖ
499 376 608 424 λέγειν
625 374 703 425 περὶ
722 377 787 411 τῶν
806 373 1039 422 μιμαικύλων.
1063 372 1113 411 Τό

87 451 122 472 τε
148 436 213 486 γὰρ
237 435 336 486 φέρον
355 433 442 471 αὐτὰ
472 433 604 479 δένδρον
624 435 787 477 τοιοῦτον,
808 431 866 468 καὶ
886 433 903 467 ὁ
928 430 1030 467 πλέον
1048 432 1114 466 τῶν

87 492 173 530 ἑπτὰ
193 497 250 530 τοῦ
265 496 397 544 καρποῦ
418 490 534 543 φαγὼν
552 487 769 541 κεφαλαλγὴς
786 488 927 537 γίνεται.

115 602 442 652 (ΠΕΡΙΗΓΗΣΙΣ
470 600 571 637 ΤΩΝ
609 599 774 637 ΕΘΝΩΝ
806 600 908 636 ΤΩΝ
942 599 1002 635 EN
1025 598 1089 650 Tltl

425 664 776 716 ΤΟΥΡΔΙΤΑΝΙᾼ.
791 664 800 711 )

588 756 620 791 5.

141 837 272 872 Strabo
294 838 362 881 ΙΙΙ,
384 850 421 883 p.
454 835 521 880 157
543 848 550 869 :
570 833 668 871 Μετὰ
689 833 816 878 ταύτην
837 830 1010 883 Ἄδδηρα,
1029 832 1119 868 Φοι-

91 894 189 931 νίκων
221 891 349 942 κτίσμα
380 892 439 929 καὶ
462 890 564 936 αὐτή.
591 890 701 941 ζΥπὲρ
731 889 766 927 δὲ
786 891 852 926 τῶν
883 889 996 926 τόπων
1015 890 1047 925 ἐν
1075 890 1117 937 τῇ

90 954 202 1002 ὀρεινῇ
225 950 394 987 δείκνυται
413 949 600 988 Ὀδύσσεια
620 949 677 985 καὶ
696 948 733 985 τὸ
746 948 834 998 ἱερὸν
851 950 910 992 τῆς
927 947 1065 992 Ἀθηνᾶς
1086 948 1118 982 ἐν

91 1011 197 1059 αὐτῇ,
219 1011 262 1049 ὡς
298 1007 525 1049 Ποσειδώνιός
545 1021 581 1042 τε
613 1006 727 1057 εἴρηκε
762 1004 820 1041 καὶ
856 1004 1118 1056 Ἀρτεμίδωρος,

91 1066 149 1102 καὶ
168 1065 449 1110 Ασκληπιοίδης
437 1080 453 1101 ο
471 1063 688 1115 Μυρλεανὸς,
709 1062 828 1132 ἀνὴρ’
815 1077 848 1097 εν
866 1077 906 1111 τῃ
926 1062 1120 1113 Τουρδιτα-

92 1123 146 1160 νία
175 1122 361 1164 παιδεύσας
389 1122 431 1159 τὰ
459 1121 708 1174 γραμματικὰ,
731 1120 789 1157 καὶ
816 1119 1020 1170 περιήγησίν
1047 1135 1120 1156 τινα

93 1183 159 1218 τῶν
180 1181 312 1216 ἐθνῶνὲ
298 1178 494 1222 εκδεδι)κως
510 1194 576 1215 των
594 1177 713 1227 ταύτη.
733 1179 844 1218 Οὗτος
862 1175 897 1213 δέ
918 1191 1020 1227 φησιν
1038 1179 1119 1213 ὑπο·

94 1236 263 1286 μνήματα
282 1252 342 1282 της
370 1236 502 1281 πλάνης
531 1239 589 1281 τῆς
614 1233 805 1277 Ὀδυσσέως
830 1236 863 1270 ἐν
889 1237 936 1285 τῷ
962 1237 1043 1286 ἱερ(Ν)
1063 1237 1122 1279 τῆς

94 1295 232 1340 Ἀθηνᾶς
249 1294 395 1336 ἀσπίδας
414 1294 805 1344 προσπεπατταλεῦσθαι
825 1291 883 1328 καὶ
904 1273 1122 1343 ἀκροστόλια.

94 1352 156 1390 Ἔν
178 1351 391 1393 Καλλαῖκοῗς
408 1350 442 1387 δὲ
462 1354 529 1388 τῶν
554 1350 641 1399 μετὰ
664 1349 819 1401 Τεύκρου
843 1348 1121 1400 στρατευσάντων

93 1408 185 1451 τινας
205 1410 363 1456 οἰκῆσαι,
380 1409 437 1444 καὶ
457 1407 603 1459 ὑπάρξαι
620 1408 735 1450 πόλεις
750 1405 882 1452 αὐτόθι,
897 1406 957 1451 τὴν
977 1406 1038 1456 μὲν
1055 1421 1122 1443 κα-

94 1464 261 1515 λουμένην
291 1465 481 1511 ἽΞλληνες,
513 1465 574 1511 τὴν
601 1465 636 1502 δὲ
664 1464 885 1516 Ἀμφίλοχοι,
913 1466 957 1506 ὣς
984 1465 1042 1501 καὶ
1065 1467 1122 1500 τοῦ

95 1524 302 1575 Ἀμφιλόχου
314 1523 685 1575 τελευτήσαντοςδεῧρο
697 1522 831 1559 καὶτῶν
845 1522 1010 1559 συνόντων
1033 1523 1123 1558 πλα-

95 1581 261 1626 νηθέντων
292 1581 393 1632 μέχρι
428 1583 488 1625 τῆς
506 1581 705 1630 μεσογαίας.
731 1579 799 1617 Καὶ
821 1582 887 1616 τῶν
909 1579 981 1629 μεθ’
1015 1578 1124 1629 ‘lipa-

97 1638 249 1682 κλέους
233 1640 267 1676 οέ
284 1654 376 1680 τινας
397 1654 453 1675 και
473 1641 540 1675 τ(Ν)ν
562 1639 629 1674 ἀπο
646 1637 830 1683 Μεσσήνης
846 1637 1047 1688 ἱστορησθαί
1062 1652 1124 1688 φη·

98 1713 150 1734 σιν
178 1696 434 1742 ἐποικῆσαιτὴν
457 1696 624 1747 Ιὲηρίαν,
642 1699 700 1742 τῆς
721 1695 755 1732 δὲ
786 1695 1006 1746 Κανταὸρίας
1024 1694 1125 1743 μέρος

100 1771 132 1792 τι
170 1757 356 1804 κατασχεῖν
386 1754 554 1797 Λάκωνας
578 1754 637 1791 καὶ
675 1754 770 1796 ουτός
807 1769 890 1805 φησι
921 1769 979 1790 και
1009 1752 1124 1789 ἄλλοι.

100 1813 273 1850 ΙΞνταυΘα
296 1812 330 1848 δὲ
346 1827 404 1848 και
421 1812 631 1863 Ωψικέλλαν
652 1812 749 1848 πόλιν
776 1810 906 1848 Ὀκέλα
927 1810 1055 1859 κτίσμα
1067 1809 1124 1846 λε’-

98 1885 193 1919 γουσι
221 1873 279 1906 τοῦ
311 1868 397 1918 μετὰ
429 1869 623 1919 Ἀντήνορος
659 1869 717 1905 καὶ
747 1871 812 1905 τῶν
839 1867 970 1905 παίδων
1016 1868 1120 1903 αὐτοῦ

100 1926 278 1970 διαῧάντος
306 1929 351 1969 εἰς
378 1928 438 1971 τὴν
460 1927 626 1965 Ἰταλίαν.

596 2015 631 2050 6.

152 2095 285 2130 Strabo
310 2096 379 2142 ΙΙΙ,
400 2107 437 2141 p.
466 2095 535 2129 166
569 2108 576 2128 :
598 2093 698 2130 Ἐπεὶ
718 2092 776 2129 καὶ
798 2092 953 2142 Ἰὅηρίαν
973 2090 1038 2127 ὑπὸ
1067 2089 1126 2138 μὲν

102 2153 170 2188 τῶν
190 2150 363 2202 προτέρων
382 2152 561 2187 καλεῖσθαι
578 2157 693 2187 πᾶσαν
711 2149 772 2195 τὴν
800 2148 862 2192 ἔξω
882 2152 937 2185 τοῦ
959 2147 1125 2186 (Ροδανοῧ

101 2209 160 2246 καὶ
187 2212 246 2245 τοῦ
265 2211 386 2257 ἰσθμοῦ
403 2212 462 2246 τοῦ
479 2208 543 2245 ὑπὸ
560 2211 626 2245 τῶν
651 2209 853 2246 Γαλατικῶν
873 2207 1010 2243 κόλπων
1027 2220 1130 2256 σφιγ-

2115 129 2183 161 301

1172 202 1334 251 γομένου,
1351 206 1380 239 οἱ
1402 204 1435 240 δὲ
1453 207 1509 240 νῦν
1530 204 1618 254 ὅριον
1644 205 1748 248 αὐτῆς
1771 203 1918 240 τίθενται
1936 202 1997 248 τὴν
2022 202 2197 252 Πυρήνην,

1175 259 1376 307 συνωνύμως
1395 277 1431 296 τε
1456 261 1516 305 τὴν
1533 261 1638 306 αὐτὴν
1664 261 1816 312 ἸΕηρίαν
1840 261 1976 311 λέγουσι
1999 260 2056 296 καὶ
2074 259 2195 297 Ἱσπα-

1174 316 1267 352 νίαν·
1294 318 1332 335 Η
1369 319 1473 365 μόνην
1504 319 1647 355 ἐκάλουν
1689 318 1749 364 τὴν
1779 318 1870 361 ἐντὸς
1898 321 1956 355 τοῦ
1984 316 2143 369 Ἴὸηρος·
2170 320 2198 354 οἱ

1177 374 1204 411 δ’
1226 374 1275 410 ἔτι
1301 374 1464 425 πρότερον
1492 375 1611 418 αὐτοὺς
1636 375 1773 418 τούτους
1799 377 1975 426 Ἰγλῆτας,
2003 378 2039 413 οὐ
2067 375 2198 421 πολλὴν

1176 430 1294 482 χώραν
1311 447 1532 480 νεμομενους,
1551 432 1595 475 ὥς
1612 448 1712 483 φησιν
1732 433 2016 479 Ἀσκληπιάδης
2003 449 2020 470 ο
2040 435 2200 485 Μυρλεα-

1177 488 1242 530 νός.
1263 488 1432 537 Ρωμαῖοι
1456 489 1490 525 δε
1510 490 1571 534 τὴν
1591 505 1775 538 συμπασαν
1793 490 1997 534 καλέσαντες
2014 491 2202 540 ὁμωνυμως

1179 547 1331 597 Ιὸηρίαν
1357 562 1392 583 τε
1419 562 1478 582 και
1504 546 1683 584 Ισπανίαν
1701 548 1740 584 τὸ
1770 550 1809 597 μὲ
1798 565 1830 585 ν
1860 550 1963 594 αυτῆς
1985 565 2025 598 με
2018 549 2085 600 ’ρος
2108 553 2202 586 εἶπον

1181 615 1243 644 την
1264 598 1379 644 ἐκτος,
1408 598 1445 634 τὸ
1466 598 1500 634 δὲ
1527 598 1636 648 ἕτερον
1668 598 1728 644 τὴν
1750 601 1853 641 εντός·
1885 601 2055 638 άλλοτεο
2094 601 2221 642 ἄλλως»

1179 659 1365 706 διαιρουσι,
1382 671 1464 707 προς
1483 671 1557 699 τους
1576 671 1710 706 καιρους
1727 657 1992 705 πολιτευόμενοι.

1182 894 1660 951 ASCLEPIADES
1717 893 2205 949 TRAGILENSIS.

1235 1020 1361 1067 Steph.
1381 1021 1494 1066 Byza
1516 1019 1548 1054 'l
1553 1016 1704 1067 ράγιλος,
1721 1015 1817 1058 πόλις
1837 1015 1898 1065 μία
1914 1018 1981 1052 τῶν
1998 1016 2053 1052 ἐπὶ
2070 1016 2213 1069 Θράκης

1181 1077 1265 1128 πρὸς
1294 1080 1336 1127 τῇ
1365 1074 1574 1127 Χερρονησῳ
1605 1090 1663 1111 και
1694 1073 1905 1111 Μακεδονία.
1930 1073 1993 1112 Εκ
2023 1074 2148 1120 ταύτης
2170 1078 2212 1120 ἠν

1184 1135 1465 1181 Ἀσκληπιάδης
1454 1150 1470 1170 ο
1484 1133 1527 1170 τὰ
1540 1131 1818 1183 Τραγῳδούμενα
1830 1132 1988 1183 γράψας
1975 1147 2007 1168 εν
2022 1131 2056 1175 ἒξ
2072 1132 2212 1182 βίὸλοις.

1183 1194 1227 1232 Ὁ
1243 1193 1383 1239 πολίτης
1400 1191 1605 1242 Τραγιλεός.

1236 1254 1452 1288 Plutarchus
1465 1252 1501 1286 X
1518 1252 1621 1286 Orat.
1637 1263 1675 1297 p.
1692 1249 1765 1284 838
1787 1262 1795 1286 :
1816 1247 2054 1297 Ἔμαθήτευσε
2076 1249 2104 1284 δ’
2124 1249 2216 1299 αὐτῷ

1185 1312 1257 1361 (sc.
1276 1312 1325 1361 τῷ
1349 1308 1560 1359 Ἰσοκράτει)
1581 1306 1638 1344 καὶ
1656 1305 1866 1354 Θεόπομπος
1884 1309 1901 1343 ὁ
1922 1307 2003 1348 Χῖος
2022 1305 2080 1342 καὶ
2104 1304 2216 1358 Ἔφο-

1188 1384 1240 1418 ρος
1257 1371 1274 1404 ὃ
1298 1370 1454 1416 Κυμαῖος
1473 1365 1531 1402 καὶ
1560 1364 1813 1410 Ἀσκληπιάδης
1833 1367 1849 1400 ὃ
1874 1363 1917 1400 τὰ
1937 1361 2215 1413 Τραγῳδούμενα

1188 1425 1386 1476 συγγράψας
1406 1424 1464 1462 καὶ
1480 1422 1672 1467 Θεοδέκτης
1689 1424 1705 1458 ὃ
1725 1421 1936 1467 Φασελίτης.

1241 1486 1392 1521 Photius
1410 1484 1502 1519 Bibl.
1518 1483 1603 1518 cod.
1623 1482 1694 1516 262
1713 1495 1721 1516 ι
1742 1482 1912 1516 Isocratis
1926 1481 2093 1527 discipuli
2112 1487 2216 1514 crant

1188 1544 1401 1590 Xenophon
1412 1570 1421 1586 ‚
1438 1542 1720 1587 Theopompus,
1738 1540 1928 1586 Ephoru53
1945 1537 2001 1573 ἐπὶ
2017 1536 2144 1579 τούτοις
2158 1537 2216 1573 καὶ

1187 1599 1459 1646 Ἀσκληπιάδης,
1480 1597 1513 1640 ὃς
1529 1596 1573 1634 τὰ
1590 1596 1870 1647 Τραγῳδούμενα
1888 1594 2136 1647 συνεγράψατο.

1491 1699 1912 1752 ΤΡΑΓῼΔΟΥΜΕΝΑ.

1689 1807 1700 1827 Ι
1714 1823 1719 1828 .

1505 1890 1530 1923 Ε
1560 1887 1705 1922 LIBRO
1735 1886 1901 1920 PRIMO.

1245 1973 1387 2008 Probus
1402 1972 1448 2006 ad
1466 1971 1594 2017 Viugil.
1616 1969 1751 2015 Georg.
1773 1968 1848 2011 ΙΙΙ,
1870 1964 1942 2001 255
1961 1977 1970 2002 ε
1991 1966 2122 2000 Potnia
2136 1966 2218 1998 urbs

1192 2040 1246 2066 est
1263 2033 1430 2071 Boeotioe,
1459 2030 1521 2063 abi
1547 2029 1719 2067 Glaucus,
1747 2024 1897 2072 Sisyphi
1906 2025 2014 2071 filius
2033 2032 2068 2058 et
2091 2024 2216 2057 Mero-

1190 2103 1268 2137 pes,
1299 2097 1337 2122 ιιι
1356 2087 1592 2134 Asclepiades
1613 2089 1649 2118 in
1681 2082 1979 2129 Tragodumenon
2010 2082 2074 2117 lib.
2098 2083 2122 2115 I
2138 2084 2212 2121 ait,

1192 2148 1321 2181 hahuit
1343 2158 1453 2192 equas
1471 2156 1561 2191 quas
1577 2149 1780 2177 (I.J‘.s‘ll(²‹'(²l'(lt
1796 2141 1959 2174 humana
1979 2151 2088 2173 carne
2104 2139 2212 2177 alere,

1193 2218 1261 2251 quo
1289 2204 1455 2251 elpidius
1485 2206 1521 2236 in
1549 2201 1685 2235 hostem
1717 2203 1895 2232 irruerent
1919 2205 1954 2231 et
1968 2198 2218 2243 perniciosius.

109 2269 2204 2293 M

102 2328 176 2350 vero
190 2319 302 2351 ceteris
316 2321 462 2351 omnibus
484 2320 577 2351 rebus
593 2328 699 2351 ceraso
717 2319 846 2357 similis;
868 2318 920 2348 sed
938 2318 992 2357 qui
1010 2316 1133 2354 largiori

102 2371 192 2410 copia
213 2380 251 2401 eo
274 2372 424 2409 vescitur,
449 2372 534 2401 hunc
560 2379 623 2401 non
648 2379 738 2401 secus
756 2378 792 2400 ac
822 2369 931 2399 vinum
953 2369 1080 2407 gravat,
1102 2368 1133 2397 et

102 2422 241 2454 dolorem
261 2424 355 2462 capiti
377 2424 479 2454 assert-
507 2438 520 2450 υ
541 2425 617 2454 Haee
644 2423 706 2461 (ait
726 2421 913 2459 Athenaeus)
934 2420 1037 2450 dicere
1057 2419 1133 2449 mihi

103 2473 228 2504 videtur
252 2474 448 2514 Asclepiades
470 2474 508 2504 de
534 2474 669 2505 arbutis
692 2483 701 2503 .·
728 2481 818 2511 nam,
845 2480 917 2510 quac
943 2470 1055 2501 arbuta
1075 2470 1134 2500 sert

102 2524 207 2563 arbor,
223 2525 295 2555 talis
309 2527 354 2556 est
371 2538 377 2556 :
394 2525 448 2565 qui
464 2525 534 2564 plus
547 2527 665 2564 septem
680 2524 718 2555 de
732 2523 798 2562 ojus
815 2522 968 2554 fructibus
981 2520 1132 2559 comedit,

104 2576 131 2607 ei
145 2578 240 2615 caput
255 2576 351 2607 dolet.

146 2648 446 2686 DESCRIPTIO
477 2649 710 2686 GENTIUM
739 2647 1083 2686 TURDITANIAE.

593 2736 627 2767 5.

147 2811 220 2840 Post
239 2810 320 2840 hanc
334 2809 445 2840 urbem
459 2808 581 2840 Abdera
591 2833 599 2848 ‚
614 2809 798 2840 Phoenicum
812 2817 891 2847 opus
909 2810 977 2839 haec
991 2815 1130 2846 quoque.

107 2861 206 2899 Supra
220 2859 289 2890 haec
307 2860 375 2890 loca
388 2860 420 2889 in
434 2859 592 2890 montanis
605 2860 797 2889 monstratur
813 2857 951 2896 Odyssea
966 2858 1132 2896 (Ulyssea)

107 2911 138 2941 ct
151 2910 182 2940 in
195 2919 231 2941 ea
245 2910 353 2940 sanum
367 2910 516 2941 Minerva}
529 2933 537 2947 ,
550 2911 586 2940 ut
599 2909 784 2940 Posidonius
800 2908 896 2939 tradit
912 2909 943 2938 et
957 2908 1134 2938 Artemido-

108 2970 161 2992 rus
173 2963 207 2993 et
225 2961 420 3001 Asclepiades
434 2963 462 2992 M
467 2961 613 3000 yrleanus
624 2985 632 2999 ,
648 2960 747 3000 quiin
760 2960 942 2991 Turditama
957 2959 1136 2998 grammati-

112 3021 181 3042 cam
207 3012 315 3043 docuit
339 3014 368 3043 et
389 3012 630 3051 descriptionem
652 3012 793 3050 gentium
820 3011 934 3040 inistis
958 3010 1137 3049 regionibus

109 3063 287 3103 degentium
312 3063 419 3094 edidit.
436 3065 466 3095 Is
478 3063 575 3095 tradIt
594 3063 800 3093 monumenta
814 3070 955 3091 errorum
974 3061 1091 3100 Ulyssis
1104 3060 1135 3090 in

109 3115 227 3154 templo
240 3115 294 3146 illo
308 3115 459 3146 Minervae
475 3115 570 3146 astixa
591 3122 675 3152 esse,
692 3112 813 3152 aspides
826 3113 857 3142 et
878 3112 1005 3141 navium
1023 3113 1134 3143 rostra.

111 3165 201 3204 Apud
215 3165 368 3196 Callaicos
384 3167 489 3196 autem
504 3164 679 3196 consedisse
691 3163 844 3202 quosdam
859 3162 911 3201 qui
930 3164 1086 3193 Teucrum
1105 3163 1136 3193 in

113 3216 229 3246 bellum
256 3216 379 3246 fuerant
401 3216 519 3254 secuti3
539 3215 646 3254 ibique
671 3215 764 3244 fuisse
786 3213 879 3243 urbes
892 3238 900 3252 ‚
920 3221 1054 3252 quarum
1074 3222 1137 3244 nna

114 3269 258 3299 Uettones
272 3268 441 3307 diceretur,
466 3269 562 3299 altera
584 3266 778 3306 Amphilochi
797 3279 802 3296 ;
819 3267 945 3296 mortno
961 3265 1078 3295 scilicet
1094 3265 1135 3295 ibi

1194 2313 1423 2353 Amphilocho‚
1451 2313 1482 2341 et
1506 2310 1600 2341 sociis
1625 2317 1723 2348 usque
1750 2307 1789 2337 ad
1815 2306 2044 2337 mediterranea
2066 2304 2185 2343 vagatis
2214 2319 2220 2335 :

1194 2365 1269 2405 quin
1285 2367 1317 2395 et
1337 2364 1366 2393 id
1383 2363 1426 2393 ait
1439 2371 1472 2392 se
1486 2360 1674 2399 comperisse
1686 2383 1694 2397 ‚
1713 2357 1865 2397 quosdam
1883 2356 2024 2387 Herculis
2042 2355 2198 2385 sociorum
2212 2377 2220 2391 ‚

1194 2420 1226 2448 et
1259 2416 1483 2447 Messeniorum
1520 2412 1709 2444 inhabitasse
1738 2409 1938 2449 Hispaniam
1968 2409 2090 2447 partem
2114 2408 2221 2437 autem

1196 2468 1377 2500 Cantabriae
1391 2476 1409 2498 a
1424 2465 1598 2497 Laconibus
1611 2464 1798 2502 occupatam
1814 2462 1907 2492 tuisse
1919 2462 1950 2491 et
1968 2460 1994 2491 is
2006 2461 2037 2490 et
2049 2459 2099 2490 alii
2117 2458 2221 2498 perhi-

1195 2521 1289 2559 bent3
1319 2519 1425 2558 ibique
1446 2516 1634 2556 Opsicellam
1653 2511 1842 2554 [Ocelami‘]
1865 2512 1975 2542 urbem
2003 2509 2162 2541 conditam
2182 2509 2222 2539 ab

1195 2571 1302 2610 Ocela‚
1320 2570 1374 2610 qui
1388 2577 1460 2600 cum
1475 2569 1632 2599 Antenore
1645 2566 1774 2605 ejusque
1787 2563 1893 2595 liberis
1909 2563 1939 2593 in
1954 2561 2075 2593 ltaliam
2089 2560 2221 2600 trajecit.

1687 2632 1722 2662 6.

1239 2703 1344 2737 Quum
1365 2699 1450 2738 prius
1473 2696 1583 2728 Iberia}
1605 2695 1732 2726 nomine
1750 2693 1947 2724 intellectum
1966 2689 2059 2721 suerit
2074 2688 2222 2728 quicquid

1195 2754 1242 2784 est
1256 2753 1344 2782 extra
1359 2750 1544 2782 Rhodanum
1568 2749 1599 2779 et
1614 2748 1766 2778 isthmum
1791 2746 1846 2784 qui
1865 2753 1883 2775 a
1903 2743 2030 2775 Gallicis
2045 2743 2224 2772 coarctatur

1195 2804 1343 2842 sinubus;
1359 2810 1442 2832 nunc
1466 2809 1534 2831 eam
1558 2802 1678 2838 Pyr-ena
1693 2797 1880 2832 terminant,
1903 2794 2079 2832 vocantque
2092 2791 2222 2822 eandem

1196 2857 1227 2886 et
1240 2854 1372 2886 Iberiam
1387 2855 1417 2883 et
1437 2851 1633 2890 Hispaniam,
1650 2847 1829 2879 nominibus
1848 2846 1932 2876 idem
1949 2842 2216 2883 significantibus:

1196 2905 1348 2945 [priores
1380 2905 1495 2934 autem
1518 2898 1744 2940 Hispaniam]
1768 2897 1867 2928 solam
1883 2895 2038 2927 vocabant
2059 2902 2128 2924 eam
2150 2901 2222 2931 quae

1196 2958 1243 2988 est
1266 2956 1349 2986 intia
1375 2955 1511 2986 lherum
1535 2952 1591 2983 His
1614 2959 1741 2991 quoque
1760 2949 1814 2988 qui
1837 2948 1910 2979 sunt
1935 2947 2068 2986 pliores,
2094 2943 2219 2975 eosdem

1198 3008 1310 3047 Igletas
1320 3005 1493 3044 vocabant,
1504 3003 1638 3042 regionis
1648 3002 1784 3032 cultores
1797 3007 1859 3029 non
1872 2998 1999 3037 amplae,
2013 2998 2047 3027 ut
2059 2996 2102 3026 ait
2115 2995 2222 3026 Ascle-

1197 3059 1303 3099 piades
1316 3058 1506 3098 Myrleanus.
1524 3054 1654 3086 Romani
1671 3054 1770 3084 totam
1786 3052 1945 3090 regionem
1959 3048 2135 3088 promiscue
2152 3046 2220 3077 lbe

1198 3112 1275 3141 riam
1295 3111 1325 3141 et
1352 3108 1532 3148 Hispaniam
1555 3106 1754 3137 nominantes
1772 3103 1803 3133 in
1819 3101 2002 3133 Interiorem
2025 3107 2078 3129 seu
2093 3096 2220 3128 Citerio-

1198 3172 1283 3201 1·‚em
1307 3164 1338 3193 et
1356 3161 1548 3193 Exterioiem
1564 3168 1618 3190 seu
1636 3156 1823 3188 Ulteriorem
1839 3152 2008 3184 dividunt:
2034 3149 2086 3180 sed
2110 3150 2216 3179 tamen

1197 3212 1435 3245 accommodata
1453 3212 1631 3250 temporum
1647 3207 1819 3239 rationibus
1840 3201 2108 3235 administratione
2142 3197 2189 3227 ali·
2193 3204 2218 3223 ts

1198 3264 1286 3295 aliter
1299 3263 1504 3302 distinguunt
