2289 3728
918 163 1249 202 FRAGMENTA.

2063 177 2134 208 227

33 252 219 304 προστάξαι
240 251 357 288 Νάθαν
378 249 433 286 τὸν
450 249 627 300 προφήτην
645 252 701 285 τοῦ
720 250 824 287 Θεοῦ.
853 250 1055 297 Οἰκοδομεῖν
1085 256 1089 285 1
1117 251 1206 300 ἱεροῦ
1227 251 1343 298 στοὰν,
1358 253 1413 288 καί
1432 252 1569 294 στύλους
1588 255 1672 305 αὐτῇ
1691 257 1882 299 ὑποστῆσαι
1899 255 2046 305 χαλκοὶος
2065 257 2138 304 μη’.

34 310 69 347 δὲ
94 309 237 351 ἐναλλὰξ
265 309 367 357 δόμον
387 308 510 344 λίθινον
531 307 588 343 καὶ
608 307 770 355 ἔνδεσμον
796 305 1053 356 κυπαρίσσινον,

31 367 217 409 πελεκίνοις
232 367 373 417 χαλκοῖς
388 364 620 406 ταλαντιαίοις
637 363 968 411 καταλαμῧάνοντας
982 364 1057 406 τοὺς

33 425 62 475 β’
84 424 217 472 δόμους,
234 423 336 462 Οὕτω
359 424 386 459 δ’
402 422 503 459 αὐτὸν
518 421 791 470 οἰκοδομήσαντα
810 420 958 462 ξυλῶσαι
973 421 1055 464 ἔξω·

30 485 84 518 θεν
105 481 265 529 κεδρίνοις
286 479 393 524 ξύλοις
414 479 471 516 καὶ
489 478 762 529 κυπαρισσίνοις,
783 477 872 515 ὥστε
894 477 956 523 τὴν
972 479 1056 515 λιθί-

30 554 89 583 νην
117 537 298 586 οἰκοδομὴν
328 536 375 586 μὴ
406 535 601 588 φαίνεσθαι·
627 535 808 586 χρυσῶσαί
828 550 865 571 τε
887 535 945 571 τὸν
976 535 1055 572 ναὸν

29 596 152 632 ἔσωθεν
167 595 342 646 χωννύντα
361 593 498 630 πλινθία
509 598 622 645 χρυσᾶ
639 591 858 643 πενταπήχη,
872 592 930 629 καὶ
947 608 1058 644 προσ-

30 652 156 689 τιθέναι
193 654 431 703 προσηλοῦντα
474 650 568 694 ἥλοις
616 650 795 701 ἀργυροῖς,
831 650 1058 693 ταλαντιαίοις

29 708 90 754 τὴν
116 709 233 757 ὁλκὴν,
265 708 481 759 μαστοειδέσι
507 708 563 744 τὸν
595 707 733 758 ῥυθμὸν,
761 706 919 759 τέτταρσι
939 707 974 744 δὲ
1003 708 1058 744 τὸν

34 767 189 816 ἀριθμόν.
219 767 321 804 Οὕτω
341 766 369 803 δ’
395 765 496 802 αὐτὸν
524 767 704 815 χρυσῶσαι
733 764 800 801 ἀπὸ
828 765 970 815 ἐδάφους
997 765 1058 807 ἕως

30 828 88 870 τῆς
108 827 249 876 ὂροφῆς,
279 825 318 861 τό
345 839 380 860 τε
402 823 566 873 ὀρόφωμα
586 826 728 867 ποιῆσαι
752 824 788 859 ἐκ
817 823 1056 873 φατνωμάτων

30 885 177 933 χρυσῶν,
198 883 234 919 τὸ
252 883 286 919 ’δὲ
307 883 406 931 δῶμα
432 885 574 926 ποιῆσαι
593 883 744 931 χαλκοῦν
767 881 834 918 ἀπὸ
860 881 1057 932 κεραμίδων

30 941 183 990 χαλκῶν,
200 940 330 990 χαλκὸν
350 939 588 990 χωνεύσαντα,
606 939 664 975 καὶ
684 942 801 975 τοῦτον
821 939 1056 989 καταχέαντα.

34 999 186 1042 Ποιῆσαι
206 997 240 1034 δὲ
270 996 328 1034 δύο
358 995 498 1038 στύλους
519 998 688 1046 χαλκοῦς,
713 995 771 1032 καὶ
790 1000 1059 1047 καταχρυσῶσαι

31 1054 156 1098 αὐτοὺς
173 1054 304 1107 χρυσίῳ
332 1054 466 1105 ἀδόλῳ,
498 1054 656 1104 δακτύλῳ
684 1054 722 1090 τὸ
741 1053 863 1104 πάχος.
897 1049 993 1092 Εἶναι
1025 1055 1059 1091 δὲ

27 1112 104 1155 τοὺς
123 1114 263 1156 στύλους
275 1115 323 1163 τῷ
339 1115 409 1163 ναῷ
427 1111 653 1162 ἰσομεγέθεις,
668 1112 705 1148 τὸ
722 1111 756 1148 δὲ
777 1111 923 1157 πλάτος,
944 1112 1059 1163 κύκλῳ

28 1165 170 1208 ἕκαστον
190 1170 286 1207 κίονα
303 1173 426 1220 πηχῶν
446 1169 544 1206 δέκα·
563 1173 685 1215 στῆναι
706 1169 739 1205 δὲ
759 1168 880 1210 αὐτοὺς
896 1173 953 1205 τοῦ
966 1169 1059 1206 οἴκου

27 1227 62 1264 ὃν
79 1227 139 1276 μὲν
157 1229 194 1264 ἐκ
208 1227 334 1273 δεξιῶν,
354 1227 389 1263 ὃν
405 1227 438 1264 δὲ
454 1227 487 1270 ἐξ
501 1226 696 1275 εὐωνύμων.
714 1228 864 1271 Ποιῆσαι
879 1225 986 1263 δὲκαὶ
1001 1228 1060 1264 λυ-

27 1285 124 1335 χνίας
141 1291 293 1336 χρυσᾶς,
314 1285 394 1322 δέκα
413 1285 565 1322 τάλαντα
587 1285 734 1330 ἑκάστην
752 1284 857 1330 ὁλκὴν
880 1285 1028 1334 ἀγούσας
1044 1315 1053 1332 ,

33 1344 224 1392 ὑπόδειγμα
246 1342 396 1380 λαὸόντα
417 1341 477 1388 τὴν
499 1342 564 1380 ὑπὸ
584 1342 738 1385 Μωσέως
758 1344 791 1379 ἐν
811 1346 854 1393 τῇ
872 1345 981 1390 σκηνῇ
1002 1347 1060 1380 τοῦ

30 1401 216 1453 μαρτυρίου
234 1404 401 1438 τεθεῖσαν.
429 1403 565 1446 Στῆσαι
585 1401 613 1436 δ’
630 1400 663 1443 ἐξ
679 1400 840 1452 ἑκατέρου
863 1399 986 1451 μέρους
1001 1405 1060 1438 τοῦ

28 1461 134 1502 σηκοῦ
151 1457 210 1500 τὰς
225 1459 285 1506 μὲν
306 1459 344 1494 ἐκ
358 1457 488 1503 δεξιῶν,
506 1457 566 1500 τὰς
581 1456 615 1494 δὲ
630 1457 662 1500 ἐξ
684 1457 880 1506 εὐωνύμων.
904 1459 1059 1501 Ποιῆσαι

29 1515 59 1551 δ’
89 1515 190 1552 αὐτὸν
209 1515 267 1552 καὶ
292 1516 434 1566 λύχνους
463 1519 610 1567 χρυσοῦς
638 1515 682 1561 ο’,
705 1514 793 1552 ὥστε
823 1515 980 1572 καίεσθὶαι
1008 1513 1059 1565 ἐφ’

28 1573 176 1618 ἑκάστης
206 1572 345 1624 λυχνίας
381 1574 484 1611 ἑπτά.
519 1573 758 1622 Οἰκοδομῆσαι
787 1571 821 1609 δὲ
852 1571 912 1614 τὰς
946 1571 1059 1613 πύλας

31 1635 89 1668 τοῦ
123 1633 230 1682 ἱεροῦ,
263 1631 321 1668 καὶ
349 1634 615 1679 κατακοσμῆσαι
635 1630 768 1682 χρυσίῳ
801 1629 858 1667 καὶ
890 1629 1058 1681 ἀργυρίῳ·

29 1689 86 1725 καὶ
106 1689 362 1738 καταστεγάσαι
377 1689 581 1740 φατνώμασι
598 1689 760 1740 κεδρίνοις
777 1688 836 1724 καὶ
853 1687 1059 1738 κυπαρισσί-

29 1761 109 1788 νοις.
129 1748 280 1791 Ποιῆσαι
298 1746 332 1783 δὲ
358 1747 415 1783 καὶ
445 1745 536 1784 κατὰ
554 1746 591 1783 τὸ
612 1746 694 1797 πρὸς
717 1749 841 1796 βορρᾶν
873 1745 976 1796 μέρος
994 1749 1054 1782 τοῦ

27 1876 131 1907 titudo
144 1875 352 1914 incumberet,
364 1875 466 1906 tribus
476 1877 493 1906 J
497 1875 659 1906 udaeorum
673 1884 722 1907 res
734 1875 922 1907 necessarias
930 1876 1057 1906 eentum

28 1928 59 1958 et
75 1926 236 1966 sexaginta
251 1926 414 1957 bominum
427 1926 566 1956 millibus
579 1926 622 1956 ita
635 1925 897 1965 suppeditabant,
913 1928 948 1957 ut
964 1935 1056 1957 suum

27 1978 159 2017 singulae
172 1986 313 2008 mensem
330 1977 404 2008 huie
421 1985 505 2007 curae
518 1985 554 2007 ac
567 1976 737 2016 provisioni
751 1977 942 2015 assignatum
956 1979 986 2008 et
1002 1978 1058 2008 de-

27 2030 181 2068 scriptum
199 2028 362 2060 baberent.
381 2031 460 2068 Ergo
485 2028 594 2067 templi
620 2027 824 2058 fundamenta
847 2028 948 2066 jacta,
971 2029 1056 2068 quod

26 2080 189 2119 sexaginta
201 2080 380 2110 cubitorum
394 2078 587 2118 longitudine
603 2078 799 2117 totidemque
811 2079 976 2110 latitudine
990 2089 1054 2118 spa-

26 2133 106 2163 tium
131 2132 322 2171 occupabat,
351 2131 555 2161 fundamenta
579 2139 654 2161 vero
671 2130 844 2161 latitudinis
867 2131 931 2169 ipsa
947 2140 1002 2170 per
1024 2140 1056 2162 se

27 2184 136 2214 decem
155 2183 284 2213 omnino
301 2182 425 2213 cubitos
441 2182 637 2212 obtinebant.
656 2180 707 2212 sie
727 2182 810 2211 enim
823 2190 841 2211 a
857 2182 980 2212 Nathan
1004 2183 1054 2214 dei

28 2235 179 2275 propheta
192 2235 297 2273 jussus
312 2234 462 2265 Salomon
479 2234 592 2264 fuerat.
609 2237 654 2264 Ae
667 2235 859 2264 structuram
878 2234 1055 2265 universam

27 2288 71 2318 ita
82 2286 238 2326 compingi
252 2287 365 2324 voluit,
379 2287 415 2317 ut
428 2285 571 2316 alterutri
582 2294 648 2316 sese
661 2285 801 2325 lapidum
816 2288 847 2316 et
863 2287 1057 2325 cupressina-

27 2347 99 2368 rum
122 2338 261 2368 trabium
277 2337 401 2368 ordines
417 2337 615 2375 exciperent,
633 2336 718 2376 quod
740 2338 911 2376 utrumque
934 2337 1056 2368 corium

27 2388 122 2419 aeneis
134 2388 335 2427 quibusdam,
346 2387 446 2426 iisque
459 2388 567 2418 talenti
581 2387 697 2426 pondo,
709 2387 868 2418 securium
882 2387 979 2418 instar
990 2389 1057 2419 vin-

27 2440 105 2471 culis
121 2439 377 2478 adstringeretur.
395 2440 465 2470 Jam
482 2439 583 2469 stante
596 2438 734 2468 universi
753 2438 876 2469 aedificii
891 2439 989 2477 mole,
1005 2448 1056 2470 ce-

27 2491 125 2521 drinis
138 2489 388 2529 cupressinisque
400 2489 516 2520 tabulis
526 2489 716 2520 exteriorem
727 2489 866 2528 lapidum
878 2489 987 2520 faciem
996 2513 1006 2528 ,
1018 2499 1057 2521 ne

27 2541 156 2573 oculum
172 2540 364 2579 offenderet,
386 2540 596 2579 undequaque
618 2540 761 2579 vestivit,
784 2541 965 2571 interiorem
983 2549 1056 2571 vero

27 2595 72 2624 sic
84 2593 258 2632 inauravit,
275 2594 311 2622 ut
324 2591 476 2623 eonssatos
494 2601 534 2623 ex
548 2601 625 2622 auro
642 2593 755 2623 lateres
772 2592 952 2623 cubitorum
966 2594 1057 2632 quin-

28 2653 109 2684 que,
129 2644 226 2674 clavis
247 2643 401 2682 argenteis
425 2644 588 2681 quattuor,
605 2643 715 2673 talenti
733 2643 854 2682 pondo,
868 2645 962 2683 atque
979 2644 1055 2675 ube-

27 2705 98 2726 rum
111 2696 143 2726 in
159 2695 395 2726 similitudinem
409 2695 570 2725 collocatis
582 2695 619 2725 ad
636 2695 767 2734 parietes
778 2695 925 2734 affigeret.
944 2697 1057 2735 Sicque

28 2757 46 2778 a
65 2747 243 2787 pavimento
259 2746 299 2777 ad
315 2754 475 2777 summum
489 2755 591 2785 usque
603 2747 722 2777 tectum
733 2747 815 2778 mdes
828 2749 895 2778 tota
907 2756 983 2778 auro
997 2749 1057 2780 eol·

29 2799 156 2829 lucebat
173 2810 180 2827 :
197 2797 356 2837 ipsiusque
369 2797 447 2828 adeo
466 2797 620 2835 laquearis
641 2806 771 2829 aureum
790 2798 986 2837 tabulatum,
1001 2808 1056 2830 ex-

28 2850 128 2881 terius
138 2857 213 2879 vero
227 2848 353 2879 culinen
365 2857 484 2879 cereum
498 2849 601 2878 totum
615 2849 701 2886 erat,
717 2848 776 2878 boe
786 2850 832 2879 est
845 2849 934 2881 aereis
947 2851 1058 2889 tegulis

30 2901 99 2931 suso
115 2908 178 2931 aere
196 2899 338 2930 conflatis
354 2899 534 2929 instratum.
561 2898 731 2929 Columnas
749 2901 898 2938 praeterea
923 2900 1002 2931 duas
1026 2901 1057 2931 in

29 2951 149 2990 templo
162 2950 290 2988 statuit,
310 2958 408 2980 aereas
421 2949 548 2988 quidem
567 2949 653 2987 illas,
670 2949 724 2980 sed
745 2958 822 2981 auro
838 2950 1002 2989 purissimo
1018 2952 1056 2982 ad

30 3002 117 3041 digiti
126 3002 219 3033 unius
229 3001 468 3032 crassitudinem
479 3001 635 3040 inductas,
646 3011 663 3033 a
673 3002 792 3033 dextris
805 3011 911 3041 unam,
925 3004 1056 3034 alteram

29 3062 48 3084 a
61 3053 208 3092 sinistris3
223 3053 330 3083 ambas
341 3054 446 3084 autem
458 3053 630 3092 ejusmodi,
647 3063 719 3092 quae
731 3054 924 3093 longitudine
940 3058 1056 3085 tectum

30 3104 132 3143 ipsum
153 3104 359 3143 attingerent,
376 3104 494 3134 ambitu
520 3104 643 3135 eubitos
662 3105 791 3143 singulae
813 3104 921 3135 decem
945 3105 1056 3144 imple-

30 3156 110 3185 rent.
132 3157 234 3185 Aurea
250 3155 343 3185 etiam
361 3155 547 3186 candelabra
564 3155 630 3186 sieri
653 3156 793 3193 curavit,
814 3156 918 3195 pondo
937 3157 1057 3195 singula

30 3205 184 3235 talentum
201 3204 328 3243 decem,
348 3213 419 3244 quae
433 3205 472 3236 ad
490 3205 574 3236 illius
594 3206 679 3245 quod
697 3207 729 3236 in
748 3206 950 3238 tabernaculo
968 3208 1057 3238 testi-

31 3255 127 3286 monii
144 3255 332 3286 collocatum
346 3265 364 3286 a
380 3258 464 3287 Mose
485 3256 603 3295 suerat,
621 3257 782 3296 exemplar
803 3258 965 3296 expressit.
984 3260 1058 3289 Haec

8 3307 166 3385 9utraque
179 3306 321 3338 similiter
336 3307 412 3339 aedis
424 3309 511 3347 parte
526 3308 695 3340 constituta
706 3332 715 3348 ,
731 3308 769 3340 ad
783 3309 926 3340 dextram
941 3309 1038 3340 altera
1049 3334 1056 3348 ,

1121 308 1389 344 immanendo-ru
1410 309 1443 345 ῗὲ
1464 311 1520 346 καὶ
1541 313 1689 360 λουτῆρα
1704 314 1869 361 χαλκοῦν,
1892 316 1999 359 μῆκος
2018 318 2140 363 πηχῶν

1118 363 1162 412 κ’,
1177 363 1236 399 καὶ
1253 364 1379 406 πλάτος
1396 369 1516 415 πηχῶν
1532 367 1573 411 κ’,
1591 368 1627 403 τὸ
1646 368 1679 404 δὲ
1699 369 1777 418 ὕψος
1792 372 1913 419 πηχῶν
1928 370 1966 409 ε’.
1992 373 2142 416 Ποιῆσαι

1119 421 1152 457 δὲ
1173 420 1225 457 ἐπ’
1244 423 1336 472 αὐτῷ
1355 423 1522 473 στεφάνην
1541 424 1622 474 πρὸς
1638 424 1697 469 τὴν
1719 426 1816 475 βάσιν
1834 426 1896 469 ἔξω
1911 428 2142 479 ὑπερέχουσαν

1117 481 1230 528 πῆχυν
1250 478 1307 515 ἕνα
1327 479 1409 528 πρὸς
1429 479 1466 515 τὸ
1489 480 1562 522 τοὺς
1588 483 1685 531 ἱερεῖς
1709 482 1783 524 τούς
1805 499 1839 519 τε
1861 484 1968 527 πόδας
1988 486 2138 536 προκλύ-

1119 537 1233 577 ζεσθαι
1253 535 1383 577 καὶτὰς
1400 541 1516 586 χεῖρας
1533 537 1709 575 νίπτεσθαι
1727 540 1977 584 ἐπιῧαίνοντας·
1996 546 2138 587 ποιῆσαι

1118 591 1153 627 δὲ
1180 591 1237 628 καὶ
1264 591 1324 634 τὰς
1345 592 1460 642 βάσεις
1488 597 1546 629 τοῦ
1575 596 1733 645 λουτῆρος
1759 598 1938 647 τορευτὰς,
1970 600 2144 649 χωνευτὰς

1119 649 1266 694 δώδεκα,
1281 649 1338 686 καὶ
1356 653 1403 698 τῷ
1420 650 1497 702 ὕψει
1517 652 1756 702 ἀνδρομήκεις,
1772 655 1828 690 καὶ
1849 659 1973 700 στῆσαι
1992 657 2023 700 εξ
2041 658 2139 694 ὑστέ-

1747 711 1835 722 κνα-

1120 722 1177 757 ρου
1199 707 1319 756 μέρους
1339 708 1403 744 ὑπὸ
1423 708 1477 745 τὸν
1496 710 1664 759 λουτῆρα,
1686 726 1722 746 εκ
1744 726 1857 753 οεςιων
1887 717 1944 748 τοῦ
1966 717 2145 759 θυσιαστη·

1121 765 1204 815 ρίου.
1235 767 1386 810 Ποιῆσαι
1410 766 1444 802 δὲ
1471 767 1529 802 καὶ
1561 767 1658 817 βάσιν
1687 769 1820 817 χαλκῆν
1846 772 1894 820 τῷ
1918 770 1993 821 ὕψει
2022 775 2143 821 πηχῶν

1119 824 1222 867 δυοῖν,
1245 823 1334 859 κατὰ
1354 822 1410 859 τὸν
1431 825 1598 875 λουτῆρα,
1615 823 1658 860 ἵν’
1677 825 1845 876 ἐφεστήκῃ
1862 827 1912 862 ἐπ’
1931 830 2032 873 αὐτῆς
2047 832 2063 865 ὅ
2082 833 2146 880 βα-

1120 880 1250 925 σιλεὺς,
1274 878 1354 916 ὅταν
1375 881 1632 932 προσεύχηται,
1661 882 1751 924 ὅπως
1780 884 1968 929 ὁπτάνηται
1995 889 2042 936 τῷ
2067 889 2144 937 λαῷ

1119 941 1186 975 τῶν
1213 938 1405 976 Ἰουδαίων.
1436 940 1675 986 Οἶκοδομῆσαι
1706 941 1739 976 δὲ
1764 941 1822 977 καὶ
1848 941 1886 978 τὸ
1905 944 2145 995 θυσιαστήριον

1119 999 1241 1046 πηχῶν
1262 996 1311 1032 κε’
1326 996 1381 1032 ἐπὶ
1401 996 1524 1047 πήχεις
1542 997 1586 1042 κ’,
1603 997 1640 1034 τὸ
1666 998 1698 1034 δὲ
1715 998 1796 1049 ὕψος
1819 1002 1942 1048 πηχῶν
1961 1000 2018 1038 ιδ’.
2037 1003 2146 1047 [10qu—

1121 1069 1178 1091 σαι
1205 1054 1239 1090 δὲ
1260 1054 1318 1091 καὶ
1339 1055 1538 1098 δακτυλίους
1567 1056 1625 1092 δύο
1648 1057 1797 1106 χαλκοῦς
1816 1057 2064 1105 ἁλυσιδωτοὺς,
2087 1060 2145 1096 καὶ

1122 1115 1245 1151 στῦσαι
1278 1112 1400 1155 αὐτοὺς
1438 1113 1494 1150 ἐπὶ
1530 1115 1793 1164 μηχανημάτων
1829 1116 2061 1166 ὑπερεχόντων
2097 1120 2145 1168 τῷ

1122 1169 1198 1221 ὕψει
1214 1169 1270 1207 τὸν
1290 1170 1369 1207 ναὸν
1390 1172 1512 1222 πήχεις
1539 1172 1583 1218 κ’,
1614 1172 1673 1209 καὶ
1703 1173 1852 1216 σκιάζειν
1886 1174 2000 1210 ἐπάνω
2021 1175 2146 1217 παντὸς

1120 1232 1179 1265 τοῦ
1198 1229 1309 1279 ἱεροῦ·
1329 1229 1386 1265 καὶ
1407 1231 1670 1281 προσκρεμάσαι
1701 1231 1829 1281 ἑκάστῃ
1850 1231 1959 1268 δικτύϊ
1987 1231 2146 1274 κώδωνας

1121 1287 1272 1336 χαλκοῦς
1289 1286 1526 1330 ταλαντιαίους
1553 1288 1809 1338 τετρακοσίους·
1830 1288 1887 1325 καὶ
1907 1292 2050 1334 ποιῆσαι
2067 1289 2149 1333 ὅλας

1122 1343 1183 1384 τὰς
1214 1343 1350 1385 δικτύοις
1374 1344 1457 1395 πρὸς
1486 1345 1523 1381 τὸ
1542 1346 1660 1396 ψοφεῖν
1680 1345 1756 1387 τοὺς
1777 1346 1954 1389 κώδωνας,
1981 1346 2039 1383 καὶ
2062 1349 2149 1384 ἀπο-

1123 1398 1235 1435 σοῧεῗν
1259 1399 1302 1436 τὰ
1318 1399 1415 1451 ὄρνεα
1430 1430 1438 1445 ,
1461 1400 1550 1442 ὅπως
1570 1402 1617 1450 μὴ
1635 1402 1754 1451 καθίζῃ
1782 1402 1838 1439 ἐπὶ
1853 1407 1911 1440 τοῦ
1932 1405 2021 1453 ἱεροῦ
2034 1433 2043 1451 ,
2062 1405 2150 1453 μήτε

1122 1457 1265 1506 νοσσεύῃ
1297 1458 1352 1494 ἐπὶ
1381 1464 1448 1501 τοῖς
1478 1459 1684 1510 φατνώμασι
1712 1463 1778 1496 τῶν
1814 1462 1928 1497 πυλῶν
1948 1461 2006 1498 καὶ
2029 1465 2148 1507 στοῶν,

1121 1514 1180 1551 καὶ
1198 1514 1326 1566 μολύνῃ
1347 1517 1414 1559 τοῖς
1435 1517 1690 1566 ἀποπατήμασι
1709 1517 1747 1554 τὸ
1762 1518 1865 1568 ἱερόν.
1884 1519 2091 1569 Περιὸαλεῖν
2113 1521 2146 1557 δὲ

1122 1573 1180 1610 καὶ
1201 1572 1244 1609 τὰ
1265 1573 1488 1624 Ἱεροσόλυμα
1506 1574 1568 1620 τὴν
1585 1576 1683 1612 πόλιν
1700 1576 1829 1627 τείχεσι
1849 1577 1907 1614 καὶ
1931 1578 2069 1627 πύργοις
2089 1579 2147 1615 καὶ

1122 1630 1271 1681 τάφροις·
1288 1632 1512 1679 οἰκοδομῆσαι
1529 1632 1562 1669 δὲ
1577 1633 1635 1670 καὶ
1653 1634 1808 1683 βασίλεια
1824 1636 1947 1685 ἑαυτῷ.
1968 1637 2147 1686 Προσαγο-

1125 1691 1284 1738 ρευθῆναι
1304 1687 1337 1724 δὲ
1354 1688 1391 1725 τὸ
1413 1689 1598 1741 ἀνάκτορον
1616 1694 1750 1741 πρῶτον
1767 1691 1828 1740 μὲν
1849 1691 1954 1742 Ἱερὸν
1972 1695 2148 1742 Σαλομῶ-

1122 1761 1198 1792 νος,
1230 1744 1370 1796 ὕστερον
1400 1746 1434 1782 δὲ
1461 1749 1752 1799 παρεφθαρμένως
1773 1749 1834 1794 τὴν
1864 1750 1961 1787 πόλιν
1990 1751 2057 1787 ἀπὸ
2088 1755 2147 1787 τοῦ

1119 1875 1217 1906 altera
1232 1875 1270 1905 ad
1287 1877 1443 1907 sinistram
1454 1902 1462 1915 ‚
1478 1878 1657 1917 additaeque
1670 1888 1773 1910 aureae
1789 1879 1927 1910 lucernae
1938 1879 2146 1919 septuaginta,

1120 1930 1154 1958 ut
1167 1930 1286 1967 septem
1305 1937 1453 1960 accensas
1469 1930 1656 1961 candelabra
1672 1931 1792 1970 singula
1808 1932 2007 1963 sustinerent.
2026 1932 2145 1971 Templi

1119 1979 1226 2009 valvas
1243 1988 1369 2019 quoque
1380 1989 1456 2010 auro
1470 1986 1660 2020 argentoque
1678 1984 1773 2019 texit,
1789 1983 2002 2022 fornicemque
2015 1983 2148 2022 desuper

1120 2030 1253 2061 cedrinis
1266 2040 1302 2061 ac
1316 2032 1501 2070 cupressinis
1517 2041 1557 2062 ex
1577 2033 1694 2063 tabulis
1706 2033 1853 2064 siuuavit.
1871 2036 1941 2064 Jam
1955 2034 1994 2065 ad
2011 2038 2148 2074 septem-

1119 2082 1284 2112 trionalem
1308 2082 1384 2112 aedis
1408 2084 1531 2121 partem
1556 2083 1713 2122 ingentem
1733 2084 1886 2123 porticum
1903 2085 2041 2124 aperuit,
2059 2087 2148 2116 colu-

1118 2133 1199 2163 mnis
1209 2133 1297 2163 aereis
1308 2136 1379 2163 oeto
1396 2142 1431 2163 ac
1446 2134 1653 2173 quadraginta
1663 2136 1836 2166 suffultam.
1852 2136 1988 2166 Labrum
2002 2137 2077 2167 item
2092 2137 2148 2167 ad-

1117 2184 1222 2221 Junxit
1234 2192 1379 2222 aureum,
1394 2184 1599 2223 longitudinis
1612 2194 1648 2215 ae
1664 2186 1835 2217 latitudinis
1846 2187 1964 2226 viginti,
1976 2188 2150 2218 altitudinis

1117 2243 1192 2265 vero
1205 2235 1344 2275 quinque
1358 2236 1512 2267 driutaxat
1527 2237 1650 2268 cubitos
1667 2238 1792 2268 nahem.
1809 2240 1875 2269 lloc
1891 2239 2005 2269 limbus
2019 2239 2148 2278 quidam

1118 2286 1256 2317 exterius
1271 2287 1309 2317 ad
1325 2287 1468 2318 cubitum
1487 2297 1583 2318 unum
1598 2289 1755 2327 eminens,
1776 2298 1812 2319 ac
1839 2298 1945 2321 versus
1966 2290 2065 2320 basim
2086 2291 2149 2321 eir-

1118 2336 1306 2368 cumductus
1320 2338 1498 2377 ambiebat,
1516 2348 1579 2378 quo
1600 2340 1720 2370 sai-ilius
1736 2349 1906 2371 conscenso
1923 2341 2009 2371 labro
2020 2364 2028 2378 ,
2044 2349 2149 2371 sacer-

1117 2387 1204 2418 dotes
1229 2388 1343 2427 pedum
1362 2398 1577 2429 manuumque
1605 2390 1712 2421 sordes
1731 2392 1883 2422 eluerent.
1905 2391 2014 2422 Eidem
2036 2392 2151 2431 gradus

1117 2439 1279 2470 tornatiles
1297 2435 1465 2480 fusilesqu'e
1487 2441 1654 2472 duodecim
1668 2465 1676 2480 ,
1695 2451 1766 2472 cum
1790 2444 1875 2480 J‘usta
1899 2442 2034 2473 hominis
2059 2443 2152 2474 unius

1118 2490 1331 2529 magnitudine
1350 2491 1526 2531 adaequati,
1542 2493 1581 2522 ad
1602 2494 1721 2532 partem
1737 2493 1818 2523 illius
1837 2493 2038 2532 posteriorem
2050 2517 2058 2532 ‚
2074 2494 2148 2525 alta·

1118 2541 1160 2571 ris
1183 2550 1258 2572 vero
1281 2542 1426 2573 dextram
1454 2544 1616 2583 suppositi.
1667 2544 1781 2575 Addita
1803 2544 1929 2584 insuper
1951 2544 2033 2575 basis
2049 2554 2148 2583 aenea,

1118 2601 1134 2622 e
1157 2592 1282 2632 regione
1301 2593 1396 2632 labri,
1420 2594 1586 2625 altitudine
1603 2595 1726 2626 cubitos
1744 2595 1824 2626 duos
1842 2595 2003 2633 obtinens,
2028 2596 2078 2626 eui
2094 2605 2148 2627 rex

1118 2645 1263 2675 oraturus
1279 2645 1453 2684 insisteret,
1470 2655 1533 2685 quo
1547 2646 1668 2677 facilius
1681 2655 1698 2677 a
1715 2647 1939 2677 circumstante
1959 2646 2072 2678 Judaeo
2093 2656 2149 2686 po-

1118 2696 1192 2734 pulo
1206 2698 1398 2727 cerneretur.
1416 2697 1464 2728 Ad
1479 2697 1547 2727 haec
1563 2697 1661 2727 altare
1675 2697 1775 2728 erexit
1785 2721 1793 2735 ‚
1808 2697 1898 2736 eujus
1911 2698 2048 2728 ambitus
2061 2698 2149 2728 cubi-

1117 2747 1223 2777 torum
1249 2747 1390 2787 quinque
1414 2750 1446 2778 et
1470 2748 1676 2787 quadraginta
1687 2772 1696 2787 ‚
1722 2748 1857 2779 altitudo
1883 2756 1958 2779 vero
1982 2749 2148 2780 duodecim

1119 2799 1240 2828 tantum
1253 2802 1342 2829 esset.
1362 2801 1524 2830 Postremo
1538 2799 1676 2829 annulos
1689 2808 1727 2829 ex
1743 2807 1805 2829 aere
1817 2799 1955 2838 geminos
1966 2800 2083 2830 catenis
2096 2800 2149 2830 im-

1118 2849 1239 2887 plicitos
1249 2874 1256 2888 ‚
1275 2851 1427 2881 machinis
1439 2851 1627 2889 quibusdam
1641 2860 1736 2890 supra
1749 2852 1857 2890 templi
1869 2851 2025 2890 fastigium
2042 2852 2149 2891 viginti

1117 2900 1230 2931 cubitis
1242 2901 1439 2932 exstantibus
1457 2902 1625 2940 imposuit,
1642 2911 1780 2942 quorum
1799 2902 1911 2932 umbra
1930 2903 1961 2932 in
1975 2905 2079 2933 totum
2098 2903 2149 2933 de·

1117 2961 1210 2992 super
1224 2953 1350 2984 culmen
1364 2954 1562 2984 incumberet
1576 2964 1582 2984 :
1599 2963 1679 2994 eque
1692 2954 1818 2993 singulis
1833 2955 1951 2985 retibus
1964 2963 2018 2985 seu
2032 2955 2149 2985 catenis

1117 3012 1205 3034 aenea
1224 3004 1452 3041 tintinnabula,
1466 3005 1576 3035 talenti
1593 3005 1694 3044 pondo
1707 3028 1714 3042 ,
1730 3005 1957 3044 quadringenta
1971 3005 2146 3044 suspendit,

1117 3063 1188 3092 qua}
1205 3055 1322 3085 eatenis
1332 3055 1498 3086 commotis
1511 3056 1662 3095 impulsa,
1677 3055 1792 3087 tinnitu
1806 3065 1843 3086 ac
1859 3057 1989 3095 strepitu
2005 3056 2149 3085 volucres

1117 3104 1294 3144 abigerent,
1311 3114 1350 3136 ne
1364 3106 1414 3136 vel
1429 3106 1598 3137 insiderent
1612 3107 1730 3146 templo
1740 3130 1749 3145 ‚
1763 3107 1812 3137 vel
1827 3107 1916 3137 nidos
1935 3108 1966 3137 in
1983 3107 2146 3136 valvarum

1117 3157 1171 3185 aut
1182 3156 1361 3194 porticuum
1373 3157 1521 3188 tabulatis
1531 3160 1761 3194 construerent,
1776 3158 1939 3196 aedemque
1951 3165 2070 3187 sacram
2083 3164 2147 3185 sor-

1117 3205 1209 3237 dibus
1219 3206 1431 3246 inquinarent.
1445 3209 1543 3238 Porro
1553 3209 1652 3247 ipsam
1662 3217 1788 3247 quoque
1804 3208 2027 3246 Hierosolyma}
2036 3206 2145 3236 urbem

1118 3258 1228 3296 muris,
1239 3259 1381 3290 turribus
1394 3259 1547 3299 fossisque
1561 3260 1701 3297 vallavit,
1717 3261 1748 3290 et
1762 3261 1926 3298 augustam
1940 3258 1998 3289 sibi
2016 3257 2072 3295 ipsi
2093 3265 2144 3286 re-

1118 3310 1201 3349 giam
1215 3311 1377 3341 excitavit.
1393 3312 1431 3342 At
1446 3311 1583 3350 primum
1596 3311 1725 3351 quidem
1739 3320 1825 3342 sacra
1840 3311 1889 3341 illa
1904 3310 1986 3341 aedes
1997 3310 2074 3348 ἱερὸν
2083 3310 2142 3338 Σα-

1970 3370 2011 3392 15.
