2338 3765
132 187 206 218 450

127 273 227 309 αὐτόν
251 274 314 321 (7)·
336 272 423 322 ἑώρα
443 288 478 308 τε
496 275 635 323 Καῖσαρ
655 275 718 321 (a),
741 272 823 323 ὅπερ
843 275 936 326 αὐτῷ
952 276 987 311 ἐκ
1003 277 1069 311 τῶν
1086 276 1161 313 τότε

126 330 303 380 παρόντων
329 329 521 380 καταφανὲς
550 330 745 378 γενόμενον,
767 332 978 381 προστασίας
1006 333 1161 380 δεόμενος

126 390 327 432 πολιτικῆς·
350 387 438 437 ἑώρα
461 387 495 424 δὲ
516 387 574 424 καὶ
595 387 670 431 τοὺς
692 388 841 430 ὑπάτους
871 391 910 425 ἐκ
934 393 991 426 τοῦ
1018 395 1160 442 φανεροῦ

125 447 338 487 ἀνθεστῶτας
353 444 450 495 ἰσχύν
465 461 500 481 τε
512 444 642 490 πολλὴν
655 444 794 496 ἔχοντας
811 445 869 482 καὶ
883 446 991 492 ἄλλην
1008 448 1056 484 ἔτι
1067 448 1162 499 σφίσι

124 505 407 552 προσποιοῦντας.
429 501 498 539 Καὶ
513 501 579 552 γὰρ
593 502 630 538 τὸ
643 508 796 550 ταμιεῖον
808 506 866 549 τῆς
883 504 1024 550 πόλεως,
1042 504 1060 541 δ
1075 507 1161 542 πολ·

124 562 192 597 λῶν
212 560 403 611 χρημάτων
423 561 439 596 ὅ
460 558 574 610 πατὴρ
605 561 708 597 αὐτοῦ
729 560 932 610 ἐνέπλησεν,
955 562 1046 605 ἐντὸς
1071 564 1161 599 δυοῖν

126 623 245 667 μηνοῖν
274 617 295 662 ἢ
319 617 481 667 Καίσαρα
500 619 702 663 τελευτῆσαι
728 618 824 655 κενὸν
843 618 1008 664 ἐποίησαν
1027 620 1102 657 καθ’
1120 620 1161 665 ἢν

123 677 222 727 τύχοι
240 676 409 728 πρόφασιν
432 676 465 711 ἐν
487 676 729 714 ἀκαταστασία
747 679 859 727 πολλῆ
876 677 1089 728 πραγμάτων
1106 679 1160 714 ἐκ·

125 737 302 785 φοροῦντες
322 733 441 784 ἀθρόον
458 748 496 770 το
521 733 696 784 ἀργύριον,
717 734 776 772 καὶ
796 750 865 778 τοις
885 750 1052 786 σφαγευσι
1073 736 1161 786 φίλοι

123 795 226 837 ἦσαν.
240 790 426 834 Μόνοςδ”’
408 807 458 828 ετι
471 791 640 833 λοιπὸςν
600 808 640 838 ην
661 794 798 844 Καῖσαρ
814 793 963 844 τιμωρὸς
977 809 1025 830 τιι)
1040 808 1162 844 πατρι,

125 849 342 899 διαμεθέντος
359 849 537 888 Ἀντωνίου
552 849 590 887 τὸ
605 849 746 899 σύμπαν
761 866 819 887 και
835 851 897 896 τὴν
916 851 999 902 πρὸς
1012 866 1088 893 τους
1108 866 1162 902 φο-

125 914 191 950 νεῖς
207 909 408 957 ἀγαπωντος
429 907 637 956 ἀμνηστίαν.
657 907 838 958 Συνῄεσαν
850 904 906 946 οὖν
921 908 1041 946 πολλοὶ
1056 908 1163 959 [μὲν]

125 965 207 1016 πρὸς
225 964 341 1009 αὐτὸν,
360 966 420 1002 οὐκ
440 964 547 1015 ὀλίγοι
567 965 602 1002 δε
621 965 678 1002 καὶ
698 981 780 1016 προς
799 980 874 1007 τους
889 980 967 1016 περι
984 965 1161 1003 Ἀντώνιον

124 1039 182 1060 και
201 1025 269 1061 Ao)
273 1022 375 1060 odem,
379 1038 432 1062 αν.
458 1026 570 1062 Ησαν
593 1023 620 1060 δ
641 1025 670 1060 οἱ
688 1025 721 1060 ἐν
739 1022 835 1074 μέσι)
854 1039 916 1068 την
933 1022 1059 1074 ἔχθραν
1078 1022 1160 1059 ἀνά-

124 1097 238 1132 γοντες
258 1082 368 1118 αὐτων
389 1097 447 1118 και
470 1081 673 1133 πράττοντες
692 1084 790 1118 τοῦτο
807 1083 839 1118 *.
861 1081 1003 1119 Ἰούτων
1026 1082 1054 1118 δ’
1074 1076 1161 1127 Γἦσαν

125 1142 302 1192 κορυφαῖοι
320 1139 495 1185 Πόπλιος,
521 1139 660 1181 omem<
688 1140 749 1188 (9),
773 1138 939 1189 Λεύκιος,
967 1139 1105 1176 πάντων
1128 1137 1163 1175 δὲ

126 1198 278 1247 μάλιστα
302 1197 471 1248 Κικέρων.
501 1200 640 1256 Καῖσαρ
664 1197 699 1234 δὲ
723 1198 783 1233 οὐκ
804 1198 936 1267 ἀγνοῶν
962 1198 1020 1247 (10)
1050 1196 1162 1234 ὅντινα

123 1255 246 1306 τρόπον
264 1256 357 1292 αὐτι)
374 1254 527 1292 συνίασιν
541 1258 634 1292 ουτοι
647 1253 891 1305 παροςύνοντες
905 1253 961 1291 ἐπι
975 1252 1162 1301 Αντωνιον,

123 1314 160 1349 οὐ
182 1313 352 1358 διωθεῖτο,
370 1310 463 1354 ὅπως
483 1314 594 1349 αὐτῶν
614 1311 676 1357 τὴν
698 1311 856 1363 βοήθειαν
876 1311 1032 1364 φυλακήν
1048 1328 1084 1349 τε
1105 1328 1162 1364 ερ-

125 1369 381 1422 ρωμενεστέραν
393 1370 471 1421 περὶ
487 1369 606 1407 ἑαυτὸν
624 1369 894 1415 καταστήσοιτο·
909 1370 984 1421 ᾔδει
996 1369 1061 1421 γὰρ
1077 1370 1161 1407 ἑκά-

126 1443 225 1471 στους
245 1428 414 1478 ἐλάχιστα
434 1427 495 1478 μὲν
525 1431 583 1465 τοῦ
603 1431 713 1465 κοινοῦ
736 1431 973 1479 προεστῶτας,
999 1444 1163 1480 περισκο-

116 1490 273 1528 Ᾰποῦντας
293 1486 327 1523 δὲ
344 1485 454 1536 ἀρχὴν
472 1486 530 1523 καὶ
552 1486 766 1531 δυναστείαν,
781 1488 826 1528 ὡς
848 1485 887 1523 ἂν
907 1489 965 1523 τοῦ
983 1490 1091 1523 ταῦτα
1107 1502 1163 1524 κε-

125 1545 295 1593 κτημένου
309 1544 472 1596 πρότερον
488 1544 641 1581 ἐκποδὼν
665 1545 721 1593 (11)
738 1543 848 1590 ὄντος,
863 1546 966 1582 αὐτοῦ
989 1545 1023 1581 δὲ
1038 1546 1163 1594 κομιδῆ

123 1603 287 1653 νεωτέρου
306 1601 364 1639 καὶ
383 1604 443 1639 οὐκ
461 1601 501 1638 ἂν
523 1603 810 1653 ἀνταρκέσαντος,
829 1602 874 1645 ὥς
890 1617 927 1651 γε
952 1602 1164 1651 ὑπολαμὸά-

117 1676 203 1705 γνειν,
219 1660 300 1711 πρὸς
320 1660 455 1697 τοσόνδε
470 1659 635 1711 τάραχον,
653 1660 766 1697 ἄλλων
785 1660 874 1696 ἄλλα
891 1659 1162 1711 προσδοκώντων

124 1718 182 1756 καὶ
200 1718 268 1769 ἰδίᾳ
291 1718 403 1769 σφίσιν
423 1717 444 1754 ἃ
465 1718 621 1755 δύναιντο
639 1717 697 1767 (12)
715 1717 915 1767 κτωμένων.
933 1717 1162 1769 Ἀνῃρημένης

123 1792 188 1828 γαρ
218 1793 276 1821 της
302 1778 347 1818 εἷς
366 1776 405 1813 τὸ
437 1776 546 1813 κοινὸν
567 1776 723 1846 γνώμης,
752 1775 842 1813 κατὰ
872 1775 1023 1814 πολλὰ
1006 1777 1040 1814 οὲ
1074 1775 1161 1828 μέρη

123 1851 189 1871 των
222 1835 372 1871 δυνατῶν
405 1834 667 1898 διεσχισμένων,
690 1835 747 1871 καὶ
777 1834 931 1872 ἑκάστων
963 1837 1095 1877 ἑαυτοῖς
1121 1835 1164 1872 τὰ

123 1887 234 1937 κράτη
257 1902 299 1923 πε
305 1885 524 1937 ριποιούντων
545 1887 588 1923 τὰ
609 1886 794 1936 σύμπαντα
817 1884 838 1932 ἢ
864 1887 975 1924 ὁπόσα
1004 1892 1084 1937 γοῦν
1104 1888 1163 1925 δύ-

124 1960 238 1982 ναιντο
259 1944 577 1996 παρασπάσασθαι,
601 1943 874 1995 πολυπρόσωπός
898 1946 990 1996 τις(”ι
994 1947 1003 1994 )
1023 1949 1063 1991 ἠν
1107 1961 1164 1983 και

125 2002 305 2045 ἀλλόκοτος
326 2006 346 2048 ἡ
366 2017 517 2053 ταραχη.
534 2002 603 2040 Καὶ
620 2002 766 2044 Λέπιδος
789 2001 849 2051 μὲν
872 2007 995 2053 μοῖραν
1015 2002 1090 2040 τινὰ
1107 2007 1166 2049 τ’ἧς

124 2061 299 2113 Καίσαρος
329 2067 491 2111 στρατιᾶς
520 2059 738 2112 ἀπορρήξας,
773 2060 951 2111 ἀντείχετο
983 2061 1041 2098 καὶ
1066 2061 1165 2105 αὐτὸς

125 2120 276 2162 ἐξουσίας
301 2121 334 2156 ἐν
355 2119 491 2171 Ἰέηρία
513 2122 554 2170 τῇ
577 2119 732 2165 ἐπιτάδε,
756 2118 907 2162 Κελτούς
926 2135 963 2156 τε
983 2119 1059 2161 τοὺς
1090 2135 1164 2170 γει-

123 2180 286 2221 τνιῶντας
301 2181 342 2228 τῇ
373 2177 443 2215 ἅνω
474 2178 625 2227 θαλάττῃ
652 2177 820 2228 κατέχων·
849 2176 923 2220 τοὺς
944 2178 972 2215 δ’
1000 2176 1161 2215 ἐπέκεινα

125 2236 317 2278 Μουνάτιος
336 2237 393 2286 (13)
412 2235 553 2278 Λεύκιος
570 2234 735 2284 Πλάγκος
754 2235 809 2284 (14)
827 2237 882 2287 ὑφ’
898 2238 990 2286 αὑτῷ
1008 2236 1165 2282 ἐπεποίη-

125 2308 163 2330 το
198 2292 257 2330 σὺν
270 2293 375 2344 ἑτέρῳ
388 2296 524 2344 στρατῷ
537 2292 665 2335 ὕπατος
675 2292 734 2329 καὶ
750 2292 850 2335 αὐτὸς
867 2294 1160 2344 ἀποδεδειγμένος.

126 2350 315 2403 Ἰδηρίας
298 2351 332 2388 οὲ
353 2350 429 2394 τους
444 2351 603 2388 επέκεινα
618 2353 793 2393 οἷκουντας
810 2350 910 2394 lotio<
927 2351 1065 2394 Ἀσίνιος
1084 2353 1163 2404 (15),

126 2409 232 2446 ἄλλου
253 2425 400 2459 στρατου
419 2409 548 2461 ἅργων,
570 2411 716 2454 υπῆκτο.
738 2408 904 2458 Δέκμος
887 2409 921 2446 οὲ
939 2412 1087 2461 Βροῦτος
1102 2411 1162 2454 τὴν

128 2467 287 2517 ἷσόνομον
305 2467 440 2517 ἐκράτει
460 2466 637 2505 Γαλατίαν
655 2482 713 2503 συν
729 2467 819 2503 δυοῖν
834 2466 1023 2516 τάγμασιν,
1043 2467 1094 2518 εφ’
1116 2470 1162 2503 ὡν

127 2525 268 2574 ἔμελλεν
290 2525 413 2562 αὐτίκα
433 2524 527 2574 μάλα
550 2539 674 2575 χωρειν
697 2523 890 2567 Ἀντωνιος·
910 2525 1146 2562 Μακεδονία
1129 2525 1163 2563 οὲ

128 2584 230 2626 Γάϊος
242 2582 423 2633 Βρουτος”
406 2583 542 2635 εφεδρος
563 2584 653 2632 (iol
637 2597 703 2663 7&
707 2597 782 2619 οσον
795 2581 891 2618 οὔπω
907 2582 1140 2633 περαιωθεις
1126 2599 1163 2620 εκ

128 2644 189 2686 τῆς
209 2640 388 2683 Ἰταλίας
374 2641 426 2677 επ’
448 2639 568 2688 αὐτὴν,
589 2656 648 2677 και
676 2640 783 2691 Συρίᾳ
807 2640 959 2682 Κάσσιος
979 2643 1161 2691 Λογγῖνος

128 2699 220 2742 ὅστις
249 2699 468 2736 ἀπεδέδεικτο
494 2699 551 2750 (17)
574 2701 633 2744 τῆς
660 2698 847 2750 Ἰλλυρίδος
875 2700 931 2748 (18)
959 2700 1160 2749 στρατηγός.

127 2759 291 2795 Τοσαῦτα
312 2755 372 2804 μὲν
392 2756 636 2807 στρατεύματα
651 2757 684 2793 ἐν
705 2759 752 2807 τῷ
766 2756 842 2793 τότε
860 2757 1089 2803 συνειστήκει,
1104 2758 1162 2795 καὶ

128 2814 257 2852 τοσοίδε
280 2814 458 2865 ἄρχοντες,
477 2814 577 2857 αὐτός
601 2830 650 2856 τις
667 2813 808 2856 ἕκαστος
836 2814 956 2852 ἑαυτὸν
976 2814 1078 2858 ἀξιῶν
1099 2814 1160 2861 τὴν

129 2876 194 2910 τῶν
211 2872 298 2909 ὅλων
311 2871 510 2909 δυναστείαν
525 2872 629 2922 ἔχειν,
643 2872 860 2924 ἀνῃρημένου
875 2872 1000 2915 παντὸς
1015 2873 1161 2922 νομίμου

129 2931 187 2967 καὶ
209 2930 358 2975 δικαίου,
380 2930 458 2967 κατ’
479 2930 578 2980 ἰσχὺν
594 2929 702 2976 δὲτὴν
721 2930 876 2973 ἑκάστοις
893 2935 1087 2983 προσοῦσαν
1101 2936 1160 2969 τοῧ

927 185 1132 222 NlCOLAl
1165 187 1455 226 DAMASCENl

1221 283 1332 314 studiis
1347 285 1571 324 impedimento
1586 289 1663 317 erat.
1689 288 1839 328 viditque
1854 292 1968 330 Caesar,
1983 294 2067 332 quod
2080 304 2097 327 e
2111 300 2258 336 praesenti

1222 359 1328 382 rerum
1343 354 1429 383 statu
1443 354 1526 384 clare
1540 354 1702 392 elucebat,
1723 355 1862 395 indigere
1877 365 1910 388 se
1924 359 2069 397 pracsidio
2085 362 2191 402 aliquo
2207 373 2262 404 pu-

1223 418 1324 458 blic0;
1339 419 1417 450 vidit
1432 419 1526 450 etiam
1541 421 1686 453 consules
1698 423 1807 461 aperto
1821 423 2000 456 resistentes
2014 434 2192 467 magnaque
2207 437 2260 468 po·

1222 485 1297 516 titos
1310 487 1448 525 potentia
1471 487 1591 526 majora
1603 487 1709 518 adbuc
1724 491 1918 529 appetentes.
1934 493 2014 523 Nam
2030 494 2178 525 aerarium
2191 496 2262 526 civi·

1222 552 1295 583 tatis
1308 575 1316 589 ‚
1331 552 1416 592 quod
1433 553 1541 585 multis
1553 554 1666 594 opibus
1680 558 1769 595 pater
1782 557 1849 596 ejus
1864 558 2067 599 impleverat,
2085 562 2168 593 intra
2181 563 2261 594 dnos

1223 626 1346 649 menses
1363 618 1435 650 inde
1455 627 1474 649 a
1496 621 1597 651 morte
1618 622 1752 652 Caesaris
1773 623 2001 664 exhauserant,
2019 626 2112 657 obvio
2134 636 2262 668 quoque

1223 684 1379 721 praetextu
1394 692 1448 723 per
1461 692 1619 716 summam
1634 694 1741 717 rerum
1760 688 1906 720 omnium
1929 691 2145 723 confusionem
2163 702 2261 733 pecu-

1223 750 1290 781 nias
1314 750 1538 791 dilapidantes;
1556 752 1690 794 denique
1707 757 1945 795 percussoribus
1961 759 2055 790 amici
2081 763 2184 793 erant.
2210 763 2261 795 Sic

1222 818 1308 849 solus
1329 819 1432 850 adbuc
1451 820 1592 860 reliquus
1616 823 1684 852 erat
1708 824 1816 854 Caesar
1840 826 1981 864 paternae
2001 827 2100 859 credis
2121 829 2252 868 vindex,

1223 892 1324 923 quum
1342 884 1499 916 Antonius
1514 886 1620 917 totum
1633 886 1693 918 hoc
1705 888 1875 928 negligeret
1889 891 1920 920 et
1936 898 2115 924 concessam
2132 902 2260 933 percus-

1223 949 1347 981 soribus
1374 958 1481 981 rerum
1513 953 1733 983 anteactarum
1758 953 1950 986 oblivionem
1985 958 2140 989 tueretur.
2168 961 2262 992 Multi

1223 1026 1297 1049 sane
1321 1017 1359 1049 ad
1379 1019 1536 1050 Caesarem
1561 1018 1772 1059 accedebant,
1795 1020 1849 1051 sed
1878 1021 1962 1052 haud
1988 1024 2080 1063 pauci
2100 1026 2195 1057 etiam
2221 1027 2261 1058 ad

1223 1084 1395 1116 Antonium
1411 1086 1443 1116 et
1456 1085 1651 1117 Dolabellam
1661 1096 1671 1124 ;
1685 1085 1738 1116 alii
1752 1095 1827 1117 vero
1841 1087 1873 1118 in
1886 1087 1991 1119 medio
2008 1090 2100 1128 positi
2117 1090 2177 1122 lioc
2193 1101 2263 1132 age-

1223 1152 1317 1191 bant,
1335 1153 1372 1183 ut
1390 1152 1588 1183 inimicitiam
1607 1161 1719 1183 eornm
1735 1152 1923 1185 focillarent.
1942 1156 2088 1191 Quorum
2106 1157 2263 1198 principes

1223 1222 1314 1253 erant
1327 1220 1477 1260 Publius,
1493 1221 1624 1261 Vibius,
1639 1221 1753 1253 Lucius
1763 1224 1795 1253 et
1812 1231 1877 1262 prae
1891 1224 2002 1255 ceteris
2017 1224 2140 1257 cicero.
2157 1228 2263 1258 caesar

1224 1288 1282 1320 etsi
1298 1288 1383 1319 haud
1393 1288 1515 1319 nescius
1524 1297 1662 1328 quonam
1671 1289 1800 1320 consilio
1813 1298 1846 1320 se
1859 1290 2062 1322 convenirent
2072 1292 2115 1330 lii,
2125 1293 2179 1333 qni
2191 1302 2263 1324 con-

1222 1358 1272 1388 tra
1284 1356 1457 1388 Antonium
1470 1356 1736 1395 exstimulabant,
1750 1366 1814 1388 non
1831 1357 1947 1397 repulit
1965 1359 2069 1389 tamen
2083 1383 2091 1397 ,
2104 1361 2262 1391 uteorum

1224 1423 1343 1454 auxilio
1363 1432 1438 1454 usus
1454 1423 1593 1455 firmiore
1611 1432 1644 1455 se
1656 1424 1799 1456 custodia
1812 1425 1960 1456 muniret.
1977 1427 2056 1457 Nam
2070 1425 2150 1457 bene
2162 1435 2262 1459 nove-

1226 1493 1272 1522 rat
1285 1492 1424 1532 singulos
1438 1492 1509 1523 illos
1522 1501 1587 1522 non
1600 1492 1711 1523 salutis
1724 1492 1859 1532 publicae
1872 1501 1981 1523 curam
1994 1501 2085 1533 agere
2094 1517 2104 1533 ,
2114 1494 2169 1525 sed
2181 1502 2263 1526 sum-

1224 1563 1313 1585 mum
1325 1554 1544 1594 magistratum
1555 1556 1586 1586 et
1596 1555 1763 1595 imperium
1777 1555 2030 1596 circumspicere,
2042 1566 2142 1597 quum
2153 1561 2182 1590 J.
2196 1561 2261 1591 Cae·

1224 1627 1275 1649 sar
1291 1620 1384 1649 antea
1397 1618 1445 1649 liis
1462 1619 1581 1658 potitus
1599 1627 1663 1649 non
1681 1619 1818 1658 amplius
1836 1619 2063 1659 impedimento
2081 1623 2180 1660 esset,
2199 1623 2262 1662 ipse

1225 1691 1301 1713 vero
1312 1681 1437 1721 juvenis
1452 1682 1624 1713 admodum
1636 1705 1645 1720 ,
1658 1681 1801 1721 adeoque
1813 1682 1927 1722 impar,
1942 1683 1989 1713 uti
2002 1683 2176 1723 putabant,
2191 1687 2262 1716 tan·

1225 1743 1265 1775 tis
1278 1743 1504 1783 componendis
1513 1743 1615 1775 turbis
1629 1744 1708 1774 foret
1720 1767 1729 1782 ‚
1740 1742 1808 1774 aliis
1821 1743 1882 1774 alia
1894 1744 2149 1783 exspectantibus
2162 1748 2193 1776 et
2204 1746 2263 1778 sibi

1225 1806 1355 1846 singulis
1378 1814 1452 1846 quae
1472 1807 1598 1846 possent
1614 1784 1857 1837 vindicantibus.
1880 1805 2006 1837 Etenim
2031 1806 2153 1838 sublata
2176 1808 2262 1839 omni

1226 1879 1298 1911 quoe
1320 1870 1361 1902 ad
1372 1878 1573 1901 communem
1587 1869 1721 1900 salutern
1736 1870 1891 1909 spectaret
1905 1869 2110 1909 cogitatione,
2126 1871 2264 1911 virisque

1226 1931 1418 1971 principibus
1431 1931 1462 1962 in
1475 1931 1591 1962 multas
1604 1930 1758 1962 factiones
1770 1930 1879 1962 divisis
1888 1954 1896 1969 ‚
1911 1931 2105 1971 singulisque
2115 1931 2262 1964 assectan-

1225 1995 1310 2026 tibus
1326 1996 1382 2026 aut
1396 2003 1555 2026 summam
1570 1993 1692 2034 imperii
1707 1995 1762 2025 aut
1774 1997 1930 2033 quantum
1947 1994 2015 2033 eJus
2031 1995 2212 2034 pertrahere
2223 1995 2262 2027 ad

1225 2066 1258 2089 se
1275 2058 1401 2097 possent
1427 2070 1435 2088 ι
1463 2055 1665 2087 multiformis
1689 2057 1721 2087 et
1746 2056 1893 2087 immanis
1919 2059 1988 2088 erat
2008 2066 2115 2087 rerum
2137 2059 2262 2088 contur-

1226 2119 1323 2150 batio.
1349 2118 1487 2158 Lepidus
1512 2119 1601 2158 parte
1619 2117 1758 2158 quadam
1782 2126 1801 2149 a
1826 2118 1958 2149 Caesaris
1974 2119 2116 2150 exercitu
2135 2119 2262 2158 avulsa,

1226 2184 1257 2214 et
1272 2183 1337 2222 ipse
1356 2181 1523 2221 imperium
1540 2180 1733 2220 appetebat,
1745 2180 1925 2220 Hispaniam
1948 2181 2058 2211 tenens
2077 2181 2262 2212 citeriorem

1225 2247 1257 2277 et
1277 2245 1412 2277 Galliam
1427 2252 1500 2283 quae
1519 2243 1598 2274 mari
1612 2242 1765 2283 superiori
1782 2242 1946 2282 imminet,
1966 2243 2131 2274 ulteriores
2157 2243 2263 2274 Gallos

1226 2310 1262 2339 L.
1287 2306 1447 2338 Munatius
1466 2305 1602 2336 Plancus
1623 2304 1654 2335 in
1678 2305 1831 2344 potestate
1848 2303 1986 2335 habebat
2001 2292 2159 2335 eumalio
2176 2313 2264 2336 exer·

1225 2373 1288 2404 citu
1306 2371 1415 2402 consul
1429 2371 1565 2401 creatus.
1586 2369 1719 2400 lberiam
1738 2369 1922 2400 ulteriorem
1938 2369 2065 2401 tenebat
2083 2373 2119 2403 G.
2139 2371 2263 2402 Asinius

1225 2435 1347 2473 Pollio,
1362 2434 1442 2464 alius
1452 2432 1517 2463 dux
1531 2432 1697 2463 exercitus.
1715 2432 1863 2463 Decimus
1877 2433 1993 2463 Brutus
2008 2432 2039 2463 in
2053 2433 2155 2464 Gallia
2166 2432 2262 2465 Cisal-

1225 2497 1297 2537 pina
1323 2494 1498 2535 imperabat
1519 2503 1593 2525 cum
1617 2493 1741 2525 duabus
1759 2493 1953 2533 legionibus,
1971 2495 2081 2525 contra
2105 2503 2183 2534 quas
2196 2494 2262 2534 iam

1225 2560 1311 2592 exire
1344 2557 1534 2598 properabat
1559 2556 1726 2588 Antonius.
1757 2555 1975 2587 Macedoniam
2000 2556 2058 2587 sibi
2082 2556 2263 2588 vindicabat

1224 2625 1260 2655 C.
1277 2622 1394 2653 Brutus
1406 2621 1530 2650 tantum
1547 2618 1688 2649 nondum
1706 2626 1745 2649 ex
1758 2617 1847 2648 ltalia
1863 2617 1894 2648 in
1908 2626 1978 2648 eam
1998 2618 2160 2657 profectus
2172 2641 2181 2656 ,
2206 2620 2260 2657 Sy-

1224 2685 1303 2715 riam
1320 2683 1443 2715 Cassins
1460 2681 1617 2721 Longinus
1628 2705 1636 2720 ,
1653 2680 1708 2720 qui
1722 2680 1837 2719 Illyriae
1853 2681 1970 2719 praetor
1983 2679 2165 2719 designatus
2179 2682 2259 2711 erat.

1223 2746 1315 2777 Tanti
1340 2744 1498 2776 exercitus
1513 2745 1581 2774 tum
1595 2741 1750 2773 contracti
1763 2742 1853 2773 erant
1865 2765 1874 2780 ,
1897 2742 1946 2772 tot
1961 2740 2059 2772 duces
2077 2741 2259 2780 constituti,

1223 2817 1359 2849 quorum
1376 2807 1433 2837 sibi
1458 2805 1591 2845 quisque
1613 2812 1770 2835 summam
1794 2802 1916 2843 imperii
1932 2810 2069 2833 asserere
2090 2802 2259 2842 studebat,

1222 2880 1322 2911 quum
1339 2870 1462 2902 sublata
1479 2870 1557 2900 esset
1573 2868 1674 2899 omnis
1696 2869 1803 2907 legum
1820 2867 1993 2898 auctoritas
2006 2868 2038 2898 et
2051 2866 2173 2906 justitia
2185 2891 2193 2906 ‚
2209 2870 2259 2899 at-

1222 2945 1285 2977 que
1300 2936 1329 2966 vi
1343 2929 1505 2967 armorum
1516 2959 1524 2973 ,
1540 2934 1655 2974 quibus
1667 2933 1801 2974 quisque
1814 2933 1965 2973 polleret,
1981 2941 2030 2964 res
2045 2932 2259 2973 disceptaren-

131 3059 292 3098 ἐπισημεν.
310 3058 379 3089 cod.
407 3060 478 3089 Mox
505 3059 630 3098 ἠρήθμει
657 3058 726 3089 cod.
754 3077 794 3081 —
811 3062 839 3091 7.
868 3060 1001 3100 αὐτὸν]
1017 3061 1124 3092 ἑαυτὸν
1141 3060 1210 3092 cod.
1235 3078 1276 3083 —
1290 3065 1318 3091 8.
1334 3057 1506 3099 Καῖσαρ]
1532 3057 1657 3098 καίσαρι
1672 3056 1742 3088 eod.
1758 3059 1841 3087 -9.
1869 3055 2050 3095 Οὐίὸιος]
2078 3055 2195 3095 ὄρὸιος,
2222 3057 2258 3086 ut

130 3114 236 3145 supra.
264 3122 304 3127 -—
333 3109 379 3136 10.
403 3105 460 3135 οὐκ
473 3103 612 3143 ἀγνοῶν]
636 3105 803 3136 οὐκαινοών
830 3105 899 3135 cod.
918 3124 958 3131 -—·
976 3111 1008 3137 ll
1029 3106 1221 3147 ἐκποδὼν]
1237 3107 1379 3147 ἐμποδὼν
1394 3105 1504 3137 codex.
1527 3121 1569 3127 -
1584 3109 1631 3136 12.
1647 3104 1666 3134 ἂ
1685 3103 1767 3144 δύν.]
1784 3103 1868 3133 ἀδυν.
1885 3101 1956 3133 cod.
1973 3117 2013 3125 -—
2027 3102 2042 3117 '¹
2056 3102 2133 3132 πολὺ
2149 3101 2257 3141 πρόσω

131 3151 231 3186 πίστις
248 3151 359 3182 codex.
380 3171 420 3176 —
440 3154 486 3181 13.
507 3150 593 3184 τοὺς
613 3151 638 3180 δ’
654 3150 828 3181 ἐπέκεινα
851 3152 1086 3193 Μουνάτιος]
1107 3154 1231 3189 τούτους
1254 3154 1284 3184 δὲ
1299 3152 1450 3193 κομανοὺς
1468 3151 1537 3182 cod.
1562 3149 1676 3190 Lepido
1695 3152 1802 3181 Caesar
1822 3148 1956 3180 Galliam
1974 3148 2207 3180 Narbonensem
2225 3149 2257 3179 et

132 3197 314 3237 Hispaniam
327 3197 492 3227 finitimam
506 3195 670 3227 tribuerat.
688 3197 874 3228 Ulteriorcin
888 3198 1022 3229 Galliam
1038 3199 1335 3231 tenebatMunatius
1348 3199 1490 3230 Plancus.
1508 3198 1566 3228 Dio
1580 3199 1664 3228 Cass.
1681 3198 1732 3234 43,
1745 3199 1794 3227 51.
1811 3197 1867 3234 45,
1886 3198 1930 3226 10.
1947 3212 1985 3217 -
2003 3197 2049 3226 14.
2062 3193 2251 3235 Πλάγκος]

132 3244 284 3282 πλάγκτος
309 3243 378 3274 cod.
408 3242 528 3274 Deinde
549 3242 707 3278 πεποίητο.
721 3261 761 3268 --
779 3248 824 3273 15.
850 3243 1009 3282 Ἀσίννιος,
1029 3245 1128 3276 altera
1143 3257 1158 3276 ν
1175 3246 1265 3277 litera
1286 3245 1515 3285 suprascripta,
1538 3242 1647 3274 codex.
1670 3260 1711 3265 —-
1739 3245 1782 3273 16.
1801 3240 1976 3282 ἔφεδρος]
1999 3241 2102 3280 ἔφορος
2127 3240 2197 3271 cod.
2217 3257 2255 3262 —

136 3293 182 3320 17.
196 3290 299 3320 ἀπεδ.
310 3289 450 3329 ]ἀποδεδ.
466 3288 576 3320 codex.
587 3309 626 3315 -
641 3292 685 3319 18.
695 3289 716 3320 Ἰ
726 3289 916 3329 λλυρίδος]
927 3292 1138 3330 Exspectabas
1146 3294 1294 3332 Κυρήνης,
1307 3291 1431 3331 utapud
1442 3290 1593 3331 plurimos
1603 3289 1749 3325 traditur,
1762 3298 1792 3318 v.
1803 3297 1830 3318 c.
1842 3296 1891 3328 ap.
1903 3287 2032 3326 Appian.
2044 3288 2099 3326 ΙΙΙ,
2110 3290 2138 3318 8.
2149 3288 2257 3325 Neque

135 3339 238 3367 lamen
250 3345 359 3367 omncs
377 3336 455 3367 inter
468 3344 500 3366 se
513 3335 721 3366 consentiunt.
743 3335 791 3366 Si(¹
810 3335 1008 3375 Bithyniam
1025 3337 1128 3367 Cassio
1144 3339 1330 3378 assignatam
1348 3347 1366 3368 a
1384 3338 1494 3369 senatu
1514 3345 1579 3368 esse
1598 3335 1673 3366 dicit
1691 3336 1748 3366 Dio
1765 3336 1852 3366 Cass.
1872 3336 1907 3364 47
1923 3358 1931 3372 ,
1955 3337 2005 3371 21,
2028 3332 2080 3364 nbi
2098 3332 2170 3364 vide
2183 3340 2255 3372 quac
