2338 3765
125 180 196 212 444

121 256 151 292 οἳ
171 253 233 303 μὲν
257 254 384 292 ὤσειαν
405 255 507 291 αὐτὸν
535 254 604 291 ἀπὸ
625 257 684 300 τ’ἧς
704 254 876 306 γεφύρας,
904 257 935 293 οἷ
954 256 989 294 δὲ
1017 259 1156 310 ἐπιδρα-

121 312 240 361 μόντες
269 312 434 350 κτείνειαν
455 314 509 361 (1)·
540 312 638 349 ἄλλοι
668 312 703 350 δὲ
728 328 809 350 οταν
839 314 912 351 θέαι
947 316 1156 366 μονομάχιον

121 369 291 418 ἅ(υ)νται“
306 370 449 421 ὓπόγυοι
469 371 496 407 δ’
512 374 619 416 ἦσαν·
642 370 721 407 ἔνθα
742 386 801 407 και
818 371 907 409 ὅπλα
925 375 1067 423 ὁρᾶσθαι
1084 390 1157 411 πα-

121 429 379 478 ρεσκευασμένα
409 428 465 465 ἐπὶ
490 427 553 474 τὴν
584 427 707 479 πρᾶξιν
730 428 924 468 ἀνύποπτον
949 435 991 477 ἠν
1020 431 1076 469 διὰ
1099 432 1157 469 τὸν

297 488 342 525 Οἱ
369 486 523 524 πλεῖστοι
551 486 587 524 δὲ
615 486 789 538 παρῄνουν
812 489 846 525 ἓν
873 491 914 541 τῇ
943 491 1047 541 βουλῇ
1075 506 1158 527 συν-

119 544 298 594 εδρεύοντα
320 545 462 582 κτείνειν
473 575 482 592 ,
498 544 601 591 ἡνίκα
617 546 717 596 μόνος
732 545 831 589 αὐτὸς
848 546 990 597 ἔμελλεν
1005 548 1158 586 ἔσεσθαι·

121 604 158 639 οὐ
188 601 254 653 γὰρ
283 603 493 640 συνεισίασιν
519 605 550 641 οἱ
585 603 633 654 μὴ
665 604 866 656 μετέχοντες
892 607 1017 652 αὐτῆς,
1039 606 1160 643 πολλοὶ

119 662 148 696 δ’
167 663 197 698 οἱ
220 661 498 705 ἐπιίῗουλεύοντες
513 661 579 699 ὑπὸ
595 665 664 705 τοῖς
687 663 835 712 ἱματίοις
857 663 991 714 ἔχοντες
1012 664 1158 716 ἐγχειρί-

118 719 188 758 δια.
210 719 280 757 Καὶ
302 719 438 772 ἐκράτει
453 720 514 766 ἥδε
533 723 553 766 ἡ
571 720 707 770 γνώμη.
732 721 909 759 Συνέλαὸε
930 720 965 758 δὲ
989 722 1048 759 καὶ
1068 722 1158 773 τύχη

117 791 166 819 τις
187 778 232 820 εἷς
251 781 351 815 τοῦτο
364 807 374 827 ,
393 778 570 823 ποιήσασα
584 778 718 830 ἡμέραν
737 778 842 830 ῥητὴν
860 779 962 816 αὐτὸν
978 780 1090 831 ὁρίσαι
1107 782 1153 822 εἰς

118 487 235 536 ἀγῶνα
242 517 250 524 .

118 834 160 879 ἢν
191 837 233 884 (2)
270 835 424 873 συνίασιν
446 839 488 877 ,οἱ
524 838 563 874 ἐκ
596 841 654 874 τοῦ
687 837 861 888 συνεδρίου
896 837 1159 888 βουλευσόμενοι

117 892 194 943 περὶ
221 888 268 929 ὧν
299 895 400 937 αὐτὸς
434 894 575 944 ἔμελλεν
608 894 778 932 εἰσοίσειν.
838 894 939 932 Ἐπεὶ
971 895 1005 931 δὲ
1039 895 1157 942 ἐνέστη

116 952 138 996 ἡ
154 950 255 1002 κυρία
275 951 413 1004 ἡμέρα,
434 952 604 1003 συνῄεσαν
623 952 942 1003 παρεσκευασμένοι
960 954 1028 995 τοῖς
1041 959 1158 990 πᾶσιν.

117 1008 272 1060 Ἐγίνετο
293 1011 325 1047 δὲ
347 1012 461 1054 αὐτοῖς
481 1014 502 1058 ἦ
522 1011 659 1054 σύνοδος
678 1013 723 1054 εἷς
741 1012 802 1056 τὴν
825 1011 1010 1060 Πομπηίου
1032 1011 1134 1049 στοὰν
1147 1041 1157 1059 ,

116 1066 196 1104 ἔνθα
214 1068 379 1107 ἑκάστοτε
397 1070 437 1121 (3)
456 1069 687 1121 συνελέγοντο.
702 1071 762 1119 Τῷ
777 1070 804 1106 δ’
823 1070 888 1121 ἄρα
906 1073 922 1106 ὁ
940 1069 1071 1119 δαίμων
1093 1071 1158 1107 ’διε-

117 1124 248 1163 οείκνυε
266 1126 310 1164 τὰ
341 1128 458 1165 ἐνθάδε
478 1129 552 1180 (4)<
540 1133 640 1165 οποῖα
667 1127 738 1174 εἴη,
755 1130 800 1170 ὥς
819 1128 932 1164 πάντα
952 1127 1089 1165 ἀστάθυ
1091 1145 1157 1174 ητα

116 1199 175 1221 και
195 1201 257 1231 της
281 1185 387 1236 τύγης
403 1186 515 1233 ἥττω,
535 1188 582 1229 εἷς
602 1202 641 1223 το
666 1189 723 1224 τοῦ
744 1188 866 1238 ἐχθροῦ
891 1185 992 1223 αὐτον
1017 1185 1158 1237 ὑπάγων

116 1243 255 1294 χωρίον,
273 1245 305 1280 ἐν
327 1248 354 1296 ᾡ
376 1245 498 1295 ἔμελλε
518 1260 585 1295 προ
602 1248 660 1281 τοῦ
679 1244 807 1282 ἐκείνου
826 1244 1022 1313 ἀνδριάντος
1042 1245 1160 1296 νεκρὸς

117 1300 312 1348 κείσεσθαι,
326 1302 385 1338 καὶ
403 1306 440 1339 οὑ
459 1305 580 1346 ζῶντος
595 1318 690 1353 περιε
694 1301 829 1353 (ε’νετο,
844 1301 964 1340 τούτου
978 1306 1160 1346 τεθνει)τος

117 1358 201 1409 πρὸς
215 1361 263 1410 τῷ
280 1359 411 1411 εἰδώλῳ
427 1360 722 1412 ἀποσφάττεσθαι.
746 1360 985 1411 Ἰσχυρότερον
1004 1360 1084 1398 δέτι
1100 1362 1159 1399 καὶ

116 1419 136 1461 ἢ
154 1417 255 1468 μοῖρα
270 1448 279 1464 ,
303 1418 332 1454 εἰ
354 1418 394 1463 δή
413 1434 461 1461 τις
484 1418 612 1464 ἐπέστη
640 1418 786 1461 τούτοις.
805 1417 854 1456 Οἵ
869 1434 904 1454 τε
923 1420 964 1468 (5)
986 1417 1052 1469 γὰρ
1069 1419 1158 1470 φίλοι

116 1473 246 1520 ἐκείνης
265 1478 325 1521 τῆς
341 1475 473 1526 ἡμέρας
495 1476 658 1522 ἐκώλυον,
677 1477 733 1513 διά
751 1492 845 1519 τινας
865 1477 983 1527 φήμας
1002 1477 1159 1521 οἰωνιζό-

118 1547 235 1581 μενοι,
264 1533 469 1585 πορεύεσθαι
487 1535 533 1576 εἷς
558 1534 596 1571 τὸ
625 1533 884 1585 βουλευτήριον·
911 1534 1021 1584 ἰατροί
1045 1550 1082 1572 τε
1105 1535 1159 1571 διὰ

115 1590 212 1628 νόσον
246 1592 402 1637 σκοτώδη
438 1593 480 1641 (6)
506 1591 669 1629 ἑκάστοτε
699 1591 957 1641 συμῧαίνουσαν
980 1594 1072 1644 αὐτῷ
1101 1592 1160 1630 καὶ

117 1647 193 1684 τότε
235 1652 518 1698 προσπεσοῦσαν·
557 1648 580 1694 ἥ
617 1664 653 1686 τε
689 1649 774 1699 γυνὴ
807 1649 946 1686 πάντων
984 1650 1137 1697 μάλιστα
1151 1681 1159 1696 ,

118 1706 380 1757 Καλπουρνία
361 1722 493 1756 ονομα,
515 1707 571 1744 διά
586 1723 680 1750 τινας
699 1708 823 1759 ὄψεις
809 1708 972 1746 ενυπνίων
991 1709 1160 1757 δειματω·

116 1766 168 1799 θε
157 1779 212 1800 ισα
236 1766 299 1813 (7),
334 1765 432 1816 ἐνεφυ
457 1781 494 1802 τε
516 1767 609 1802 αὖτιΝ)
628 1781 687 1802 και
714 1767 775 1803 οὐκ
801 1766 865 1817 ἔφη
891 1767 1002 1803 ἐάσειν
1032 1767 1162 1812 ἐκείνης

116 1820 237 1865 ἐξιέναι
265 1839 326 1868 της
357 1826 424 1872 ἡμε
417 1822 503 1875 ’ρας.
537 1823 728 1876 Παραστὰς
756 1823 791 1861 δὲ
824 1827 989 1874 Βροῦτος,
1022 1828 1067 1868 εἷς
1095 1828 1161 1862 τιΝ)ν

118 1879 422 1927 ἐπιῧουλευόντων,
445 1898 478 1919 εν
498 1881 533 1919 δὲ
548 1885 617 1925 τοῖς
637 1883 790 1930 μάλιστα
809 1883 917 1935 φίλοις
931 1884 1007 1920 τότε
1024 1884 1160 1933 νομιζό·

117 1953 240 1988 μενος,
271 1957 286 1973 «
318 1940 363 1978 Τί
396 1939 436 1977 σὺ
459 1940 593 1991 λέγεις,
625 1945 731 1988 εἶπεν,
765 1944 792 1979 ὠ
823 1943 985 1992 Καῖσαρ;
1019 1943 1089 1979 Και
1120 1958 1160 1979 συ

115 1999 132 2033 ὁ
152 1997 354 2044 τηλικόσοε,
375 2013 539 2047 γυναικος
566 1998 732 2042 ἐνυπνίοις
760 1999 820 2036 καὶ
851 2000 981 2050 ἀνδρῶν
1004 1999 1161 2048 ματαίων

115 2055 259 2101 κληδόσι
286 2057 327 2106 (8)
358 2056 561 2108 προσσχὼν,
586 2057 735 2109 ὓὸρίσεις
758 2058 796 2109 (9)
818 2057 880 2103 τήν
901 2073 938 2096 σε
961 2057 1160 2108 τιμήσασαν

120 2111 324 2163 σύγκλητον,
339 2113 380 2160 ἣν
393 2115 494 2158 αὐτὸς
509 2117 741 2158 συνεκάλεσας
753 2148 761 2163 ,
775 2117 837 2153 οὐκ
851 2116 966 2163 ἐξιών;
982 2116 1071 2154 Ἀλλ’
1086 2119 1159 2166 οὐκ,

115 2171 157 2216 ἥν
172 2171 210 2222 γε’
226 2187 283 2221 μοι
300 2173 421 2224 πείθῃ,
437 2173 526 2211 ἀλλὰ
546 2174 645 2226 ῥίψας
660 2174 703 2211 τὰ
713 2174 842 2212 τούτων
860 2174 1159 2226 ὀνειροπολήματα

116 2229 287 2281 πορεύσῃ·
312 2231 463 2277 κάθηται
484 2231 550 2283 γὰρ
580 2232 613 2276 ἐξ
638 2234 776 2270 ἑωθινοῦ
804 2232 841 2270 σὲ
868 2231 1116 2284 περιμένουσα.
1142 2250 1156 2265 »ι

123 2288 191 2326 Καὶ
212 2288 247 2331 ὃς
267 2289 408 2335 ἐπείσθη
425 2305 462 2326 τε
478 2290 538 2327 καὶ
555 2290 707 2336 ἐξῆλθεν.

169 2348 309 2385 XXIV.
344 2347 407 2385 Ἐν
433 2347 545 2399 τούτῳ
569 2350 598 2385 οἱ
628 2348 690 2398 μὲν
722 2351 863 2400 σφαγεῖς
893 2347 1156 2399 ηὐτρεπίζοντο,

115 2404 297 2448 τάττοντες
314 2405 435 2449 αὑτοὺς
451 2408 482 2443 οἱ
499 2405 560 2455 μὲν
578 2409 622 2450 εἷς
642 2407 788 2451 πλησίον
810 2409 912 2444 αὐτοῦ
929 2406 1113 2455 καθέδρας,
1130 2407 1158 2442 οἱ

117 2462 152 2500 δὲ
167 2463 200 2507 ἐξ
220 2464 393 2509 ἐναντίας,
411 2466 440 2501 οἱ
457 2465 490 2501 δὲ
506 2465 729 2503 κατόπισθεν.
781 2467 827 2502 Οἱ
849 2465 883 2501 δὲ
903 2466 1003 2515 ἱερεῖς
1020 2464 1157 2513 θύματα

117 2521 326 2594 προσέφερον
335 2521 472 2573 πρὸτῆς
484 2525 528 2564 εἷς
538 2522 575 2559 τὸ
587 2523 661 2573 βου)
672 2537 707 2559 ευ
716 2522 826 2571 τήριον
837 2523 967 2559 εἰσόδου
980 2521 1158 2572 θυσομένῳ

116 2578 178 2625 τὴν
195 2581 345 2624 ὑστάτην
361 2581 508 2617 θυσίαν
494 2579 639 2626 εκείνην.
661 2581 730 2618 Καὶ
746 2595 762 2617 ο
749 2581 881 2625 ὖλον
856 2597 909 2652 9tuq
926 2582 1012 2617 οὐκ
1001 2579 1157 2616 εκαλλιε·

117 2652 176 2688 ρει.
195 2638 490 2678 Δυσθυτοῦντεςδ’
503 2653 532 2674 οι
545 2653 684 2686 μάν-εις
699 2637 863 2689 ἑτεραερ’
879 2639 1005 2688 ἑτέροις
1019 2637 1156 2674 θύυατα

115 2693 347 2740 υπήλλαττον,
378 2694 409 2731 εἴ
436 2711 467 2731 τι
496 2696 609 2738 αυτοῖς
638 2696 703 2732 ἄαε
711 2711 776 2733 ινον
806 2699 852 2732 ὡν
878 2695 918 2746 (ι)
950 2695 1114 2743 ἐσηυ.αίνε
1119 2710 1156 2732 το

116 2751 253 2803 φανείη·
267 2753 325 2788 τελ
330 2754 517 2795 ευτιΝ)ντες
508 2753 539 2789 Ξε
529 2752 640 2803 χαλε
630 2755 716 2796 -πῶς
733 2755 798 2790 τάκ
814 2755 924 2789 θεῶν
912 2768 1022 2804 ορανε
1013 2752 1155 2804 ”φασαν,

158 2863 274 2893 ΧΧΙΠ.
298 2866 323 2893 1.
346 2863 393 2893 Cf.
415 2864 544 2893 Sueton.
565 2866 644 2894 Caes,
676 2866 714 2893 80

926 176 1134 216 NICOLAI
1164 177 1460 219 DAMASCENI

1219 265 1270 296 alii
1295 265 1335 297 de
1352 268 1446 306 ponte
1469 276 1541 298 eum
1563 267 1786 307 detruderent,
1806 269 1858 301 alii
1879 270 2075 304 incurrentes
2097 272 2254 312 jacentem

1220 327 1437 360 confoderent.
1465 329 1615 360 Nonnulli
1635 331 1762 370 tempus
1775 340 1840 370 quo
1866 332 1932 363 ludi
1947 333 2156 372 gladiatorum
2178 336 2256 367 cele-

1219 391 1387 422 brarentur
1402 391 1615 424 destinabant.
1640 394 1702 429 Qui
1718 394 1845 433 quidem
1864 396 1940 426 tunc
1954 399 2043 427 erant
2056 398 2210 436 proximi,
2225 398 2257 429 in

1221 454 1320 494 iisque
1356 463 1517 485 armorum
1543 457 1714 495 apparatus
1738 457 1876 496 conspici
1909 458 2086 498 suspicione
2115 461 2255 493 carebat.

1222 516 1352 548 Plurimi
1369 519 1477 548 autem
1487 517 1672 557 suadebant,
1686 520 1722 549 ut
1737 518 1768 549 in
1781 520 1893 550 senatu
1907 520 2116 561 trucidarent,
2130 523 2258 563 quando

1221 581 1306 612 solus
1325 581 1450 612 futurus
1469 583 1573 612 esset:
1593 590 1667 613 nam
1688 582 1719 613 in
1741 580 1862 614 curi'am
1883 585 2005 616 nonnisi
2029 588 2190 619 senatores
2204 588 2258 619 ad-

1220 644 1317 684 mitti,
1333 654 1468 684 quorum
1482 645 1575 675 multi
1593 645 1696 676 forent
1708 646 1936 685 conjurationis
1948 649 2023 679 socii
2039 651 2190 690 pugiones
2200 652 2258 683 sub

1220 708 1307 738 veste
1327 709 1493 747 gestantes.
1514 709 1618 747 Atque
1638 708 1706 739 baec
1727 710 1884 741 sententia
1904 712 2084 750 praevaluit.
2108 715 2258 746 Ceterum

1221 771 1315 801 etiam
1335 771 1460 802 fortuna
1477 770 1623 810 quaedam
1637 771 1819 812 adiuvavit,
1835 783 1908 813 quae
1920 776 2046 812 effecit,
2064 778 2100 808 ut
2114 777 2178 817 ipse
2191 780 2259 810 Cae-

1221 844 1271 866 sar
1295 834 1379 865 diem
1396 834 1559 865 definitam
1578 834 1747 875 indiceret,
1771 845 1835 876 qua
1855 840 2015 870 senatores
2042 839 2081 870 dc
2105 841 2199 872 rebus
2220 842 2260 873 ab

1222 894 1287 933 ipso
1302 893 1512 933 proponendis
1529 892 1732 925 deliberaturi
1754 897 1869 927 essent.
1891 896 1952 927 Ubi
1974 897 2081 929 aderat
2100 899 2166 930 dies
2181 900 2259 931 indi-

1221 954 1308 991 cata,
1324 952 1471 983 omnibus
1487 951 1581 983 rebus
1597 952 1740 984 instructi
1760 954 1952 986 conveniunt
1968 956 1999 986 in
2026 958 2166 996 Pompeii
2186 967 2259 998 por-

1220 1011 1340 1049 ticum,
1371 1011 1401 1041 in
1424 1019 1521 1050 quam
1547 1011 1708 1042 interdum
1731 1013 1998 1044 convocabantur.
2027 1015 2118 1046 Unde
2140 1025 2259 1047 numen

1220 1071 1373 1100 testatum
1400 1069 1474 1100 fecit
1491 1078 1639 1109 quaenam
1665 1079 1771 1101 rerum
1794 1070 2008 1102 humanarum
2027 1073 2067 1104 sit
2087 1073 2207 1104 indoles
2228 1076 2260 1105 et

1220 1129 1351 1163 natura,
1367 1137 1464 1167 quam
1479 1128 1638 1159 instabilia
1653 1128 1715 1159 sint
1737 1130 1844 1160 omnia
1860 1131 1892 1161 et
1909 1130 2047 1162 fortunae
2062 1132 2191 1163 arbitrio
2204 1132 2259 1163 ob·

1220 1186 1318 1216 noxia
1340 1186 1521 1225 :siquidem
1543 1188 1702 1218 Caesarem
1723 1188 1753 1217 in
1768 1187 1886 1218 inimici
1902 1188 2032 1220 domum
2047 1189 2190 1227 induxit,
2214 1192 2260 1222 uti

1221 1254 1297 1275 mox
1310 1245 1349 1276 ad
1365 1247 1501 1276 statuam
1518 1245 1714 1284 ejusjaceret
1736 1245 1883 1286 cadaver,
1900 1248 1931 1278 et
1950 1256 2014 1287 quo
2028 1248 2103 1279 vivo
2119 1249 2260 1289 superior

1221 1304 1340 1342 suerat,
1355 1304 1422 1343 ejus
1441 1304 1559 1334 mortui.
1574 1303 1613 1334 ad
1634 1304 1841 1335 simulacrum
1859 1304 2071 1344 jugularetur.
2090 1308 2130 1337 At
2148 1309 2259 1346 poten-

1220 1358 1283 1388 tius
1299 1356 1453 1396 quiddam
1467 1365 1541 1387 sane
1559 1357 1658 1388 tatum
1675 1358 1734 1397 est,
1749 1357 2007 1397 quandoquidem
2023 1359 2070 1389 vis
2085 1359 2138 1390 sati
2157 1359 2262 1398 cnjus-

1218 1416 1294 1447 dam
1321 1415 1352 1445 in
1379 1415 1425 1445 bis
1450 1414 1543 1445 debet
1564 1415 1702 1454 agnosci.
1748 1417 1827 1446 Nam
1846 1417 1877 1447 et
1899 1416 1992 1446 amici
2012 1425 2085 1447 eum
2111 1418 2259 1457 probibe-

1222 1474 1297 1504 bant
1307 1498 1314 1512 ‚
1329 1483 1368 1504 ex
1390 1473 1548 1504 ominibus
1563 1473 1755 1513 quibusdam
1770 1475 1852 1505 male
1867 1476 2075 1514 augurantes,
2091 1476 2261 1515 quominus

1221 1533 1274 1563 illa
1288 1532 1338 1563 die
1350 1531 1380 1562 in
1391 1532 1512 1562 curiam
1526 1540 1559 1562 se
1574 1532 1747 1570 conterret;
1761 1535 1792 1562 et
1804 1532 1916 1563 medici
1931 1534 2058 1572 propter
2071 1533 2240 1571 vertigines
2251 1557 2259 1571 ‚

1222 1590 1353 1630 quibus,
1368 1599 1466 1630 quum
1482 1590 1596 1629 saepius
1609 1590 1784 1629 laboraret,
1798 1590 1894 1622 etiam
1916 1592 1994 1622 tunc
2017 1593 2180 1631 correptus
2194 1593 2258 1630 est;

1222 1650 1253 1680 et
1277 1649 1341 1688 ipsa
1359 1648 1496 1688 denique
1518 1648 1689 1688 Calpurnia
1715 1657 1807 1687 uxor,
1831 1657 1903 1688 quae
1925 1649 2000 1680 visis
2018 1650 2182 1681 nocturnis
2201 1652 2261 1682 ter-

1223 1707 1283 1737 rita
1294 1729 1302 1743 ‚
1317 1706 1460 1737 omnium
1475 1706 1615 1737 maxime
1630 1706 1753 1737 inhaesit
1770 1707 1797 1737 ci
1811 1707 1974 1746 amplexa,
1991 1716 2093 1747 neque
2107 1708 2259 1739 admissu-

1223 1773 1289 1795 ram
1306 1773 1372 1795 sese
1388 1764 1487 1804 dixit,
1501 1766 1538 1796 ut
1549 1764 1631 1796 foras
1645 1765 1696 1795 illa
1713 1765 1763 1796 die
1777 1765 1926 1804 prodiret.
1949 1768 2031 1797 Tum
2046 1775 2121 1797 vero
2135 1766 2260 1798 adstans

1224 1824 1361 1862 Brutus,
1388 1832 1428 1854 ex
1453 1823 1630 1863 conjuratis
1652 1832 1753 1863 unuS,
1773 1824 1955 1864 Caesarique
1976 1833 2015 1855 ex
2041 1824 2182 1864 intimis,
2214 1825 2259 1856 uti

1223 1882 1398 1922 putabant,
1413 1881 1542 1921 amicis,
1569 1894 1585 1909 (ι
1606 1882 1692 1919 Quid
1711 1883 1746 1913 tu
1769 1882 1865 1922 dicis,
1885 1882 2007 1921 inquIt,
2030 1884 2156 1915 Caesar?
2178 1885 2260 1915 Num

1223 1942 1258 1971 tu
1275 1940 1323 1971 vir
1348 1941 1474 1980 tantus,
1496 1940 1639 1972 mulieris
1652 1940 1692 1971 ad
1717 1941 1839 1972 somnia
1863 1941 2067 1982 sutiliumque
2093 1942 2260 1975 hominum

1224 1999 1371 2030 vaticinia
1396 1998 1581 2037 attendens,
1608 2000 1774 2038 senatum,
1803 1999 1858 2039 qui
1884 1999 2057 2031 bonoribus
2085 2001 2116 2031 te
2136 2001 2262 2036 ornavit

1222 2066 1382 2097 quemque
1402 2057 1468 2097 ipse
1489 2059 1524 2089 tu
1544 2057 1745 2097 convocasti,
1772 2058 1964 2092 contumelia
1988 2067 2044 2097 eo,
2067 2058 2153 2098 quod
2176 2058 2260 2090 domi

1222 2125 1348 2156 manes,
1368 2116 1504 2148 afficies?
1530 2116 1658 2147 Minime
1673 2125 1748 2147 vero
1763 2140 1771 2154 ,
1792 2116 1870 2147 milii
1901 2117 2058 2157 siquidem
2080 2118 2259 2157 auscultes;

1222 2176 1303 2213 into,
1325 2175 1427 2206 missis
1443 2175 1533 2215 nugis
1552 2175 1618 2207 istis
1638 2175 1854 2214 somniorum,
1875 2175 1907 2206 in
1934 2175 2055 2210 curiam
2082 2175 2260 2215 proficisce-

1222 2234 1281 2272 ris,
1296 2233 1349 2264 ubi
1364 2242 1382 2263 a
1399 2242 1492 2265 mane
1508 2233 1580 2265 inde
1597 2237 1782 2274 exspectans
1804 2235 1836 2266 te
1854 2235 1982 2265 senatus
1998 2233 2149 2265 considet.
2174 2247 2189 2261 υ
2206 2234 2261 2265 llis

1222 2292 1273 2323 ille
1287 2300 1451 2331 persuasus
1462 2291 1549 2322 exiit.

1263 2351 1378 2380 XXIV.
1417 2349 1548 2380 Interim
1563 2357 1763 2388 percussores
1786 2349 1829 2380 ita
1850 2358 1882 2380 se
1901 2349 2138 2389 disposuerunt,
2160 2351 2193 2380 ut
2209 2349 2259 2379 alii

1218 2407 1310 2446 juxta
1335 2407 1443 2438 sellam
1468 2408 1602 2438 Caesaris
1618 2407 1836 2446 considerent,
1863 2407 1915 2437 alii
1933 2416 1973 2438 ex
1993 2407 2144 2444 adverso,
2168 2407 2219 2438 alii
2243 2416 2261 2438 a

1220 2468 1318 2505 tergo.
1342 2466 1507 2505 Aruspices
1529 2474 1604 2496 vero
1628 2466 1774 2497 victimas
1798 2466 1974 2497 attulerunt
1997 2475 2054 2505 pro
2077 2466 2207 2498 introitu
2229 2467 2259 2497 in

1220 2525 1339 2555 curiam
1357 2532 1445 2555 sacra
1460 2524 1528 2555 liaeo
1542 2524 1665 2555 facturo
1682 2524 1805 2554 ultima.
1826 2527 1869 2555 Ac
1889 2524 2091 2555 manitestum
2105 2526 2173 2555 erat
2187 2534 2259 2555 eum

1220 2591 1281 2613 non
1309 2583 1410 2613 litare.
1431 2582 1571 2613 infausta
1589 2582 1780 2622 reperientes
1795 2583 1869 2613 exta
1886 2583 1973 2613 vates
1997 2591 2070 2613 cum
2093 2583 2161 2613 aliis
2183 2583 2261 2613 alias

1220 2642 1336 2672 hostias
1358 2641 1598 2681 pei-mutabant,
1625 2641 1650 2671 si
1673 2641 1753 2672 forte
1775 2640 1905 2671 meliora
1928 2641 1983 2681 iis,
2007 2650 2079 2680 qua}
2104 2641 2261 2681 prioribus

1218 2699 1499 2739 portendebantur,
1525 2700 1724 2738 apparerent.
1755 2701 1917 2730 Postremo
1942 2699 2054 2730 infesta
2079 2707 2146 2729 esse
2173 2698 2260 2738 signa

1219 2757 1351 2788 deorum
1371 2757 1592 2796 declararunt3
1609 2756 1769 2787 vindicem
1795 2756 1956 2796 quendam
1973 2757 2092 2788 aientes
2114 2756 2258 2788 occulla-

738 2875 745 2894 :
765 2865 826 2900 Qui
844 2865 997 2902 primum
1012 2864 1166 2894 cunctati
1178 2884 1186 2897 ,
1203 2865 1323 2893 ‘cccrum
1339 2862 1439 2893 ‘illum
1457 2864 1491 2893 in
1509 2870 1628 2902 campo
1640 2883 1648 2897 ‚
1664 2870 1726 2901 per
1741 2863 1879 2893 comitia
1895 2861 2003 2893 tribus
2019 2860 2068 2892 acl
2082 2860 2260 2900 sussraqia

118 2910 310 2946 vocantem,
328 2909 487 2948 partibus
505 2910 627 2940 divisis
641 2918 657 2940 e
673 2912 774 2949 ponte
789 2910 969 2948 (injicerent
992 2912 1095 2950 arque
1111 2911 1289 2949 exceptum
1305 2910 1544 2943 t1·1cce'clare)1t;
1561 2918 1607 2940 (ιη
1632 2911 1665 2939 tn
1696 2917 1797 2939 sacra
1814 2910 1871 2939 via
1886 2908 1938 2939 vel
1952 2909 1985 2938 in
2002 2907 2104 2939 adila
2128 2907 2259 2938 theatri

117 2955 355 2989 adorirentur,
375 2958 554 2995 postquam
580 2955 699 2987 odilus
720 2956 835 2987 latibus
860 2958 998 2988 Martiis
1015 2958 1049 2987 in
1070 2957 1219 2995 Pompeii&
1246 2957 1380 2986 ειινῶιιηι
1405 2955 1519 2986 editus
1540 2955 1733 2994 est,sace'le
1751 2957 1883 2994 tempus
1909 2956 1941 2984 et
1967 2954 2078 2985 locum
2094 2953 2258 2993 praelule-

118 3002 213 3031 runt.
229 3019 269 3026 --
285 3005 314 3031 2.
328 3000 383 3040 ἢν]
396 3003 450 3038 τὴν
465 3001 576 3032 codex.
592 3019 633 3023 -
648 3006 675 3032 3.
696 3002 908 3042 ἑκάστοτε]
927 3003 1073 3033 ἑκάστοτε
1091 3011 1146 3041 pro
1167 3003 1342 3033 interdum
1360 3003 1454 3033 etiam
1472 3003 1552 3033 infra
1572 3002 1719 3033 occurrit.
1734 3004 1934 3040 Quamquam
1952 3001 1970 3032 1.
1992 3001 2011 3032 1.
2027 3001 2178 3034 omissum
2193 3009 2260 3032 esse

117 3046 247 3085 aliquod
266 3048 369 3086 putari
385 3048 499 3087 possit,
518 3049 633 3086 qnilms
645 3048 720 3078 illud
736 3049 881 3079 ἑκάστοτε
898 3049 1119 3080 definiebatur.
1136 3047 1266 3087 Appiau.
1284 3049 1316 3079 B.
1336 3051 1371 3079 C.
1390 3051 1415 3079 ll
1428 3073 1436 3087 ,
1455 3053 1512 3079 115
1528 3061 1535 3078 ;
1555 3049 1629 3078 (-)έαι
1643 3048 1668 3078 δ’
1681 3047 1760 3085 ἦσαν
1775 3047 1805 3078 ἐν
1820 3049 1864 3086 τῷ
1880 3048 2043 3086 Πομπηίου
2058 3046 2190 3087 θεάτρῳ,
2205 3046 2258 3077 καὶ

118 3094 328 3134 βουλευτήριον
344 3095 446 3134 ἔμελλε
460 3098 520 3124 τῶν
534 3106 577 3130 τις
590 3096 656 3134 περὶ
671 3095 745 3125 αὐτὸ
757 3096 838 3130 οἶκος
853 3096 987 3133 ἔσεσθαι,
1003 3097 1068 3126 εἱω
1081 3096 1141 3130 θὸς
1153 3095 1211 3125 ἐπὶ
1225 3098 1307 3130 ταῖς
1323 3095 1424 3130 θέαις
1442 3095 1467 3125 ὡ
1478 3095 1494 3125 ὃ
1505 3105 1518 3124 ε
1532 3094 1746 3133 γίγνεσθαι.
1764 3095 1808 3124 De
1820 3093 1889 3123 loco
1900 3093 1941 3123 cf.
1953 3093 2048 3123 ctiam
2059 3092 2159 3123 codex
2173 3092 2256 3123 Med.

118 3140 149 3169 in
178 3139 266 3169 Dion.
288 3142 374 3170 Cass,
396 3142 431 3171 44
444 3164 452 3178 ,
472 3143 505 3170 17
521 3150 527 3169 ;
544 3140 607 3170 ἐκεῖ
623 3140 680 3179 γάρ
700 3150 760 3170 που
776 3141 832 3179 (ad
851 3142 1009 3171 theatrum
1029 3140 1186 3180 Pompeii)
1205 3141 1235 3170 ἐν
1249 3141 1393 3180 οἰκήματί
1409 3152 1465 3171 τινι
1479 3143 1533 3170 τοῦ
1550 3140 1721 3180 περιστώου
1742 3139 1926 3178 συνεδρεύειν
1944 3139 2084 3178 ἔμελλον,
2103 3138 2143 3169 ad
2163 3147 2258 3178 quem

117 3185 223 3215 locum
241 3186 421 3216 Gronovius
437 3195 443 3216 ι
461 3198 475 3211 «
494 3186 628 3216 Videtur
643 3187 730 3217 locus
748 3187 789 3217 ila
804 3187 981 3218 aedificatus
996 3188 1088 3218 fuisse
1100 3211 1108 3224 ,
1124 3189 1158 3218 ut
1172 3196 1208 3217 ex
1225 3195 1296 3217 area
1312 3188 1466 3218 columnis
1482 3187 1690 3226 circumsepta
1703 3186 1742 3217 ad
1756 3185 1883 3224 aliquod
1898 3186 2042 3224 quadrati
2060 3186 2142 3216 latus
2155 3185 2257 3216 disce-

118 3232 230 3263 dentes
245 3232 273 3262 in
289 3233 408 3262 ‹nn-iam
425 3233 606 3272 Pompeiam
622 3233 783 3273 intrarent.
802 3246 815 3259 υ
835 3249 873 3254 -
890 3237 919 3264 4.
937 3236 981 3264 τὰ
1003 3234 1157 3273 ἐνθάδε]
1179 3233 1315 3265 Dubiier.
1331 3244 1338 3271 ;
1356 3234 1393 3263 τὰ
1413 3234 1463 3269 ἔθη
1478 3232 1589 3263 codex.
1601 3250 1642 3254 —
1657 3237 1684 3263 5.
1701 3231 1807 3271 οἵτε]
1824 3231 1892 3262 οὔτε
1913 3231 2023 3261 codex.
2051 3236 2127 3262 —(3.
2143 3231 2258 3262 νόσον

120 3279 296 3314 σκοτώῆη
312 3278 318 3317 1
337 3279 436 3317 liujus
455 3279 555 3309 morbi
570 3279 715 3309 meminit
733 3280 894 3310 l‘lntareli.
914 3282 1031 3310 (tamar.
1049 3285 1105 3317 oo,
1125 3286 1141 3311 2
1156 3305 1163 3318 ‚
1181 3280 1233 3309 ubi
1250 3290 1287 3309 eo
1301 3289 1452 3310 excusare
1471 3279 1577 3310 studet
1591 3281 1746 3310 Caesarem
1760 3278 1882 3309 senatui
1900 3277 2025 3308 decreta
2041 3278 2258 3309 asserentinon

119 3326 310 3359 surm-ntem.
330 3344 367 3347 ——
383 3329 410 3357 7.
429 3326 739 3366 δειματωθεῖσα]
759 3328 1000 3365 Campam->0502
1018 3328 1128 3357 codex.
1151 3345 1188 3349 „-
1204 3331 1233 3357 8.
1247 3327 1380 3361 κληᾶώσι
1397 3326 1507 3356 codex.
1527 3345 1566 3350 —
1581 3332 1608 3356 9.
1629 3325 1820 3364 ῦῧρίσεις]
1838 3325 2012 3364 ὓῧρισεῑέ
2027 3323 2137 3355 codex.

160 3374 275 3404 XXlV.
298 3378 320 3404 1.
345 3372 399 3408 ‘bvi
421 3373 452 3403 ὃν
469 3372 576 3404 codex.
602 3375 634 3404 ln
650 3373 791 3405 anteced.
810 3375 882 3405 nota
905 3383 1011 3404 xorem
1031 3374 1203 3413 δ’)οθυτίω,
1229 3377 1257 3405 et
1278 3375 1307 3404 in
1328 3383 1396 3414 sqq.
1423 3382 1455 3403 v.
1477 3374 1611 3403 δίοπτον.
