2289 3728
72 185 145 216 250

124 258 416 299 Ποσειδώνιος
447 255 811 306 Ὀλὸιοπολίτης,
848 256 1010 309 σοφιστὴς
1042 259 1101 295 καὶ

70 319 251 369 ἱστορικός.
285 318 316 353 Π
329 316 393 366 epi
419 317 489 350 τοῦ
510 315 589 350 ὠκε
602 316 701 350 ανοῦ
718 312 899 351 καὶτῶν
915 316 1008 351 κατ’
1027 331 1046 352 α
1059 318 1100 353 ὐ-

71 376 162 412 τόν·
195 374 281 425 Περὶ
300 376 359 418 τ’ἧς
383 373 535 422 Τυρικῆς
562 371 775 419 καλουμένης
793 371 908 423 χώρας
921 387 929 395 ·
948 372 1101 416 Ἀττικὰς

70 432 220 483 ἱστορίας
235 434 268 468 ἓν
287 430 428 482 βιὸλίοις
445 428 484 466 δ’.
503 428 639 467 Argon&
654 430 687 465 ἐν
705 428 848 479 βιῧλίοις
863 430 924 480 ια’,
941 432 998 468 καὶ
1011 431 1100 468 ἄλλα

70 490 156 527 τινά.

122 551 202 584 Jam
218 547 321 595 quod
337 557 527 582 msronus
541 547 692 589 attinet,
707 558 833 581 earum
851 559 945 593 opus
958 548 1099 594 amplis·

69 608 204 642 simum
224 619 243 640 a
264 605 465 640 Posidonio
492 603 646 638 Rhodio
679 605 926 651 compositum
956 617 1030 640 esse
1057 617 1100 640 ex

71 665 234 700 Athenaei
246 664 335 697 locis
349 662 642 709 quamplurimis
652 669 793 696 constat
804 663 1100 707 luculentissime,

70 729 111 757 ut
131 735 252 769 operae
271 722 332 755 vix
352 721 514 767 pretium
533 720 578 755 sit
595 720 731 756 addere
751 722 1002 756 testimonium
1023 724 1100 756 Lu-

40 786 42 789 '
69 780 166 814 ciani
195 780 218 815 l.
240 780 280 822 1.,
304 779 368 824 qui
387 778 652 825 philosophum
671 784 840 812 nostrum
858 779 967 812 simul
991 780 1100 813 etiam

69 834 221 885 ἱστορίας
236 834 434 885 συγγραφέα
456 835 564 870 fuisse
579 835 681 871 dicit.
699 836 835 871 Contra
850 848 961 881 quam
979 837 1101 882 inepte

69 894 339 930 Alexandrinus
366 894 431 927 iste
456 894 616 927 Zenonis
636 893 805 927 alumnus
830 894 999 927 historias
1027 895 1098 928 Po-

70 953 158 999 lybii
179 953 410 987 continuasse
426 951 676 998 perhibeatur,
696 964 806 985 nemo
821 964 892 985 non
914 952 1097 998 intelligit.

68 1011 216 1056 Optime
230 1022 318 1044 vero
335 1008 515 1055 ejusmodi
531 1009 723 1042 consilium
738 1009 836 1043 031111
853 1010 889 1042 111
906 1009 1096 1043 Rhodium

70 1067 310 1101 Posidonium
322 1094 331 1109 ,
352 1073 387 1099 01
400 1065 529 1100 51011115
541 1092 549 1107 ,
568 1077 648 1111 quae
668 1065 714 1099 ad
730 1066 921 1098 historiam
937 1066 1097 1099 scriben-

67 1125 155 1159 dam
183 1125 323 1170 attulit,
357 1123 671 1169 Megalopolitano
705 1123 929 1156 simillimum
943 1150 952 1167 ‚
985 1124 1100 1169 iisque

67 1184 254 1218 viventem
286 1182 515 1228 temporibus
528 1208 536 1223 ‚
575 1193 655 1226 quae
689 1180 944 1215 continuando
974 1189 1099 1228 coepto

69 1242 274 1288 Polybiano
305 1246 409 1274 erant
440 1238 830 1273 accoinmodatissima.
873 1239 992 1273 Porro
1026 1252 1098 1273 nu-

68 1312 192 1334 merus
219 1299 399 1333 librorum
426 1298 511 1341 LII,
537 1308 647 1342 quem
677 1296 838 1330 historiis
860 1297 989 1331 Suidas
1011 1298 1096 1331 assi-

65 1365 177 1405 gnat,
199 1364 283 1404 apte
311 1356 435 1391 referri
456 1360 575 1400 potest
604 1353 651 1387 ad
675 1355 799 1388 Nostri
821 1366 934 1400 opus,
962 1356 1100 1402 quippe

65 1416 170 1462 cujus
191 1416 326 1449 librum
353 1413 672 1459 quadragesimum
691 1425 832 1446 nonum
858 1412 903 1446 ab
922 1413 1098 1448 Athenaeo

69 1474 154 1518 (IV,
181 1486 218 1519 p.
253 1471 347 1515 108,
380 1470 436 1517 D)
471 1470 661 1504 laudatum
690 1470 867 1507 videmus.
892 1474 980 1516 Quae
1010 1484 1098 1507 vero

68 1531 243 1578 deinceps
258 1529 357 1576 apud
375 1528 525 1563 Suidam
544 1528 718 1574 leguntur
730 1529 845 1563 verba
862 1540 870 1565 ξ
891 1527 953 1570 ἕως
968 1531 1025 1564 τοῦ
1042 1544 1101 1566 πο-

67 1588 173 1637 λέμου
191 1590 249 1623 τοῦ
277 1587 495 1637 Κυρηναϊκοῦ
521 1583 579 1620 καὶ
604 1584 847 1634 Πτολεμαίου,
869 1587 921 1621 vel
950 1588 1100 1624 aliunde

66 1648 140 1683 hue
159 1647 342 1693 irrepsisse
360 1646 414 1679 vel
440 1644 679 1679 librariorum
703 1646 811 1691 culpa
833 1653 1010 1693 corrupta
1027 1661 1100 1683 esse

67 1705 254 1740 videntur.
272 1703 502 1749 Nequecnim
517 1715 584 1737 nos
597 1704 767 1737 novimus
775 1703 913 1738 bellum
927 1705 1100 1751 Cyrenai-

67 1776 172 1806 cum,
191 1762 237 1796 ad
254 1761 358 1808 quod
378 1760 489 1795 finem
511 1761 732 1795 narrationis
752 1761 925 1796 direxisse
944 1764 1100 1798 Posido-

67 1823 149 1856 nius
171 1821 244 1855 dici
266 1826 385 1866 queat.
408 1820 646 1853 Notissimmn
673 1820 838 1853 omnium
862 1820 999 1854 bellum
1024 1829 1097 1867 051,

66 1893 143 1926 quo
160 1879 374 1913 Ptolemzeus
391 1877 476 1924 Lagi
493 1878 687 1923 Cyrenaeos
700 1878 767 1911 sibi
785 1877 958 1922 subjeeit;
979 1890 1100 1923 neque

64 1936 167 1972 aliud
186 1936 306 1970 81111113Ι
329 1941 472 1981 auctor,
492 1934 608 1968 modo
629 1942 727 1969 recte
751 1948 787 1969 se
806 1935 919 1969 verba
940 1934 1017 1979 ejus
1037 1935 1100 1968 113-

67 1994 197 2035 beant,
220 1993 454 2027 intellexerit.
479 1993 560 2027 Hoc
581 1994 609 2027 si
629 2001 701 2037 est,
722 2005 764 2027 30
791 1994 818 2027 51
842 2005 970 2027 revera
1000 1994 1100 2027 Posi-

67 2052 203 2087 donius
231 2050 502 2086 Alexandrinus
537 2064 630 2097 opus
662 2043 854 2097 quoddam
884 2051 1101 2085 historiCum

66 2110 296 2157 composuit,
312 2109 421 2154 hujus
443 2110 603 2143 auctoris
622 2109 791 2143 historias
805 2109 852 2144 ad
868 2109 967 2143 hunc
986 2121 1101 2155 usque

68 2170 267 2205 terminum
284 2168 518 2215 pertinuisse,
540 2167 702 2213 ideoque
721 2168 861 2202 Rhodii
883 2175 918 2202 01
938 2168 1100 2202 Alexan-

69 2227 166 2263 drini
181 2227 345 2261 historici
356 2227 573 2261 memoriam
589 2233 726 2260 temere
740 2226 884 2260 misceri
900 2226 1030 2271 aliquis
1043 2238 1100 2260 su-

67 2286 240 2332 spicetur.
257 2284 489 2330 Quamquam
511 2285 580 2318 tale
597 2290 847 2318 commentum
867 2282 1100 2318 artificiosius

68 2356 179 2390 quam
195 2343 427 2377 verisimilius
444 2354 517 2376 esse
538 2341 636 2376 duco
651 2369 659 2385 ,
689 2342 892 2388 praesertim
918 2354 1033 2386 quum
1054 2342 1101 2377 de

68 2400 320 2436 Alexandrino
339 2399 539 2434 Posidonio
556 2399 704 2434 aliunde
720 2400 872 2432 omnino
894 2400 985 2432 nihil
1010 2412 1099 2434 con-

69 2466 159 2503 stet,
181 2459 247 2492 nisi
268 2457 371 2504 quod
389 2458 547 2491 Zenonis
564 2457 764 2503 discipulus
781 2456 911 2500 suerit,
936 2458 987 2490 uti
1010 2458 1101 2491 1)1ον-

69 2529 179 2564 genes
194 2516 362 2550 Laertius
381 2514 476 2561 (Vll,
497 2514 567 2559 158)
585 2515 710 2558 tradit,
729 2527 771 2548 ex
785 2527 859 2560 quo
872 2527 933 2548 sua
949 2515 1099 2549 Suidam

69 2575 228 2608 hausisse
243 2573 341 2607 haud
356 2572 654 2619 improbabiliter
668 2569 826 2618 conjecit
838 2573 1097 2611 Bernhamlius.

72 2633 152 2665 11110
172 2630 315 2664 accedit
340 2631 452 2677 ipsius
478 2630 598 2664 Suidze
625 2630 808 2664 dubitatio
832 2640 840 2665 :
862 2623 995 2677 (sium,
1024 2632 1096 2674 ait,

71 2690 178 2722 ταῦτα
209 2687 339 2734 μᾶλλον
372 2686 600 2723 Ποσειδωνίου
639 2689 698 2722 τοῦ
728 2689 888 2737 σοφιστοῦ
922 2680 1006 2722 εἶναι
1041 2690 1098 2723 τοῦ

71 2742 349 2781 Ὀλὸιοπολίτου.
388 2747 476 2791 Quae
505 2745 656 2791 quidem
691 2758 769 2779 non
797 2745 912 2779 modo
945 2745 990 2779 ad
1026 2746 1094 2781 Με-

69 2801 168 2844 λέτας
185 2801 362 2853 ῥητορικὰς
383 2811 418 2837 01
439 2801 634 2843 ’Υποῡέσεις
651 2802 697 2843 εἷς
714 2801 951 2849 Δημοσθένην,
973 2803 1033 2837 sed
1053 2804 1099 2838 ad

71 2863 164 2908 ipsas
189 2863 297 2896 etiam
327 2863 503 2895 Historias
532 2861 723 2896 referenda
757 2869 854 2898 sunt.
882 2863 973 2896 Nam
1000 2862 1099 2908 apud

71 2919 223 2954 Suidam
236 2933 271 2956 v.
290 2917 458 2959 Πολύῧιος
473 2927 576 2953 vetus
587 2920 771 2966 appendix
786 2921 956 2966 apponit:
972 2917 1098 2955 Ἰστέον

70 2976 107 3013 δὲ
126 2975 176 3011 ὅτι
194 2975 387 3025 διαδέχεται
409 2975 469 3020 τὴν
491 2975 663 3012 Πολυῧίου
690 2975 842 3025 ἱστορίαν
874 2974 1099 3018 Ποσειδώνιος

72 3032 336 3078 Ὁλόιοπολίτης
356 3031 529 3080 σοφιστής.
556 3033 627 3068 Sed
653 3035 788 3080 partim
808 3042 937 3069 eontra
965 3033 1099 3069 Olbio-

73 3092 229 3138 politam
261 3091 398 3125 faciunt
428 3091 555 3125 eadem
583 3104 664 3137 quae
693 3091 738 3125 (10
764 3092 1014 3126 Alexandrino
1044 3092 1101 3126 lo—

72 3156 226 3195 quentes
240 3161 348 3195 supra
366 3149 597 3196 monuimus,
612 3150 746 3195 partim
761 3149 866 3183 facile
878 3155 978 3195 patet
992 3150 1099 3183 etiam

72 3207 119 3241 (le
146 3207 253 3252 hujus
278 3207 421 3253 scriptis
448 3206 591 3240 fallaces
613 3207 725 3240 duces
751 3207 902 3241 Suidam
932 3214 1098 3241 5001111110

73 3278 170 3312 csse,
191 3265 331 3311 quippe
360 3265 422 3310 qui
445 3265 683 3310 Olbiopoliiae
710 3265 848 3298 tribuat
875 3265 984 3299 ctiam
1015 3262 1099 3314 Περὶ

75 3323 229 3358 ὠκεακοῧ
262 3323 395 3357 librum
412 3350 420 3367 ‚
447 3335 554 3368 quem
588 3322 725 3356 Rhodii
756 3335 831 3358 csse
862 3330 1005 3357 certum
1032 3330 1095 3357 cst,

831 173 1087 213 POSIDONII
1118 175 1402 215 APAMENSIS

1163 262 1254 298 Nam
1275 275 1356 309 quae
1382 262 1515 298 Strabo
1542 261 1602 308 (p.
1637 260 1734 307 102)
1764 273 1807 296 ex
1834 261 1876 296 iis
1900 261 2025 306 affert,
2052 261 2186 298 diserte

1162 320 1378 354 tribuuntur
1394 319 1531 355 celebri
1549 319 1773 366 philosopho
1796 316 1885 368 Περὶ
1901 317 2076 368 πρωτείων
2097 319 2188 368 ἀγω-

1160 375 1336 427 νιζομένῳ.
1352 378 1488 413 Contra
1502 376 1622 412 Suidae
1635 383 1765 411 auctor
1776 375 1950 411 historica
1964 377 2040 411 haec
2052 384 2190 424 011100-

1161 435 1335 480 graphica
1349 462 1358 478 ,
1377 446 1493 480 quum
1515 446 1534 469 a
1561 433 1789 481 philosopho
1814 434 1931 468 aliena
1954 440 2122 480 putaret,
2143 434 2190 469 ad

1160 492 1567 539 ΟΙ1)1011011131111·0111111
1584 491 1684 526 haud
1700 492 1869 538 graviore
1882 519 1891 535 ‚
1909 499 1951 526 ut
1966 492 2128 539 videtur,
2144 492 2191 527 dc

1162 560 1269 583 causa
1287 561 1398 595 quam
1415 549 1518 595 quod
1532 550 1630 584 hunc
1645 549 1819 583 historica
1840 556 1872 584 01
1887 550 2111 597 periegetica
2127 563 2189 585 ar-

1161 613 1334 653 gumenta
1351 614 1519 642 tractasse
1536 613 1770 654 compertum
1787 607 1952 643 haberet.

1214 663 1332 709 Igitur
1350 670 1392 697 ut
1405 671 1634 699 revertamur
1652 664 1754 699 unde
1770 664 1921 711 digressi
1939 676 2082 708 sumus,
2101 677 2190 712 per—

1162 732 1305 754 suasum
1321 721 1428 756 nobis
1443 728 1495 756 est
1510 722 1622 757 verba
1636 723 1702 756 ista
1719 718 1782 763 ἕως
1797 724 1857 758 τοῦ
1875 720 2026 769 πολέμου
2043 725 2103 758 τοῦ
2119 724 2189 759 Κυ-

1163 780 1324 826 ρηναϊκοῦ
1367 776 1425 813 καὶ
1463 776 1681 825 Πτολεμαίου
1715 780 1863 814 traxisse
1897 779 2085 816 mendam.
2119 782 2191 815 Pro

1161 833 1312 881 πολέμου
1338 836 1596 882 reponendum
1616 842 1708 882 puto
1736 834 1975 881 Πτολεμαίου,
2000 837 2113 872 verba
2133 835 2191 873 καὶ

1164 891 1396 940 Πτολεμαίου,
1413 906 1497 940 quae
1510 894 1688 940 5101105113
1698 893 1789 927 nihil
1804 893 1999 937 definiunt,
2013 895 2191 942 ejicienda

1161 956 1258 994 sunt,
1273 951 1424 997 opinor.
1438 951 1581 986 Etenim
1593 951 1790 985 lectionem
1807 958 2023 998 corruptam
2036 951 2190 1000 πολέμου

1162 1007 1315 1052 (1111113111
1344 1008 1604 1043 emendaverat
1633 1009 1672 1042 in
1692 1009 1858 1055 margine
1877 1010 2039 1044 scribens
2062 1009 2192 1045 Πτολε-

1161 1062 1277 1111 μαίου;
1289 1066 1404 1113 glossa
1415 1067 1490 1101 haec
1503 1066 1637 1101 deinde
1647 1067 1685 1100 in
1696 1072 1835 1101 textum
1848 1067 1947 1102 illata
1964 1074 1999 1102 et
2012 1069 2193 1114 particula

1161 1121 1220 1157 καὶ
1239 1136 1322 1157 cum
1338 1125 1489 1170 reliquis
1501 1124 1629 1170 juncta
1642 1131 1707 1158 est.
1724 1127 1845 1170 Atque
1860 1125 1928 1159 hoc
1943 1125 2094 1171 quidem
2108 1127 2193 1161 sim-

1160 1181 1396 1226 plicissimum
1412 1195 1486 1217 esse
1501 1183 1591 1216 mihi
1604 1182 1765 1216 videtur.
1779 1183 1842 1217 Sin
1857 1195 2002 1218 servare
2020 1185 2108 1218 velis
2127 1198 2195 1219 vo-

1161 1250 1219 1272 ces
1231 1236 1288 1273 καὶ
1300 1238 1530 1286 Πτολεμαίου,
1543 1239 1779 1274 scribendum
1790 1253 1965 1287 propono
1979 1253 1988 1276 t
2002 1239 2064 1282 ἕως
2078 1239 2194 1277 Ἀπίω-

1160 1309 1213 1336 νος
1227 1297 1284 1331 tots
1300 1297 1521 1345 Κυρηναϊκοῦ
1538 1298 1596 1331 τοῦ
1612 1294 1670 1332 καὶ
1683 1297 1914 1345 Πτολεμαίου.
1933 1300 1984 1333 Ut
1996 1305 2193 1343 utstatuas,

1162 1360 1263 1388 extra
1288 1354 1530 1389 dubitationis
1551 1355 1667 1389 aleam
1684 1362 1756 1399 est,
1778 1357 1870 1402 quin
1895 1356 2113 1391 Ptolemaeus
2135 1358 2195 1392 illc

1160 1412 1204 1445 sit
1224 1412 1441 1446 Ptolemaeus
1458 1413 1601 1459 Apion,
1619 1424 1685 1446 rex
1705 1413 1953 1459 Cyrenarum,
1975 1413 2021 1448 de
2042 1426 2119 1460 quo
2144 1415 2194 1450 ita

1159 1469 1253 1502 Livii
1279 1470 1378 1515 Epit.
1413 1481 1460 1514 70
1490 1482 1498 1504 :
1527 1470 1747 1503 Ptolemoeus
1769 1469 1990 1515 cyrenarum
2016 1483 2100 1513 rex,
2138 1475 2196 1505 cui

1159 1535 1434 1571 cognomentum
1453 1525 1690 1574 Apiolzificit,
1716 1535 1874 1561 mortuus
1891 1527 2061 1562 heredem
2078 1529 2121 1564 P.
2146 1531 2190 1564 a.

1159 1585 1319 1631 reliquit,
1338 1593 1374 1619 et
1397 1589 1475 1630 ejus
1491 1588 1596 1632 regni
1619 1588 1785 1620 civitates
1799 1593 1945 1620 senalus
1966 1587 2101 1621 liberas
2118 1599 2196 1622 esse

1153 1647 1277 1689 J'usst't.
1303 1645 1323 1679 J
1328 1645 1466 1680 ustinus
1483 1643 1572 1689 XL,
1594 1644 1614 1679 5
1641 1658 1648 1679 ε
1670 1646 1766 1679 Dum
1792 1644 1874 1678 lzoec
1886 1653 2051 1692 aguntur,
2067 1644 2197 1690 finier-

1159 1695 1237 1748 ejus
1255 1703 1496 1752 (Alexandri)
1518 1717 1566 1738 esc
1578 1705 1711 1750 pellice
1726 1711 1907 1750 susceptus
1925 1707 1984 1737 cni
1998 1712 2110 1750 pater
2125 1705 2193 1750 Q·-

1160 1774 1361 1796 renoeorum
1384 1774 1534 1809 regnum
1556 1763 1768 1808 reliquerat,
1802 1761 1937 1795 herede
1953 1763 2093 1808 populo
2117 1764 2193 1797 Ro-

1161 1831 1269 1853 mano
1285 1823 1448 1854 instituto
1467 1820 1620 1856 decedit,
1642 1820 1729 1853 lam
1746 1821 1841 1853 em'm
1851 1817 2010 1863 fortuna
2024 1821 2192 1854 Romana

1155 1881 1345 1924 porrigere
1362 1891 1400 1912 se
1417 1879 1471 1912 acl
1479 1879 1675 1912 orientalia
1694 1890 1853 1923 regna...
1866 1885 2040 1924 caperat.
2061 1880 2193 1925 Itaque

1160 1943 1197 1969 et
1215 1948 1260 1969 ca
1272 1950 1368 1983 pars
1386 1938 1469 1982 Lib)
1482 1949 1516 1970 (ι’
1524 1934 1835 1983 procinciafacta
1855 1943 1921 1971 est.
1942 1937 2013 1970 Res
2031 1938 2193 1982 pertinet

1163 1993 1209 2027 ad
1225 1993 1283 2030 Ol.
1303 2007 1388 2039 171,
1412 2007 1450 2038 13
1467 1994 1542 2041 658
1559 2007 1592 2031 3.
1612 2006 1652 2030 11.
1669 2006 1702 2028 0.
1719 2004 1729 2040 3
1751 1993 1799 2041 96
1817 2006 1849 2030 11.
1869 1993 1925 2037 C.,
1940 1994 2007 2030 Cn.
2026 1996 2192 2029 Domitio

1161 2052 1413 2086 Ahenobarbo
1434 2060 1469 2087 et
1495 2053 1535 2087 C.
1561 2053 1681 2087 Cassio
1696 2052 1868 2099 Longino
1890 2064 2000 2099 coss,
2026 2059 2067 2086 ut
2093 2061 2194 2088 recte

1163 2109 1315 2144 tradunt
1346 2110 1480 2144 Euseb.
1508 2110 1647 2145 Chron.
1669 2110 1724 2145 Ol.
1749 2122 1815 2154 ¹7¹
1833 2135 1843 2152 ,
1870 2122 1906 2154 13
1928 2110 2142 2156 Obsequens
2159 2123 2190 2145 0.

1166 2180 1236 2213 109
1265 2175 1300 2202 01
1320 2167 1567 2203 Cassiodorus.
1598 2167 1689 2202 Vide
1717 2167 1877 2202 Clinton.
1911 2166 1958 2201 ad
1983 2179 2043 2203 311.
2074 2167 2122 2213 96
2157 2174 2193 2202 et

1161 2232 1252 2261 tom.
1281 2227 1355 2269 111,
1383 2238 1421 2271 p.
1453 2226 1525 2272 389
1557 2232 1635 2260 not.
1660 2227 1785 2271 Ipsum,
1813 2225 1912 2257 hune
1931 2236 2067 2258 annum
2091 2225 2193 2258 Posi-

1161 2283 1295 2317 donius
1315 2284 1512 2317 terminum
1535 2283 1782 2317 Historiarum
1803 2283 1925 2329 operis
1941 2284 2104 2329 posuisse
2119 2296 2191 2330 pu-

1162 2341 1292 2376 tandus
1323 2350 1374 2376 cst
1404 2340 1465 2391 (1).
1510 2340 1834 2387 Quemadmodum
1875 2340 2050 2387 Polybius
2080 2340 2191 2376 linem

1202 2448 1244 2486 (1)
1263 2450 1341 2484 Qua>
1353 2448 1465 2479 ssaldus
1481 2457 1511 2487 p.
1530 2450 1587 2479 219
1605 2456 1650 2486 sq.
1667 2447 1706 2478 de.
1719 2447 1929 2478 Historiarum
1943 2456 2036 2487 opere.
2050 2447 2191 2489 disserit,

1160 2495 1307 2534 pleraque
1319 2504 1448 2525 erronea
1465 2497 1548 2525 sunt.
1567 2497 1734 2533 Postquam
1749 2494 1902 2524 recensuit
1916 2497 2099 2533 argumenta
2115 2496 2190 2533 frag·

1160 2545 1356 2579 mentorum,
1379 2555 1393 2567 a
1413 2542 1509 2578 ilinc,
1534 2541 1594 2579 ait,
1609 2540 1694 2580 quod
1709 2541 1748 2571 ad
1765 2542 1914 2580 temporis
1934 2541 2089 2580 spatium,
2115 2542 2191 2573 illud

1161 2590 1223 2618 sere
1241 2588 1376 2618 historiis
1397 2588 1582 2627 complexus
1596 2587 1781 2618 Posidonius
1796 2588 1932 2625 videtur,
1947 2587 2030 2626 quod
2052 2590 2100 2618 est
2113 2588 2192 2620 inde

1160 2635 1202 2665 al)
1222 2635 1418 2665 Ach·(1ncIr0
1434 2637 1556 2673 Mncstio
1570 2634 1723 2673 usquead
1739 2643 1827 2665 suam
1848 2636 1974 2664 aruntem
1997 2643 2003 2663 :
2021 2643 2190 2674 argumen-

1159 2683 1227 2712 tum
1245 2681 1401 2720 praecipue
1417 2681 1512 2719 illud,
1531 2682 1566 2712 ut
1583 2690 1747 2719 regnor-mn
1761 2682 1944 2711 Graecorum
1958 2680 1998 2710 ab
2014 2680 2192 2711 Alexandro

1160 2738 1214 2767 per
1228 2729 1331 2759 Asiam
1346 2728 1545 2758 conditorum
1562 2727 1722 2757 historiam
1736 2728 1924 2766 exponeret,
1940 2728 2008 2756 tum
2022 2725 2062 2757 de
2074 2728 2191 2757 Roma-

1159 2775 1207 2804 nis
1224 2774 1325 2812 deque
1343 2774 1484 2805 finitimis
1502 2773 1647 2813 gentibus
1661 2773 1817 2813 praecipua
1833 2773 1992 2811 adjiceret.
2011 2774 2083 2802 llaec
2101 2773 2126 2803 si
2142 2775 2190 2803 te—

1159 2830 1289 2851 neamus
1299 2845 1308 2859 ,
1324 2821 1411 2851 facile
1423 2821 1511 2850 nobis
1521 2820 1719 2858 cavebimus,
1733 2828 1772 2850 ne
1782 2820 1820 2850 τὰ
1839 2820 1915 2858 μετὰ
1931 2819 2093 2855 nomem,
2105 2819 2190 2858 (1111111

1159 2867 1305 2906 1011011115
1319 2869 1368 2897 1111
1382 2867 1468 2897 libri,-
1481 2868 1638 2904 constans,
1651 2866 1817 2896 Posidonio
1831 2868 1938 2896 nostro
1952 2865 2188 2896 tribuamus»...

1161 2928 1174 2941 11
1195 2914 1285 2951 Quod
1299 2915 1426 2944 Yossius
1440 2914 1532 2952 hujus
1548 2913 1690 2944 Historiae
1705 2916 1774 2952 post
1789 2912 1971 2952 Polybium,
1991 2912 2190 2943 Posidonium

1160 2963 1301 2991 nostrum
1319 2962 1479 2990 auctorem
1500 2960 1590 2999 facit,
1606 2962 1713 2990 nostro
1724 2960 1851 3000 quidem
1863 2957 1971 2998 judico
1988 2958 2090 2989 minus
2105 2961 2189 2990 recte

1159 3007 1269 3037 statuit
1292 3019 1298 3037 :
1320 3007 1434 3045 quippe
1448 3006 1539 3044 cujus
1556 3006 1674 3036 consilii
1692 3015 1731 3037 ne
1745 3006 1935 3037 levissimum
1953 3005 2079 3044 quidem
2091 3005 2188 3036 vesti-

1159 3053 1244 3091 gium
1259 3053 1289 3083 in
1305 3053 1339 3083 iis
1356 3052 1618 3092 deprelwmliums
1629 3077 1637 3090 ‚
1655 3062 1727 3091 quae
1740 3052 1829 3082 nobis
1841 3061 1858 3082 e
1874 3051 2026 3082 Posidonii
2052 3051 2188 3082 historiis

1160 3098 1775 3137 5011313500(;001110311131)111)·11101·05
1786 3099 1888 3128 multo
1901 3097 2087 3128 recentiores
2098 3097 2189 3128 tradi·

1160 3148 1205 3176 tas
1217 3146 1404 3184 quibusdam
1425 3145 1634 3176 Historiarum
1649 3144 1788 3184 partibus
1804 3143 2188 3183 [005100051010111111111111

1159 3192 1231 3222 data
1243 3191 1405 3221 occasione
1415 3192 1451 3221 ad
1467 3191 1644 3230 antiquiora
1659 3190 1843 3221 Posidonius
1853 3190 1993 3220 excurrit
2005 3189 2032 3229 ];
2045 3189 2136 3228 eujus
2147 3188 2188 3219 rei

1159 3235 2186 3277 (111010311301513010110011113,11001100311011[11110033000431),

1161 3287 1194 3321 1⁴2,
1207 3284 1286 3314 01110
1303 3284 1466 3314 Posidonio
1477 3283 1593 3313 citatur
1605 3283 1690 3313 loeus
1703 3282 1741 3312 de
1753 3283 1905 3313 Antiocho
1919 3285 1981 3312 1)1·11
1995 3282 1999 3320 1
2011 3282 2094 3320 quod
2105 3281 2151 3311 vel
2163 3281 2187 3312 si

1159 3340 1268 3362 verum
1280 3332 1370 3369 esset,
1387 3330 1460 3360 nihil
1474 3330 1615 3370 probaret
1633 3329 1647 3369 l.
1667 3331 1806 3360 Fortasse
1823 3329 1936 3360 rectius
1951 3330 2001 3360 1111
2019 3329 2113 3359 libros
2128 3331 2187 3358 τῶν
