2289 3728
115 189 160 219 84

121 272 188 308 λων
208 271 429 323 συγγραφέων
447 272 477 307 οἱ
495 270 630 311 πλείους
643 269 896 318 ἠκολούθησαν,
916 270 996 320 τῇδε
1018 270 1159 322 γράφει·

120 348 135 361 «ι
152 329 212 371 Ὡς
223 329 446 370 κελεύσαντος
459 326 639 376 Ἀμουλίου
653 326 696 363 τὰ
707 325 815 378 βρέφη
827 326 990 370 λαὸόντες
1002 329 1035 365 ἐν
1045 329 1161 380 σκάφῃ

120 386 260 436 κείμενα
277 389 343 423 τῶν
359 388 539 437 ὑπηρετῶν
557 400 644 427 τινες
661 384 779 436 ἔφερον
796 384 1026 434 ἐμὸαλοῧντες
1043 388 1088 429 εἷς
1104 387 1162 424 τὸν

118 444 274 491 ποταμὸν
295 443 470 494 ἀπέχοντα
489 442 557 479 ἀπὸ
573 445 633 488 τῆς
652 443 785 484 πόλεως
802 442 888 494 ἀμφὶ
908 443 1032 480 ἑκατὸν
1053 444 1162 481 εἴκοσι

366 501 466 540 Ἐπεὶ
488 500 523 538 δὲ
543 500 641 551 ἐγγὺς
661 499 813 550 ἐγένοντο
831 500 890 538 καὶ
910 495 999 538 εἶδον
1018 501 1082 546 ἔξω
1103 506 1160 539 τοῦ

118 559 260 608 γνησίου
278 559 412 612 ῥείθρου
427 559 485 596 τὸν
499 558 640 611 Τίὲεριν
656 559 722 596 ὑπὸ
736 560 917 610 χειμώνων
935 563 1086 610 συνεχῶν
1105 561 1162 597 ἐκ-

120 501 290 543 σταδίους.

118 617 354 668 τετραμμένον
375 620 420 660 εἷς
444 617 488 654 τὰ
505 617 629 668 πεδία,
649 617 864 660 καταὸοίντες
885 617 953 655 ἀπὸ
981 621 1038 655 τοῦ
1073 619 1160 655 Πα-

118 675 256 713 λαντίου
277 678 336 721 τῆς
364 678 514 728 κορυφῆς
543 675 599 713 ἐπὶ
627 675 665 712 τὸ
693 676 972 727 προσεχέστατον
996 676 1106 724 ὕδωρ·
1124 677 1160 712 οὐ

117 733 183 784 γὰρ
202 734 251 772 ἔτι
275 734 484 786 προσωτέρω
500 740 626 786 χωρεῖν
649 728 712 771 οἷοί
735 735 763 771 τ’
783 729 891 779 ἦσαν·
919 735 998 771 ἔνθα
1028 736 1162 784 πρῶτον

116 795 137 836 ἡ
157 797 214 830 τοῦ
232 797 393 843 ποταμοῦ
410 793 562 843 πλημμη
584 796 644 838 τ’ἧς
661 793 831 844 ὑπωρείας
847 793 976 838 ἥπτετο
988 823 998 840 ,
1012 792 1161 829 τίθενται

116 852 179 898 τὴν
201 851 336 901 σκάφην
355 852 412 890 ἐπὶ
435 856 494 890 τοῦ
516 852 646 895 ὕδατος·
664 855 685 898 η
706 852 740 889 δὲ
761 852 864 903 μέχρι
886 850 948 901 μέν
965 866 1051 893 τινος
1072 851 1160 896 ἐνη-

115 926 217 962 χετο,
234 910 352 948 ἔπειτα
368 915 427 948 τοῦ
446 911 577 963 ῥείθρου
594 911 684 948 κατὰ
702 911 824 963 μικρὸν
841 912 1103 961 ὑποχωροῦντος
1122 911 1160 946 ἐκ

116 972 184 1006 τῶν
201 969 280 1020 περὶ
298 969 449 1020 ἔσχατα,
472 970 566 1007 λίθου
581 969 810 1021 προσπταίσει
828 973 1080 1020 περιτραπεῖσα
1099 970 1159 1005 ἐκ-

119 1027 242 1064 Εάλλει
260 1027 302 1064 τὰ
322 1027 444 1080 βρέφη.
469 1028 525 1066 Τὰ
546 1028 607 1075 μὲν
625 1027 666 1073 δὴ
685 1027 876 1076 κνυζόμενα
897 1025 986 1062 κατὰ
1006 1029 1065 1062 τοῦ
1083 1024 1158 1062 τέλ-

117 1100 225 1134 ματος
243 1086 492 1123 ἐκυλινδοῧντο.
516 1085 674 1123 Λύκαινα
690 1085 725 1122 δέ
739 1101 788 1128 τις
806 1086 1008 1136 ἐπιφανεῖσα
1020 1113 1029 1129 ,
1048 1083 1160 1120 νεοτό-

115 1157 194 1185 κους
211 1145 405 1193 σπαργῶσα
425 1143 499 1186 τοὺς
521 1143 672 1192 μαστοὺς
689 1143 754 1180 ὑπὸ
769 1142 956 1193 γάλακτος,
974 1141 1083 1178 ἐδίδου
1100 1140 1142 1178 τὰ

118 1199 225 1245 θηλὰς
239 1203 308 1242 τοῖς
329 1200 497 1249 στόμασιν
516 1203 641 1248 αὐτῶν,
657 1202 715 1239 καὶ
733 1205 774 1253 τῇ
797 1201 934 1251 γλώττῃ
952 1200 1008 1237 τὸν
1028 1198 1155 1248 πηλὸν,

114 1253 154 1296 οὑ
170 1256 358 1296 κατάπλεω
375 1253 477 1305 ἦσαν,
497 1260 692 1311 ἀπελίχμα.
712 1261 775 1299 Ἔν
794 1259 828 1297 δὲ
849 1259 958 1310 τούτῳ
975 1257 1159 1309 τυγχάνου·

116 1333 169 1354 σιν
186 1320 215 1354 οἳ
237 1322 350 1366 νομεῖς
367 1317 599 1360 ἐξελαύνοντες
618 1317 678 1360 τὰς
704 1318 830 1368 ἀγέλας
859 1317 917 1354 ἐπὶ
937 1316 1045 1365 νομήν
1061 1331 1069 1339 ·
1092 1316 1158 1362 ἤδη

114 1375 181 1426 γὰρ
202 1374 353 1425 ἐμὸατὸν
373 1369 414 1420 ἦν
431 1375 469 1412 τὸ
486 1375 610 1426 χωρίον
622 1390 630 1398 ·
651 1375 709 1412 καί
726 1391 775 1417 τις
792 1377 904 1412 αὐτῶν
924 1374 1004 1412 ἰδὼν
1024 1373 1084 1419 την
1102 1375 1159 1411 λύ-

115 1449 254 1481 καιναν,
285 1436 329 1475 ὡς
358 1433 535 1479 ἠσπάζετο
555 1433 597 1470 τὰ
622 1433 750 1485 βρέφη,
775 1433 858 1476 τέως
879 1434 939 1483 μὲν
966 1433 1098 1484 ἀχανὴς
1119 1427 1158 1479 ἦν

115 1493 181 1529 ὑπὸ
210 1491 361 1542 θάμὸους
386 1491 445 1529 καὶ
475 1492 635 1535 ἀπιστίας
665 1495 732 1529 τῶν
761 1492 1018 1544 θεωρουμένων·
1040 1491 1159 1528 ἔπειτα

115 1550 221 1589 ἐλθὼν
250 1551 308 1588 καὶ
329 1550 490 1595 συλλέξας
516 1550 572 1594 οὒς
592 1550 732 1588 ἐδύνατο
757 1551 936 1594 πλείστους
957 1553 1023 1587 τῶν
1050 1551 1158 1600 ἀγχοῦ

115 1609 285 1658 νεμόντων
304 1610 360 1659 (οὐ
375 1609 439 1661 γὰρ
456 1609 651 1648 ἐπιστεύετο
675 1609 827 1660 λέγων),
848 1610 921 1659 ἄγει
937 1608 1079 1660 τοῦργον
1098 1609 1158 1644 αὖ·

115 1667 193 1710 τοὺς
218 1667 455 1717 θεασομένους.
513 1667 578 1711 Ἕὶς
601 1667 634 1705 δὲ
662 1669 813 1705 κάκεῖνοι
838 1667 983 1714 πλησίον
1008 1666 1160 1709 ἐλθόντες

115 1726 242 1776 ἔμαθον
271 1726 332 1772 τὴν
360 1727 421 1776 μὲν
450 1726 567 1778 ὥσπερ
595 1726 698 1764 τέκνα
728 1730 967 1778 περισπῶσαν,
993 1725 1036 1762 τὰ
1063 1726 1092 1762 δ’
1115 1727 1160 1767 ὡς

116 1785 244 1835 μητρὸς
262 1784 465 1836 ἐξεχόμενα,
485 1785 658 1835 δαιμόνιόν
676 1801 708 1822 τι
726 1788 848 1837 χρῆμα
867 1789 947 1836 ὁρᾶν
966 1783 1160 1821 ὑπολαὸόν-

114 1858 169 1884 τες
183 1872 193 1891 ,
215 1843 387 1894 ἐγγυτέρω
407 1843 605 1894 προσῄεσαν
630 1844 766 1898 ἀθρόοι,
789 1843 1016 1890 δεδιττόμενοι
1040 1845 1102 1893 βοῇ
1121 1843 1159 1878 τὸ

116 1901 246 1952 θηρίον.
267 1900 312 1939 Ἥ
344 1901 379 1938 δὲ
405 1901 550 1938 λύκαινα
572 1903 609 1938 οὐ
633 1902 729 1951 μάλα
755 1901 979 1953 ἀγριαίνουσα
1000 1903 1067 1938 τῶν
1096 1902 1159 1937 ἀν-

116 1959 261 2011 θρώπων
280 1963 322 2011 τῇ
345 1959 521 2010 προσόδῳ,
544 1959 620 1997 ἀλλ’
646 1959 763 2011 ὥσπερ
787 1959 826 1997 ἂν
846 1960 1047 2011 χειροήθης,
1072 1960 1158 1995 ἁπο-

116 2069 206 2107 cuti)
223 2070 266 2101 ita
283 2070 394 2101 scribit
420 2082 428 2101 ι
445 2083 460 2097 «
478 2070 595 2102 Amulii
609 2071 698 2110 jussu
716 2070 851 2102 ministri
876 2069 1005 2110 quidam
1028 2070 1163 2100 infantes

118 2122 149 2151 iu
162 2121 255 2152 alveo
274 2121 450 2153 collocatos
471 2123 664 2162 acceperunt
686 2123 718 2153 et
758 2122 984 2162 asportarunt,
1004 2122 1039 2151 ut
1060 2129 1114 2152 eos
1131 2121 1162 2151 in

118 2174 253 2204 fluvium
267 2174 395 2205 circiter
416 2176 547 2205 centum
569 2174 681 2214 viginti
697 2175 797 2205 stadia
822 2174 862 2205 ab
886 2174 965 2204 urbe
992 2173 1162 2204 distantem

119 2226 318 2265 projicerent.
337 2229 443 2263 Quum
461 2228 569 2258 autem
585 2235 621 2258 eo
635 2226 857 2266 accessissent,
875 2227 907 2257 et
924 2225 1163 2256 animadvertis-

119 2279 190 2307 sent
203 2277 341 2309 Tiberim
358 2278 398 2309 ob
419 2278 588 2309 continuos
603 2277 720 2308 imbres
736 2279 825 2308 extra
841 2277 1020 2308 naturalem
1035 2277 1161 2307 alveum

118 2338 277 2368 egressum
300 2329 331 2360 in
354 2338 500 2369 campos,
522 2329 561 2360 de
586 2329 696 2360 Palatii
714 2330 832 2360 vertice
856 2329 895 2360 ad
918 2338 1035 2369 aquam
1053 2329 1162 2368 proxi-

120 2389 204 2411 mam
216 2380 446 2411 descenderunt
459 2381 675 2420 (nequeenim
688 2381 821 2412 ulterius
831 2380 973 2420 progredi
985 2381 1160 2420 poterant),

124 2431 177 2462 ubi
203 2431 289 2461 tiuvii
313 2431 485 2462 exundatio
501 2431 589 2463 collis
606 2432 727 2463 radices
751 2431 905 2470 alluebat,
934 2434 965 2462 et
990 2431 1031 2462 ibi
1059 2431 1161 2470 ipsum

123 2483 249 2512 alveum
267 2483 297 2512 in
314 2483 405 2521 aquis
421 2484 604 2522 posuerunt.
620 2483 682 2520 Qui
702 2482 896 2522 aliquamdiu
912 2482 1040 2522 quidem
1055 2482 1162 2513 fluita-

124 2533 187 2571 vit;
204 2532 256 2563 sed
272 2535 399 2572 postea,
415 2534 505 2573 aquis
517 2534 683 2573 paullatim
699 2543 739 2565 ex
756 2533 823 2573 ripa
837 2536 979 2564 extrema
992 2534 1161 2564 recedenti·

124 2585 199 2622 bus,
214 2592 290 2614 saxo
305 2585 458 2624 impactus
475 2586 507 2616 et
522 2594 651 2616 eversus
664 2585 797 2616 infantes
810 2586 918 2624 ejecit,
937 2586 991 2625 qui
1005 2585 1164 2625 vagientes

124 2636 154 2665 in
177 2644 267 2666 coeno
291 2636 530 2667 volutabantur.
552 2638 660 2673 Quum
679 2638 785 2668 autem
799 2637 874 2677 lupa
899 2638 1046 2677 quaedam
1065 2646 1162 2677 appa-

125 2687 259 2725 ruisset,
282 2687 431 2717 uberibus
448 2688 565 2718 recenti
590 2689 681 2727 partu
708 2689 790 2720 lacte
812 2690 1028 2728 turgentibus,
1051 2698 1162 2720 eorum

126 2738 172 2768 ori
188 2746 342 2767 mammas
356 2737 510 2777 praebuit,
528 2740 560 2769 et
582 2738 684 2778 lingua
699 2748 825 2770 coenum
838 2765 847 2779 ‚
865 2749 929 2780 quo
953 2741 1035 2780 pleni
1054 2742 1161 2778 erant,

126 2788 294 2819 lambendo
315 2789 470 2819 abstersit.
494 2791 616 2820 interea
630 2799 705 2821 vero
725 2791 805 2822 sorte
820 2793 960 2830 pastores
981 2800 1088 2831 greges
1111 2801 1162 2831 pa·

124 2843 210 2871 stum
227 2842 358 2879 agebam
373 2841 479 2880 (locus
496 2842 578 2872 enim
591 2842 656 2881 jam
676 2843 805 2882 pervius
824 2844 911 2883 erat)
927 2845 958 2874 et
974 2854 1013 2874 ex
1028 2844 1075 2875 bis
1090 2845 1162 2883 qui-

125 2886 220 2924 dam,
244 2890 412 2926 conspecta
435 2888 508 2927 lupa
540 2897 612 2927 quae
635 2889 770 2920 infantes
792 2889 939 2929 fovebat,
968 2890 1162 2930 aliquamdiu

126 2939 297 2978 spectaculi
313 2939 452 2970 novitate
469 2941 621 2971 attonitus
637 2943 668 2971 ct
684 2941 736 2971 vix
757 2942 830 2972 satis
842 2943 941 2973 oculis
957 2943 1019 2974 suis
1032 2943 1164 2975 credens

129 2989 218 3019 bafsit
235 3002 241 3019 :
260 2989 371 3021 deinde
385 2999 482 3029 quum
501 2991 626 3022 abiisset
638 2993 669 3022 et
685 2995 886 3024 convocasset
899 3002 916 3024 e
935 2995 1080 3034 proximo
1095 2995 1164 3026 loco

127 3042 286 3080 quotquot
306 3041 407 3080 potnit
425 3043 564 3081 pastores
579 3042 701 3082 (neque
719 3043 802 3074 enim
816 3044 882 3083 ejus
897 3045 999 3075 verbis
1018 3045 1095 3077 sides
1108 3047 1164 3077 ba-

130 3093 294 3132 bebatur),
307 3102 360 3123 eos
373 3093 411 3124 ad
433 3094 534 3134 ipsum
548 3096 765 3134 spectaculum
778 3095 922 3127 adduxit.
940 3099 1045 3134 Quum
1059 3100 1164 3129 autem

129 3147 161 3176 et
186 3145 231 3175 illi
255 3146 385 3185 propius
407 3146 591 3178 accedentes
608 3147 687 3178 lianc
711 3150 861 3188 tanquam
884 3149 964 3180 lilios
984 3149 1164 3190 foventem,

131 3197 200 3227 illos
224 3197 375 3236 tanquam
403 3206 419 3227 e
440 3199 540 3229 matre
556 3198 727 3238 pendentes
749 3200 1059 3240 animadvertissent,
1083 3202 1165 3232 divi-

131 3258 204 3280 nam
218 3249 375 3289 quandam
387 3259 451 3280 rem
466 3259 498 3281 se
510 3251 614 3282 videre
628 3252 697 3290 rati,
713 3252 902 3293 frequentes,
917 3254 1054 3284 clamore
1068 3254 1165 3285 teram

131 3302 328 3340 territantes,
349 3303 477 3341 propius
501 3306 710 3335 accesserunt.
729 3306 768 3335 At
793 3305 866 3344 lupa
893 3314 1003 3336 eorum
1028 3306 1164 3338 adventu

134 3362 194 3384 non
209 3353 297 3384 valde
317 3354 461 3393 efferata,
485 3354 537 3386 sed
554 3356 587 3386 ut
605 3357 764 3387 mansueta
778 3381 785 3395 ‚
810 3357 923 3388 sensim
943 3357 981 3388 ab
996 3357 1166 3390 infantibus

950 183 994 229 Q.
1025 183 1159 221 FABll
1193 183 1426 223 PICTORlS

1223 277 1333 308 στᾶσα
1358 273 1424 307 τῶν
1453 272 1585 322 βρεφῶν
1618 271 1728 322 ἡρέμα
1757 269 1816 308 καὶ
1848 269 1938 308 κατὰ
1967 271 2097 317 πολλὴν
2125 272 2266 321 ἀλογίαν

1831 329 1899 366 Καὶ
1918 323 1959 375 ἦν
1978 328 2045 381 γάρ
2058 345 2107 372 τις
2127 331 2164 366 οὐ
2178 329 2267 367 πολὺ

1223 386 1362 438 ἀπέχων
1383 387 1469 438 ἱερὸς
1489 390 1599 438 χῶρος
1620 386 1684 438 ὕλῃ
1708 386 1828 438 βαθείᾳ
1843 386 2058 439 συνηρεφὴς,
2081 387 2140 424 καὶ
2158 387 2267 438 πέτρα

1222 445 1322 491 κοίλη
1339 445 1453 494 πηγὰς
1470 447 1604 483 ἀνιεῖσα
1617 461 1624 469 ·
1644 446 1779 495 ἐλέγετο
1793 444 1828 482 δὲ
1851 445 1966 487 Πανὸς
1986 438 2072 482 εἶναι
2091 445 2129 482 τὸ
2146 445 2268 491 νάπος,

1222 504 1280 540 καὶ
1303 503 1416 553 βωμὸς
1435 498 1477 549 ἦν
1498 503 1612 540 αὐτόθι
1631 507 1691 540 τοῦ
1710 506 1805 540 θεοῦ·
1824 504 1870 545 εἷς
1888 506 1988 540 τοῦτο
2008 503 2045 540 τὸ
2064 503 2191 554 χωρίον
2212 505 2267 540 ἐλ-

1221 332 1280 366 τοῧ
1298 333 1497 378 ποιμενικοῦ
1513 329 1634 378 ὁμίλου
1650 329 1769 379 ἀπῄει.

1223 565 1327 599 θοῧσα
1342 561 1613 613 ἀποκρύπτεται.
1630 562 1681 600 Τὸ
1698 561 1760 610 μὲν
1774 555 1831 598 οὖν
1847 561 1949 603 ἄλσος
1966 562 2078 598 οὐκέτι
2096 561 2265 610 διαμένει·

1222 620 1260 657 τὸ
1281 620 1315 657 δὲ
1340 620 1462 671 ἄντρον
1492 620 1525 663 ἐξ
1548 614 1585 658 οὑ
1608 622 1630 666 ἡ
1660 619 1760 662 λιὸὰς
1788 619 1980 665 ἐκδίδοται,
2003 621 2053 670 τῷ
2080 619 2270 670 Παλαντίῳ

1223 677 1577 729 προσῳκοδομημένον
1600 678 1772 715 δείκνυται
1799 677 1890 714 κατὰ
1915 675 1978 722 τὴν
1999 677 2054 713 ἐπὶ
2081 677 2138 714 τὸν
2165 677 2269 714 ἱππό-

1223 736 1348 785 δρομον
1364 735 1532 787 φέρουσαν
1546 735 1621 772 ὁδόν
1632 751 1639 758 ·
1652 736 1710 772 καὶ
1725 734 1866 784 τέμενός
1883 737 1974 772 ἐστιν
1991 735 2094 771 αὐτοῦ
2109 734 2270 780 πλησίον,

1223 792 1301 829 ἔνθα
1325 792 1425 830 εἰκὼν
1454 793 1565 830 κεῖται
1588 796 1648 830 τοῖ’)
1673 793 1822 838 πάθους,
1846 792 1993 830 λύκαινα
2020 792 2168 834 παιδίοις
2193 793 2270 831 δυσὶ

1223 850 1299 893 τοὺς
1332 849 1482 899 μαστοὺς
1512 850 1709 901 ἐπέχουσα,
1743 851 1878 901 χάλκεα
1908 851 2090 899 ποιήματα
2116 853 2271 894 παλαιᾶς

1458 903 1529 947 ῗΗν
1551 909 1586 946 δὲ
1609 908 1647 945 τὸ
1669 909 1795 959 χωρίον
1816 911 1883 946 τῶν
1910 909 1971 946 σὺν
1997 909 2164 961 Εὐάνδρῳ
2185 909 2269 947 ποτὲ

2143 966 2208 1009 Ὡς
2234 966 2270 1004 δὲ

1225 1024 1356 1070 ἀπέστη
1379 1024 1418 1061 τὸ
1438 1024 1568 1075 θηρίον,
1591 1024 1743 1075 αἴρουσιν
1761 1026 1790 1062 οἱ
1811 1029 1925 1074 νομεῖς
1945 1024 1987 1061 τα
2006 1023 2114 1076 βρέφη
2129 1054 2139 1073 ,
2157 1039 2265 1062 σπου-

1223 908 1399 959 ἐργασίας.

1222 966 1422 1003 οἰκισάντων
1447 966 1531 1004 αὖτὸ
1554 966 1725 1019 Ἀρκάδων
1745 966 1846 1017 ἱερὸν,
1868 970 1913 1008 ὡς
1934 965 2085 1016 λέγεται.

1222 1082 1282 1128 δην
1301 1082 1498 1132 ποιούμενοι
1518 1082 1665 1135 τρέφειν,
1683 1085 1727 1126 ὡς
1743 1085 1827 1120 θεῶν
1854 1082 1942 1120 αὐτὰ
1961 1082 2130 1126 σώζεσθαι
2149 1084 2269 1134 βουλο-

1223 1140 1346 1190 μένων.
1403 1135 1472 1179 ἡἨν
1501 1141 1537 1178 δέ
1565 1158 1614 1185 τις
1639 1143 1673 1179 ἐν
1711 1142 1824 1184 αὐτοῖς
1852 1141 2045 1193 συφορῧίων
2083 1142 2271 1193 βασιλικῶν

1223 1198 1507 1249 ἐπιμελούμενος,
1530 1200 1688 1245 ἐπιεικὴς,
1708 1199 1815 1251 ἀνὴρ,
1842 1200 2051 1243 Φαυστύλος
2073 1200 2204 1249 ὄνομα,
2234 1199 2269 1242 ὃς

1222 1260 1256 1295 ἐν
1273 1262 1315 1310 τῇ
1333 1258 1431 1295 πόλει
1452 1257 1543 1295 κατὰ
1560 1257 1601 1303 δή
1618 1274 1650 1295 τι
1669 1259 1856 1307 ἀναγκαῖον
1875 1257 2025 1308 ἐγεγόνει
2040 1261 2118 1295 καθ’
2136 1258 2172 1295 ὃν
2190 1258 2270 1310 χρό·

1222 1332 1276 1354 νον
1296 1320 1317 1362 ἠ
1337 1315 1444 1368 φθορὰ
1461 1320 1522 1362 τῆς
1540 1316 1646 1359 Ἰλίας
1665 1316 1724 1354 καὶ
1745 1319 1761 1353 ὃ
1779 1316 1874 1358 τόκος
1895 1316 2084 1367 ἠλέγχετο·
2103 1316 2162 1353 καὶ
2181 1315 2270 1366 μετὰ

1221 1379 1331 1412 ταῦτα
1356 1375 1590 1424 κομιζομένων
1611 1375 1667 1412 ἐπὶ
1686 1374 1742 1412 τὸν
1763 1375 1921 1424 ποταμὸν
1940 1378 2006 1412 τῶν
2031 1377 2176 1427 βρεφῶν,
2194 1378 2266 1418 τοῖς

1223 1433 1379 1485 φέρουσιν
1409 1433 1496 1470 αὐτὰ
1527 1432 1616 1471 κατὰ
1639 1433 1730 1470 θείαν
1754 1433 1863 1484 τύχην
1885 1433 1959 1482 ἅμα
1987 1433 2179 1480 διεληλύθει
2206 1433 2269 1480 τὴν

1223 1491 1329 1537 αὐτὴν
1345 1492 1432 1538 ὁδὸν,
1450 1493 1494 1534 εἷς
1506 1491 1544 1529 τὸ
1561 1492 1757 1530 Παλάντιον
1775 1491 1834 1529 ἰών
1845 1507 1852 1514 ·
1868 1491 1902 1534 ὃς
1915 1492 2043 1538 ἥκιστα
2062 1498 2132 1534 τοῖς
2151 1492 2268 1535 ἄλλοις

1223 1549 1423 1601 καταφανὴς
1442 1549 1621 1600 γενόμενος
1641 1551 1686 1592 ὡς
1706 1549 1889 1586 ἐπίσταταί
1907 1565 1940 1586 τι
1962 1553 2022 1586 τοῦ
2041 1549 2264 1601 πράγματος,

1224 1606 1372 1650 ἀξιώσας
1397 1610 1491 1659 αὑτῷ
1517 1610 1783 1659 συγχωρηθῆναι
1805 1607 1848 1644 τὰ
1877 1607 2005 1659 βρέφη,
2032 1607 2206 1656 λαμὸάνει
2232 1623 2268 1645 τε

1223 1665 1311 1703 αὐτὰ
1330 1664 1426 1716 παρὰ
1443 1669 1501 1703 τοῦ
1518 1669 1630 1703 κοινοῦ
1651 1665 1709 1702 καὶ
1729 1665 1838 1718 φέρων
1860 1668 1905 1708 ὡς
1924 1666 1985 1711 την
2002 1672 2147 1716 γυναῖκα
2172 1666 2269 1717 ἔρχε-

1221 1739 1289 1761 ται.
1345 1726 1536 1762 Τετοκυῖαν
1560 1723 1595 1760 δὲ
1613 1723 1823 1760 καταλαὸὼν
1841 1723 1900 1761 καὶ
1918 1724 2115 1774 ἀχθομένην
2136 1724 2188 1761 ὅτι
2205 1740 2263 1762 νε-

1222 1782 1302 1833 κρὸν
1337 1784 1423 1832 αὐτῇ
1451 1782 1488 1819 τὸ
1520 1781 1642 1834 βρέφος
1671 1776 1725 1829 ἦν,
1756 1785 2014 1833 παραμυθεῖται
2042 1782 2102 1819 καὶ
2132 1782 2268 1820 δίδωσιν

1222 1840 1479 1878 ὑποὲάλλεσθαι
1495 1840 1538 1876 τὰ
1553 1839 1674 1876 παιδία
1686 1869 1697 1886 ,
1713 1846 1830 1876 πᾶσαν
1845 1840 1879 1883 ἐξ
1893 1842 2002 1890 ἀρχῆς
2016 1840 2269 1888 διηγησάμενος

1863 1898 2068 1947 Αὐξομένοις
2093 1898 2127 1935 δὲ
2153 1900 2268 1942 αὐτοῖς

1222 1956 1330 2006 ὄνομα
1357 1956 1509 2002 τίθεται,
1532 1958 1580 2007 τῷ
1603 1955 1664 2005 μὲν
1685 1955 1878 2004 Ῥωμύλον,
1904 1959 1953 2007 τῷ
1979 1956 2014 1993 δὲ
2043 1955 2195 2006 “Ρῶμον.
2221 1959 2267 1995 Οἱ

1221 1898 1284 1944 τὴν
1302 1902 1546 1949 κατασχοῦσαν
1572 1897 1661 1935 αὐτὰ
1680 1898 1804 1949 τύχην.

1224 2067 1373 2105 recessit,
1385 2068 1416 2098 et
1431 2076 1503 2098 cum
1516 2075 1629 2105 magna
1642 2066 1747 2097 turbae
1757 2067 1922 2106 pastoralis
1935 2068 2168 2107 contemptione
2177 2068 2264 2101 abiit.

1225 2121 1350 2152 Etenim
1365 2129 1426 2150 non
1439 2120 1549 2159 procul
1567 2119 1638 2150 inde
1657 2119 1765 2150 aberat
1779 2119 1869 2150 lucus
1881 2119 2009 2159 quidam
2025 2120 2175 2152 arborum
2188 2121 2266 2152 den-

1225 2173 1320 2203 sitate
1339 2180 1457 2211 opacus
1473 2173 1504 2202 et
1518 2180 1611 2211 rupes
1624 2180 1701 2202 cava
1718 2172 1821 2202 sontes
1837 2172 1994 2202 emittens.
2012 2172 2070 2203 Ille
2086 2175 2194 2204 autem
2217 2174 2266 2205 lo-

1225 2232 1282 2254 cus
1296 2223 1371 2255 Pani
1391 2231 1478 2254 sacer
1494 2223 1670 2262 dicebatur,
1694 2223 1800 2262 ibique
1823 2224 1889 2254 erat
1908 2223 1957 2254 dei
1970 2232 2023 2254 ara
2042 2237 2049 2255 :
2077 2233 2140 2264 quo
2165 2234 2265 2265 quum

1226 2276 1280 2307 illa
1296 2276 1445 2313 venisset,
1460 2284 1492 2306 se
1507 2275 1689 2306 occultavit.
1700 2277 1760 2306 iste
1774 2277 1878 2306 tamen
1894 2276 1986 2307 lucus
2002 2285 2066 2308 non
2080 2279 2183 2309 exstat
2193 2287 2265 2309 am-

1226 2327 1308 2367 plius
1324 2340 1330 2358 :
1345 2326 1399 2357 sed
1411 2329 1537 2357 antrum
1549 2326 1633 2357 unde
1647 2327 1715 2357 sons
1729 2326 1845 2358 ssuebat
1857 2351 1866 2365 ‚
1884 2327 1992 2358 Palatii
2006 2328 2146 2359 aedificiis
2159 2329 2266 2369 adjun-

1225 2380 1312 2409 ctum
1327 2378 1438 2408 visitur
1451 2378 1483 2408 in
1495 2377 1544 2408 via
1561 2377 1613 2408 illa
1626 2386 1698 2416 qua}
1715 2377 1775 2408 sert
1789 2377 1829 2408 ad
1843 2377 1983 2409 Circum.
2001 2381 2039 2410 Et
2055 2380 2205 2411 sacellum
2218 2382 2266 2413 est

1222 2430 1314 2469 juxta
1328 2429 1430 2469 ipsum
1443 2453 1451 2467 ,
1468 2428 1523 2459 ubi
1540 2430 1586 2459 cst
1599 2430 1703 2459 statua
1716 2428 1810 2467 hujus
1826 2437 1917 2460 casus
1929 2429 2040 2468 index,
2056 2430 2128 2470 lupa
2141 2430 2267 2463 duobus

1224 2481 1398 2512 infantibus
1426 2489 1580 2511 mammas
1608 2481 1750 2520 praebens
1778 2494 1785 2512 z
1818 2490 1898 2521 opus
1919 2483 2103 2522 antiquum,
2135 2492 2174 2514 ex
2203 2492 2266 2515 aere

1226 2534 1358 2565 sactum.
1380 2536 1410 2565 Is
1423 2536 1528 2565 autem
1547 2535 1636 2564 locus
1650 2533 1705 2572 (ut
1721 2533 1841 2573 fertur)
1859 2534 1934 2565 olim
1948 2535 1988 2565 ab
2002 2535 2193 2575 Arcadibus,
2211 2535 2266 2576 qui

1227 2595 1300 2617 cum
1316 2586 1464 2617 Evandro
1480 2586 1613 2617 aedificia
1626 2586 1668 2617 ibi
1690 2586 1912 2625 condiderant,
1932 2590 2134 2619 consecratus
2150 2588 2263 2622 ruerat.

1225 2642 1331 2676 Quum
1349 2639 1443 2678 igitur
1467 2639 1530 2670 sera
1544 2639 1739 2677 recessisset,
1757 2641 1897 2678 pastores
1913 2640 2111 2671 sustulerunt
2131 2639 2266 2673 infantes

1224 2690 1315 2730 illos;
1336 2690 1552 2721 existimantes
1577 2699 1631 2721 eos
1644 2692 1792 2721 accurate
1817 2690 1964 2729 alendos,
1994 2699 2074 2730 quos
2095 2690 2138 2722 dii
2161 2692 2266 2723 salvos

1226 2741 1410 2772 voluissent.
1429 2743 1514 2772 Inter
1528 2750 1582 2772 eos
1595 2742 1702 2771 autem
1725 2743 1792 2772 erat
1810 2741 1940 2780 quidam
1958 2742 2033 2781 regii
2058 2742 2178 2782 pecoris
2195 2751 2264 2774 ma·

1224 2794 1329 2833 gister,
1349 2793 1397 2823 vir
1410 2793 1528 2833 probus
1542 2793 1670 2823 nomine
1684 2794 1870 2832 Faustulus,
1899 2793 1954 2833 qui
1970 2793 2135 2832 eujusdam
2152 2803 2266 2835 urgen-

1223 2845 1265 2875 tis
1277 2844 1391 2883 negotii
1407 2853 1500 2874 causa
1511 2844 1541 2874 in
1556 2844 1634 2874 urbe
1649 2844 1774 2884 aderat,
1789 2854 1852 2884 quo
1869 2846 2011 2884 tempore
2024 2844 2063 2876 de
2078 2845 2142 2876 lliae
2155 2850 2264 2886 stupro

1224 2898 1381 2936 partuque
1395 2898 1592 2936 compertum
1611 2898 1657 2927 est
1676 2909 1683 2927 :
1703 2898 1734 2928 et
1752 2899 1877 2936 postca,
1893 2897 1970 2927 dum
1992 2897 2127 2929 infantes
2143 2898 2182 2929 ad
2202 2898 2264 2929 ssu-

1225 2948 1312 2977 rium
1329 2947 1580 2987 deportarentur,
1601 2957 1674 2979 cuin
1688 2948 1838 2979 ministris
1850 2949 1905 2988 qui
1918 2957 1971 2980 eos
1984 2949 2143 2988 ferebant,
2156 2949 2264 2982 divino

1225 2998 1364 3038 quodam
1378 3008 1453 3029 casu
1477 2999 1641 3030 Palatium
1659 3001 1768 3039 petens
1780 2999 1892 3030 eadem
1908 3000 1958 3030 via
1983 3000 2051 3031 ivit.
2080 3001 2142 3037 Qui
2161 3010 2263 3041 quum

1226 3050 1337 3080 ceteris
1350 3059 1413 3080 non
1428 3049 1616 3082 declarasset
1631 3050 1689 3081 sibi
1702 3051 1767 3081 ullo
1782 3050 1876 3081 modo
1890 3059 1959 3081 eam
1977 3060 2044 3082 rem
2058 3060 2125 3083 esse
2139 3054 2262 3092 notam,

1227 3102 1399 3141 postulavit
1417 3105 1450 3133 ut
1467 3102 1525 3133 sibi
1544 3103 1678 3133 infantes
1700 3102 1948 3133 concederentur
1965 3112 1972 3133 :
1996 3112 2076 3142 quos
2100 3105 2263 3136 communi

1226 3153 1383 3184 sociorum
1398 3162 1553 3184 consensu
1569 3153 1702 3185 traditos
1718 3153 1837 3193 accepit
1852 3155 1882 3184 et
1898 3153 1936 3184 ad
1957 3163 2090 3185 uxorem
2106 3164 2196 3186 suam
2211 3155 2261 3187 de·

1232 3205 1316 3236 tulit.
1329 3207 1431 3240 Quam
1445 3213 1546 3244 quum
1561 3205 1729 3236 invenisset
1742 3207 1807 3244 jam
1821 3205 1961 3243 enixam,
1975 3207 2006 3236 et
2021 3209 2207 3238 moerentem
2221 3208 2262 3238 ob

1227 3256 1377 3288 infantem
1390 3281 1398 3296 ,
1416 3265 1511 3297 quem
1525 3258 1686 3287 mortuum
1703 3256 1854 3295 ediderat,
1869 3266 1937 3287 eam
1955 3259 2106 3289 consolari
2123 3259 2217 3298 coepit
2230 3260 2262 3291 et

1227 3308 1359 3340 infantes
1379 3310 1405 3340 ei
1419 3309 1640 3349 supponendos
1658 3309 1765 3348 dedit,
1783 3310 1929 3340 omnibus
1951 3319 2060 3341 eorum
2079 3311 2202 3343 casibus
2220 3312 2260 3343 ab

1228 3360 1315 3391 initio
1329 3363 1401 3392 ante
1425 3361 1570 3391 narratis.
1594 3361 1657 3392 illis
1675 3362 1781 3391 autem
1796 3361 2028 3400 crescentibus,
2046 3362 2119 3393 huic
2131 3363 2258 3402 quidem
