2289 3728
407 160 932 250 &POSlDONl
949 163 1012 247 U
1022 163 1077 248 S

99 610 229 646 Suidas
250 623 258 644 :
284 608 509 650 Ποσειδώνιος
536 608 706 658 Ἀπαμεὺς
727 610 764 646 ἐκ
790 609 917 660 Συρίας
945 608 966 654 ἢ
993 609 1075 649 Ῥό-

46 669 130 713 διος,
150 666 328 719 φιλόσοφος
351 665 513 715 στωικὸς,
532 666 567 710 ὃς
584 666 757 713 ἐπεκλήθη
779 666 956 713 Ἀθλητής.
980 668 1072 718 Σχο-

45 726 106 771 λὴν
123 726 150 763 δ’
171 725 270 776 ἔσχεν
291 727 323 761 ἐν
346 724 476 776 Ῥόδῳ,
497 724 654 775 διάδοχος
675 724 820 775 γεγονὼς
840 724 898 762 καὶ
919 725 1075 774 μαθητὴς

47 783 248 822 Παναιτίου.
268 777 378 821 ῗΗλθε
395 781 430 820 δὲ
443 782 502 820 καὶ
517 784 549 826 ἐς
566 781 708 832 Ῥώμην
725 783 781 820 ε’πὶ
803 782 948 833 Μάρκου
969 785 1073 834 Map-

44 840 179 880 κέλλου.
205 839 364 892 ’Ἔγραψε
381 840 503 877 πολλοί.
525 842 579 878 Cf.
602 841 745 876 Eudoe.
766 854 804 889 p.
829 841 918 879 365.
940 843 1072 877 Strabo

42 901 148 945 XVI,
168 913 206 948 p.
232 899 304 945 753
330 913 337 935 :
361 898 537 936 Ἐντεῦθεν
553 897 607 947 (ἐξ
629 897 839 948 Ἀπαμείας)
861 898 888 935 δ’
908 894 978 935 ἔστι
1000 901 1074 937 Πο-

42 956 211 999 σειδώνιος
235 957 253 993 ὁ
274 955 433 1001 στωικός,
456 954 541 1006 ἀνὴρ
566 957 634 993 τῶν
661 956 738 992 καθ’
759 959 851 1005 ἡμᾶς
879 955 1071 1007 φιλοσόφων

41 1014 354 1064 πολυμαθέστατος.
386 1016 490 1050 Idem
515 1016 617 1062 XIV,
646 1027 682 1062 p.
709 1014 783 1050 655
809 1028 817 1049 :
848 1013 1072 1056 Ποσειδώνιος

41 1070 285 1110 ἐπολιτεύσατο
306 1071 367 1121 μὲν
389 1073 421 1108 ἐν
446 1070 556 1122 Ῥόδῳ
582 1070 640 1108 καὶ
660 1071 911 1123 ἐσοφίστευσεν.
933 1065 1002 1109 ῗΗν
1036 1071 1070 1109 δὲ

42 1129 212 1179 Ἀπαμεὺς
227 1130 264 1166 ἐκ
280 1131 339 1174 τῆς
354 1128 494 1180 Συρίας.
515 1130 567 1166 Cf.
583 1131 777 1165 Athenaeus
789 1131 856 1175 VI,
869 1143 907 1177 p.
925 1129 1012 1175 252,
1028 1133 1066 1168 Ε.

41 1191 193 1226 Lucian.
207 1189 374 1224 Macrob.
391 1202 423 1223 c.
437 1200 498 1232 20,
513 1200 551 1235 p.
566 1188 638 1230 643
649 1188 709 1223 ed.
724 1188 854 1224 Didot.
871 1199 878 1224 :
897 1187 1070 1224 Ποσειδώ-

39 1260 106 1288 νιος
121 1247 138 1282 ὁ
154 1243 326 1294 Ἀπαμεὺς
342 1246 402 1289 τῆς
422 1243 569 1294 Συρίας,
589 1244 683 1294 νόμῳ
704 1243 739 1280 δὲ
759 1243 910 1289 Ῥόδιος,
933 1245 1068 1296 φιλόσο-

39 1303 97 1354 φός
110 1318 146 1340 τε
163 1302 236 1351 ἅμα
250 1302 309 1339 καὶ
324 1301 476 1353 ἱστορίας
487 1301 700 1353 συγγραφεὺς
711 1301 857 1352 τέτταρα
876 1301 933 1338 καὶ
950 1302 1068 1351 ὀγδοή-

38 1376 141 1398 κοντα
164 1362 232 1411 (50.
254 1359 313 1405 ἔτη
334 1359 505 1409 ε’ὃίωσεν).

90 1422 145 1455 De
183 1427 287 1454 aetate
327 1419 517 1454 Posidonii
558 1430 668 1454 JANUS
712 1432 806 1453 BARE
848 1418 858 1467 (
877 1420 1070 1456 Posidonii

37 1478 173 1513 Rlzodit'
195 1479 379 1524 Reliqm'oe
397 1478 592 1512 doctrinae.
615 1478 732 1524 Lugcl.
753 1478 840 1514 Bac.
868 1478 982 1523 1810,
1005 1478 1065 1528 8.)

37 1549 74 1583 p.
97 1537 118 1571 8
133 1537 182 1570 ita
201 1537 325 1571 statuit
342 1548 350 1570 :
373 1552 387 1568 α
405 1536 602 1580 Panaetius,
620 1536 689 1579 ait,
709 1547 818 1582 quem
836 1536 976 1571 audivit
993 1538 1067 1571 Po-

35 1594 199 1629 sidonius
220 1593 387 1640 (Suidas3
407 1593 482 1628 Cic.
506 1591 613 1630 Osfic.
633 1594 687 1627 Ill
703 1620 712 1637 ,
739 1605 759 1627 2
772 1620 781 1637 ,
807 1594 929 1629 Divin.
946 1595 983 1638 1,
1005 1594 1038 1630 3.
1055 1595 1064 1642 )

36 1659 204 1686 mortuus
218 1658 269 1686 est
281 1652 428 1685 circiter
446 1663 478 1687 a.
498 1664 536 1686 u.
561 1650 634 1691 642
656 1649 729 1698 [Ol.
756 1651 845 1695 167,
869 1664 881 1685 1
900 1665 909 1695 3
942 1665 954 1686 1
970 1665 1012 1686 12
1032 1665 1062 1689 a.

36 1708 95 1757 C.]
113 1709 315 1744 secundum
328 1709 487 1743 rationes
497 1708 665 1755 Lyndeni
678 1708 753 1754 (De
766 1709 938 1743 Pcmoetso
953 1710 982 1752 Ι,
1004 1709 1023 1744 3
1038 1709 1063 1757 ),

35 1777 75 1803 ut
95 1769 154 1803 hic
172 1780 287 1803 annus
303 1767 341 1801 in
357 1767 434 1813 ejus
450 1767 736 1801 adolescentiam
755 1767 919 1802 incidere
938 1768 1066 1803 videa-

37 1834 109 1863 tur.
128 1827 247 1861 Porro
266 1825 440 1871 deinceps
454 1837 538 1859 eum
554 1824 681 1859 Rhodi
696 1825 821 1860 Cicero
840 1826 999 1869 audivit,
1021 1839 1066 1873 C?

35 1886 114 1931 ipso
140 1896 237 1919 anno
265 1896 339 1930 quo
369 1883 464 1929 Sylla
490 1889 659 1917 mortuus
683 1890 756 1926 est,
787 1884 851 1929 qui
877 1890 929 1918 est
961 1896 993 1922 a.
1025 1898 1050 1919 u

38 1942 110 1986 676
136 1942 146 1988 (
164 1941 210 1986 78
232 1954 264 1976 a.
285 1941 322 1976 C.
338 1939 348 1987 )
365 1968 375 1988 ,
394 1947 483 1974 teste
504 1940 702 1974 Plutarcho
725 1941 762 1974 in
783 1941 961 1976 Cicerone
981 1953 1013 1975 c.
1044 1947 1063 1983 4

36 2000 103 2044 (cf.
120 2000 250 2036 Cicero
270 2000 372 2033 Brut.
398 2011 442 2044 91
461 1998 470 2044 )
489 2010 496 2031 :
516 1998 708 2043 etreliqua
731 2010 811 2044 quae
831 1998 877 2033 de
895 2011 939 2033 eo
959 1999 1067 2033 nobis

36 2060 295 2103 innotuerunt,
318 2057 356 2090 in
376 2055 475 2090 idem
494 2055 571 2090 fere
592 2056 769 2101 temporis
791 2057 949 2102 spatium
969 2057 1065 2091 inci—

34 2116 141 2160 dunt,
161 2128 275 2162 quum
293 2121 376 2148 ante
388 2120 465 2147 tum
476 2120 561 2160 post
576 2126 661 2148 eum
676 2126 825 2149 annum.
845 2115 970 2149 Restat
984 2115 1063 2149 Sui-

34 2173 97 2208 das
112 2173 175 2219 qui
191 2172 302 2206 tradit
315 2173 474 2206 Romam
486 2172 626 2206 venisse
642 2171 882 2206 Posidonium
894 2169 949 2206 ἐπὶ
966 2171 1065 2222 Μάρ·

34 2244 93 2265 κου
114 2228 318 2279 Μαρκέλλου
331 2257 340 2273 ,
359 2229 426 2264 sub
446 2230 497 2265 M.
518 2230 694 2264 Marcello
716 2230 883 2274 consule,
904 2230 943 2265 id
961 2238 1011 2265 est
1031 2244 1062 2267 a.

35 2301 71 2325 u.
104 2287 196 2333 703,
213 2288 273 2323 01.
301 2285 392 2331 182,
416 2298 437 2320 2
465 2285 533 2333 (51
560 2299 592 2321 a.
613 2287 677 2334 C.)
704 2300 710 2321 :
735 2288 798 2333 qu'i
824 2299 939 2322 annus
959 2289 1062 2322 Posi—

39 2346 148 2380 donio
169 2346 250 2379 vitae
277 2345 426 2390 ultimus
448 2344 536 2388 fuit,
565 2352 606 2379 ut
634 2352 758 2379 nostra
784 2346 963 2380 sententia
990 2353 1061 2389 est3

33 2403 215 2449 siquidem
241 2409 418 2449 quattuor
445 2410 479 2439 et
507 2403 694 2450 octoginta
725 2415 842 2438 annos
877 2404 1063 2450 implevit,

33 2468 122 2496 teste
134 2462 300 2496 Luciano
318 2461 342 2497 l.
360 2461 385 2495 l.
400 2471 408 2497 :
424 2461 523 2495 unde
539 2460 736 2496 conficitur
751 2474 835 2496 eum
849 2468 974 2496 natum
990 2475 1063 2497 esse

33 2531 65 2552 a.
88 2531 124 2554 u.
143 2518 218 2565 619
233 2545 242 2562 ‚
259 2519 318 2555 Ol.
346 2518 412 2552 161
431 2545 440 2561 ,
458 2531 478 2552 2
503 2518 600 2565 (135
619 2531 652 2554 a.
671 2516 755 2566 C.),
776 2519 976 2553 Panaetium
993 2532 1061 2554 au-

32 2575 112 2610 dire
132 2577 294 2622 potuisse
313 2588 429 2622 usque
448 2576 494 2610 ad
515 2588 653 2610 annum
672 2577 888 2610 vicesimum
911 2579 1060 2612 tertium

30 2635 156 2668 aetatis.
174 2649 188 2665 »
204 2635 289 2668 Post
302 2634 378 2668 haec
391 2634 606 2680 perstringit
619 2634 752 2668 Bakius
768 2646 933 2670 errorem
948 2636 1062 2670 Athe-

32 2693 98 2725 naei
114 2719 125 2738 ,
140 2692 204 2739 qui
220 2692 316 2726 libro
335 2692 408 2726 XII
422 2718 432 2734 ‚
450 2703 488 2738 p.
507 2689 603 2738 549,
622 2693 651 2726 Ε
665 2692 714 2726 ita
730 2692 866 2728 habet:
886 2690 1061 2728 Ποσειδώ-

31 2763 95 2789 νιος
109 2750 126 2783 ὁ
143 2747 284 2790 στωικὸς
296 2746 589 2796 συναποδημήσας
606 2747 775 2785 Σκιπίωνι
797 2750 845 2798 τῷ
866 2748 1058 2800 Ἀφρικανῷ

31 2804 189 2850 κληθέντι
206 2805 251 2847 εἰς
266 2803 517 2854 Ἀλεξάνδρειαν
532 2805 608 2842 κτλ.
629 2805 682 2853 (ν.
697 2807 741 2843 fr.
760 2820 799 2841 11
817 2804 875 2855 ).1‹
889 2809 982 2842 Nam
999 2809 1062 2843 Pa-

30 2865 179 2898 naetium
197 2864 371 2899 Africano
392 2865 430 2898 in
448 2864 520 2898 hoc
540 2864 671 2898 itinere
690 2865 832 2899 socium
853 2864 961 2900 fuisse
983 2865 1057 2913 [Ol.

36 2919 128 2966 159,
150 2933 193 2968 23
213 2920 281 2962 143
300 2933 332 2956 a.
353 2922 409 2964 C.‚
424 2928 464 2955 ut
481 2933 552 2967 vgo
572 2927 735 2955 statuunt
748 2933 822 2958 sec.
841 2921 918 2958 Cic.
942 2922 1058 2959 Acad.

31 2978 90 3020 lv,
116 2977 153 3026 2]
173 2978 322 3013 aliunde
350 2978 539 3013 manifesto
569 2985 735 3025 constat,
764 2985 804 3012 ut
834 2979 984 3013 minime
1012 2979 1059 3014 ad

30 3035 123 3070 lianc
140 3042 281 3071 aetatem
298 3036 513 3071 referendus
528 3037 573 3070 sit
592 3035 830 3084 Posidonius,
854 3036 917 3070 sed
934 3037 1057 3082 potius

30 3092 148 3137 ipsum
159 3093 236 3128 11κο
248 3106 267 3128 a
282 3093 439 3128 Panaetio
452 3101 600 3140 accepta
611 3094 648 3127 in
660 3094 828 3127 Historiis
840 3093 1057 3139 prodidisse,

30 3161 151 3195 neque
172 3150 244 3184 1100
261 3151 343 3185 satis
359 3151 551 3185 attendisse
569 3151 785 3185 Athenaeum
805 3150 1056 3184 aestimandum

30 3207 86 3242 sit.
103 3208 156 3241 Ita
176 3214 275 3242 recte
294 3210 439 3242 monuit
454 3209 740 3255 elegantissimus
756 3207 955 3257 Lyndenus
975 3205 984 3256 (
1001 3210 1055 3242 De

32 3263 189 3299 Panaetio
227 3278 263 3311 p.
293 3264 339 3306 45
355 3265 381 3312 ).
417 3283 430 3295 »
470 3267 579 3300 Bina.
611 3267 717 3301 Certe
752 3279 794 3299 ne
821 3272 989 3311 putemus
1015 3266 1056 3299 li-

32 3319 241 3358 brariorum
270 3324 375 3369 culpa
401 3311 700 3358 verba-Athenai
736 3323 932 3369 depravata
962 3335 1054 3363 esse,

1160 160 1369 248 ΑΡΑ
1386 167 1807 254 ΜΕΝΞΙὸ,

1137 619 1400 658 auctoremque
1417 615 1595 660 scripsisse
1617 614 1839 657 Ποσειδώνιος
1859 618 1876 652 ὁ
1899 617 2060 663 στωικὸς,
2085 619 2159 656 lla-

1135 666 1263 704 ναιτίου
1284 667 1439 716 μαθητὴς
1459 673 1518 705 τοῦ
1538 671 1910 719 συναποδημήσαντος,
1934 677 2159 723 impedimur

1134 726 1250 761 altero
1268 727 1366 773 loco,
1380 727 1444 762 ubi
1456 728 1614 763 eundem
1633 730 1824 766 Athenaeus
1837 744 1998 768 errorem
2013 737 2158 781 repetit.

1135 782 1278 817 Etenim
1298 784 1396 819 libro
1415 785 1523 833 XIV,
1549 798 1588 832 p.
1611 785 1707 830 657,
1734 787 1906 835 leguntur
1929 790 2004 825 11κο
2024 804 2031 825 :
2060 792 2158 837 Μνη-

1135 838 1267 886 μονεύει
1285 838 1320 875 δὲ
1338 841 1450 876 αὐτῶν
1470 841 1544 889 (sc.
1563 843 1629 877 τῶν
1646 840 1805 892 πέρνων)
1826 843 1990 894 Στράὸων
2009 847 2042 882 ἐν
2061 847 2157 898 τρίτῃ

1134 895 1468 945 Γεωγραφουμένων,
1489 895 1576 947 ἀνὴρ
1599 899 1636 934 οὗ
1662 898 1752 935 πάνυ
1774 899 1954 950 νεώτερος·
1982 902 2072 951 λέγει
2094 905 2158 954 γὰρ

1133 952 1234 989 αὐτὸν
1250 955 1283 990 ἐν
1297 957 1339 1005 τῇ
1354 953 1484 1004 ἑὸδόμῃ
1502 957 1561 1000 τῆς
1578 957 1682 1001 αὐτῆς
1701 958 1939 1006 πραγματείας
1957 960 2016 1006 (111
2031 962 2159 1008 deper-

1133 1011 1207 1046 dita
1231 1013 1316 1047 libri
1335 1015 1460 1062 parte)
1482 1013 1663 1061 ἐγνωκέναι
1683 1014 1911 1052 Ποσειδώνιον
1931 1015 1986 1052 τὸν
2009 1018 2075 1054 ἀπὸ
2100 1022 2158 1063 τῆς

1132 1073 1231 1109 στοᾶς
1251 1068 1444 1120 φιλόσοφον,
1461 1064 1499 1106 οῧ
1518 1071 1683 1113 πολλάκις
1703 1071 1906 1121 μεμνήμεθα
1919 1101 1930 1120 ,
1954 1075 2158 1123 συγγενομέ-

1130 1137 1188 1160 νου
1206 1124 1372 1162 Σκιπίωνι
1389 1128 1437 1176 τῷ
1457 1124 1518 1172 τὴν
1541 1127 1751 1179 Καρχηδόνα
1775 1129 1895 1165 ἑλόντι.
1919 1132 2091 1167 Ceterum
2113 1147 2156 1169 cx

1131 1183 1202 1218 hoc
1222 1185 1308 1219 loco
1328 1185 1501 1221 discimus
1515 1188 1712 1233 pueritiam
1731 1189 1922 1223 Strabonis
1935 1191 2088 1237 attigisse
2104 1204 2158 1226 sc-

1129 1247 1313 1276 nectutem
1334 1244 1537 1280 Posidonii.
1558 1245 1650 1280 Nam
1679 1246 1789 1293 longe
1816 1259 1901 1282 sane
1927 1249 2081 1295 petitum
2108 1258 2159 1285 est

1130 1299 1233 1345 quod
1255 1308 1339 1347 post
1357 1301 1732 1350 Schweighaeuserum
1759 1306 1883 1340 statuit
1908 1306 2060 1350 Bakius‚
2090 1310 2159 1342 sci—

1129 1356 1213 1392 licet
1239 1358 1351 1394 verba
1382 1356 1507 1407 λέγει..
1538 1358 1723 1408 ἐγνωκέναι
1754 1360 1998 1410 Ποσειδώνιον,
2029 1378 2109 1411 quae
2139 1380 2157 1401 e.

1128 1414 1320 1451 Strabonis
1345 1417 1441 1452 libro
1465 1421 1620 1464 septimo
1642 1420 1816 1467 citantur,
1838 1427 2002 1466 spectare
2022 1423 2157 1457 librum

1127 1472 1303 1508 deviatum
1319 1483 1460 1509 sescum
1479 1475 1489 1523 (
1503 1488 1540 1523 p.
1557 1475 1628 1521 753
1642 1474 1651 1524 )
1664 1504 1673 1521 ,
1690 1477 1755 1511 ubi
1769 1478 2007 1513 Posidonium
2024 1481 2156 1515 Strabo

1128 1529 1217 1565 dicit
1236 1532 1302 1567 τῶν
1319 1534 1410 1568 καθ’
1434 1534 1454 1577 ἡ
1469 1538 1547 1580 μᾶς
1567 1532 1759 1584 φιλοσόφων
1775 1535 2094 1584 πολυμαθέστατον,
2111 1551 2156 1573 eo

1128 1596 1248 1624 autem
1269 1591 1355 1625 loco
1377 1591 1473 1626 istud
1496 1592 1583 1627 καθ’
1605 1593 1716 1639 ἡμᾶς
1737 1594 1875 1629 laxiore
1893 1606 1997 1629 sensu
2016 1596 2156 1630 dictum

1127 1647 1242 1683 videri
1259 1648 1304 1683 de
1318 1650 1419 1693 viro,
1442 1651 1506 1696 qui
1522 1651 1728 1697 paullulum
1749 1658 1912 1687 nostram
1929 1659 2070 1688 aetatem
2092 1667 2156 1689 an-

1129 1706 1320 1742 tecesserit.
1333 1708 1380 1740 At
1392 1707 1601 1742 liberiorem
1615 1707 1722 1742 istum
1734 1709 1934 1743 verborum
1948 1723 1968 1744 κ
1977 1723 1997 1744 α
2008 1711 2035 1744 θ’
2050 1712 2070 1753 ἡ
2081 1725 2105 1757 μ
2114 1716 2134 1745 δι’
2143 1727 2156 1752 ς

1128 1774 1232 1795 11511111
1249 1775 1269 1797 a
1286 1763 1470 1799 Strabone
1488 1765 1649 1799 alienum
1670 1777 1761 1809 esse,
1776 1767 1959 1812 congestis
1979 1771 2157 1814 exemplis

1127 1818 1320 1855 Clintonus
1348 1821 1452 1867 (ΙΙΙ,
1479 1835 1517 1869 p.
1549 1821 1649 1871 553)
1684 1823 1727 1858 de
1754 1824 1938 1859 natalibus
1966 1826 2156 1860 Strabonis

1128 1877 1317 1924 disputans
1347 1879 1443 1914 bene
1473 1880 1750 1917 demonstravit.
1781 1882 1859 1916 Jam
1895 1883 2006 1929 igitur
2041 1896 2152 1929 quum

1127 1936 1260 1970 Strabo
1275 1943 1381 1971 natus
1398 1938 1443 1971 sit
1464 1939 1561 1972 eirca
1578 1950 1716 1972 annum
1739 1936 1783 1979 54
1804 1952 1836 1973 a.
1857 1940 1912 1983 C.‚
1933 1939 2058 1975 dicere
2079 1954 2154 1975 non

1126 1995 1248 2039 potuit
1264 2007 1301 2028 se
1318 1996 1460 2029 novisse
1478 1995 1721 2030 Posidonium
1733 2025 1742 2043 ,
1760 1998 1787 2030 51
1809 2009 1894 2031 vere
1911 1998 1938 2031 is
1961 1997 2155 2032 defunctus

1127 2059 1216 2086 esset
1231 2064 1328 2087 anno
1344 2052 1363 2087 5
1374 2066 1386 2087 1
1405 2066 1437 2089 a.
1454 2053 1541 2089 Chr.
1559 2055 1636 2100 Ego
1652 2055 1804 2100 quidem
1820 2055 1948 2089 decem
1964 2055 2038 2090 sere
2051 2058 2154 2090 annis

1122 2108 1310 2154 juniorem
1327 2111 1435 2145 fuisse
1456 2111 1696 2146 Posidonium
1722 2113 1904 2159 suspicor.
1925 2114 2013 2158 Quae
2034 2114 2080 2150 fr.
2107 2114 2151 2155 45

1127 2166 1173 2201 de
1193 2169 1242 2201 M.
1263 2169 1377 2202 Bruto
1398 2169 1571 2216 leguntur
1591 2182 1746 2216 arguere
1766 2170 1855 2203 mihi
1873 2170 2045 2206 videntur
2069 2184 2151 2207 eum

1125 2232 1208 2270 post
1224 2232 1383 2260 mortem
1404 2226 1552 2261 Caesaris
1572 2226 1583 2275 (
1602 2231 1647 2269 44
1670 2240 1703 2264 a.
1724 2226 1792 2274 C.)
1815 2227 2014 2262 scribendo
2032 2229 2152 2264 adhuc

1126 2290 1347 2329 occupatum
1368 2283 1487 2320 fuisse.
1510 2284 1621 2329 Quod
1650 2285 1810 2331 deniqne
1840 2286 1968 2319 attinet
1989 2287 2150 2332 Lyndeni

1124 2341 1340 2375 sententiam
1361 2341 1404 2376 de
1426 2340 1575 2377 Panaetii
1591 2355 1688 2377 anno
1705 2343 1802 2377 fatali
1825 2343 1876 2389 (a.
1903 2356 1915 2377 1
1932 2356 1971 2377 12
1987 2343 1997 2390 )
2012 2371 2022 2389 ,
2040 2357 2059 2378 a
2077 2357 2151 2391 quo

1124 2397 1258 2433 Bakius
1285 2399 1323 2433 in
1343 2400 1490 2434 calculis
1510 2400 1761 2435 subducendis
1783 2399 2046 2447 proficiscitur,
2073 2414 2152 2436 eam

1123 2456 1214 2490 scito
1238 2457 1341 2491 nullo
1369 2458 1603 2501 testimonio,
1632 2457 1695 2492 sed
1717 2470 1818 2492 mera
1842 2459 1909 2492 niti
1930 2458 2150 2504 conjectura.

1124 2512 1316 2549 Clintonus
1329 2527 1465 2549 annum
1482 2528 1558 2562 quo
1572 2523 1741 2550 mortuus
1755 2516 1801 2550 sit
1815 2517 1993 2550 Panaetius
2007 2516 2150 2551 definiri

1124 2573 1276 2607 omnino
1289 2585 1365 2607 non
1377 2585 1481 2620 posse
1493 2574 1626 2608 fatetur
1639 2573 1686 2608 ad
1697 2586 1753 2608 an.
1775 2578 1843 2616 144
1858 2582 1893 2608 et
1912 2574 1993 2618 143,
2006 2588 2042 2621 p.
2068 2589 2079 2609 1
2090 2577 2150 2618 08,

1123 2630 1366 2675 probabiliter
1379 2638 1500 2666 tamen
1516 2632 1625 2665 statui
1642 2632 1691 2666 ait
1707 2631 1925 2666 defunctum
1938 2644 2012 2667 esse
2026 2635 2150 2679 paullo

1122 2695 1205 2722 ante
1231 2700 1299 2723 100
1324 2701 1357 2726 a.
1379 2689 1419 2724 C.
1448 2689 1560 2735 Quod
1587 2689 1624 2722 in
1653 2693 1798 2724 nostros
1818 2690 1978 2724 calculos
2005 2691 2152 2725 caderet

1122 2745 1276 2792 optime.
1296 2747 1445 2782 Annum
1465 2759 1540 2793 quo
1562 2747 1743 2781 Panaetius
1763 2747 1971 2793 Scipionem
1993 2748 2029 2781 in
2050 2748 2149 2795 lega-

1122 2805 1221 2839 tione
1238 2806 1432 2839 comitatus
1447 2806 1510 2849 sit,
1531 2817 1575 2839 ex
1593 2804 1772 2841 Cicerone
1788 2832 1797 2848 ,
1817 2804 1932 2838 Acad.
1955 2805 2014 2847 IV,
2039 2818 2059 2839 2
2073 2832 2081 2847 ,
2102 2806 2148 2839 ita

1121 2861 1314 2906 definiunt,
1327 2869 1367 2897 ut
1380 2862 1615 2909 pertineatad
1630 2874 1689 2896 an.
1714 2874 1725 2895 1
1736 2861 1781 2901 43
1801 2874 1835 2897 a.
1849 2861 1887 2896 C.
1903 2861 1954 2895 vel
1965 2861 2009 2895 ad
2025 2864 2148 2908 proxi-

1120 2932 1174 2954 1110
1197 2919 1489 2954 antecedentem.
1515 2922 1560 2955 At
1583 2926 1668 2954 octo
1684 2919 1759 2953 fere
1776 2920 1879 2953 annis
1903 2919 2146 2964 posteriorem

1119 2976 1227 3011 fuisse
1244 2989 1264 3011 e
1281 2976 1480 3011 Posidonio
1501 2984 1537 3011 et
1552 2976 1720 3012 Diodoro
1748 2976 2000 3010 demonstrare
2024 2976 2145 3010 studui

1119 3034 1165 3068 ad
1179 3034 1338 3068 Diodori
1359 3035 1446 3068 Exe.
1466 3035 1520 3068 De
1540 3034 1696 3078 insidiis,
1717 3046 1749 3070 e.
1768 3032 1830 3069 25.

1171 3093 1259 3136 Quae
1278 3091 1321 3126 de
1338 3091 1418 3126 fatis
1433 3091 1622 3126 Posidonii
1644 3091 1776 3125 tradita
1798 3091 2005 3136 accepimus
2021 3116 2029 3131 ‚
2050 3089 2144 3123 haud

1118 3149 1231 3183 multa
1250 3156 1347 3183 sunt.
1371 3150 1492 3194 Quare
1518 3165 1531 3179 «
1556 3161 1602 3183 ne
1629 3160 1779 3182 vacuam
1799 3148 1893 3181 hanc
1919 3153 2062 3192 partem
2084 3158 2144 3179 rc-

1119 3207 1286 3252 linquere
1295 3219 1527 3253 cogeremur,
1542 3207 1673 3240 Euhius
1687 3207 1749 3249 ait,
1765 3205 2030 3250 adsumpsimus
2042 3203 2145 3235 nobis

1118 3265 1153 3298 id
1165 3291 1173 3307 ,
1190 3271 1229 3298 ut
1243 3265 1376 3311 partim
1392 3270 1555 3298 veterum
1568 3264 1790 3309 scriptorum
1809 3261 1961 3295 fidentes
1976 3260 2118 3293 testimo
2133 3279 2140 3283 -

1118 3323 1206 3369 niis,
1224 3323 1422 3369 plurimum
1450 3329 1571 3355 nostra
1595 3324 1660 3366 ipsi
1680 3321 1775 3354 ducti
1796 3324 2023 3361 conjectura,
2059 3329 2141 3362 pro-
