2338 3765
975 155 1299 195 FRAGMENTA.

83 239 282 290 πράγματος
296 238 560 289 βραὸευομένου.
578 238 687 281 Μόνος
705 239 738 275 δὲ
757 241 912 288 Καῖσαρ,
928 232 955 289 ᾧ
970 239 1006 274 τὸ
1024 239 1109 286 σύμ·

83 311 150 332 παν
171 296 293 346 κράτος
309 296 550 333 κατελέλειπτο
569 296 626 347 (19)
642 296 794 345 νομίμως
809 295 897 332 κατά
912 296 939 331 τ’
958 295 1109 338 ἐξουσίαν

82 356 140 390 τοῦ
169 353 330 404 πρότερον
348 352 558 400 κεκτημένου
575 354 633 390 καὶ
656 352 870 403 συγγένειαν,
900 352 1039 403 ἄμοιρος
1063 351 1110 388 ὢν

82 409 254 458 δυνάμεως
269 413 481 455 ἡστινοσοῦν,
495 410 658 454 ἐπλάζετο
671 409 795 459 μεταξὺ
808 410 1036 461 αἰωρούμενος
1049 410 1109 460 (20)

81 468 200 518 φθόνου
211 483 247 504 τε
258 468 432 504 πολιτικοῦ
444 467 502 504 καὶ
512 467 706 510 πλεονεξίας
716 470 781 504 τῶν
794 467 856 518 (τε)
868 467 1110 519 ἐφεδρευόντων

82 525 175 576 αὐτῷ
189 524 324 566 καὶτοῖς
336 524 493 573 σύμπασι
507 524 707 575 πράγμασιν
721 541 727 547 ·
747 525 835 575 ἅπερ
850 524 988 575 ὕστερον
1007 527 1109 575 ἐπρυ-

81 583 238 618 τάνευσεν
255 583 359 632 ὀρθῶς
379 581 416 618 τὸ
436 582 608 630 δαιμόνιον
626 583 684 620 καὶ
703 586 723 628 ἡ
743 582 845 634 τύχη.
864 581 905 620 Ὁ
920 582 954 619 δὲ
975 585 1111 632 Καῖσαρ

80 638 146 684 ἤδη
170 638 228 675 καὶ
247 638 326 690 περὶ
345 641 404 684 τ’ἧς
423 640 535 690 ψυχῆς
564 639 738 684 δεδοικὼς,
769 639 909 685 ἐνδήλου
931 641 1024 691 αὐτῷ
1054 642 1112 684 τῆς

81 695 257 732 Ἀντωνίου
286 697 342 743 (21)
374 695 512 744 γνώμης
530 696 732 745 γιγνομένης
747 727 757 745 ,
778 697 836 734 καὶ
856 697 964 734 οὐδενὶ
997 696 1112 748 τρόπῳ

82 753 263 802 δυνάμενος
280 753 380 790 αὐτὸν
395 759 614 802 μεταπεῖσαι,
632 753 717 791 οἴκοι
735 757 886 799 καθῆστο
901 755 1017 806 καιρὸν
1039 757 1109 792 ε’πι-

80 813 206 861 τηρῶν.

132 871 275 906 XXIX.
309 868 437 920 Πρώτη
456 869 484 905 δ’
513 870 548 905 ἐν
578 872 619 921 τῇ
638 868 735 906 πόλει
759 869 887 915 κίνησις
915 870 1044 919 γίνεται
1074 871 1111 906 ἐκ

80 929 146 962 τῶν
160 929 334 977 πατρικῶν
351 928 454 963 αὐτοῦ
467 929 698 978 στρατιωτῶν,
714 927 910 978 ἀχθομένων
926 927 981 964 ἐπὶ
993 931 1034 978 τῇ
1050 932 1110 965 τοῦ

82 982 257 1020 Ἀντωνίου
275 983 434 1035 περιοψίᾳ
449 1013 458 1029 ,
478 984 536 1020 καὶ
557 986 634 1021 κατ’
655 984 764 1035 ἀρχὰς
781 985 841 1033 μὲν
856 986 890 1021 ἐν
911 987 1040 1028 ἑαυτοῖς
1053 987 1112 1022 λο-

80 1040 322 1090 γοποιούντων,
339 1040 389 1077 ὅτι
407 1043 640 1089 ἀμνημονοῦσι
659 1046 717 1079 τοῦ
736 1042 931 1093 Καίσαρος,
950 1042 1006 1079 τὸν
1021 1042 1110 1080 ἐκεί-

81 1113 138 1135 νου
171 1100 279 1136 παῖδα
308 1100 650 1149 προπηλακιζόμενον
669 1102 912 1151 περιορῶντες,
941 1099 976 1137 ὃν
1006 1102 1110 1151 ἐχρῆν

80 1156 146 1193 ὑπὸ
159 1156 295 1193 πάντων
312 1157 423 1193 αὐτῶν
441 1156 741 1208 ἐπιτροπεύεσθαι,
759 1158 850 1200 εἴτις
866 1157 997 1195 δικαίου
1012 1159 1111 1209 λόγος

79 1211 100 1256 ἢ
121 1213 228 1253 ὁσίου.
255 1213 353 1252 Μετὰ
372 1213 406 1250 δὲ
420 1217 528 1250 ταῦτα
550 1214 662 1265 ἀθρόοι
682 1214 851 1264 γινόμενοι
871 1215 1002 1264 μᾶλλόν
1024 1231 1055 1251 τι
1071 1218 1108 1267 (1)

79 1272 338 1323 κατεμέμφοντο
357 1276 443 1322 σφᾶς
461 1271 628 1314 συνιόντες
645 1272 699 1308 ἐπὶ
715 1271 774 1318 τὴν
794 1272 970 1310 Ἀντωνίου
989 1273 1109 1310 οἰκίαν·

80 1327 208 1372 τούτοις
235 1329 302 1380 γὰρ
335 1330 489 1372 κάκεῖνος
513 1330 646 1380 ἐθάρρει
679 1330 719 1379 (2)
739 1345 746 1352 ·
782 1330 840 1367 καί
872 1346 963 1372 τινας
993 1330 1110 1381 λόγους

80 1387 253 1424 ἐποιοῦντο
279 1388 317 1424 ἐκ
337 1390 506 1438 φανεροῦ,
537 1386 622 1423 διότι
649 1388 760 1428 καλῶς
789 1386 859 1436 ἔχει
888 1387 1110 1438 μετριώτερον

80 1444 180 1481 αὐτὸν
199 1447 349 1495 χρῆσθαι
366 1445 544 1496 Καίσαρι,
564 1443 621 1481 καὶ
637 1447 832 1493 μεμνῆσθαι
851 1438 897 1480 ῶν
919 1444 1110 1495 ἐπέσκηψεν

78 1503 96 1538 ὁ
116 1502 243 1552 πατήρ·
267 1502 325 1539 καὶ
342 1501 407 1553 γὰρ
428 1504 542 1544 αὐτοῖς
562 1501 801 1553 εὐσεὸέστερον
824 1496 909 1539 εἶναι
931 1501 977 1551 μὴ
996 1518 1109 1552 περιο-

80 1565 140 1611 ρᾶν
172 1564 302 1609 ταῦτα,
323 1560 411 1597 ἀλλὰ
437 1561 495 1598 καὶ
524 1560 567 1597 τὰ
589 1560 737 1611 τυχόντα
769 1562 835 1597 τῶν
865 1560 990 1597 ἐκείνου
1023 1563 1110 1596 ὑπο-

79 1617 266 1666 μνημάτων
284 1619 323 1669 (a)
340 1617 527 1663 διασώζειν,
544 1617 626 1666 μήτι
639 1633 676 1665 γε
693 1617 747 1654 τὸν
762 1619 868 1654 παῖδα
883 1617 940 1654 καὶ
953 1617 1109 1668 διάδοχον

78 1675 342 1726 ὑποδειχθέντα,
363 1675 501 1718 ἐκείνοις
519 1691 554 1712 τε
575 1678 655 1726 ὁρᾶν
679 1675 739 1719 τὴν
761 1674 994 1726 ὁμοφροσύνην
1013 1677 1046 1712 ἐν
1064 1679 1111 1727 τῷ

77 1731 221 1784 παρόντι
243 1732 298 1769 διὰ
317 1733 355 1770 τὸ
371 1734 500 1779 πλῆθος
518 1735 586 1776 τῶν
608 1731 846 1783 περιεστώτων
868 1734 996 1784 ἐχθρῶν
1019 1734 1110 1785 ὠφε-

77 1790 288 1836 λιμωτάτην.
349 1792 472 1828 Ταῦτα
492 1790 658 1840 λεγόντων
679 1792 724 1830 ὡς
742 1790 789 1840 μὴ
808 1790 922 1836 δοκοίη
941 1791 1110 1827 ἐναντιοῦ-

79 1851 157 1885 σθαι
176 1851 217 1898 τῇ
239 1850 329 1899 ὁρμῇ
348 1847 521 1890 Ἀντώνιος
539 1847 578 1898 (4)
590 1878 599 1894 ,
615 1846 731 1893 ἐπειδὴ
750 1847 808 1884 καὶ
825 1847 981 1896 δεόμενος
998 1849 1110 1885 αὐτῶν

80 1904 283 1956 ἐτύγχανεν,
306 1904 369 1958 ἔφη
402 1905 583 1957 βούλεσθαι
603 1905 661 1942 καί
683 1908 791 1941 ταῦτα
812 1904 1019 1953 δοκιμάζειν,
1044 1903 1111 1955 εἴγε

79 1964 253 2014 μετριάζοι
275 1964 450 2012 κάκεῖνος,
474 1962 535 2007 τήν
557 1978 592 2000 τε
624 1962 863 2013 προσήκουσαν
887 1963 979 2013 αὐτῷ
1008 1962 1110 2011 τιμὴν

76 2020 258 2067 ἀπονέμοι,
277 2019 409 2068 ἕτοιμός
428 2036 463 2057 τε
484 2014 568 2057 εἶναι
588 2021 633 2062 εἷς
658 2019 776 2068 λόγους
790 2020 910 2065 ἐλθεῖν,
929 2019 1109 2071 παρόντων

77 2077 213 2114 ἐκείνων
240 2077 298 2114 καὶ
322 2076 610 2128 ἐπακροωμένων.
633 2078 679 2115 Οἱ
703 2077 731 2114 δ’
748 2076 908 2125 ἐπῄνουν,
930 2076 988 2113 καὶ
1010 2076 1109 2113 συνέ-

77 2138 170 2172 θεντο
185 2135 285 2172 αὐτὸν
301 2134 390 2179 ἄξειν
406 2137 452 2178 εἷς
468 2134 506 2172 τὸ
520 2134 755 2181 Καπιτώλιον,
772 2134 829 2170 καὶ
846 2134 1033 2183 μεσιτεύειν
1048 2133 1109 2176 τὰς

77 2192 282 2243 διαλλαγὰς,
302 2194 331 2230 εἰ
351 2193 450 2235 αὐτὸς
467 2193 587 2230 ἐθέλοι.
646 2191 781 2243 Συνέςρη
804 2193 832 2228 δ’
847 2187 918 2241 οὖν,
938 2192 996 2229 καὶ
1016 2193 1110 2235 εὐθὺς

78 2249 261 2293 ἐξαναστὰς
287 2251 397 2302 ᾤχετο
426 2252 471 2293 εἷς
499 2250 537 2287 τὸ
573 2254 630 2287 τοῦ
651 2249 729 2292 Διὸς
759 2249 861 2300 ἱερὸν,
896 2249 1041 2292 ἐκείνους
1073 2265 1109 2286 τε

77 2308 227 2359 ἔπεμψεν
246 2309 290 2359 (5)
313 2312 358 2351 ὡς
378 2309 433 2346 τὸν
449 2308 623 2359 Καίσαρα.
645 2311 690 2347 Οἱ
702 2307 737 2345 δὲ
753 2307 985 2358 συνερρύησαν
1007 2307 1109 2356 ἅσμε-

76 2382 125 2404 νοι
135 2367 254 2404 πολλοὶ
271 2367 330 2404 καὶ
343 2362 460 2414 ἦλθον,
480 2365 560 2404 ὥστ’
576 2368 610 2403 ἐν
623 2367 754 2417 ἀγωνίᾳ
768 2368 922 2403 κάκεῖνον
940 2364 1108 2416 γενέσθαι,

77 2424 350 2474 ἀπαγγείλαντος
365 2424 454 2467 τινὸς
471 2425 581 2475 αὐτῷ,
600 2424 683 2460 διότι
702 2424 828 2469 πλῆθος
845 2423 922 2468 ἥκοι
939 2438 1107 2474 στρατιω-

75 2484 142 2518 τῶν
162 2482 218 2518 ἐπὶ
246 2483 306 2525 τὰς
326 2482 448 2534 θύρας,
476 2484 506 2519 οἱ
528 2483 557 2518 δ’
577 2481 669 2525 ἐντὸς
697 2475 761 2518 εἶεν
791 2484 968 2526 ζητοῦντες
989 2480 1105 2517 αὐτόν.

76 2539 120 2577 ‘O
141 2539 174 2576 δὲ
197 2539 395 2591 ταραχθεὶς,
417 2540 454 2577 τὸ
475 2540 535 2589 μὲν
563 2542 696 2590 πρῶτον
717 2539 762 2581 εἴς
792 2555 825 2575 τι
849 2541 1001 2590 ὑπερῷον
1021 2540 1108 2575 ἀπε·

75 2596 214 2648 χώρησε
234 2598 294 2634 σὺν
313 2597 381 2639 τοῖς
407 2597 515 2648 φίλοις
529 2626 539 2644 ,
561 2596 593 2634 οἳ
620 2596 739 2646 ἔτυχον
761 2596 944 2648 παρόντες,
963 2595 1020 2632 καὶ
1041 2597 1108 2631 τῶν

77 2653 264 2705 ἀνθρώπων
290 2654 493 2691 ἐπυνθάνετο
522 2653 717 2691 διακύπτων
738 2653 758 2690 ὅ
781 2669 811 2690 τι
836 2653 1030 2704 βούλοιντο,
1049 2652 1108 2688 καὶ

75 2715 135 2748 τοῦ
151 2711 253 2763 χάριν
269 2712 476 2758 ἐληλύθοιεν,
494 2711 654 2763 ἐγνώριζε
663 2727 699 2749 τε
719 2711 838 2753 αὐτοὺς
853 2711 993 2753 οἰκείους
1009 2710 1106 2752 ὄντας

76 2768 303 2820 στρατιώτας.
320 2771 365 2807 Οἱ
381 2771 408 2806 δ’
423 2769 666 2820 ἀποκρίνονται
680 2768 736 2806 ἐπὶ
753 2771 802 2820 τῷ
818 2771 935 2821 ἀγαθῷ
951 2770 1053 2805 αὐτοῦ
1071 2783 1106 2804 τε
1143 2809 1146 2812 ‚

2129 174 2171 203 45)
2184 175 2194 203 1

1178 249 1238 276 tur.
1256 248 1346 278 Solus
1362 257 1433 279 vero
1455 252 1570 289 Caesar,
1595 252 1632 282 ad
1651 261 1744 291 quem
1770 253 1905 292 legitime
1920 263 2079 285 summum
2104 257 2201 295 impe-

1173 319 1254 348 rium
1271 328 1310 349 ex
1329 321 1491 353 voluntate
1507 323 1573 361 ejus
1586 325 1640 363 qui
1663 325 1747 364 prius
1765 326 1962 365 obtinuerat,
1983 328 2015 358 et
2029 327 2200 358 secundum

1172 393 1389 429 ‹ognationem
1411 396 1605 433 pertinebat,
1626 397 1796 429 destitutus
1821 400 1860 430 ab
1876 401 1960 430 omni
1979 402 2132 439 potestate
2154 411 2202 432 er-

1175 465 1264 496 rabat
1280 466 1361 497 inter
1375 468 1525 499 invidiam
1544 470 1697 502 fluctuans
1710 474 1740 503 et
1758 474 1923 505 avaritiam
1938 483 2060 513 eorum,
2074 476 2127 515 qui
2147 476 2200 515 ipsi

1172 540 1203 569 et
1221 548 1355 570 summae
1373 549 1475 572 rerum
1491 543 1726 575 insidiabantur.
1742 549 1820 583 Quae
1836 548 1964 586 quidem
1987 553 2094 588 postea
2119 553 2202 582 recte

1173 614 1370 645 moderatum
1387 617 1433 646 est
1450 624 1566 648 numen
1587 620 1616 648 et
1634 619 1768 650 fortuna.
1792 622 1920 658 luterim
1944 625 2059 661 Cri-sar,
2075 625 2140 663 Jam
2162 626 2201 656 de

1173 682 1236 712 vila
1253 682 1310 713 sibi
1326 683 1442 714 timens
1454 708 1461 722 ,
1479 693 1578 723 quum
1594 688 1731 717 mentem
1749 690 1873 719 Antonii
1895 693 2087 729 perspectam
2103 693 2199 723 liabe-

1174 752 1220 780 ret
1242 751 1389 790 nulloque
1415 753 1506 790 pacto
1532 755 1656 783 mutare
1684 757 1803 793 posset,
1830 757 1915 787 domi
1944 759 2069 790 sedebat
2093 762 2201 797 agendi

1172 820 1357 857 exspectans
1372 820 1653 859 opportunitatem.

1214 882 1329 911 XXIX.
1359 881 1482 912 Primus
1506 882 1537 912 in
1555 882 1633 913 urbe
1659 886 1792 916 motusa
1818 888 1912 925 patris
1938 891 2202 921 commilitonum<

1172 942 1331 980 profectus
1344 944 1390 974 est
1400 967 1408 980 ,
1422 944 1476 982 qui
1493 952 1575 983 aegre
1590 944 1722 976 ferentes
1736 955 1830 984 quem
1849 949 2003 979 Antonius
2018 952 2203 983 ostendebat

1172 1007 1388 1045 contemptum
1404 1030 1411 1044 ,
1430 1006 1518 1037 initio
1532 1007 1658 1046 quidem
1675 1008 1756 1039 inter
1768 1018 1800 1040 se
1813 1019 1970 1043 sermones
1986 1014 2154 1051 faciebant,
2168 1019 2202 1046 ut

1172 1068 1225 1107 qui
1243 1069 1374 1099 Caesaris
1390 1069 1591 1100 immemores
1607 1071 1709 1101 essent
1726 1072 1821 1110 atque
1842 1071 1942 1103 filium
1959 1075 2026 1113 eJ‘us
2041 1078 2201 1107 contume-

1173 1131 1220 1163 liis
1234 1131 1316 1162 affici
1337 1133 1531 1171 paterentur,
1555 1132 1605 1162 cui
1622 1141 1730 1163 omnes
1746 1142 1778 1164 se
1804 1136 1992 1173 patrocinari
2012 1136 2154 1176 deceret,
2177 1142 2201 1169 si

1169 1194 1244 1233 justi
1260 1194 1365 1233 piique
1389 1194 1542 1224 rationem
1570 1194 1730 1225 baberent.
1747 1195 1866 1226 Deinde
1881 1205 1954 1227 vero
1979 1198 2203 1237 frequentiores

1170 1256 1276 1287 acrius
1294 1265 1327 1287 se
1351 1256 1535 1287 incusabant
1548 1256 1587 1287 ad
1607 1256 1737 1287 domum
1762 1258 1889 1288 Antonii
1917 1258 2109 1291 confluentes
2134 1262 2203 1298 (liis

1171 1319 1254 1350 enim
1275 1318 1430 1349 militibus
1453 1319 1608 1350 Antonius
1627 1328 1756 1360 quoque
1774 1319 1923 1359 fidebat),
1939 1323 1969 1352 et
1996 1324 2100 1361 aperte
2124 1306 2202 1354 nou-

1172 1382 1247 1413 uulli
1265 1382 1492 1421 profitebantur
1506 1382 1616 1413 decere
1636 1391 1708 1413 eum
1727 1384 1851 1414 Caesare
1870 1384 2062 1415 moderatius
2084 1386 2147 1423 uti,
2167 1396 2203 1417 ac

1171 1445 1349 1476 meminisse
1368 1454 1440 1485 quae
1463 1447 1550 1485 pater
1578 1445 1646 1484 ejus
1670 1445 1867 1477 mandaverit
1891 1459 1896 1476 :
1928 1456 2000 1477 nam
2025 1449 2093 1478 tum
2123 1449 2203 1487 ipsos

1172 1510 1287 1548 pietate
1301 1509 1461 1540 admoneri
1481 1518 1519 1540 ne
1541 1509 1608 1540 baec
1633 1509 1845 1548 despicerent,
1869 1510 1921 1540 sed
1946 1513 1982 1540 ut
2004 1511 2052 1541 vel
2075 1511 2202 1541 minima

1171 1580 1306 1610 quaeque
1332 1571 1371 1601 ab
1387 1580 1424 1602 eo
1449 1571 1480 1601 in
1500 1571 1656 1602 mandatis
1678 1571 1793 1611 scripta
1820 1571 2014 1602 observanda
2035 1576 2201 1611 curarent,

1171 1634 1287 1665 nedum
1303 1635 1339 1664 ut
1367 1634 1464 1664 filium
1482 1634 1549 1673 ejus
1576 1636 1606 1664 et
1629 1642 1837 1665 successorem
1859 1634 2055 1673 designatum
2078 1637 2202 1666 tueren-

1172 1698 1241 1734 tur;
1256 1698 1325 1726 tum
1351 1695 1409 1726 illis
1433 1695 1608 1726 conducere
1633 1694 1832 1725 concordiam
1850 1696 1880 1725 in
1907 1696 2050 1735 praesenti
2074 1699 2201 1735 propter

1172 1758 1314 1789 inimicos
1324 1758 1462 1797 undique
1482 1757 1680 1788 imminentes
1690 1756 1901 1787 utilissimam.
1920 1759 1997 1788 Haec
2010 1756 2199 1794 dicentibus,

1171 1831 1211 1853 ne
1235 1821 1380 1860 refragari
1400 1829 1509 1851 eorum
1535 1820 1643 1851 studiis
1669 1819 1830 1850 videretur
1848 1819 2024 1858 Antonius,
2049 1821 2200 1859 quoniam

1171 1891 1230 1922 ope
1259 1890 1367 1913 eorum
1395 1880 1573 1921 indigebat,
1600 1880 1680 1911 velle
1701 1889 1733 1911 se
1764 1879 1923 1919 respondit
1952 1880 2021 1910 baec
2046 1880 2198 1918 probare,

1172 1946 1266 1977 modo
1285 1946 1336 1976 ille
1351 1953 1479 1984 quoque
1501 1944 1698 1974 moderatum
1718 1952 1751 1974 se
1773 1944 1892 1981 gereret
1916 1942 2120 1981 debitumque
2142 1943 2198 1973 sibi

1172 2009 1323 2040 bonorem
1340 2008 1492 2039 tribueret
1505 2018 1513 2041 ;
1528 2015 1560 2037 se
1574 2007 1721 2046 paratum
1738 2013 1802 2036 esse
1816 2005 1848 2035 in
1862 2004 2054 2044 colloquium
2073 2005 2177 2035 venire
2191 2029 2198 2040 ,

1172 2072 1221 2103 cui
1236 2071 1293 2111 ipsi
1311 2070 1471 2101 auditores
1485 2068 1663 2100 interfuturi
1680 2068 1791 2098 essent.
1810 2066 2038 2097 collaudabant
2054 2066 2122 2096 baec
2144 2067 2199 2095 mi-

1172 2131 1240 2161 lites
1250 2154 1258 2168 ,
1275 2138 1312 2159 ac
1325 2128 1472 2159 convenit
1485 2128 1565 2157 inter
1579 2134 1632 2157 eos
1642 2150 1649 2164 ,
1664 2127 1699 2156 ut
1716 2124 1884 2156 Antonium
1899 2124 1929 2154 in
1944 2123 2133 2163 Capitolium
2147 2123 2197 2153 de-

1171 2188 1338 2224 ducerent,
1354 2186 1459 2225 ibique
1469 2210 1477 2224 ,
1492 2185 1516 2215 si
1532 2185 1597 2224 ipse
1610 2184 1720 2221 vellet,
1735 2181 1997 2213 reconciliationis
2012 2181 2199 2211 mediatores

1171 2247 1282 2277 essent.
1299 2243 1463 2276 consentit
1479 2242 1630 2273 Antonius
1646 2242 1677 2272 et
1696 2240 1860 2271 confestim
1875 2247 2045 2277 exsurgens
2066 2239 2096 2269 in
2113 2239 2199 2269 Jovis

1170 2305 1277 2335 fanum
1293 2301 1513 2343 proficiscitur,
1532 2300 1600 2330 illos
1616 2307 1692 2329 vero
1708 2298 1746 2328 ad
1758 2300 1912 2329 Caesarem
1928 2296 2021 2327 misit.
2040 2296 2102 2332 Qui
2118 2296 2197 2326 baud

1169 2362 1259 2393 inviti
1274 2369 1385 2400 magno
1401 2367 1532 2390 numero
1558 2356 1751 2388 confluentes
1767 2355 1805 2386 ad
1825 2355 1954 2385 domum
1975 2354 2042 2392 ejus
2065 2362 2197 2383 accesse-

1170 2423 1261 2458 runt,
1289 2419 1368 2450 adeo
1390 2420 1425 2449 ut
1451 2418 1483 2448 in
1506 2424 1630 2447 summa
1655 2416 1761 2446 Caesar
1778 2412 1982 2452 perplexitate
2008 2414 2194 2448 versaretur,

1169 2479 1334 2510 nuntiante
1356 2475 1494 2516 quodam
1518 2474 1655 2505 militum
1682 2471 1917 2503 multitudinem
1943 2470 1981 2500 ad
2010 2471 2091 2500 fores
2113 2478 2196 2506 esse,

1168 2539 1308 2577 aliosque
1322 2536 1406 2566 intus
1422 2542 1494 2565 eum
1508 2541 1661 2573 quaerere.
1679 2534 1750 2567 Qua
1763 2530 1795 2560 in
1811 2528 2046 2569 perturbatione
2063 2528 2196 2567 primum

1168 2596 1295 2637 quidem
1310 2603 1371 2625 una
1388 2602 1460 2624 cum
1480 2591 1588 2623 amicis
1601 2614 1609 2628 ,
1625 2589 1678 2629 qui
1701 2592 1769 2620 tum
1786 2588 1956 2628 praesentes
1972 2588 2077 2624 erant,
2096 2585 2125 2615 in
2146 2594 2196 2614 su-

1169 2655 1290 2695 periora
1312 2652 1429 2683 sedium
1451 2649 1609 2688 confugit,
1635 2656 1672 2678 ac
1689 2646 1760 2678 inde
1783 2645 1972 2686 prospiciens
1997 2643 2197 2682 interrogavit

1168 2713 1330 2750 homines,
1365 2709 1515 2750 quidnam
1540 2708 1656 2738 vellent
1675 2707 1706 2737 et
1731 2705 1820 2744 cujus
1846 2704 1890 2735 rei
1912 2711 2007 2733 causa
2031 2702 2194 2732 venissent.

1167 2769 1366 2810 Respondent
1384 2768 1428 2799 illi
1451 2766 1558 2798 adesse
1575 2774 1607 2796 se
1621 2772 1731 2795 eorum
1747 2770 1843 2793 causa
1864 2769 1934 2800 quae
1951 2760 2007 2800 ipsi
2027 2761 2058 2790 et
2074 2758 2131 2789 toti
2151 2759 2194 2788 fa-

764 2834 1728 2851 ——st—

75 2879 170 2910 affert
186 2880 337 2910 SturziuS.
356 2897 394 2901 —-
411 2882 457 2910 19.
483 2877 676 2918 κατελελ.]
689 2880 829 2909 καταλελ.
855 2879 965 2909 codex.
980 2897 1019 2905 -
1046 2882 1093 2909 20.
1110 2873 1389 2915 αἰωρούμενος]
1414 2871 1513 2902 codex
1531 2870 1722 2909 ἐωρούμενος.
1738 2885 1776 2889 —
1791 2872 1839 2897 21.
1868 2864 2078 2903 Ἀντωνίου]
2095 2864 2191 2893 ἀντω-

75 2925 156 2956 νίνου
172 2926 241 2957 cod.

116 2974 229 3004 XXIX.
243 2976 271 3003 1.
284 2972 396 3012 μᾶλλόν
409 2971 455 3012 τι]
470 2972 605 3011 μέλλοντι
619 2971 688 3002 cod.
703 2989 743 2993 —-
757 2975 785 3002 2.
804 2983 823 3002 κ
833 2972 940 3002 ἀκεῖν
949 2982 964 3001 ο
973 2982 985 3006 ς
1000 2970 1089 3011 ἐθάρ
1098 2968 1172 3009 ρει]
1186 2970 1236 2998 Sc.
1250 2965 1403 2998 Antonius
1416 2973 1433 2995 e
1447 2963 1604 2994 veteranis
1615 2961 1800 2994 Caesarianis
1810 2958 1990 3011 satellitium
2003 2965 2094 2987 suum
2109 2954 2190 3009 dele-

75 3020 171 3055 gerat.
188 3019 337 3049 Conferre
351 3027 422 3049 cum
438 3018 553 3049 nostris
567 3018 659 3048 liceat
672 3017 802 3056 Appian.
824 3019 884 3055 111,
901 3020 938 3048 29
955 3029 961 3047 :
983 3015 1238 3054 Ἀπειλησαμένου
1256 3012 1287 3043 δὲ
1304 3012 1397 3042 αὐτοῦ
1412 3009 1612 3048 (Ἀντωνίου)
1637 3011 1681 3047 τῷ
1708 3007 1840 3045 Καίσαρι
1859 3014 2035 3043 πικρθτῑρθν
2047 3025 2055 3039 ν
2071 3012 2122 3031 και
2139 3010 2189 3035 τγιῑ

75 3064 198 3102 ἀπειλῆς
218 3065 419 3105 ἐξενεχθείσης
432 3065 460 3100 ἐς
473 3065 508 3096 τὸ
524 3065 667 3104 φανερὸν,
685 3064 727 3094 ἔτι
748 3064 859 3103 μᾶλλον
873 3063 1002 3097 ἅπαντες
1016 3063 1168 3102 ὥρμηντο.
1185 3060 1244 3090 Καὶ
1271 3059 1299 3088 οἱ
1321 3061 1372 3094 τῆς
1395 3059 1522 3096 φρουρᾶς
1544 3054 1703 3086 Ἀντωνίου
1725 3052 1882 3104 ταξίαρχοι
1905 3050 2029 3104 ἐστρατε

75 3110 206 3150 Καίσαρι
220 3114 264 3151 τῷ
279 3111 415 3151 προτέρῳ
425 3135 433 3149 ,
447 3111 499 3141 καὶ
513 3110 541 3145 ἐς
554 3111 592 3140 τὰ
609 3110 740 3149 μέγιστα
754 3109 806 3140 ὑπ’
818 3109 977 3140 Ἀντωνίου
990 3108 1058 3138 τότε
1074 3107 1298 3147 προτιμώμενοι
1310 3127 1317 3141 ,
1337 3104 1391 3140 τὴν
1405 3104 1487 3142 ὕὸριν
1507 3102 1597 3132 αὐτὸν
1616 3101 1754 3139 ἐπισχεῖν
1778 3099 1878 3135 ἠξιουν
1892 3107 1943 3126 και
1966 3095 2015 3124 δια

74 3154 111 3185 δι’
125 3157 230 3187 ἑαυτὸν
240 3179 248 3193 ,
262 3157 322 3187 ὑπὸ
337 3151 468 3196 Καίσαρι
483 3156 745 3196 στρατευσάμενον
759 3178 767 3192 ,
782 3157 834 3185 καὶ
848 3155 941 3185 τῶνδε
955 3157 1015 3184 τῶν
1038 3156 1065 3185 οἱ
1087 3152 1245 3191 παρόντων
1261 3151 1382 3190 ἀγαθῶν
1395 3149 1465 3188 παρ’
1478 3147 1594 3179 ἐκείνου
1607 3147 1752 3186 τυχόντα,
1767 3145 1833 3175 κτλ.
1849 3143 1898 3174 Cf.
1913 3141 2043 3171 alteram
2056 3146 2070 3167 S

2031 3047 2133 3086 υμένοι
2158 3055 2188 3073 τε

2037 3094 2112 3131 σφᾶς
2135 3091 2186 3119 καὶ

2073 3135 2188 3166 imilem

75 3201 210 3233 militum
224 3203 263 3233 ad
276 3204 447 3234 Antonium
460 3203 636 3233 orationem
661 3202 736 3233 ibid.
754 3211 781 3232 c.
799 3206 846 3233 32.
864 3201 991 3232 Scilicet
1005 3199 1162 3239 Appianus
1175 3196 1214 3227 ab
1236 3196 1362 3227 Nicolao
1378 3194 1482 3226 differt
1496 3202 1550 3232 eo,
1568 3192 1653 3232 quod
1671 3193 1718 3224 bis
1742 3189 1957 3222 reconciliatos
1972 3183 2138 3216 Octavium
2158 3183 2189 3210 et

75 3248 245 3279 Antonium
260 3251 376 3280 narrat.
397 3249 508 3280 Paucis
524 3257 589 3279 rem
604 3249 736 3287 tangunt
751 3248 807 3278 Dio
822 3249 907 3278 Cass.
924 3250 962 3278 45
975 3271 982 3285 ‚
995 3250 1030 3286 83
1047 3243 1204 3276 Plutarch.
1219 3245 1333 3274 Anton.
1354 3246 1388 3272 16
1402 3266 1410 3280 ,
1425 3245 1453 3272 2.
1467 3260 1506 3266 --
1520 3245 1548 3272 3.
1565 3241 1613 3270 ὑπ
1623 3250 1638 3270 ο
1648 3250 1717 3278 μνη
1727 3233 1876 3285 μάτωνῇ
1894 3230 2050 3285 Plutarch.
2073 3230 2185 3258 Anton.

78 3297 113 3323 15
126 3317 134 3331 ‚
155 3298 166 3324 1
186 3306 193 3324 ε
208 3294 320 3325 Ἔλαὸε
333 3295 364 3325 δὲ
379 3295 570 3334 (Ἀντώνιος)
588 3296 639 3325 καὶ
655 3295 694 3325 τὰ
708 3294 809 3334 βιὸλία
822 3297 876 3324 τοῦ
896 3293 1048 3332 Καίσαρος
1059 3316 1067 3330 ,
1082 3292 1111 3322 ἐν
1125 3291 1168 3326 οἷς
1184 3290 1388 3329 ὑπομνήματα
1401 3291 1461 3318 τῶν
1479 3287 1663 3327 κεκριμένων
1678 3286 1729 3315 καὶ
1747 3284 1934 3320 δεδογμενων
1950 3289 1984 3314 ην
2002 3283 2188 3313 αναγῑΥραμ·

76 3339 163 3378 μένα.
188 3340 236 3371 Cf.
262 3341 399 3379 Vellejus
418 3343 465 3378 ll,
483 3345 531 3371 60.
548 3360 586 3366 -
601 3343 628 3371 si.
645 3339 861 3378 Ἀντώνιος]
885 3338 1040 3370 Ἀντωνίου
1055 3338 1167 3368 codex.
1182 3353 1221 3358 —-
1236 3341 1263 3368 5.
1287 3335 1460 3369 ἐκείνους
1478 3345 1515 3364 τε
1534 3331 1722 3371 ἔπεμψεν]

1741 3328 1852 3360 ἐκεῖνόν
1870 3336 1900 3355 τε
1917 3323 2053 3361 ἔπεμψαν
2074 3318 2183 3347 codex.

1984 3406 2024 3427 2¹1¹.
