2338 3765
997 145 1326 184 FRAGMENTA.

76 230 290 282 Ἀλέξανδρος
304 230 468 280 Ἀμύντου
487 232 500 280 [
515 231 573 276 ἔτη
589 232 642 278 μδ’
659 233 753 268 Scal.
770 231 799 280 ].
816 224 923 273 Οὗτος
941 230 1030 267 κατὰ
1044 230 1105 275 τὴν

77 288 206 338 Ξέρξου
224 287 382 325 διάὸασιν
402 288 552 339 Πέρσαις
571 287 694 324 ἔδωκεν
715 287 804 338 ὕδωρ
821 287 879 324 καὶ
896 290 973 336 γῆν.
995 282 1105 330 Οὗτος

77 345 157 395 ἔσχε
173 345 231 381 δύο
245 344 334 387 υἱοὺς
345 376 354 391 ,
371 346 568 395 Περδίκκαν
583 345 640 381 καὶ
655 344 833 393 Ἀμύνταν,
849 340 895 382 ὧν
914 345 1105 394 Περδίκκας

77 400 138 445 μὲν
162 396 383 434 §emeth—:ww
409 397 465 443 ἔτη
492 396 572 446 [κγ’
593 399 687 434 Scal.
705 397 733 447 ].
757 397 922 445 Ἀμύντας
937 396 970 433 δὲ
993 396 1105 433 πάντα

77 454 133 490 τὸν
157 453 228 504 βίον
250 455 427 496 ἰδιωτικῶς
445 455 549 499 ζήσας
571 453 753 491 κατέλιπεν
773 454 843 490 υἱὸν
865 454 1046 505 Ἀριδαῖον,
1068 448 1106 490 οῧ

74 516 155 553 παῖς
169 510 303 561 γέγονεν
321 511 487 559 Ἀμύντας
500 510 609 562 ἕτερος
621 512 800 559 ὁμώνυμος
813 515 861 562 τῷ
875 511 1106 562 πάππῳ,περὶ

73 563 112 604 οῧ
134 569 207 614 ἑξῆς
227 568 453 619 λεχθήσεται,
476 572 547 610 πῶς
571 569 627 605 ἐπὶ
645 569 707 613 τὴν
728 569 904 619 βασιλείαν
933 571 1100 620 παρ’ῆλθε,

74 625 175 664 Μετὰ
187 625 253 677 γὰρ
276 626 469 677 Περδίκκαν
488 627 698 677 Ἀρχέλαοςὸ
718 627 785 669 υἱὸς
805 629 907 664 αὐτοῦ
924 626 1106 664 ἐὸασίλευ-

73 698 130 720 σεν
146 683 204 729 ἔτη
223 683 274 729 ιδ’,
286 683 367 735 πρὸς
379 683 413 720 ὃν
431 684 488 720 καὶ
507 684 695 735 Εὐριπίδης
711 684 986 735 ὁτραγῳδοποιὸς
994 700 1106 734 παρα-

73 741 223 789 γενηθεὶς
241 741 354 778 πάντα
369 741 426 778 τὸν
441 741 559 792 χρόνον
580 741 671 787 διῆξε
689 740 879 790 τιμώμενος
897 741 978 791 παρ’
994 743 1101 792 αὐτῷ.

74 798 260 849 Ἀρχελάου
295 799 323 835 δ’
356 799 588 850 ἀναιρεθέντος
624 799 794 843 διεδέξατο
827 798 889 844 τὴν
926 798 1104 849 βασιλείαν

72 856 238 906 Ὀρέστης
257 857 329 899 υἱὸς
343 858 445 894 αὐτοῦ
464 857 522 903 ἔτη
547 857 590 895 δ’.
608 856 676 895 oOv
692 858 819 894 ἀνεῖλεν
840 857 1001 906 Ἀερόπας
1017 857 1106 907 (Ἀρ-

70 913 195 963 χέλαος
214 929 265 951 m.
287 914 295 962 )
322 914 501 965 ἐπίτροπος
521 914 579 950 καὶ
605 914 806 951 ἐδασίλευσε
832 915 906 963 μετ’
927 914 1027 951 αὐτὸν
1046 913 1105 960 ἔτη

107 973 222 1008 .’Μεθ
236 970 272 1007 ὃν
284 971 477 1020 Ἀμύντας”
459 986 530 1013 ετος
544 988 565 1008 α
593 971 800 1021 βασιλεύσας
814 972 877 1008 ὑπὸ
896 972 1104 1009 Μακεδόνων

72 1027 146 1070 εξεο
127 1027 251 1073 ῧλήθη.
286 1028 324 1046 *⁴*
357 1028 423 1065 Καὶ
453 1028 622 1077 Αμύντας
650 1031 668 1066 ὃ
697 1029 897 1081 προρρηθεὶς
920 1027 1105 1079 καθείρχθη

74 1087 108 1130 (l.
127 1084 302 1135 κατήχθη)
321 1085 390 1127 υἱὸς
417 1086 478 1134 μὲν
496 1085 662 1137 Ἀριδαίου
680 1102 737 1124 του
761 1089 833 1123 υἱου
856 1084 1020 1134 Ἀμύντου
1048 1101 1106 1122 του

71 1141 306 1194 Ἀλεξάνδρου,
328 1145 402 1180 καθ’
415 1142 465 1189 ὃν,
485 1145 529 1186 ὡς
545 1157 625 1194 προε
630 1159 756 1193 ιρηται,
780 1143 819 1194 γέ
821 1158 914 1192 (ονεν
934 1145 951 1188 ἡ
979 1141 1108 1193 Ξέρξου

71 1198 265 1241 διάδασις’
251 1199 307 1236 επὶ
329 1216 389 1245 την
416 1200 585 1238 Ἑλλάδα.
618 1202 790 1251 [supplet
816 1199 1109 1242 111.;Διεδε’ξατο

71 1256 302 1300 Παυσανίας’1
284 1272 355 1299 ετος
375 1257 406 1294 α’
419 1261 517 1302 ,εἶτα
537 1256 734 1307 'Aaou-aq*
717 1271 821 1302 ετηε,
829 1261 900 1293 εἶτα
917 1256 1018 1299 σίλλος
1035 1256 1107 1308 Ἀρ-

71 1315 201 1364 γεῖοςβ’
206 1344 214 1360 ,
226 1318 299 1351 εἶτα
311 1315 411 1357 ἄλλος
421 1315 639 1364 ἈμύνταςιΕ
647 1316 674 1365 .]
691 1314 855 1364 Ἀμύντου
869 1315 978 1351 τοίνυν
986 1313 1105 1351 τούτου

74 1371 371 1421 βασιλεύσαντος”
354 1388 413 1418 ετη
430 1373 473 1409 ιδ’
495 1372 664 1416 διεδέξατο
675 1371 735 1418 τὴν
754 1371 862 1423 ἀρχὴν
877 1372 1105 1423 Ἀλεξανδρος,

72 1429 141 1511 uicta
156 1431 259 1466 αὐτοῦ
274 1445 418 1480 πρωτος,
431 1430 502 1472 ἔτος
520 1431 566 1466 α’.
588 1429 723 1468 Μετὰ
705 1429 739 1467 οὲ
753 1445 869 1467 τουτον
887 1431 1103 1478 Πτολεμαῖος

70 1480 168 1537 ἦρξεν
181 1489 197 1523 ὁ
214 1487 392 1537 λεγόμενος
412 1488 611 1538 Ἀλωρίτης,
631 1487 807 1537 ἀλλότριος
822 1504 879 1524 του
894 1488 1024 1538 γένους,
1040 1485 1100 1533 ἔτη

73 1545 87 1594 [
96 1559 116 1593 (
118 1545 166 1594 '].
180 1546 309 1582 Τουτον
325 1544 453 1582 ἀνελὼν
467 1545 736 1596 Περοίκκαςυὶὸς
752 1560 810 1582 και
823 1546 922 1588 αυτὸς
933 1545 1098 1593 Ἀμύντου

73 1602 270 1652 [κατέσχεν
291 1602 351 1648 τὴν
375 1603 550 1652 βασιλείαν
565 1603 622 1649 ἔτη
643 1602 689 1645 ς’.
716 1597 804 1642 Εἶτα
827 1603 1005 1644 Φίλιππος
1026 1604 1103 1653 m.]

70 1658 131 1704 ἔτη
153 1659 205 1709 κγ’
233 1659 406 1710 κρατήσας
427 1663 488 1705 τῆς
509 1660 684 1711 βασιλείας
711 1660 934 1705 Μακεδόνων,
964 1660 1105 1702 δεόντως

70 1731 107 1752 τε
123 1715 258 1753 ἅπαντα
278 1717 409 1768 πραξας
424 1717 482 1754 καὶ
498 1734 586 1754 κατα
610 1717 670 1761 ταξ
676 1734 702 1754 ιν
718 1718 883 1767 μεγίστην
898 1733 1019 1754 πασυν
1035 1734 1100 1754 των

71 1789 161 1810 κατα
176 1773 237 1819 τὴν
263 1775 434 1826 Εὐρώπην
458 1776 574 1812 ἀναδε
548 1775 634 1819 ειξας
652 1792 712 1831 την
736 1776 947 1813 Μακεδόνων
973 1775 1099 1826 ἀρχην.

71 1834 182 1874 Ουτος
200 1831 276 1874 τοὺς
293 1832 371 1884 περὶ
389 1832 449 1878 τὴν
464 1848 581 1884 χωραν
596 1833 749 1875 ἅπαντας
764 1832 976 1870 εδουλωσατο
999 1835 1101 1869 πολε-

71 1889 185 1938 μίους,
207 1891 381 1941 βουληθεὶς
397 1906 456 1928 και
477 1891 596 1934 αὐτους
610 1890 811 1937 α(Ελληνας
800 1891 865 1928 υπὸ
880 1892 979 1942 χεῖρα
1000 1890 1099 1936 ποιή-

71 1951 216 1995 σασθαι,
237 1948 389 1999 μεγάλην
407 1949 620 1996 κτησάμενος
635 1949 790 1998 δύναμιν,
809 1949 866 1985 καὶ
883 1948 1100 2000 Τριὸάλλους

2117 155 2190 186 691

1166 238 1312 276 Amyntae
1341 236 1423 268 tilius
1440 238 1561 277 [arinis
1590 242 1625 269 44
1647 239 1669 279 j,
1694 241 1748 279 qui
1774 240 1856 270 circa
1884 240 1996 270 Xerxis
2025 239 2196 278 expeditio·

1166 310 1237 331 nem
1250 302 1357 332 'Persis
1376 311 1491 341 aquam
1509 305 1540 334 et
1556 304 1672 334 terram
1686 304 1783 335 dedit.
1804 304 1861 335 llic
1878 304 1958 335 tilios
1976 304 2055 335 duos
2087 305 2199 335 habuit

1168 367 1348 397 Perdiccam
1363 370 1393 398 et
1404 370 1586 407 Amyntam,
1600 377 1736 407 quorum
1752 368 2021 409 priorannis[23]
2039 369 2197 409 regnavit,·

1167 435 1318 473 Amyntas
1335 435 1432 465 vitam
1455 445 1549 475 agens
1573 437 1727 475 privatam
1749 438 1847 468 lilium
1871 438 1996 477 reliquit
2020 438 2198 476 Aridaeum‚

1167 508 1205 529 cx
1222 507 1286 537 quo
1306 502 1399 530 natus
1416 502 1567 540 Amyntas
1577 502 1656 531 alter
1670 501 1808 540 ejusdem
1827 511 1899 532 cum
1914 510 1974 532 avo
1992 502 2127 532 nominis
2139 526 2147 539 ,
2162 502 2201 532 de

1167 573 1231 603 quo
1264 564 1295 594 in
1317 566 1520 603 sequentibus
1547 567 1728 605 disseretur,
1755 576 1819 606 qua
1849 567 1968 597 ratione
1999 567 2038 597 ad
2070 575 2200 605 regnum

1167 633 1294 661 evectus
1307 630 1411 661 suerit.
1422 632 1580 663 Perdiccre
1590 633 1704 663 etenim
1715 633 1798 672 regni
1812 642 1974 664 successor
1982 633 2105 664 exstitit
2117 633 2201 663 lilius

1169 698 1338 729 Archelaus
1356 699 1446 729 amns
1465 702 1513 738 14,
1530 700 1570 730 ad
1590 708 1684 739 quem
1702 700 1866 740 Euripides
1882 701 2108 740 tragoediarum
2128 701 2202 731 scri—

1168 765 1239 802 ptor
1256 764 1416 803 profectus
1434 766 1531 796 vitam
1550 774 1677 797 omnem
1692 766 1775 806 apud
1795 776 1868 797 eum
1885 768 1988 807 exegit
2001 768 2134 799 summis
2148 769 2201 799 ho-

1169 829 1297 859 noribus
1316 829 1447 860 felicem.
1465 831 1618 862 Archelao
1634 832 1769 871 sublato,
1781 841 1910 871 regnum
1925 834 2060 873 suscepit
2075 836 2203 866 Orestes

1168 890 1258 920 annis
1274 892 1445 929 quattuor;
1465 900 1559 930 quem
1581 895 1764 931 procurator
1781 895 1950 926 Archelaus
1964 895 2079 927 occidit
2101 898 2132 927 et
2152 906 2203 927 so·

1167 953 1245 983 lium
1269 953 1359 984 annis
1383 956 1401 984 4
1420 956 1609 994 occupavit3
1636 958 1705 994 post
1721 965 1816 995 quem
1834 959 1984 996 Amyntas
2008 966 2090 989 anno
2110 959 2204 989 unico

1169 1024 1263 1055 regno
1282 1016 1399 1055 potitus
1422 1025 1440 1047 a
1466 1017 1691 1049 Macedonibus
1713 1019 1831 1058 ejectus
1853 1021 1911 1050 est.
1929 1019 2032 1060 [Post
2047 1021 2138 1052 hunc
2154 1031 2202 1053 rc-

1169 1080 1256 1116 gmat
1275 1081 1470 1110 Pausanias
1487 1088 1579 1111 anno
1596 1081 1695 1121 zena]
1714 1082 1833 1112 Deinde
1852 1083 1881 1113 in
1900 1091 2028 1122 regnum
2041 1084 2205 1116 restitutus

1168 1142 1215 1171 est
1232 1149 1326 1180 quem
1340 1140 1480 1172 diximus
1496 1143 1664 1181 Amyntas,
1680 1142 1795 1173 Aridoei
1811 1143 1893 1174 filius
1905 1166 1914 1181 ,
1933 1147 2079 1183 Amyntae
2095 1154 2203 1185 nepos,

1172 1211 1327 1242 pronepos
1343 1203 1516 1235 Alexandri
1528 1203 1613 1243 ejus,
1631 1205 1689 1235 sub
1704 1214 1766 1244 quo
1785 1206 1816 1236 in
1834 1206 1985 1237 Graeciam
2001 1209 2119 1238 Xerxes
2134 1216 2204 1238 sus-

1170 1265 1252 1304 cepit
1269 1265 1508 1305 expeditionem.
1532 1266 1673 1306 [Redime
1691 1270 1853 1307 Amyntas
1877 1272 2032 1308 remcavit
2052 1272 2154 1301 annis
2175 1275 2204 1308 5,

1175 1326 1297 1357 deinde
1332 1329 1459 1367 Arycus
1491 1330 1592 1359 annis
1623 1332 1638 1358 2
1651 1352 1658 1365 ‚
1689 1330 1761 1359 {nm
1786 1332 1952 1368 Amyntas
1977 1333 2101 1362 iterum
2139 1332 2206 1371 12.}

1169 1391 1304 1428 Amynta
1338 1390 1397 1421 isto
1431 1391 1521 1421 annis
1551 1396 1585 1421 12
1616 1392 1749 1430 sceptris
1775 1392 1873 1431 potito
1906 1393 1988 1424 lilius
2009 1393 2077 1431 ejus
2107 1395 2205 1433 major

1168 1452 1345 1484 Alexander
1370 1453 1536 1493 imperium
1558 1454 1659 1485 tenuit
1683 1463 1766 1484 anno
1789 1463 1870 1493 uno;
1897 1457 1966 1494 post
1991 1465 2086 1495 quem
2114 1457 2207 1496 impe-

1168 1516 1249 1546 ravit
1269 1516 1459 1547 Ptolemaeus
1483 1517 1524 1547 ab
1544 1517 1612 1556 ejus
1640 1527 1751 1556 genere
1767 1518 1907 1558 alicnus,
1925 1520 2060 1551 Alorites
2083 1521 2203 1558 dictus,

1167 1578 1256 1608 annis
1283 1577 1363 1618 [3];
1389 1588 1453 1618 quo
1474 1582 1635 1620 perempto
1655 1581 1819 1611 Perdiccas
1844 1582 1923 1612 alter
1951 1585 2100 1622 Amyntae
2125 1584 2207 1614 lilius

1167 1639 1293 1680 [annis
1322 1649 1391 1671 scaev
1428 1641 1613 1680 Philippus
1647 1641 1799 1683 demum]
1836 1652 1966 1682 regnum
1999 1645 2205 1675 Macedonum

1165 1706 1255 1735 annis
1276 1708 1314 1735 23
1342 1708 1501 1737 assecutus
1527 1708 1584 1737 est.
1613 1709 1752 1745 Regnum
1781 1717 1854 1738 cum
1880 1708 1998 1739 virtute
2033 1712 2064 1739 et
2093 1710 2202 1740 ordine

1165 1768 1398 1799 adininistravit
1431 1770 1462 1799 et
1493 1769 1731 1800 Macedonicam
1759 1772 1944 1809 potestatem
1978 1772 2121 1803 omnium
2153 1782 2205 1812 per

1168 1832 1325 1868 Europam
1353 1830 1525 1860 maximam
1543 1830 1658 1861 effecit.
1677 1833 1787 1861 llostes
1800 1832 1883 1862 circa
1899 1841 1931 1863 se
1950 1833 2067 1871 positos
2097 1843 2206 1865 omnes

1167 1890 1299 1929 imperio
1323 1891 1475 1930 subjecit,
1491 1893 1682 1931 Graecosque
1701 1892 1783 1932 ipsos
1799 1894 1856 1923 sub
1875 1894 1984 1933 Jugum
2003 1895 2128 1926 mittere
2153 1905 2206 1935 ag-

1169 1963 1292 1993 gressus
1305 1956 1362 1993 est,
1384 1962 1593 1994 magnamque
1610 1957 1721 1986 nactus
1734 1957 1922 1994 potestatem
1933 1981 1940 1994 ,
1956 1957 2108 1988 Triballos
2120 1967 2199 1997 quo-

71 2066 205 2090 mancus
215 2060 279 2097 est,
297 2068 401 2099 neque
414 2060 445 2091 in
475 2061 604 2100 singulis
625 2061 765 2092 numeris
791 2060 916 2091 Eusebii
937 2062 970 2091 et·
993 2059 1128 2099 Syncelli
1146 2059 1216 2089 libri
1233 2060 1447 2097 consentiant,
1465 2060 1550 2098 patet
1569 2061 1676 2090 tamen
1701 2060 1820 2099 majora
1845 2062 2024 2100 temporum
2048 2063 2146 2101 spatia
2165 2062 2205 2093 ab

73 2106 209 2144 utroque
225 2105 335 2136 eodem
350 2107 445 2137 modo
459 2106 587 2137 definita
607 2115 685 2137 esse.
710 2107 833 2137 Etenim
860 2106 1011 2137 Eusebius
1027 2106 1070 2136 ait
1093 2114 1179 2144 reges
1196 2107 1232 2136 24
1251 2114 1349 2144 usque
1371 2106 1410 2135 ad
1435 2108 1569 2136 mortem
1590 2105 1756 2136 Alexandri
1785 2115 1928 2144 regnasse
1947 2116 2000 2146 per
2017 2116 2115 2139 annos
2133 2111 2203 2139 4523.

75 2151 162 2182 Unde
177 2153 318 2191 sequitur
334 2153 447 2184 Carani
459 2162 576 2183 annum
591 2154 729 2192 primum
742 2153 940 2184 referendum
958 2162 1022 2183 csse.
1035 2152 1073 2183 ad
1087 2153 1211 2192 Olymp.
1229 2159 1272 2191 1,1
1293 2169 1333 2180 Ξ
1346 2155 1403 2184 776
1416 2162 1442 2183 a.
1458 2156 1492 2184 C.
1512 2153 1597 2183 Idem
1614 2162 1686 2183 vero
1700 2154 1823 2183 initium
1837 2154 1940 2192 posuit
1957 2155 2119 2194 Syncellus
2133 2169 2138 2185 :
2153 2156 2203 2195 με’.

71 2208 120 2236 χρι
137 2202 190 2229 τοῦ
210 2202 275 2235 νῦν,
289 2202 340 2235 τῆς
358 2199 450 2239 ἀρχῆς
466 2199 672 2238 Ἀλεξάνδρου,
690 2200 751 2237 ait,
766 2200 878 2237 γίνεται
895 2199 1081 2239 χρόνοςάπὸ
1096 2201 1159 2238 μὲν
1177 2201 1327 2238 πρώτης
1342 2199 1605 2238 Ὀλυμπιάδος
1623 2201 1686 2229 καὶ
1705 2200 1818 2236 αὐτῆς
1831 2200 2070 2240 ἀρχομένης,
2087 2201 2154 2231 καθ’
2170 2204 2203 2238 ἢν

69 2243 224 2283 Ῥωμύλος
242 2245 363 2285 Ῥώμην
384 2246 476 2281 κτίζει
505 2247 555 2283 ἔτη
579 2248 646 2283 υκ’,
667 2247 727 2277 ἀπὸ
748 2247 779 2276 δὲ
806 2246 914 2286 Τροίας
933 2247 1076 2281 ἁλώσεως
1102 2246 1154 2282 ἐ’τη
1174 2246 1220 2275 ω’.
1254 2246 1358 2276 Verba
1375 2246 1442 2275 καθ’
1461 2246 1531 2281 ἣν...
1548 2246 1639 2281 κτίζει
1660 2247 1750 2284 ejecit
1769 2247 1945 2285 scaliger-us
1962 2249 1997 2278 ut
2020 2248 2134 2287 inepta.
2168 2254 2205 2283 At

71 2290 164 2321 fuisse
183 2292 366 2331 scriptores,
389 2292 581 2331 antiquiores
600 2293 794 2332 potissimum
808 2302 845 2331 ‚q
871 2293 879 2322 i
904 2294 1033 2322 Romam
1048 2291 1206 2322 conditam
1226 2300 1291 2321 esse
1305 2291 1472 2321 statuerint
1487 2292 1610 2329 Olymp.
1633 2296 1657 2328 1,
1672 2300 1710 2321 ex
1727 2292 1761 2322 iis
1777 2292 1937 2331 colligitur
1962 2302 2035 2332 quae
2055 2293 2145 2324 attuli
2169 2295 2203 2324 in

72 2337 196 2376 Fragm.
216 2338 333 2369 Chron.
350 2346 378 2377 p.
402 2341 468 2369 177.
485 2339 606 2374 Quibus
623 2338 737 2381 addgre
754 2348 837 2368 nunc
856 2339 925 2369 licet
943 2341 1033 2368 vetus
1054 2338 1152 2369 schol.
1173 2338 1315 2368 vatican.
1332 2339 1363 2368 et
1381 2338 1508 2376 Neapol.
1523 2337 1561 2368 ad
1584 2338 1689 2376 Eurip.
1709 2338 1824 2368 Troad.
1844 2342 1903 2369 330
1926 2352 1933 2369 z
1956 2340 2040 2375 Τινές
2060 2351 2133 2380 φασι
2152 2345 2203 2374 καὶ

70 2383 255 2423 τήνῬώμην
268 2387 319 2414 καὶ
334 2386 386 2420 τὴν
403 2385 582 2425 Καρχηδόνα
594 2385 641 2416 ἐπὶ
656 2389 706 2421 τῆς
718 2386 837 2425 πρώτης
849 2383 1051 2422 Ὀλυμπιάδος
1067 2385 1234 2421 κτισθῆναι.
1252 2384 1315 2422 (Cf.
1332 2384 1467 2414 Timavus
1480 2393 1529 2423 ap.
1549 2384 1638 2415 Dion.
1652 2385 1719 2415 Hal.
1732 2387 1762 2422 1,
1777 2387 1827 2423 74,
1843 2388 1874 2416 et
1890 2387 2003 2425 Ephori
2020 2390 2204 2425 computum

72 2428 102 2458 in
119 2430 242 2467 Fragm.
262 2431 378 2461 Chron.
396 2440 425 2470 p.
447 2433 532 2470 127.)
555 2431 645 2470 Apud
663 2432 842 2470 syncellum
859 2432 979 2461 numeri
997 2430 1043 2460 υκ’
1057 2433 1087 2461 ct
1104 2433 1254 2469 ‹o'apcrte
1270 2430 1424 2469 corrrupti
1441 2432 1525 2461 sunt.
1544 2432 1576 2460 ln
1590 2429 1731 2468 margine
1749 2431 1876 2470 qnidam
1895 2432 2070 2463 emendavit
2095 2433 2158 2471 υ>γ’
2174 2443 2201 2463 c.

72 2476 160 2511 ωκη’.
178 2476 255 2506 Hinc
272 2477 525 2508 nancisceremur
542 2486 550 2507 :

317 2525 392 2553 4331
423 2532 474 2554 an.
494 2523 605 2554 mundi
625 2523 759 2562 Syncell.
787 2526 858 2554 1171
880 2531 908 2553 a.
929 2523 1004 2554 Chr.
1030 2521 1132 2561 Trojae
1154 2521 1331 2561 excidium,

315 2571 394 2600 4726
556 2583 571 2597 »
719 2582 733 2596 η
801 2573 859 2601 776
888 2584 900 2596 »
946 2582 961 2596 η
1029 2569 1193 2608 Olympias
1208 2568 1306 2607 prima
1319 2592 1326 2606 ,

315 2620 394 2647 5159
554 2629 568 2643 »
802 2619 860 2647 343
886 2630 899 2643 υ
947 2630 962 2642 »
1027 2615 1262 2646 Alexandrian.
1283 2616 1410 2654 primns.

72 2659 154 2690 Nihil
172 2660 244 2691 inde
258 2661 430 2691 lucramur.
448 2664 526 2691 Nam
542 2663 627 2700 patet
639 2662 875 2693 emendatorem
890 2663 976 2693 illum
988 2671 1136 2693 numeros
1152 2661 1406 2693 accormnodasse
1419 2662 1458 2692 ad
1471 2670 1647 2701 perversam
1666 2662 1756 2692 istam
1775 2662 2016 2701 Clironologiam
2032 2671 2125 2702 qnam
2141 2665 2203 2704 ipse

73 2708 238 2746 Syncellus
255 2708 285 2738 in
300 2710 427 2739 Canone
444 2717 501 2738 suo
514 2708 695 2746 adoptavit,
711 2709 841 2748 antiquo
854 2712 959 2740 autem
978 2708 1121 2748 scriptori
1136 2716 1228 2738 nemo
1246 2709 1321 2738 velit
1340 2709 1521 2739 obtrudere.
1539 2711 1596 2739 Pro
1610 2708 1656 2738 υκ’
1672 2711 1755 2747 patet
1771 2709 1927 2739 lenissima
1941 2710 2117 2741 mutatione
2132 2720 2202 2741 cor-

74 2752 235 2791 rigendum
249 2761 315 2784 esse
335 2750 385 2804 op!
401 2752 683 2792 (440÷336=776
696 2755 718 2792 ).
736 2755 795 2784 Pro
809 2755 842 2784 ω’
857 2755 1059 2785 scribendum
1073 2755 1152 2784 roret
1166 2755 1267 2792 ωμη’,
1283 2755 1306 2784 si
1321 2755 1360 2784 ad
1377 2764 1472 2785 aeram
1493 2755 1661 2793 Trojanam
1680 2764 1752 2785 anm
1781 2758 1856 2786 1184
1885 2764 2039 2786 numerus
2058 2756 2170 2796 adopta
2179 2759 2202 2787 ri

73 2799 176 2830 debet.
195 2800 254 2831 Sed
270 2799 420 2839 quoniam
439 2807 475 2829 ea
492 2807 563 2838 quae
580 2798 618 2830 de
635 2801 743 2830 Romae
760 2800 895 2831 conditae
910 2809 993 2831 anno
1007 2801 1186 2839 traduntur,
1211 2802 1421 2840 antiquiorem
1443 2803 1629 2842 scriptorem
1647 2803 1656 2840 (
1665 2803 1922 2842 Theopompum)
1944 2803 2098 2842 produnt,
2121 2808 2199 2837 uii-

72 2845 204 2876 similius
220 2854 294 2876 sane
313 2849 375 2884 est,
394 2845 560 2883 Trojanam
578 2853 706 2884 quoque
724 2855 820 2877 aeram
837 2855 904 2877 esse
917 2847 1127 2886 antiquiorem
1144 2846 1229 2876 illam
1243 2856 1294 2877 an.
1315 2852 1347 2877 1ἢ
1334 2851 1390 2879 08
1407 2850 1521 2887 (quam
1536 2857 1610 2878 cum
1628 2849 1753 2887 Ephoro
1769 2849 1863 2880 etiam
1882 2851 2104 2888 Theopompus
2120 2856 2202 2879 secu

71 2892 123 2922 tus
136 2891 208 2931 sit);
223 2891 302 2922 adeo
316 2894 352 2925 ut
366 2900 420 2930 pro
435 2903 460 2921 ω
464 2888 684 2922 scribendum
693 2894 773 2923 esset
789 2892 873 2923 ωοὸῑ
892 2895 950 2923 Por
953 2893 1080 2932 phvrius
1095 2901 1168 2923 sane
1181 2893 1242 2922 vul
1236 2901 1341 2931 garem
1353 2902 1378 2922 ir
1383 2902 1448 2923 ram
1463 2903 1513 2924 an.
1533 2897 1608 2924 1184
1626 2894 1785 2933 sequitur;
1802 2897 1834 2925 at
1851 2895 2042 2925 monendum
2062 2896 2106 2925 cst
2123 2897 2200 2925 Por-

74 2937 218 2976 phyrium
226 2937 341 2977 saepius
351 2936 548 2967 diversorum
563 2940 729 2968 auctorum
739 2939 875 2970 calculos
890 2940 1045 2979 attulisse,
1060 2949 1139 2979 quos
1149 2938 1308 2978 syncellus
1327 2941 1357 2969 et
1370 2940 1687 2971 Eusebiusinterdum
1700 2941 1923 2979 confuderunt,
1944 2942 1987 2971 uti
2002 2949 2039 2971 ex
2060 2941 2202 2979 pluribus

72 2981 510 3022 lociscolligitur.—Singula
526 2991 620 3023 regna
634 2983 665 3013 in
681 2985 783 3027 priore
797 2985 938 3016 laterculi
951 2988 1038 3025 parte
1050 2987 1088 3017 ad
1097 2996 1203 3018 veram
1218 2987 1378 3017 historiam
1391 2988 1530 3018 revocari
1540 2990 1702 3027 nequeunt
1716 2989 1757 3018 ob
1773 2989 2023 3020 testimoniorum
2037 2988 2201 3028 penuriam

72 3030 103 3059 et
116 3029 341 3060 laterculorum
356 3028 610 3068 discrepantiam.
631 3029 754 3061 Primus
774 3039 847 3068 rex,
861 3031 951 3070 cujus
964 3034 1105 3070 tempora
1117 3032 1238 3063 deliniri
1256 3032 1490 3070 quodammodo
1508 3035 1655 3074 possunt,
1677 3035 1849 3065 Archelaus
1863 3037 1918 3065 est.
1937 3036 2029 3064 Hunc
2045 3034 2198 3064 Diodorus

73 3075 184 3112 (xlv,
199 3078 235 3106 37
247 3098 257 3111 ‚
273 3075 310 3113 a)
325 3074 406 3105 diem
421 3074 533 3105 obiisse
549 3075 626 3105 dicit
638 3076 773 3106 Lachete
788 3077 954 3114 archonte,
970 3086 1021 3107 an.
1038 3081 1097 3110 399
1113 3087 1141 3108 a.
1161 3080 1196 3109 C.
1220 3078 1316 3117 igitur
1335 3080 1358 3110 si
1383 3080 1493 3111 Carani
1509 3090 1611 3112 annus
1631 3082 1749 3120 primus
1773 3084 1818 3112 est
1835 3090 1886 3112 an.
1903 3083 1961 3113 776
1979 3090 2008 3112 a.
2030 3083 2080 3119 C.‚
2099 3090 2200 3120 usque

72 3122 110 3152 ad
129 3123 262 3152 mortem
280 3121 424 3152 Archelai
442 3122 541 3160 (399)
557 3125 762 3153 munerantur
781 3124 852 3153 anni
874 3127 942 3155 378.
962 3126 1006 3155 Ex
1031 3125 1166 3156 Eusebio
1181 3134 1210 3163 p.
1240 3130 1296 3164 169
1319 3126 1510 3165 colliguntur
1532 3128 1603 3158 anni
1624 3131 1694 3158 377.
1716 3130 1808 3158 Deest
1830 3136 1939 3158 annus.
1959 3130 1997 3159 At
2011 3128 2126 3167 liquet,
2149 3128 2201 3163 ubi

72 3168 263 3207 supplendus
275 3168 325 3199 sit.
346 3167 503 3199 Perdiccae
517 3177 573 3208 pro
586 3169 675 3199 annis
691 3173 726 3200 22
742 3170 836 3201 dandi
856 3172 930 3200 sunt
952 3175 1008 3207 23,
1023 3171 1069 3201 uti
1087 3170 1122 3201 lit
1140 3171 1171 3201 in
1186 3171 1293 3202 latere.
1320 3174 1360 3202 lV
1374 3197 1382 3208 ,
1403 3175 1446 3212 V,
1464 3176 1536 3204 Vlll
1548 3199 1555 3212 ‚
1572 3176 1602 3204 et
1618 3183 1657 3204 ex
1675 3176 1794 3212 Marsya
1813 3177 1842 3204 et
1861 3174 2046 3204 Philochoro
2067 3176 2202 3205 testatur

72 3215 241 3246 Athenaeus
255 3217 293 3253 V,
305 3223 335 3253 p.
351 3217 421 3252 217,
440 3217 471 3245 E.
485 3216 580 3253 igitur
595 3215 827 3246 Diodoruscum
844 3216 976 3247 Eusebio
993 3217 1031 3248 de
1047 3226 1169 3248 summa
1183 3226 1349 3255 annorum,
1364 3219 1417 3257 qui
1432 3221 1506 3250 sunt
1520 3228 1618 3259 usque
1629 3219 1667 3249 ad
1684 3222 1814 3250 mortem
1829 3219 1981 3258 Archelai,
1996 3220 2112 3259 optime
2127 3229 2201 3251 con-

73 3262 159 3293 cinit.
177 3261 383 3293 probabiliter
396 3262 489 3292 etiam
505 3261 719 3292 emendandus
735 3271 774 3293 ex
788 3263 921 3294 Eusebio
933 3264 1097 3295 Diodorus.
1111 3263 1233 3294 Etenim
1249 3265 1434 3295 Archelaum
1451 3275 1593 3304 regnasse
1606 3265 1841 3297 Diodorusdicit
1853 3267 1980 3304 septem
1995 3266 2083 3297 annis
2101 3275 2200 3306 usque

72 3308 110 3338 ad
128 3316 178 3338 an.
197 3310 266 3339 399.
288 3307 373 3338 idem
390 3316 463 3338 vero
477 3309 584 3346 (Xlll,
601 3310 661 3348 49)
680 3317 783 3347 regem
801 3310 884 3339 hunc
903 3312 1089 3340 memoravit
1106 3311 1136 3340 in
1155 3318 1186 3339 re
1199 3333 1207 3347 ,
1225 3319 1295 3349 quae
1313 3311 1445 3350 pertinet
1463 3312 1500 3341 asi
1519 3321 1568 3342 an.
1589 3315 1658 3342 410.
1680 3314 1784 3347 Quare
1805 3312 1869 3349 jam
1889 3312 2059 3342 palmerius
2076 3321 2130 3350 pro
2147 3312 2198 3349 ἔτη
