2289 3728
459 114 1169 203 CALLIXENUS
1229 113 1731 204 RHODIUS

117 361 833 451 PToLEMAEUS
896 322 2039 448 MEGALoroLITANus.
2126 298 2134 309 ⁶

71 689 300 724 Callixenum
328 687 519 723 Rhodium
545 688 727 734 scripsisse
758 687 825 721 sub
855 687 1054 721 Ptolemaeo

19 747 260 793 Philopatore
295 745 562 793 (222—206),
592 744 657 779 sed
686 745 809 778 virum
840 742 917 789 jam
949 743 1056 778 fuisse

18 805 83 840 sub
101 817 217 852 regno
236 805 467 851 Philadelphi
484 802 740 850 (285»247),
753 815 797 837 ex
811 802 958 837 duobus
975 814 1056 848 quae

17 870 213 909 supersunt
234 864 446 911 fragmentis
469 862 506 910 (1
530 870 566 897 ct
595 861 638 910 2)
662 862 954 896 luculentissimis
975 861 1055 895 col-

19 922 183 968 ligimus;
201 933 287 956 nam
304 934 384 968 quae
402 921 609 968 fragmento
629 933 650 954 2
670 919 892 954 describitur
918 930 1055 965 pompa

19 979 207 1014 Ptolemaei
233 979 482 1025 Philadelphi,
508 980 556 1012 ita
585 978 694 1012 nobis
719 978 887 1024 pingitur
914 984 955 1010 ut
976 989 1053 1010 non

18 1038 184 1084 potnerit
205 1049 285 1072 eam
305 1044 435 1071 auctor
455 1037 528 1071 suis
547 1049 625 1070 non
648 1035 778 1069 vidisse
799 1036 928 1069 oculis.
960 1035 1058 1070 Con-

21 1095 117 1130 didit
130 1095 363 1130 Alexandriae
379 1095 587 1142 Periegesin
607 1094 711 1128 libris
730 1094 926 1127 minimum
944 1099 1055 1139 quat—

22 1160 129 1196 tuor-3
148 1164 232 1199 quae
252 1153 508 1187 nitidissimam
529 1160 566 1187 et
592 1152 901 1187 accuratissimam
920 1163 1059 1185 monu-

21 1217 231 1244 mentorum
244 1211 347 1245 urbis
361 1219 395 1245 et
408 1211 621 1245 divitiarum
638 1211 837 1257 imaginem
852 1208 1061 1243 exhibuisse

20 1269 181 1305 videtur.
202 1268 255 1303 Ex
267 1270 339 1303 alio
358 1268 522 1315 ejusdem
535 1270 726 1316 scriptoris
741 1280 854 1316 opere
868 1269 922 1302 De
938 1268 1063 1314 picto-

3 1327 124 1371 ribus
144 1334 180 1361 et
206 1327 388 1361 statuariis
406 1327 498 1361 nihil
526 1327 611 1361 tulit
637 1333 793 1360 aetatem.
823 1324 877 1361 Cf.
905 1324 1056 1359 Preller.

21 1384 68 1419 ad
91 1385 283 1420 Polemon.
304 1398 343 1432 p.
374 1397 461 1432 179.

267 1472 386 1509 ΠΕΡΙ
415 1470 818 1509 ΑΛΕΞΑΝΔΡΕΙΑΣ.

338 1566 367 1600 Ε
395 1565 544 1600 LIBRO
572 1565 741 1601 PRIMO.

529 1666 557 1687 Ι.

75 1735 270 1770 Athenaeus
283 1736 326 1777 V,
346 1746 379 1770 c,
400 1733 462 1777 36,
481 1746 519 1780 p.
538 1733 627 1776 203,
648 1733 700 1768 C:
722 1732 867 1769 Πολλῶν
880 1731 932 1768 δ’ὁ
947 1732 1062 1770 Φιλοί-

26 1791 144 1842 δελφος
187 1789 356 1840 βασιλέων
389 1788 527 1840 πλούτῳ
560 1789 692 1840 διέφερε
705 1819 714 1834 ,
746 1790 804 1826 καὶ
839 1790 916 1841 περὶ
950 1790 1063 1826 πάντα

25 1847 230 1887 ἐσπουδάκει
260 1847 302 1884 τὰ
322 1847 643 1895 κατασκευάσματα
668 1846 873 1898 φιλοτίμιικ,
893 1846 982 1883 ὥστε
1007 1847 1064 1884 καὶ

25 1907 152 1945 πλοίων
173 1907 296 1952 πλήθει
327 1906 459 1948 πάντας
480 1905 709 1957 ὑπερεΈαλλε.
739 1906 795 1943 Τὰ
815 1909 894 1955 γοῦν
919 1905 1064 1955 μέγιστα

23 1969 90 2003 τῶν
108 1966 234 2003 πλοίων
249 1960 290 2011 ἦν
311 1964 393 2015 παρ’
411 1966 503 2016 αὐτῷ
518 1963 773 2014 τριακοντήρεις
792 1963 867 2010 δύο,
887 1963 1066 2013 εἰκοσήρης

26 2026 87 2074 μία
101 2055 111 2074 ‚
132 2023 297 2075 τέσσαρες
316 2022 628 2074 τρισκαιδεκήρεις,
653 2021 855 2072 δωδεκήρεις
873 2022 950 2067 δύο,
973 2023 1066 2058 ἑνδε-

27 2084 142 2135 κήρεις
161 2080 497 2133 τεσσαρεσκαίδεκα,
517 2080 666 2131 ἐννήρεις
685 2080 869 2130 τριάκοντα
884 2111 893 2126 ,
913 2079 1069 2130 ἑπτήρεις

27 2141 209 2193 τριάκοντα
225 2140 328 2189 ἑπτὰ,
349 2138 476 2190 ἑξήρεις
490 2137 606 2186 πέντε,
622 2138 800 2188 πεντήρεις
818 2138 1048 2174 ἑπτακαίδεκα
1061 2153 1068 2160 ·

1116 683 1159 720 τὰ
1188 684 1215 720 δ’
1240 684 1309 719 ἀπὸ
1343 685 1525 734 τετρήρους
1558 684 1662 734 μέχρι
1695 686 1953 735 τριηρημιολίας
1986 688 2151 724 διπλάσια

1116 740 1259 778 τούτων.
1278 740 1335 779 Τὰ
1351 741 1380 777 δ’
1399 742 1445 783 εἷς
1460 740 1520 782 τὰς
1537 740 1657 786 νήσους
1677 742 1883 791 πεμπόμενα
1901 744 1958 780 καὶ
1974 744 2032 787 τὰς
2046 746 2153 786 ἄλλας

1116 799 1248 845 πόλεις,
1261 793 1307 836 ὧν
1325 793 1412 850 ἦρχε
1424 830 1432 845 ,
1450 798 1509 835 καὶ
1525 798 1586 844 τὴν
1606 798 1736 845 Αιὸύην
1753 800 1891 836 πλείονα
1905 795 1945 846 ἦν
1956 805 2021 838 τῶν
2034 818 2151 854 τετρα-

1118 858 1311 909 κισχιλίων.
1336 857 1423 908 Περὶ
1444 856 1479 893 δὲ
1505 856 1650 907 tamti->v
1668 856 1815 902 πλήθους
1839 858 1896 894 καὶ
1930 859 2154 908 βιῧλιοΟηκῶν

1118 919 1333 961 κατασκευῆς
1358 916 1417 952 καὶ
1443 918 1504 961 τῆς
1533 917 1577 957 εἷς
1603 915 1640 951 τὸ
1670 917 1838 952 Μουσεῖον
1874 921 2092 967 συναγ(ι)γῆς,
2123 919 2155 955 τί

1120 976 1170 1011 δεῖ
1188 974 1246 1011 καὶ
1266 974 1393 1023 λέγειν,
1415 979 1502 1009 πᾶσι
1521 972 1649 1010 τούτων
1667 973 1773 1010 ὄντων
1795 974 1884 1010 κατὰ
1903 974 2058 1023 μνήμην,

1173 1046 1219 1071 37.
1235 1032 1336 1070 Ἐπεὶ
1364 1031 1398 1068 δὲ
1416 1031 1494 1082 περὶ
1512 1033 1596 1068 νεῶν
1620 1034 1836 1076 κατασκευῆς
1861 1031 2060 1082 εἰρήκαμεν,
2083 1033 2155 1084 φέρ’

1120 1090 1271 1140 εἴπωμεν
1293 1090 1416 1142 (ἀκοῆς
1429 1089 1493 1141 γάρ
1512 1091 1604 1127 ἐστιν
1627 1088 1724 1140 ἄξια)
1747 1089 1806 1127 καὶ
1825 1090 1868 1127 τὰ
1889 1091 1953 1127 ὑπὸ
1972 1095 2029 1127 τοῦ
2050 1093 2157 1128 ψιλο-

1121 1150 1268 1201 πάτορος
1295 1148 1464 1200 βασιλέως
1494 1147 1800 1197 κατεσκευασμένα
1830 1148 1959 1200 σκάφη.
1994 1149 2080 1199 Περὶ
2113 1144 2157 1186 ὧν

1122 1210 1138 1244 ὁ
1160 1207 1259 1249 αὐτὸς
1288 1206 1494 1250 Καλλίξενος
1521 1206 1649 1257 ἱστορεῖ
1669 1207 1702 1242 ἐν
1731 1208 1780 1258 τῷ
1800 1205 1926 1257 πρώτῳ
1956 1207 2040 1258 Περὶ
2064 1207 2159 1244 Ἀλε-

1124 1265 1297 1317 ξανδρείας
1310 1295 1320 1315 ,
1342 1265 1467 1302 οὑτωσὶ
1480 1264 1588 1315 λέγων
1602 1280 1610 1288 ·
1630 1283 1644 1298 «
1663 1263 1737 1310 Τὴν
1757 1264 2060 1315 τεσσαρακοντήρη
2079 1268 2159 1300 ναῦν

1122 1322 1374 1360 κατεσκεύασεν
1391 1325 1409 1359 ὃ
1429 1321 1667 1372 Φιλοπάτωρ,
1689 1321 1728 1358 τὸ
1749 1324 1856 1370 μῆκος
1877 1321 2021 1372 ἔχουσαν
2043 1322 2162 1358 διακο-

1125 1381 1205 1418 (τίων
1227 1380 1436 1429 ὀγδοήκοντα
1460 1383 1600 1431 πηχῶν,
1631 1379 1720 1417 ὀκτὼ
1742 1378 1777 1417 δὲ
1803 1380 1861 1417 καὶ
1890 1379 2071 1430 τριάκοντα
2093 1380 2162 1416 ἀπὸ

1124 1440 1273 1491 παρόδου
1294 1439 1351 1476 ἐπὶ
1371 1438 1531 1491 πάροδον,
1552 1438 1633 1490 ὕψος
1654 1438 1689 1475 δὲ
1713 1440 1775 1480 ἕως
1799 1439 2020 1490 ἀκροστολίου
2036 1453 2160 1474 τεσσα-

1128 1498 1278 1549 ράκοντα
1292 1497 1382 1535 ὀκτὼ
1402 1500 1538 1548 πηχῶν.
1557 1497 1640 1534 Ἀπὸ
1663 1496 1697 1534 δὲ
1718 1499 1784 1534 τῶν
1796 1499 2039 1548 πρυμνητικῶν
2057 1496 2164 1546 ἀφλά-

1127 1571 1215 1593 στων
1234 1556 1290 1594 ἐπὶ
1318 1556 1356 1593 τὸ
1377 1555 1460 1608 πρὸς
1479 1558 1521 1606 τῇ
1542 1555 1699 1605 θαλάσσῃ
1726 1554 1825 1606 μέρος
1855 1556 1959 1600 αὐτῆς
1975 1557 2064 1605 τρεῖς
2083 1554 2163 1603 πρὸς

1127 1620 1197 1657 τοῖς
1211 1614 1425 1659 πεντήκοντα
1443 1613 1580 1664 πήχεις.
1598 1613 1764 1658 Πηδοίλια
1781 1614 1809 1650 δ’
1825 1606 1895 1664 εἶχε
1910 1612 2058 1663 τέτταρα
2074 1627 2165 1664 τρια-

1126 1673 1356 1724 κονταπήχη,
1375 1673 1494 1715 κώπας
1515 1672 1549 1710 δὲ
1566 1672 1782 1724 Ορανιτικὰς,
1804 1671 1893 1708 ὀκτὼ
1907 1671 1965 1708 καὶ
1981 1670 2164 1722 τριάκοντα

1126 1734 1249 1782 πηχῶν
1269 1732 1330 1773 τὰς
1359 1730 1541 1780 μεγίστας,
1573 1730 1628 1777 αἳ,
1659 1730 1713 1767 διὰ
1742 1730 1779 1766 τὸ
1814 1729 1983 1778 μόλυὸδον
2015 1728 2104 1779 ἔχειν
2132 1730 2164 1764 ἐν

1125 1796 1194 1833 τοῖς
1212 1789 1442 1841 ἐγχειριδίοις,
1457 1790 1516 1826 καὶ
1533 1789 1707 1839 γεγονέναι
1724 1788 1800 1825 λίαν
1819 1788 1900 1827 εἴσω
1920 1789 2055 1838 βαρεῖαι
2075 1786 2165 1823 κατὰ

1126 1848 1187 1894 τὴν
1208 1847 1367 1899 ζύγωσιν,
1388 1847 1518 1898 εὐήρεις
1534 1850 1689 1897 ὑπῆρχον
1716 1846 1772 1884 ἐπὶ
1798 1849 1857 1891 τῆς
1877 1845 2005 1896 χρείας.
2024 1844 2165 1895 Δίπρῳ-

1129 1922 1182 1958 ρος
1220 1907 1248 1943 δ’
1286 1906 1433 1956 ἐγεγόνει
1464 1905 1522 1942 καὶ
1564 1905 1767 1956 δίπρυμνος,
1808 1903 1865 1940 καὶ
1905 1902 2037 1951 §Iogola
2076 1898 2165 1952 εἶχεν

1128 1964 1233 2001 ἑπτά·
1261 1965 1388 2001 τούτων
1410 1963 1444 2001 ἓν
1472 1962 1532 2014 μὲν
1557 1963 1758 2013 ἡγούμενον,
1780 1962 1822 1999 τὰ
1843 1962 1870 1998 δ’
1892 1961 2164 1999 ὑποστέλλοντα·

1127 2022 1202 2058 τινὰ
1224 2021 1259 2059 δὲ
1287 2021 1378 2059 κατὰ
1397 2020 1458 2064 τὰς
1477 2022 1658 2063 ἐπωτίδας.
1686 2020 1921 2069 Ἵ“ποζώματα
1941 2018 1974 2056 δὲ
1993 2017 2167 2067 ἐλάμὸανε

1130 2081 1281 2117 δώδεκα·
1308 2079 1496 2123 ἑξακοσίων
1523 2079 1551 2116 δ’
1576 2074 1617 2126 ἦν
1647 2078 1790 2116 ἕκαστον
1819 2080 1955 2128 πηχῶν.
1992 2076 2168 2127 ΕὕρυΟμος

1134 2140 1158 2150 m

1130 2154 1146 2174 0
1185 2132 1226 2183 ἦν
1256 2139 1331 2174 καθ’
1359 2136 1571 2188 ὑπερόολήν·
1603 2136 1798 2185 θαυμαστὸς
1821 2135 1849 2172 δ’
1869 2130 1909 2181 ἦν
1939 2135 1996 2171 καὶ
2025 2136 2041 2170 ὃ
2068 2133 2167 2174 ἄλλος

326 2253 389 2289 DE
420 2250 766 2288 ALEXANDRIA.

533 2330 565 2362 1.

72 2394 188 2425 Multos
205 2401 291 2432 reges
314 2391 537 2431 Philadelphus
552 2391 671 2422 divitiis
693 2390 894 2429 antecelluit3
923 2391 1071 2429 idemque

31 2446 178 2486 singulari
192 2445 298 2476 studio
312 2445 417 2475 omnia
431 2444 507 2475 artis
523 2453 618 2484 opera
633 2445 817 2483 prosecutus
835 2445 882 2474 est
895 2467 903 2481 ‚
925 2444 960 2473 ut
976 2442 1070 2472 etiam

33 2499 161 2529 navium
177 2496 391 2536 magnitudine
408 2504 518 2526 omnes
534 2495 697 2532 superarit.
716 2495 811 2533 igitur
826 2494 974 2524 maximae
987 2493 1070 2533 apud

32 2559 105 2580 cum
124 2557 220 2580 naves
233 2550 337 2584 erant,
354 2547 481 2586 triginta
500 2546 646 2577 ordinum
660 2571 668 2585 ‚
680 2546 773 2583 duae;
787 2545 895 2584 viginti
910 2545 1071 2583 ordinum,

34 2611 95 2633 una
109 2613 117 2640 ;
128 2602 291 2641 quattuor,
301 2599 447 2631 ordinum
457 2599 621 2638 tredecim3
633 2599 717 2636 duae,
728 2598 896 2629 duodecim
907 2598 1052 2628 ordinum
1063 2608 1071 2636 ;

35 2651 309 2692 quattuordecim,
332 2650 480 2680 ordinum
498 2649 664 2688 undecim3
689 2650 851 2689 hepteres,
874 2649 1003 2688 triginta
1024 2657 1072 2679 se-

35 2708 140 2746 ptem;
155 2705 302 2741 hexeres,
327 2703 486 2742 quinque;
509 2701 773 2741 quinqueremes,
795 2702 1032 2742 septemdecim.
1049 2704 1073 2732 Α

36 2755 229 2796 quadriremi
250 2763 323 2785 vero
348 2762 448 2792 usque
474 2753 512 2783 ad
540 2753 687 2783 hemiolia
712 2762 866 2785 numerus
887 2753 984 2792 duplo
1009 2752 1075 2783 istis

37 2814 136 2854 major
152 2814 231 2845 erat.
277 2814 357 2849 Quae
374 2820 449 2842 vero
463 2812 493 2841 in
508 2811 624 2842 insulas
640 2811 880 2850 emittebantur,
894 2813 926 2842 et
944 2811 977 2842 in
1000 2811 1076 2841 alias

38 2867 153 2907 quibus
167 2864 334 2905 imperavit
354 2863 516 2901 civitates,
535 2865 566 2894 et
583 2864 614 2893 in
633 2863 788 2901 Africam,
806 2872 899 2903 super
921 2864 1076 2903 quattuor

41 2918 142 2949 millia
161 2917 263 2948 erant..
285 2918 329 2946 De
345 2915 501 2945 librorum
519 2915 626 2944 autem
646 2914 851 2945 multitudine
868 2914 951 2945 etde
965 2914 1077 2945 Biblio-

40 2971 141 3001 thecae
160 2968 312 3007 apparatu
324 2991 331 3004 ‚
358 2966 442 2997 etde
459 2967 618 2996 conventu
640 2966 672 2995 in
693 2967 821 3003 Museo,
839 2965 914 3005 quid
932 2974 1012 3005 opus
1030 2966 1077 2996 est

41 3021 138 3052 verba
155 3020 274 3056 facere,
289 3026 388 3057 quum
402 3017 433 3047 in
451 3017 615 3047 hominum
633 3017 786 3047 memoria
803 3016 871 3047 liaec
887 3017 993 3047 omnia
1007 3025 1076 3047 ver-

42 3073 172 3105 sentur?

83 3123 145 3155 Sed
173 3122 321 3163 quoniam
351 3124 391 3153 de
419 3124 552 3152 Navuun
579 3120 814 3152 construetione
842 3120 998 3159 diximus,
1022 3129 1078 3160 age

44 3175 186 3205 dicamus
207 3175 302 3205 eliam
327 3173 423 3212 (nam
450 3173 531 3203 scitu
559 3171 652 3211 digna
680 3181 727 3202 res
755 3173 822 3210 cst)
843 3171 881 3202 de
905 3171 1036 3211 navigiis
1062 3180 1079 3202 a

48 3227 248 3265 Philopatore
279 3235 349 3265 rege
371 3224 572 3257 constructis.
604 3226 649 3255 De
681 3223 796 3264 quibus
827 3224 911 3255 idem
943 3222 1078 3254 Callixe-

1129 2257 1187 2278 nus
1201 2248 1302 2287 primo
1318 2250 1362 2279 De
1378 2247 1568 2279 Alexandria
1585 2247 1677 2284 libro,
1692 2247 1738 2277 his
1753 2246 1856 2277 verbis
1866 2245 2011 2285 exposuit
2028 2258 2034 2276 ε
2052 2258 2064 2271 «
2086 2248 2167 2281 Qua·

1129 2299 1272 2338 draginta
1289 2298 1435 2329 ordinum
1451 2307 1564 2329 navem
1581 2297 1759 2329 construxit
1782 2297 1976 2336 Philopator,
2001 2295 2167 2335 longitudi-

1131 2360 1202 2382 nem
1228 2351 1396 2382 habentem
1417 2351 1598 2381 cubitorum
1615 2350 1826 2380 ducentorum
1849 2351 1880 2380 et
1896 2349 2074 2388 octoginta,
2097 2350 2168 2378 octo

1132 2412 1206 2433 vero
1224 2404 1256 2433 et
1275 2402 1404 2441 triginta
1420 2402 1460 2432 ab
1477 2411 1540 2432 uno
1554 2402 1652 2432 latere
1666 2401 1703 2432 ad
1725 2401 1870 2431 alterum
1891 2399 2033 2431 Altitudo
2049 2402 2168 2435 autem,

1133 2462 1234 2492 usque
1254 2453 1292 2483 ad
1312 2462 1413 2492 prorae
1429 2452 1663 2490 summitatem,
1683 2452 1865 2482 cubitorum
1883 2452 1950 2482 erat
1964 2450 2170 2489 ‹piadraginta

1132 2506 1204 2534 octo
1221 2504 1280 2535 :ab
1296 2503 1427 2543 aplustri
1442 2512 1516 2534 vcro
1531 2503 1562 2534 in
1579 2503 1673 2543 puppi
1689 2512 1789 2542 usque
1808 2502 1847 2533 ad
1865 2504 1986 2543 partem
1998 2511 2069 2541 quse
2085 2510 2170 2531 mare

1133 2555 1277 2595 attingit,
1295 2555 1391 2585 cubiti
1406 2556 1496 2585 erant
1512 2554 1751 2594 quinquaginta.
1796 2553 2019 2584 Gubernacula
2033 2552 2170 2582 habebat

1133 2610 1296 2647 quattuor,
1324 2608 1506 2638 cubitorum
1535 2606 1661 2645 triginta
1693 2616 1700 2637 :
1728 2615 1831 2636 remos
1855 2605 2026 2644 superioris
2053 2604 2172 2634 ordinis·

1136 2660 1145 2700 [
1159 2662 1287 2690 centum
1302 2658 1351 2698 et]
1367 2659 1492 2697 triginta
1508 2660 1581 2688 octo
1596 2658 1776 2688 cubitorum
1795 2657 1968 2695 maximos3
1993 2657 2048 2696 qui
2059 2681 2066 2693 ‚
2084 2655 2168 2695 qnod

1135 2711 1303 2751 plumbum
1327 2711 1480 2741 baberent
1500 2709 1532 2739 in
1550 2709 1726 2740 manubriis
1749 2711 1780 2740 et
1798 2708 1973 2741 admodum
1999 2716 2108 2746 graves
2128 2715 2171 2736 rs-

1135 2765 1215 2800 sent,
1230 2763 1311 2793 intra
1324 2771 1438 2793 navem
1450 2761 1625 2793 secundum
1642 2761 1725 2799 leges
1738 2759 1908 2799 a·quilibrii
1919 2784 1927 2797 ‚
1943 2761 2081 2790 tractatu
2101 2757 2172 2788 saci-

1136 2815 1180 2845 les
1196 2815 1286 2845 erant
1301 2814 1414 2854 inipso
1431 2823 1502 2844 usu.
1519 2812 1663 2843 Habebat
1676 2813 1782 2843 autem
1800 2812 1879 2842 duas
1896 2820 2016 2851 proras,
2031 2810 2172 2848 duasque

1136 2874 1256 2905 puppes
1274 2879 1280 2896 :
1306 2867 1406 2896 rostra
1429 2873 1505 2895 vero
1518 2865 1657 2903 septem,
1672 2872 1808 2902 quornm
1827 2872 1926 2892 unum
1945 2863 2084 2901 longius,
2105 2861 2171 2890 reli-

1137 2926 1201 2956 qua
1217 2916 1373 2956 gradatim
1390 2915 1558 2952 breviora3
1576 2915 1730 2944 nonnulla
1750 2915 1845 2944 etiam
1866 2922 1906 2944 ex
1920 2912 2070 2943 auriculis
2086 2912 2173 2941 navis

1137 2968 1330 2999 eminebant.
1364 2969 1583 3008 Hypozomata
1598 2966 1718 3006 [qnasi
1739 2966 1932 3005 subligacula
1948 2964 2098 3004 diceres]
2120 2964 2171 2994 ha-

1138 3020 1233 3051 bebat
1262 3019 1429 3050 duodecim
1446 3030 1454 3057 ;
1487 3026 1626 3058 quorum
1665 3017 1814 3056 quodque
1842 3019 1908 3047 erat
1945 3018 2170 3047 sexcentorum

1138 3071 1331 3102 cubitorum.
1350 3072 1423 3102 Erat
1438 3072 1544 3101 autem
1561 3070 1640 3100 mira
1656 3069 1754 3100 totius
1770 3070 1938 3099 structurae
1958 3066 2151 3097 concinnitas
2163 3088 2170 3101 ‚

1138 3123 1273 3161 aptaque
1301 3121 1506 3152 dimensionis
1535 3120 1695 3160 proportio
1726 3132 1732 3149 ι
1760 3120 1791 3150 et
1818 3118 2009 3149 admirabilis
2035 3116 2172 3155 reliquus

1140 3173 1227 3204 navis
1241 3174 1381 3203 ornatus.
1402 3172 1545 3202 Habebat
1559 3172 1641 3202 enim
1656 3179 1754 3209 quum
1772 3170 1800 3200 in
1815 3170 1922 3208 puppi,
1935 3171 2002 3199 tum
2018 3168 2046 3197 in
2063 3176 2170 3205 prora,

1141 3225 1256 3264 figuras
1280 3224 1363 3255 haud
1385 3223 1522 3254 minores
1543 3222 1710 3252 duodecim
1731 3222 1845 3251 cubilis
1871 3234 1876 3250 -.
1898 3222 1927 3250 ‹·t
1950 3219 2079 3257 quilibet
2105 3217 2172 3255 ejus
