2338 3765
431 237 457 269 E
486 233 643 268 LIBRIS
673 231 907 266 INCERTIS.

638 324 699 360 26.

206 412 259 447 St.
276 412 360 456 Byz.
381 421 388 443 :
409 404 563 456 Γερούν
575 419 633 441 ιον
646 435 655 450 ,
669 404 767 446 πόλις
785 402 947 444 Ἰταλίας.
967 401 1186 453 Κουάδρατος

154 468 187 504 δὲ
210 465 370 517 Γερυνίαν
389 462 517 507 ταύτην
538 462 650 499 καλεῖ.
674 460 725 498 Τὸ
745 459 871 497 ἐθνικὸν
891 458 1078 512 Γερούνιος.

638 569 701 601 27.

205 641 307 675 Idem
333 652 340 674 :
364 637 572 685 Δάλμιον,
590 634 688 677 πόλις
708 632 911 683 Δαλματίας
927 632 1052 681 μεταξὺ
1076 632 1184 670 Ἰλλυ·

154 699 226 747 ρίας
246 697 303 733 καὶ
321 695 521 736 Ἰταλίας...
543 693 730 735 Ἀππιανὸς
751 692 785 729 δὲ
803 692 864 737 τὴν
881 692 981 728 πόλιν
1002 691 1185 740 Δέλμινον,

156 755 376 805 Κουάδρατος
397 754 431 790 δὲ
454 753 645 801 Δάλμινον.
678 751 777 789 Φασὶ
798 750 832 787 δὲ
863 749 984 792 αὐτοὺς
1004 749 1063 786 καὶ
1093 751 1185 787 Δαλ-

154 814 277 863 μάτας.

636 885 698 922 28.

206 968 309 1002 Idem
337 980 344 1001 ε
371 964 542 1010 Πήλιον.
564 962 673 1001 *lion
693 962 752 999 καὶ
773 961 905 1007 Πήλιον
932 961 1102 1012 Ἰλλυρίας
1125 961 1187 997 πό-

155 1025 225 1069 λις,
243 1018 282 1069 ἧς
301 1022 475 1071 μέμνηται
498 1021 730 1072 Κουάδρατος.
751 1020 803 1058 Τὸ
823 1019 951 1056 ἐθνικὸν
984 1018 1157 1064 Πηληνός.

638 1128 702 1163 29.

210 1200 278 1233 Dio
299 1198 436 1233 Cassius
453 1196 553 1231 LXX
567 1225 575 1240 ‚
598 1195 616 1229 3
640 1208 648 1230 ι
672 1192 890 1243 Κουάδρατος
905 1191 945 1229 ,δὲ
962 1191 1102 1242 γηραιὸν
1128 1190 1188 1240 μέν

157 1270 257 1304 φησιν
282 1253 383 1289 αὐτὸν
419 1256 673 1300 (Antoninum
702 1252 829 1300 Pium)
863 1252 1091 1295 τελευτῆσαι,
1129 1250 1189 1293 τὴν

157 1312 192 1350 δὲ
220 1311 380 1356 τελευτὴν
401 1311 543 1356 ἡδίστην
564 1311 658 1358 αὐτῷ
684 1309 759 1346 κατ’
779 1308 852 1346 ἴσον
881 1307 977 1360 ὕπνῳ
1003 1309 1051 1359 τῷ
1073 1308 1188 1356 μάλα·

158 1372 303 1421 κωτάτῳ
321 1368 489 1419 γενέσθαι.

646 1444 692 1479 30

213 1528 379 1562 Zosimus
397 1527 441 1570 V,
474 1537 518 1569 27
553 1535 560 1560 ε
585 1521 807 1572 Μητρόπολις
833 1521 868 1558 δὲ
892 1520 1092 1570 ψλαμινίας
1119 1522 1190 1569 (sc.

161 1587 181 1629 ἢ
199 1582 368 1627 (Ραὸέννη
384 1583 393 1629 )
414 1581 508 1623 πόλις
524 1580 653 1632 ἀρχαία
665 1609 675 1628 ,
693 1580 884 1616 Θεσσαλῶν
903 1577 1065 1627 ἀποικία,
1083 1578 1193 1624 Ῥήνη

160 1644 326 1687 κληθεῖσα
347 1639 403 1678 διὰ
426 1640 464 1677 τὸ
484 1639 697 1689 πανταχόθεν
720 1638 820 1675 ὕδασι
849 1641 1106 1689 περιρρεῖσθαι,
1136 1636 1194 1674 καὶ

161 1703 243 1751 οὐχ,
276 1702 321 1741 ὡς
350 1702 366 1736 ὁ
395 1698 679 1746 Ὀλυμπιόδωρος
707 1699 723 1733 ὁ
752 1696 909 1741 Θηὸαῖός
941 1711 1044 1747 φησι,
1074 1695 1128 1732 διὰ
1158 1694 1196 1731 τὸ

161 1759 298 1807 Ῥῶμον
310 1788 319 1805 ,
336 1757 369 1799 ὃς
390 1756 530 1807 ἀδελφὸς
545 1754 661 1805 γε’γονε
680 1754 854 1806 Ῥωμύλῳ
866 1784 875 1799 ,
892 1758 951 1800 τῆς
966 1755 1097 1796 πόλεως
1113 1752 1194 1790 ταύ-

160 1833 219 1863 της
237 1814 387 1860 οἰκιστὴν
404 1813 597 1864 γεγονέναι·
618 1813 833 1864 Κουαδράτῳ
848 1813 929 1863 γὰρ,
949 1806 1068 1861 οἶμαι,
1085 1811 1195 1849 θετέον

163 1878 195 1913 ἐν
224 1877 266 1924 τῇ
287 1872 376 1910 κατὰ
405 1872 460 1909 τὸν
484 1871 629 1923 βασιλέα
652 1871 792 1923 Μάρκον
823 1871 957 1922 ἱστορίᾳ
987 1874 1088 1908 τοῦτο
1118 1870 1196 1922 περὶ

161 1934 221 1976 τ’ἧς
238 1931 368 1972 πόλεως
387 1929 515 1975 ταύτης
534 1930 746 1973 διεξελθόντι.

645 2024 704 2060 31.

220 2103 393 2151 Agathias
413 2105 450 2147 Ι,
473 2104 509 2149 6,
529 2117 569 2152 p.
593 2116 638 2149 27
663 2105 722 2139 ed.
744 2105 864 2138 Bonn.
887 2115 895 2140 2
918 2103 963 2139 Οἱ
984 2100 1018 2137 δὲ
1048 2100 1199 2149 Ἀλεμα-

165 2159 237 2209 νοὶ,
255 2160 324 2210 εἴγε
340 2161 408 2213 χρὴ
427 2161 562 2213 Ἀσινίῳ
584 2160 800 2212 Κουαὸράτῳ
818 2159 958 2196 ἕπεσθαι
970 2188 979 2204 ,
995 2159 1091 2209 ἀνδρὶ
1109 2157 1201 2196 Ἰτα-

166 2217 273 2267 λιώτῃ
303 2219 361 2255 καὶ
392 2219 432 2255 τὰ
458 2217 659 2271 Γερμανικὰ
691 2220 721 2260 ἐς
744 2218 783 2255 τὸ
805 2216 944 2269 ἀκριὸὲς
979 2219 1200 2266 ἀναγεγραμ-

168 2276 282 2328 μένῳ,
316 2276 498 2327 ξύγκλυδές
530 2279 614 2314 εἰσιν
648 2277 822 2328 ἄνθρωποι
853 2276 911 2312 καὶ
945 2274 1110 2324 μιγάδες,
1144 2273 1202 2311 καὶ

169 2337 268 2371 τοῦτο
288 2335 429 2371 δύναται
451 2337 562 2378 αὐτοῖς
579 2339 599 2380 ἡ
623 2335 817 2383 ἐπωνυμία.
841 2336 1102 2371 Germanicum
1123 2334 1202 2368 bcl-

172 2395 245 2427 lum
269 2395 351 2440 (an.
379 2396 448 2429 166
478 2396 581 2442 sqq.)
612 2395 761 2429 fortasse
781 2394 956 2440 singulari
985 2404 1101 2439 opere
1119 2393 1203 2427 Asi-

173 2453 252 2486 nius
272 2453 481 2497 Quadratus
505 2454 685 2487 tractavit.

570 2582 809 2597 ψ

667 2751 722 2781 26.

221 2809 393 2839 Gerunium
405 2833 413 2847 ‚
429 2809 504 2839 urbs
523 2796 619 2840 ltaliae
630 2834 637 2848 ,
653 2819 749 2848 quam
775 2809 954 2845 Quadratus
967 2808 1136 2848 Geryniam
1154 2817 1210 2838 vo-

179 2861 239 2889 vat.

665 2916 718 2946 27.

223 2966 380 2997 Dalmium
391 2990 400 3006 ,
424 2968 498 2998 urbs
512 2968 678 2998 Dalmatia·
699 2969 779 2999 inter
798 2970 935 3008 lllyriam
950 2970 982 3000 et
998 2969 1132 3000 ltaliam.
1149 2973 1211 3010 Ap-

183 3019 294 3056 pianus
310 3027 379 3049 eam
399 3019 598 3057 Delminum,
617 3020 797 3055 Quadratus
813 3030 885 3050 vero
905 3021 1086 3051 Dalminum
1108 3024 1211 3052 vocat.

668 3081 725 3112 28.

226 3134 347 3165 Pelium
363 3135 458 3166 etiam
472 3136 586 3175 Illyriae
601 3136 675 3166 urbs
689 3138 746 3174 est,
762 3136 854 3175 cujus
868 3137 1009 3168 meminit
1022 3138 1212 3174 Quadratus.

672 3196 729 3227 29.

227 3254 406 3289 Quadratus
424 3263 530 3286 senem
555 3256 747 3286 Antoninum
765 3255 848 3286 diem
869 3256 985 3287 obiisse
999 3257 1113 3295 tradit,
1131 3267 1215 3289 mor-

187 3308 313 3345 temque
327 3307 352 3336 ei
365 3306 596 3343 dulcissimam,
614 3308 702 3346 quasi
720 3308 908 3338 suavissimo
931 3317 1042 3339 somno
1060 3309 1162 3339 fuisse.

214 3446 229 3454 vx

1219 1287 1233 1988 l

1229 1989 1238 2566 i

1234 2767 1245 3007 ³

875 143 1161 181 NlCAGORAS
1190 143 1253 180 ET
1283 141 1558 180 LUPERCUS.

1286 249 1697 307 NICAGORAS
1739 250 2233 308 ATHENIENSIS.

1300 372 1431 407 Suidas
1453 385 1460 406 ε
1489 368 1764 419 Νικαγόρας,
1788 369 1969 415 Μνησαίου
1992 369 2152 422 ῥήτορος,
2171 371 2280 418 Ἀθη-

1248 428 1362 473 ναῖος,
1396 426 1571 478 σοφιστής.
1597 426 1719 475 Γέγονε
1741 426 1774 463 δὲ
1795 426 1883 464 κατὰ
1915 428 2092 466 Φίλιππον
2112 429 2168 465 τὸν
2191 429 2282 467 Καί-

1248 500 1350 536 σαρα.
1372 485 1473 526 Βίους
1493 483 1699 532 ἐλλογίμων,
1720 483 1807 532 Περὶ
1829 484 2054 535 Κλεοπάτρας
2065 488 2125 530 τῆς
2144 487 2177 523 ἐν
2188 489 2284 538 Τρω-

1248 542 1303 579 άδι
1315 573 1324 591 ,
1341 541 1597 593 Πρεσὸευτικὸν
1613 541 1695 592 πρὸς
1711 541 1890 579 Φίλιππον
1907 541 1963 579 τὸν
1980 542 2165 593 Ῥωμαίων
2187 548 2285 596 βασι-

1247 601 1323 638 λεά.
1347 602 1483 637 Eadem
1503 601 1649 638 Eudoc.
1666 614 1702 648 p.
1724 601 1811 648 309.

1301 661 1355 697 Cf.
1382 660 1480 694 idem
1509 672 1516 693 :
1549 654 1715 707 Μαίωρ,
1743 656 1916 708 Ἀράδιος,
1942 658 2121 710 σοφιστὴς,
2156 659 2286 712 ἔγραψε

1251 716 1335 767 Περὶ
1365 715 1518 752 στάσεων
1552 714 1670 765 βιδλία
1692 714 1750 764 ιγ’.
1774 715 2001 766 Συνεχρόνισε
2022 716 2056 753 δὲ
2078 716 2195 768 Ἀψίνῃ
2227 719 2286 756 καὶ

1249 773 1427 824 Νικαγόρᾳ
1453 773 1508 810 ἐπὶ
1525 772 1704 809 Φιλίππου
1726 776 1783 808 τοῦ
1805 772 1979 823 Καίσαρος
1998 774 2056 811 καὶ
2076 774 2205 811 ἐπάνω.

1301 833 1405 868 Idem
1436 846 1443 867 ε
1470 833 1505 868 Μ
1518 846 1552 867 ιν
1567 829 1767 871 ουκιανὸς
1780 859 1789 875 ,
1812 831 2007 881 Νικαγόρου
2028 835 2085 868 τοῦ
2105 837 2287 883 σοφιστοῦ,

1249 889 1443 935 Ἀθηναῖος,
1461 888 1642 939 σοφιστὴς,
1661 887 1807 938 γεγονὼς
1828 888 1884 926 ἐπὶ
1905 891 2091 935 Γαλιηνοῧ.
2150 890 2288 943 Τέχνην

1251 946 1447 999 ῥητορικὴν,
1483 946 1542 983 καὶ
1571 945 1904 997 Προγυμνάσματα,
1932 946 1992 984 καὶ
2019 947 2138 996 λόγους
2166 947 2290 999 διαφό-

1251 1020 1338 1057 ρους.

1303 1066 1545 1100 Philostratus
1560 1065 1634 1101 vit.
1653 1064 1816 1111 Sophist.
1834 1076 1867 1100 c.
1886 1076 1948 1109 27,
1965 1077 2002 1111 p.
2023 1077 2068 1108 ²7
2080 1077 2092 1098 1
2116 1063 2177 1098 ed.
2195 1065 2292 1111 Kay-

1250 1136 1320 1159 ser.
1342 1136 1350 1157 t
1373 1120 1569 1171 Νικαγόρου
1586 1119 1619 1156 δὲ
1634 1124 1694 1157 τοῦ
1709 1124 1870 1171 σοφιστοῦ
1890 1120 2023 1171 μητέρα
2040 1122 2210 1171 σοφιστῶν
2227 1120 2290 1166 τὴν

1251 1179 1443 1231 τραγῳδίαν
1473 1177 1733 1229 προσειπόντος,
1765 1178 1997 1228 διορθούμενος
2018 1181 2035 1216 ὁ
2064 1177 2293 1230 Ἱππόδρομος

1253 1245 1260 1283 (
1275 1241 1464 1275 Larissaeus
1476 1266 1484 1282 ,
1501 1239 1661 1285 sophista
1678 1239 1687 1286 )
1706 1237 1762 1274 τὸν
1778 1237 1890 1287 λόγον,
1910 1255 1923 1269 α
1946 1236 2041 1287 Ἐγὼ
2059 1236 2112 1286 δὲ,
2128 1237 2191 1288 ἔφη
2202 1266 2211 1284 ,
2224 1253 2293 1275 πα-

1252 1296 1333 1347 τέρα
1349 1295 1525 1346 υΟμηρον.
1551 1313 1566 1327 n

1306 1356 1410 1390 Idem
1431 1355 1521 1390 ibid.
1551 1367 1584 1391 c,
1607 1354 1652 1388 33
1668 1381 1677 1398 ,
1706 1367 1743 1401 p.
1767 1353 1840 1399 275
1862 1367 1870 1391 :
1894 1353 1978 1404 Περὶ
1999 1353 2032 1389 δὲ
2053 1352 2294 1404 Φιλοστράτου

1254 1416 1312 1449 τοῦ
1330 1410 1532 1460 Λημνίου...
1557 1410 1616 1448 καὶ
1641 1411 1718 1462 περὶ
1741 1410 1936 1461 Νικαγόρου
1960 1414 2018 1447 τοῦ
2039 1409 2237 1457 Ἀθηναίου,
2261 1409 2296 1453 ὃς

1255 1469 1314 1506 καὶ
1335 1473 1393 1505 τοῦ
1415 1468 1627 1506 Ἑλευσινίου
1648 1470 1739 1518 ἱεροῦ
1762 1467 1868 1519 κήρυξ
1888 1468 2054 1519 ἐστέφθη,
2078 1467 2136 1505 καὶ
2158 1467 2296 1520 Ἀψίνης

1255 1531 1272 1566 ὁ
1288 1528 1408 1570 Φοῖνιξ
1426 1527 1475 1578 ἐφ’
1495 1525 1572 1563 ὅσον
1591 1525 1726 1577 προῦὅη
1747 1526 1886 1575 μνήμης
1899 1541 1935 1563 τε
1953 1525 2012 1562 καὶ
2028 1525 2216 1577 ἀκριὸείας,
2235 1527 2298 1562 οὐκ

1257 1585 1316 1632 ἐμὲ
1337 1583 1386 1620 δεῖ
1405 1582 1564 1635 γράφειν·
1584 1583 1643 1620 καὶ
1662 1583 1728 1633 γὰρ
1750 1582 1789 1620 ἂν
1807 1585 1865 1620 καὶ
1884 1583 2109 1629 ἄπιστηθείην
2127 1585 2171 1625 ὡς
2191 1597 2303 1635 χαρκ

1257 1641 1420 1690 σάμενος,
1443 1641 1558 1686 ἐπειδὴ
1577 1641 1672 1692 φιλία
1691 1656 1748 1690 μοι
1768 1643 1851 1691 πρὸς
1866 1640 1986 1683 αὐτοὺς
2003 1635 2057 1686 ἦν,

1310 1702 1488 1736 Praeterea
1508 1702 1545 1735 in
1564 1702 1764 1748 Porphyrii
1780 1701 1879 1735 libro
1898 1702 1915 1735 Ι
1934 1702 1993 1744 τῆς
2010 1700 2177 1749 Φιλολόγ.
2194 1700 2297 1751 ἀκρο-

1258 1757 1366 1800 άσεως
1389 1772 1449 1807 ap.
1468 1760 1604 1796 Euseb.
1624 1761 1666 1795 P.
1690 1761 1732 1796 E.
1752 1771 1790 1806 p.
1815 1763 1833 1801 l,
1869 1763 1887 1800 l}
1906 1759 2105 1806 Nicagoras
2125 1766 2299 1806 tanquam

1260 1829 1355 1851 unus
1366 1830 1411 1852 ex
1421 1818 1754 1852 interlocutoribus
1764 1816 2030 1851 introducitur.
2046 1818 2165 1851 Porro
2178 1817 2302 1852 obiter

1260 1876 1488 1909 mentionem
1518 1874 1595 1920 ejus
1614 1874 1732 1921 injicit
1748 1875 1935 1909 Himerius
1955 1875 2031 1911 Ecl.
2052 1876 2140 1923 VII,
2157 1887 2196 1922 p.
2224 1874 2296 1911 166

1262 1933 1323 1969 ed.
1343 1933 1580 1969 Wernsdors.

1388 2114 1764 2172 LUPERCUS
1795 2088 2167 2170 BERYTuJS.

1319 2233 1448 2269 Suidas
1466 2245 1474 2269 ε
1493 2230 1736 2281 Λούπερκος
1750 2260 1760 2280 ,
1778 2229 1961 2281 Βηρύτιος,
1975 2228 2231 2280 γραμματικὸς,
2243 2244 2303 2279 γε-

1264 2289 1370 2340 γονὼς
1390 2291 1502 2341 μικρῷ
1521 2290 1662 2339 προτοῦ
1682 2288 1855 2326 Κλαυδίου
1876 2291 1933 2324 τοῦ
1953 2288 2110 2335 δευτέρου
2129 2288 2304 2338 Καίσαρος

1265 2347 1412 2398 χρόνων.
1435 2346 1594 2398 ’Ἔγραψε
1615 2346 1701 2396 Περὶ
1718 2349 1775 2382 τοῦ
1795 2345 1834 2382 ἂν
1851 2346 1895 2395 γ’,
1917 2345 2002 2396 Περὶ
2017 2348 2076 2382 τοῦ
2091 2345 2196 2391 ταώς,
2218 2344 2304 2396 Περὶ

1265 2409 1324 2451 τῆς
1338 2408 1365 2443 Κ
1374 2404 1496 2455 αρίδος,
1508 2404 1594 2454 Περὶ
1606 2407 1663 2441 τοῦ
1677 2402 1771 2454 παρὰ
1789 2403 1952 2440 Πλάτωνι
1966 2402 2200 2453 ἀλεκτρυόνος,
2212 2404 2241 2440 Κ
2252 2418 2270 2439 τ
2280 2402 2303 2439 ί-

1268 2478 1330 2499 σιν
1351 2465 1421 2498 τοῦ
1447 2463 1486 2498 ἐν
1509 2461 1711 2511 Αἰγύπτῳ
1741 2460 1773 2498 Ἀ
1790 2460 2035 2511 ρσινοήτου,
2065 2459 2219 2502 Ἀττικὰς
2243 2458 2303 2496 λε’-

1268 2520 1331 2563 ξεις
1343 2550 1351 2566 ,
1369 2519 1506 2570 Τέχνην
1523 2518 1787 2570 γραμματικὴν,
1811 2518 1897 2568 Περὶ
1914 2521 2018 2567 γενῶν
2036 2519 2226 2568 ἀρρηνικῶν
2244 2515 2304 2554 καὶ

1269 2580 1422 2623 θηλυκῶν
1440 2577 1498 2613 καὶ
1513 2577 1697 2627 οὐδετέρων
1721 2576 1837 2625 βιὸλία
1859 2577 1917 2626 ιγ’,
1937 2579 1970 2614 ἐν
1991 2570 2037 2618 οἷς
2054 2575 2165 2613 πολλὰ
2182 2591 2306 2613 κατευ·

1271 2636 1404 2683 δοκιμεῒ
1422 2634 1647 2685 Ἥρωδιανοῧ.

1761 2747 1817 2778 30.

1312 2801 1474 2832 Flaminiae
1499 2801 1681 2840 metropolis
1696 2803 1743 2832 est
1761 2803 1931 2839 Ravenna,
1951 2801 2051 2839 prisca
2068 2808 2141 2831 sane
2155 2799 2241 2839 urbs,
2255 2807 2306 2831 eo-

1272 2852 1353 2883 lonia
1372 2852 1592 2883 'l'lwssalorum
1604 2875 1612 2890 ,
1637 2851 1744 2882 Rhene
1757 2852 1853 2890 dicta,
1872 2851 1956 2890 quod
1970 2860 2039 2882 eam
2063 2859 2154 2890 aquae
2167 2850 2206 2880 ab
2221 2849 2307 2881 omni

1272 2906 1359 2943 parte
1376 2904 1618 2942 circuuilluunt3
1638 2913 1700 2934 non
1721 2906 1827 2935 autem
1843 2905 2019 2943 propterea,
2039 2903 2127 2933 velut
2142 2901 2304 2941 Olympio-

1272 2955 1369 2985 dorus
1393 2955 1562 2985 Thebanus
1586 2955 1647 2993 ait,
1672 2955 1755 2994 quod
1778 2957 1904 2992 Remus,
1931 2954 2058 2985 Romuli
2085 2954 2191 2991 frater,
2213 2952 2306 2991 liuius

1274 3006 1359 3036 urbis
1373 3005 1514 3036 conditor
1528 3007 1627 3036 l'uerit.
1643 3008 1721 3037 Nam
1736 3006 1918 3044 Quadrato,
1934 3005 2057 3044 opinor,
2072 3003 2306 3035 assentiendum

1274 3060 1339 3097 est,
1354 3059 1408 3098 qui
1423 3059 1452 3089 iu
1468 3058 1595 3089 historia
1612 3059 1707 3089 Marci
1724 3058 1858 3098 (Aurelii
1875 3056 2043 3096 Antonini)
2066 3055 2262 3096 imperatoris
2276 3053 2306 3087 id

1275 3111 1546 3142 commemoravit.

1761 3155 1817 3186 31.

1319 3210 1457 3241 Alemani
1469 3234 1476 3248 ‚
1494 3210 1518 3240 si
1535 3210 1639 3241 Asinio
1656 3210 1815 3247 Quadrato
1828 3234 1836 3248 ,
1855 3209 1974 3241 homini
1994 3208 2089 3244 italo,
2105 3207 2159 3246 qui
2174 3216 2222 3238 res
2234 3205 2315 3238 Ger-¹

1278 3261 1416 3291 manicas
1434 3263 1580 3292 accurate
1596 3261 1798 3300 conscripsit,
1822 3260 1996 3297 credimus,
2015 3267 2164 3290 convenae
2184 3259 2256 3289 sunt
2276 3256 2310 3289 el.

1279 3312 1446 3349 colluxies3
1465 3311 1547 3350 quod
1563 3314 1591 3342 et
1611 3321 1724 3343 nomen
1738 3320 1846 3342 corum
1865 3310 1991 3341 indicat.
2299 3309 2303 3316 ‘
