2338 3765
911 129 1241 167 FRAGMENTA.

523 236 554 258 1.

76 311 223 345 Curtius
238 308 311 351 IX,
330 305 373 349 5,
397 318 439 340 21
465 318 471 339 :
495 304 750 344 Ptolemoemn,
775 304 836 348 qai
847 308 975 348 postea
995 311 1050 333 re-

22 371 165 413 gnavit,
193 366 274 400 haic
288 375 427 412 pagna?
449 359 655 413 (Mallensi)
680 358 841 405 acffiiisse
857 365 982 392 arietat·
998 363 1050 390 (tvl

24 454 114 486 vent,
127 451 288 482 dictitare
295 449 415 485 solent,
429 447 686 484 nevnajestarem
695 446 837 475 nominis
846 443 1046 478 Alexandri,

25 506 123 538 quem
139 497 290 535 nefctma
304 495 439 535 quidem
454 493 525 524 illis
546 494 662 523 notum-
673 490 960 529 arbe'crorsaisse,
977 498 1050 520 sns-

28 545 134 573 linere
168 550 232 573 non
252 540 400 580 poluerit
421 538 568 578 populus
597 540 788 574 Romanus,
817 538 866 573 el,
887 536 1051 567 adversus

27 596 125 629 quem
143 588 297 625 Athenis,
320 588 355 617 in
378 586 519 616 civitate
536 583 663 621 sraela
680 582 902 613 Macedonum
924 584 1050 619 armis,

27 637 183 667 cernente
201 637 273 665 lum
286 634 435 663 maxime
450 638 553 669 prope
568 629 750 667 fumantes
768 628 957 660 Thebarum
977 629 1050 657 rui-

28 689 108 718 ηας,
130 680 326 711 concionari
346 678 446 708 libere
466 677 541 706 ausi
559 677 638 706 sunl
661 675 811 706 homines
831 674 888 712 (id
905 673 995 713 qaod
1011 681 1052 703 etr

27 727 252 758 monumentis
270 726 466 755 orationum
477 724 572 761 palei
583 723 606 759 ),
621 720 785 751 aduersus
802 729 878 751 cum
895 728 988 750 nemo
1011 728 1053 750 ez·

30 775 78 803 loc
100 771 297 812 proceribus
316 770 473 800 Romanis
491 776 600 798 vocem
622 767 767 797 liberam
795 768 960 796 missurus
974 765 1051 803 sne-

27 820 113 849 rit...
134 817 218 848 ldem
236 817 299 847 sere
314 816 412 846 totius
435 814 585 844 orationis
596 815 697 850 tenor,
715 812 868 851 quamdiu
888 811 919 841 in
941 811 1051 842 eadem

29 864 159 894 materia
175 863 307 902 scriptor
325 862 485 898 versatur;
508 861 538 890 et
554 858 770 889 veliementior
791 858 941 889 allocutio
955 881 963 895 ,
990 866 1053 896 qua

30 918 104 940 mox
120 910 230 946 utitur,
249 908 302 939 vix
319 907 452 938 dubium
470 905 618 944 relinquit
632 929 640 942 ,
656 905 732 944 quin
747 906 868 934 certum
893 903 1052 943 quendam

29 956 241 986 adversarium
259 954 343 984 hisce
359 953 429 983 telis
451 951 585 991 petierit.
609 951 666 981 Sed
694 950 876 989 prinsquam
898 949 1055 988 explicare

30 1001 238 1041 aggredimur,
257 999 333 1039 quid
349 999 406 1030 sibi
428 997 564 1028 volucrit
591 997 642 1027 illa
660 997 906 1027 levissimorum
925 997 1054 1026 Graeco-

31 1056 109 1078 rum
134 1047 352 1086 compellatio,
379 1044 599 1084 praemittenda
622 1043 774 1073 nonnulla
800 1043 905 1072 sunt...
931 1043 1056 1073 Scilicet

30 1093 112 1124 haud
127 1093 308 1124 incredibile
321 1092 412 1122 nobis
425 1091 548 1121 videtur
564 1089 603 1120 ad
620 1088 810 1120 mentionem
827 1089 995 1119 Alexandri
1011 1091 1054 1120 M.

31 1139 234 1171 declinavisse
257 1138 443 1169 historicum
460 1138 622 1173 nostrum,
642 1144 706 1165 non
729 1136 803 1174 quia
829 1134 985 1171 libuerit,
1003 1136 1056 1167 sed

31 1187 104 1226 quia
116 1185 301 1226 potentioris
315 1185 462 1215 voluntas
476 1183 564 1214 illum
582 1182 750 1221 impulerit.
767 1183 871 1212 Caesar
886 1184 1055 1221 Augustus,

32 1234 122 1272 quus
135 1234 167 1263 in
183 1233 254 1263 aula
267 1233 362 1270 atque
375 1230 513 1261 amicitia
526 1231 560 1260 T.
573 1229 697 1259 Livium
709 1228 821 1259 vixisse
834 1229 908 1259 satis
921 1231 1055 1266 constat,

32 1283 94 1310 tres
112 1280 310 1318 potissimum
338 1276 446 1307 laudes
470 1275 690 1306 affectabat...
712 1274 819 1304 Voluit
845 1275 927 1304 euim
950 1275 1055 1305 haberi

31 1326 217 1366 religionum
234 1325 410 1360 restitutor,
428 1325 646 1354 Romanorum
660 1320 830 1351 finiumfac
847 1321 967 1359 imperii
981 1331 1056 1361 pro-

33 1375 174 1412 pagator,
190 1379 314 1402 morum
329 1378 364 1400 ac
380 1368 551 1407 disciplinae
566 1368 724 1397 corrector
737 1365 993 1406 emendatosque.
1012 1371 1058 1400 De

32 1427 69 1449 ea
92 1418 188 1458 gloria
209 1416 435 1456 gratulantium
459 1413 591 1454 principi
618 1413 806 1452 scriptorum
832 1412 929 1443 choro
949 1413 1058 1445 miscet

33 1473 146 1496 vocem
164 1471 253 1494 suam
274 1462 431 1493 Livius...
457 1462 498 1491 Ut
521 1459 559 1490 ad
578 1461 752 1500 Augustum
775 1459 996 1497 redeamus,...
1015 1461 1057 1491 illi

34 1513 106 1541 ante
127 1509 232 1541 omnia
254 1507 341 1538 cordi
360 1508 452 1550 fnisse
482 1506 619 1545 videtur,
644 1505 769 1536 abolere
793 1506 947 1545 dedecus,
974 1507 1058 1545 quod

34 1566 52 1587 a
67 1556 186 1588 Parthis
199 1554 327 1587 Romani
343 1562 406 1584 non
421 1553 515 1584 semel
527 1553 605 1592 passi
615 1552 713 1587 erant,
728 1560 764 1582 ac
777 1552 944 1583 devincere
958 1561 1054 1592 popu-

34 1604 100 1634 lum
117 1610 210 1641 penes
231 1609 325 1640 quem
340 1600 567 1639 tumtemporis
581 1599 896 1638 Orientisimperium
915 1602 993 1631 erat.
1022 1603 1059 1631 Et

35 1649 162 1681 credere
179 1648 270 1686 licet,
288 1656 370 1677 novo
388 1647 494 1685 populi
515 1646 783 1678 Romaniductori
809 1646 881 1677 inde
903 1649 1060 1685 ajuventa

36 1696 223 1727 familiarem
242 1693 335 1724 fuisse
358 1693 449 1724 istam
466 1701 593 1730 curam,
615 1694 692 1732 quin
718 1693 806 1732 quasi
822 1693 1009 1724 tralatIciam
1030 1696 1061 1725 ct

35 1751 54 1772 a
73 1744 162 1781 patre
177 1743 207 1772 J.
221 1742 344 1771 Caesare
366 1739 587 1770 hereditariam
610 1740 780 1780 acceptam.
800 1741 840 1770 Et
862 1748 937 1771 sane
960 1750 1060 1779 quum

36 1788 96 1818 alia
111 1787 213 1818 bella..
227 1786 277 1817 vel
295 1785 464 1816 lentissime
478 1781 720 1824 procederent'..,
737 1785 787 1816 vel
804 1794 890 1824 spem
905 1788 936 1817 et
954 1788 1061 1817 osten-

36 1833 187 1864 tationem
211 1841 275 1863 non
291 1831 525 1870 egrederentur,
543 1840 642 1862 unum
660 1832 794 1862 etiam...
814 1832 1061 1863 infelicissimum

37 1880 157 1909 exitum
173 1878 318 1909 habuerit
336 1890 342 1908 t
360 1886 521 1908 successus
537 1878 672 1908 Parthici
687 1881 818 1908 conatus
831 1879 1063 1916 exspectatione

38 1925 139 1963 major
163 1925 287 1963 effecit,
312 1925 348 1954 ut
363 1923 464 1954 omnis
480 1923 591 1953 bellica
607 1924 676 1954 laus
696 1923 890 1962 imperatoris
909 1925 1061 1964 Romani,

38 1980 134 2010 quam
148 1974 180 2003 et
194 1971 257 2010 ipse
270 1970 327 2001 sibi
338 1970 408 2009 jure
421 1970 557 2000 tribuere
572 1978 660 2008 posse
675 1970 853 2008 videbatur,
866 1972 897 2001 et
910 1979 926 2000 a
941 1979 1043 2009 praeco
1053 1988 1063 1994 -

39 2019 132 2049 nibus
153 2018 258 2056 gloriffi
273 2026 338 2048 suae
356 2025 460 2047 rerum
479 2017 683 2056 scriptoribus
699 2017 863 2056 poetisque
878 2018 964 2057 tulit,
981 2018 1063 2049 intra

39 2065 107 2104 ejus
120 2065 258 2095 victoriae
272 2065 388 2094 samam
400 2063 531 2094 steterit.
549 2063 633 2098 Quin
647 2063 740 2093 etiam
754 2063 958 2095 immoratum
972 2065 1065 2097 fuisse

42 2114 196 2143 Caesarem
210 2111 386 2148 Augustum
397 2109 594 2148 cogitationi,
612 2117 673 2148 qua
688 2109 752 2147 ipse
767 2117 799 2140 se
817 2111 1003 2141 Persarum
1019 2114 1063 2143 vi·

40 2160 163 2188 ctorem
176 2159 209 2188 et
222 2156 385 2188 aemulum
399 2155 587 2186 Alexandri
601 2157 717 2193 Mayni
732 2155 788 2185 sibi
804 2157 1063 2195 repraesentabat,

41 2212 79 2233 ex
108 2202 228 2233 indiciis
252 2201 410 2231 nonnullis
429 2201 530 2239 colligi
551 2202 670 2240 potest;
693 2202 724 2231 et
747 2204 908 2239 poetarum
939 2212 1066 2242 quoque

41 2248 265 2288 quaesitissimis
279 2247 440 2284 laudibus,
455 2255 517 2286 qua
540 2247 671 2277 Parthos
687 2247 780 2277 modo
796 2250 919 2278 Persas
932 2252 1065 2288 vocant,

42 2295 136 2326 modo
148 2294 271 2327 Medos,
288 2295 319 2325 et
331 2293 461 2332 Augusti
475 2293 704 2330 expeditionem
719 2293 899 2324 ulteriorem
913 2295 951 2324 ad
967 2297 1004 2325 In
1011 2296 1067 2326 clos

43 2341 239 2379 denuntiant,
253 2341 300 2370 vel
309 2340 402 2370 etiam
412 2339 566 2370 devictam
581 2339 620 2370 ab
633 2339 743 2370 eodem
754 2340 874 2370 Indiam
885 2341 1066 2380 gloriantur,

44 2387 75 2417 in
92 2387 139 2417 his
152 2387 297 2417 omnibus
311 2388 454 2417 tacitam
473 2388 616 2417 Coesaris
630 2387 769 2425 Auqusti
783 2395 858 2416 cum
872 2387 1068 2418 Alexandro

46 2435 168 2472 Mctqno
184 2432 455 2471 comparationem·
474 2432 573 2462 inesse
584 2456 592 2470 ‚
610 2431 680 2471 quis
694 2432 878 2470 negaverit?
894 2436 971 2463 Eam
989 2442 1067 2472 quo-

45 2479 149 2509 minus
164 2478 287 2509 disertis
299 2478 403 2509 verbis
415 2477 625 2515 declararent,
640 2479 672 2508 et
684 2486 801 2508 nomen
821 2478 923 2516 ipsum
937 2480 1069 2510 Alexan-

45 2524 92 2555 dri
108 2525 297 2564 proferrent,
314 2524 471 2555 obstitisse
487 2524 611 2554 videtur
628 2524 729 2563 pudor
751 2526 783 2555 et
799 2526 902 2555 metus
921 2526 1049 2565 quidam
1060 2553 1068 2566 ‚

46 2580 85 2602 ne
100 2571 203 2602 irrisui
218 2570 392 2609 objicerent
411 2571 513 2601 virum
530 2579 632 2609 neque
649 2570 792 2601 militaris
809 2571 850 2601 rei
869 2571 978 2610 insigni
995 2574 1070 2603 noti-

47 2618 90 2647 tia
117 2617 323 2647 excellentem
349 2624 451 2654 neque.
476 2625 572 2646 manu
603 2617 733 2652 fortem,
759 2618 975 2655 componendo
997 2628 1070 2650 cnm

47 2671 119 2693 cum
131 2661 364 2700 incomparabili
378 2663 409 2692 et
427 2670 552 2692 summo
571 2662 668 2692 totius
684 2662 880 2700 antiquitatis
907 2663 1067 2697 bellatore.

48 2709 159 2748 Aliqua
187 2711 292 2739 tamen
323 2706 389 2746 ejus
417 2708 660 2746 comparationis
684 2709 814 2746 vestigia
841 2713 1012 2741 occurrunt
1041 2713 1071 2742 in

49 2756 160 2786 itinere
174 2754 317 2793 Augusti,
334 2762 398 2792 quo
412 2754 501 2792 quasi
516 2754 666 2784 adversus
680 2755 811 2784 Parthos
827 2756 1025 2793 profecturus
1042 2759 1071 2788 in

50 2802 169 2832 Graecia
182 2800 330 2832 substitit.
350 2802 429 2830 Nam
448 2800 512 2830 illic
525 2808 607 2830 unus
624 2808 663 2830 ex
681 2800 837 2838 legatione
853 2801 975 2841 ludica,
1000 2813 1072 2842 qua·r

51 2848 167 2878 caesari
183 2847 306 2877 obviam
324 2847 465 2885 venerat,
480 2846 736 2885 gymnosophista
751 2847 824 2877 vitae
837 2856 961 2887 genere,
978 2850 1073 2880 Cala-

53 2901 116 2924 ητις
138 2893 228 2924 oller
248 2900 363 2923 coram
385 2892 496 2923 altero
521 2891 736 2928 Alexandro,
765 2892 899 2924 {lammis
922 2903 954 2924 se
970 2895 1071 2933 dedit,

54 2939 189 2970 Orientis
205 2938 318 2969 victori
340 2939 552 2977 spectaculum
574 2939 708 2977 (Strabo
735 2940 791 2969 XV
818 2939 885 2970 init.
900 2941 922 2977 ).
943 2958 982 2962 —
1004 2943 1074 2971 ,lam

52 2993 147 3022 vero,
167 2984 243 3024 quid
261 2983 286 3015 si
302 2985 334 3014 in
350 2985 453 3015 medio
469 2985 528 3015 isto
547 2985 677 3016 laudum
692 2988 722 3015 et
744 2985 984 3023 hyperbolarum
999 2996 1075 3017 con-

53 3040 143 3063 sensu
160 3031 307 3062 exaudita
320 3033 366 3062 est
382 3031 531 3062 dissensio
545 3032 659 3069 subita,
678 3033 813 3070 dissona,
828 3034 965 3070 protervi
980 3034 1074 3064 cavil-

56 3078 146 3116 toris,
161 3079 215 3117 qui
231 3078 374 3109 insolenti
392 3078 523 3109 audacia
540 3078 743 3109 contenderet
760 3079 910 3117 puerilem
928 3088 995 3110 esse
1012 3083 1070 3109 Au-

55 3124 133 3163 gusti
148 3132 220 3155 cum
235 3124 410 3156 Alexandro
425 3127 464 3156 M.
485 3126 763 3164 comparationem,
779 3127 810 3156 et
824 3127 982 3156 Romanos
998 3126 1077 3162 illos,

39 3195 44 3202 .
56 3172 110 3212 qui
123 3180 161 3202 ne
174 3172 305 3203 Parthos
317 3172 444 3211 quidem
459 3171 490 3201 in
504 3171 646 3202 ordinem
664 3171 802 3210 redigere
816 3171 973 3202 sufficiant
987 3173 1076 3209 (nam

57 3226 96 3250 ne
111 3227 195 3249 nune
207 3219 335 3258 quidem
349 3227 421 3249 cum
435 3218 520 3249 hisce
533 3218 626 3248 armis
638 3217 821 3248 dimicatum
831 3241 839 3256 ,
859 3226 961 3257 neque
979 3218 1078 3249 victo-

59 3263 134 3294 riam
147 3287 156 3303 ,
170 3273 266 3303 quam
280 3264 493 3304 nequidquam
505 3264 636 3303 jactent,
651 3265 864 3303 reportatam)
885 3265 981 3303 etqui
997 3266 1079 3296 certe

181 3328 364 3350 rasennam
386 3328 504 3350 msron.
528 3328 578 3349 cn.
600 3336 632 3341 -—
647 3328 716 3350 vor.
738 3327 781 3349 m.

2063 133 2130 164 321

1111 215 1314 249 Clitarchus
1338 223 1371 248 et
1398 216 1622 260 J'inzagwans.
1647 215 1721 248 Sed
1737 219 1832 261 ipse,
1853 215 2134 261 .s·cilir·etgl()1·loe

1109 284 1186 305 suae
1207 284 1276 305 note
1294 270 1518 316 refragatius,
1547 271 1685 317 (isaia-se
1715 277 1858 306 missum
1878 275 1913 306 ile
1936 272 2135 318 erpeditio-

1113 340 1193 363 nem
1215 332 1399 362 inemoriw
1416 331 1579 364 trmlsdi'e.
1604 331 1659 366 Cf.
1679 331 1849 365 Clitarcli.
1873 331 1917 366 l'r.
1946 343 1955 363 1
1973 343 1983 363 ι
1996 358 2003 364 .

1115 420 1216 450 multo
1236 418 1338 448 minus
1351 418 1489 457 antiquis
1509 419 1567 449 illis
1590 420 1709 458 Persis,
1729 423 1885 451 terrarum
1899 421 2060 459 (piendam
2079 420 2136 451 ‹lo-

1112 465 1214 502 minis,
1227 464 1479 499 sut't'ccissent‚—
1489 473 1542 494 eos
1555 465 1672 496 scilicet
1685 467 1870 497 Alexandri
1882 466 2030 505 potentiae
2043 467 2138 505 atque

1113 510 1221 541 virtuti
1234 518 1323 548 pares
1338 511 1462 540 futuros
1478 510 1585 539 fuisse!
1604 513 1715 550 Operae
1729 521 1801 542 sane
1813 513 1946 551 pretium
1961 514 2038 550 erat,
2050 514 2138 543 tanto

1114 555 1259 593 crimini,
1276 555 1448 594 praesertim
1468 555 1493 585 si
1512 564 1550 584 ex
1565 564 1617 585 ore
1635 559 1809 595 scriptoris
1823 567 1939 589 reruni
1957 558 2137 596 cujusdam

1115 603 1293 642 profectum
1312 603 1396 638 erat,
1417 601 1544 630 obviam
1560 601 1620 640 irc,
1639 604 1669 632 et
1692 603 1758 641 ejus·
1773 604 1830 634 viri
1850 605 2026 642 calamum,
2044 614 2138 644 quem

1115 648 1301 678 nostratium
1315 655 1457 690 sermone
1473 646 1752 686 historiogr-‘1phum
1768 649 1884 688 imperii
1898 652 2026 681 Romani
2041 660 2138 690 appo-

1115 695 1171 725 site
1187 693 1408 733 appeltaveris,
1426 694 1462 723 T.
1483 692 1561 722 Livii
1575 693 1644 723 dico
1655 718 1663 731 ,
1680 694 1843 726 advocare.
1859 698 2017 727 Prolalum
2032 701 2138 728 autem

1117 739 1212 769 fuisse
1229 738 1382 777 ejusmodi
1397 738 1516 768 crimen
1530 739 1625 777 atque
1642 739 1672 768 in
1691 740 1848 777 publicum
1863 742 1978 772 editam
1992 743 2139 781 objurga-

1116 785 1246 822 tionem,
1258 785 1289 815 id
1300 785 1407 815 certee
1422 784 1551 814 Liviano
1563 786 1669 813 nostro
1681 785 1749 814 loco
1762 787 1953 824 apertissime
1967 790 2061 827 patet.
2074 801 2088 814 »
2101 805 2140 810 —

1116 832 1236 862 Deinde
1250 831 1409 862 nonnullis
1422 830 1611 869 interpositis
1624 831 1808 863 Schwabius
1824 834 1964 864 veterum
1982 835 2019 865 de
2035 836 2140 867 Tima-

1117 887 1193 918 gene
1201 878 1330 917 ejusque
1340 877 1504 908 dicacitate
1515 877 1692 907 testimonia
1700 880 1849 909 recenset.
1862 882 1933 910 Post
1944 881 2011 911 haec
2022 883 2119 920 pergit
2132 892 2139 912 ε

1119 937 1133 950 «
1152 924 1208 954 Hic
1221 923 1315 962 igitur
1334 925 1527 962 Timaqcnes
1541 932 1636 962 quam
1650 924 1796 953 omnibus
1810 925 1947 962 partibus
1961 927 1987 956 ci
2003 935 2142 965 personae,

1118 970 1305 1008 conveniat,
1323 969 1361 999 ad
1379 977 1474 1008 quam
1492 971 1527 1000 T.
1548 968 1625 998 Livii
1647 969 1789 999 convicia
1808 971 1969 1001 referenda
1988 973 2049 1003 sint
2062 997 2069 1010 ‚
2090 975 2142 1003 vix

1118 1017 1165 1047 est
1180 1015 1265 1055 quod
1279 1024 1435 1046 moneam.
1451 1016 1580 1045 Graecus
1592 1015 1676 1052 crat,
1691 1016 1824 1046 aemulus
1839 1016 1914 1046 Livii
1934 1019 2064 1048 Romani
2082 1028 2141 1049 non

1118 1063 1220 1093 solum
1238 1063 1269 1092 in
1284 1062 1486 1092 historiarum
1502 1061 1738 1091 scribendarum
1754 1064 1832 1101 arte,
1847 1063 2002 1094 sedetiam
2017 1066 2048 1094 in
2062 1066 2141 1095 ami-

1119 1108 1193 1138 citia
1210 1107 1360 1144 Caesaris;
1378 1106 1542 1137 libertinus
1556 1107 1642 1144 erat,
1657 1107 1695 1137 ad
1712 1107 1817 1137 aulam
1838 1110 1870 1138 et
1885 1117 2080 1140 summorum
2096 1111 2142 1140 ri-

1118 1162 1225 1184 rorum
1254 1152 1498 1183 familiaritatem
1535 1160 1575 1182 ex
1596 1152 1776 1190 turpissimo
1802 1156 1925 1191 quaestu
1951 1155 2140 1193 productus,

1119 1208 1181 1230 non
1195 1200 1263 1230 leve
1276 1199 1308 1229 in
1326 1198 1426 1229 oculis
1441 1198 1521 1228 Livii
1534 1197 1740 1237 oppobrium,
1758 1197 1813 1236 qui
1835 1199 1899 1236 ipse
1920 1201 2143 1238 Pompeianus,

1120 1245 1150 1275 id
1170 1247 1216 1276 est
1237 1244 1435 1284 optimatium
1453 1244 1589 1283 partium
1607 1244 1724 1274 assecla
1749 1244 1833 1281 erat,
1852 1243 1942 1282 cujus
1965 1245 2144 1276 universum

1123 1292 1325 1322 historiarum
1348 1299 1427 1330 opus
1448 1290 1598 1329 prodiisse
1615 1290 1816 1320 manifestum
1830 1292 1877 1320 est
1893 1299 1909 1320 e
1927 1291 2055 1322 consilio
2072 1300 2147 1322 con-
2164 1296 2183 1309 ·“

1122 1338 1290 1369 decorandi
1319 1337 1452 1369 Romani
1482 1337 1637 1375 nominis,
1658 1345 1755 1375 quare
1780 1336 1807 1366 ei
1833 1337 1996 1368 Graeculus
2022 1338 2074 1369 ille
2100 1340 2148 1376 (et

1121 1384 1248 1414 omnino
1269 1383 1379 1414 oderat
1393 1382 1498 1414 Livius
1515 1382 1658 1420 Graecos)
1674 1391 1745 1412 cum
1762 1382 1944 1421 importuno
1967 1392 2024 1414 suo
2041 1384 2071 1414 in
2086 1386 2147 1414 Ro-

1123 1439 1232 1461 manos
1247 1430 1319 1461 odio
1341 1429 1527 1461 intestabilis
1551 1437 1618 1459 esse
1640 1428 1784 1459 debebat.
1802 1429 1958 1468 Denique,
1982 1431 2147 1469 postquam

1120 1476 1217 1516 gratia
1235 1476 1363 1515 Augusti
1385 1474 1543 1506 exciderat
1561 1474 1711 1512 aemulus,
1738 1475 1768 1504 in
1795 1476 1827 1505 C.
1852 1476 1959 1505 Asinii
1985 1476 2149 1507 Pollionis

1121 1523 1251 1553 domum
1265 1521 1459 1561 confugerat,
1472 1521 1526 1560 qui
1540 1522 1666 1559 apertus
1679 1522 1745 1550 erat
1757 1522 1791 1551 T.
1808 1520 1885 1551 Livii
1899 1521 2053 1552 inimicus.
2067 1524 2145 1553 Nam

1123 1569 1239 1606 Pollm,
1255 1568 1330 1598 alias
1351 1569 1453 1598 fautor
1468 1570 1500 1597 et
1524 1567 1644 1597 amicus
1667 1566 1808 1596 virorum
1830 1566 1996 1597 doctorum
2018 1569 2049 1597 et
2066 1567 2148 1598 idem

1124 1624 1229 1646 rerum
1252 1615 1394 1653 egregius
1414 1614 1558 1652 scriptor,
1581 1613 1676 1643 etiam
1701 1614 1827 1651 propter
1852 1613 1986 1651 partium
2009 1613 2149 1644 studium

1123 1661 1210 1693 Livio
1227 1663 1334 1691 nostro
1357 1661 1460 1690 favere
1481 1668 1544 1689 non
1566 1659 1700 1697 poterat.
1720 1660 1788 1697 lpse
1814 1659 1985 1697 posteriore
2007 1660 2149 1698 tempore

1123 1708 1203 1739 clam
1217 1731 1225 1745 ,
1243 1716 1317 1737 mox
1332 1706 1455 1744 publice
1469 1704 1596 1736 Antonii
1611 1705 1757 1741 sectator,
1783 1704 1870 1742 prius
1887 1705 2145 1743 Pompeianarum

1125 1753 1259 1793 partium
1285 1751 1575 1782 vehementissimus
1592 1750 1691 1780 hostis
1708 1749 1809 1779 suerat
1820 1773 1828 1787 ,
1847 1750 2002 1789 pracipue
2019 1751 2150 1782 acerbus

1123 1801 1273 1830 adversus
1287 1799 1471 1835 Patavinos,
1490 1797 1568 1829 Livii
1588 1796 1779 1835 municipes,
1803 1796 1888 1835 quod
1907 1806 1979 1828 cnm
2000 1799 2147 1837 Pompeio

1125 1846 1290 1877 faciebant.
1306 1845 1365 1881 Qui
1379 1853 1477 1883 quum
1495 1844 1766 1874 Patavinicatem
1791 1843 1869 1873 Livii
1882 1843 2069 1881 exagitaret,
2085 1853 2148 1874 non

1124 1892 1226 1922 solum
1242 1891 1280 1922 de
1298 1890 1485 1930 quibusdam
1502 1889 1615 1927 linguae
1629 1890 1660 1919 et
1676 1889 1823 1919 orationis
1836 1889 2076 1928 soloecismis,...
2094 1890 2148 1920 sed

1125 1938 1321 1977 potissimum
1339 1936 1377 1966 de
1400 1936 1538 1975 polilica
1556 1934 1691 1973 quadam
1714 1934 1864 1965 sentiendi
1881 1935 2000 1965 ratione
2021 1937 2151 1974 questus

1126 1985 1219 2014 fuisse
1240 1982 1411 2013 censendus
1436 1984 1500 2019 est,
1525 1981 1654 2018 eadem,
1674 1982 1799 2019 propter
1824 1989 1918 2020 quam
1946 1981 2152 2020 Pompeianus

1126 2039 1144 2061 a
1163 2032 1285 2061 Caesare
1311 2029 1447 2066 Augusto
1468 2036 1521 2066 per
1540 2027 1648 2065 jocum
1670 2026 1850 2057 nominatus
1866 2028 1912 2057 est
1933 2027 2050 2058 Livius.
2071 2027 2151 2058 Huic

1128 2076 1277 2113 Pollioni,
1292 2083 1399 2113 quem,
1416 2073 1510 2104 etiam
1524 2082 1622 2112 quum
1640 2072 1679 2102 ab
1691 2073 1824 2103 Antonio
1841 2073 2012 2103 transiisset
2024 2073 2061 2103 ad
2086 2077 2150 2105 Au-

1127 2124 1270 2160 gustum,
1291 2120 1444 2150 unixersae
1458 2119 1533 2157 reip.
1548 2119 1719 2157 principem
1737 2119 1851 2148 sactum
1863 2142 1870 2156 ,
1887 2119 2032 2150 ferociam
2048 2121 2077 2150 et
2094 2129 2152 2160 po-

1128 2167 1303 2207 pularitatis
1316 2165 1455 2196 studium
1476 2165 1603 2195 minime
1619 2165 1798 2203 deposuisse
1817 2165 1985 2195 verisimile
1998 2167 2062 2204 est,
2080 2175 2153 2197 sane

1127 2217 1249 2252 gratum
1265 2220 1330 2243 esse
1345 2220 1407 2241 non
1420 2210 1533 2249 potuit,
1548 2210 1632 2249 quod
1647 2212 1804 2249 Augustus
1818 2211 1931 2249 regiam
1947 2211 2034 2249 quasi
2047 2213 2152 2242 aulam

1128 2259 1321 2296 instituebat,
1341 2256 1562 2296 Pompeianam
1578 2256 1768 2287 nobilitatem
1781 2257 1918 2288 alliciens
1930 2257 2010 2287 circa
2024 2267 2056 2288 se
2081 2267 2154 2289 cum

1128 2305 1326 2337 affectatione
1345 2304 1536 2341 collocabat,
1556 2302 1691 2341 denique
1712 2304 1746 2333 T.
1776 2303 1916 2341 Livium,
1951 2304 2153 2342 patavinum,

1131 2352 1366 2390 Pompeianum,
1381 2349 1460 2379 inter
1476 2349 1593 2379 amicos
1606 2349 1764 2387 habitum,
1779 2349 1894 2379 sciebat
1908 2350 2042 2380 scribere
2057 2350 2153 2381 histo-

1130 2400 1207 2430 riam
1218 2395 1414 2436 optimatium
1430 2395 1574 2425 laudibus
1594 2395 1750 2424 refertam.
1764 2396 1882 2425 Contra
1899 2395 1941 2425 illi
1958 2404 2020 2426 non
2034 2397 2156 2434 poterat

1130 2453 1191 2475 non
1205 2441 1438 2481 acceptissimus·
1453 2449 1520 2473 esse
1545 2440 1727 2479 Timagenes
1740 2464 1747 2478 ,
1772 2442 1837 2470 tam
1865 2442 1990 2479 propter
2006 2441 2155 2480 originem

1129 2493 1161 2522 et
1174 2492 1246 2520 vitae
1260 2496 1349 2518 casus
1362 2495 1456 2525 quam
1470 2488 1596 2525 propter
1612 2486 1763 2516 sentiendi
1778 2485 1815 2516 de
1828 2487 1987 2525 republica
2004 2487 2156 2518 rationem

1131 2540 1161 2568 et
1184 2535 1342 2575 ingenium
1370 2533 1501 2563 mordax
1523 2542 1541 2562 a
1567 2532 1714 2562 Pollionis
1740 2532 1861 2571 ingenio
1891 2533 1974 2563 haud
1998 2533 2156 2571 absimile;

1131 2592 1206 2614 nam
1235 2580 1359 2612 Asinius
1383 2579 1478 2609 etiam
1504 2578 1675 2609 Octaviano
1702 2578 1835 2615 Caesari,
1860 2578 1914 2617 qui
1940 2579 2158 2609 triumviratus

1131 2632 1272 2668 tempore
1289 2626 1494 2657 Fescenninos
1507 2625 1537 2654 in
1554 2625 1654 2663 ipsum
1669 2625 1846 2663 scripserat,
1863 2634 1917 2664 per
1933 2626 2156 2657 contumeliam

1132 2675 1301 2706 rescribere
1319 2672 1447 2709 avebat,
1470 2672 1500 2701 et
1516 2670 1610 2700 modo
1625 2670 1858 2708 prinlentiorem
1876 2680 1924 2708 se,
1940 2680 2036 2709 quam
2052 2672 2156 2703 Tima-

1132 2731 1241 2762 genes,
1266 2719 1363 2750 Pollio
1385 2718 1475 2756 gessit
1497 2725 1592 2755 quum
1610 2716 1726 2747 diceret
1744 2729 1749 2746 :
1770 2719 1812 2747 At
1825 2725 1882 2754 (¹90
1898 2719 2006 2754 ἰάσθω
2023 2725 2087 2748 non
2109 2720 2163 2758 esf·

1133 2769 1223 2797 enim
1241 2765 1353 2804 facile
1380 2767 1413 2794 in
1443 2771 1518 2793 eam
1544 2761 1691 2791 scribere
1724 2764 1781 2800 qui
1814 2763 1922 2800 potest
1951 2762 2158 2800 proscribere

1135 2811 1290 2849 (Macrob.
1312 2812 1356 2847 11,
1375 2811 1390 2839 4
1403 2811 1424 2845 ).
1446 2807 1565 2843 Quodsi
1588 2807 1685 2837 iratus
1700 2807 1870 2846 aliquando
1884 2807 2044 2845 Timageni
2062 2809 2158 2838 Pollio

1135 2859 1252 2894 sum-at,
1277 2856 1342 2895 ipsa
1359 2854 1495 2885 narratio
1518 2853 1585 2890 ejus
1605 2853 1647 2884 rei
1669 2853 1777 2891 docet,
1801 2862 1903 2892 neque
1918 2862 2044 2892 gravem
2068 2854 2159 2884 fuisse

1135 2904 1220 2935 illam
1234 2904 1310 2932 iram
1328 2908 1430 2939 neque
1445 2899 1630 2930 durabilem.
1641 2901 1763 2930 -llaec
1775 2908 1849 2930 sane
1861 2899 1977 2936 omnia,
1992 2907 2062 2937 quae
2080 2899 2159 2928 liuc-

1136 2957 1235 2988 usque
1262 2948 1443 2983 attulimus,
1479 2946 1509 2976 in
1536 2954 1632 2976 unum
1656 2946 1787 2976 collecta
1808 2945 2031 2976 contessiorwm
2051 2945 2157 2975 lectori

1135 2995 1259 3026 eliciant
1273 3002 1396 3023 necesse.
1407 2994 1465 3029 est,
1477 2992 1530 3022 vix
1542 3000 1732 3031 quemquam
1747 3000 1812 3022 esse
1825 2992 1937 3030 praeter
1947 2992 2158 3029 Timagenem,

1136 3041 1185 3071 cui
1197 3043 1261 3070 tam
1279 3047 1426 3078 pronum,
1445 3038 1534 3075 cujus
1552 3040 1672 3068 naturae
1688 3038 1774 3076 quasi
1799 3040 1829 3068 et
1848 3037 1937 3076 genio
1954 3039 2017 3067 tam
2032 3045 2157 3067 consen-

1137 3089 1266 3117 taneum
1280 3085 1372 3116 suerit
1383 3108 1391 3122 ‚
1406 3084 1449 3114 itu
1465 3084 1660 3123 potissimum
1675 3083 1713 3113 de
1726 3083 1903 3114 Alexandro
1921 3085 1975 3118 M„
1989 3083 2028 3113 (le
2044 3084 2157 3113 Roma-

1138 3132 1201 3169 nis,
1221 3131 1259 3161 de
1276 3130 1397 3161 Parthis
1412 3130 1516 3167 loqui,
1533 3128 1584 3160 vii<
1601 3138 1675 3159 cum
1689 3137 1848 3167 quoquam
1860 3153 1868 3166 ‚
1887 3130 1998 3167 prater
2013 3128 2157 3164 Timage-

1139 3186 1210 3208 nem
1224 3202 1231 3213 ,
1246 3178 1333 3207 tanta
1351 3176 1517 3206 verborum
1532 3175 1741 3210 vehementia,
1757 3176 1820 3204 tam
1837 3173 1938 3203 hostili
1955 3173 2002 3217 ira
2016 3171 2156 3215 altercari

1139 3218 1275 3257 potuisse
1292 3216 1438 3253 Livium,
1458 3215 1644 3246 connivente
1662 3217 1786 3245 Caesare
1809 3215 1962 3251 Augusto,
1979 3221 2003 3242 si
2029 3220 2090 3241 non
2107 3220 2156 3248 Ju-

1140 3264 1243 3294 bente.
1261 3265 1338 3294 Nam
1353 3262 1435 3301 quod
1450 3270 1581 3292 numero
1596 3260 1705 3299 plurzdi
1725 3260 1828 3290 Livius
1839 3259 1946 3295 utitur,
1966 3257 2103 3294 loquitur
2119 3255 2157 3285 ‹lc

2004 3314 2033 3339 21
