2338 3765
904 121 1232 161 FRAGMENTA.

11 203 101 241 ἀλλὰ
115 204 171 242 καὶ
190 203 367 249 σκηνικοὺς
383 202 440 240 καὶ
458 202 658 251 θυμελικοὺς
676 202 733 239 καὶ
751 203 1037 253 γυμνικούς·τοὺς
1060 219 1077 272 γ

8 378 177 428 ἐπιδρομῇ
198 376 320 428 φάναι,
340 374 518 426 διαγράφει
538 375 683 426 ἱστορία.

157 473 222 509 ΕΚ
251 471 350 508 ΤΟΥ
378 468 440 507 IA'
472 470 557 506 ΚΑΙ
589 467 643 506 lss'
674 470 889 507 BlssAlm'.

60 565 130 602 IV.
162 562 236 609 Τὴν
257 561 292 600 δὲ
321 561 432 613 ἀρχὴν
465 560 705 610 διαδεξάμενος
721 561 895 605 Διονύσιος
914 562 1040 610 ηὔξησε

7 620 146 667 ταύτην,
179 620 314 671 Πέρσας
345 619 401 656 ἐπὶ
434 620 593 669 Γρανικῷ
614 623 671 656 τοῦ
693 618 911 670 Ἀλεξάνδρου
941 623 1039 673 μάχῃ

7 677 334 728 καταγωνισαμένου
362 676 420 713 καὶ
440 676 678 727 παρασχόντος
698 676 813 714 ἄδειαν
834 684 903 720 τοῖς
922 681 1040 729 βουλο-

9 736 122 784 μένοις
155 735 265 779 αὔξειν
297 733 340 772 τὰ
372 737 516 780 ἑαυτῶν,
542 737 603 779 τῆς
630 734 714 777 τέως
743 734 904 783 ἐμποδὼν
935 742 1040 774 πᾶσιν

6 795 192 843 ἱσταμένης
214 795 385 844 Περσικῆς
405 792 520 842 ἰσχύος
538 792 849 842 ὑποστελλομένης.
867 793 1039 845 ‘'Yet-epm*

6 851 40 888 δὲ
62 851 218 893 ποικίλας
245 849 373 895 ὑπέστη
396 848 629 900 περιστάσεις,
651 850 801 898 μάλιστά
825 865 863 901 γε
883 853 949 887 τῶν
982 855 1041 896 τῆς

5 908 214 960 Ἱ1ρακλείας
232 907 390 959 φυγάδων
411 907 493 958 πρὸς
514 906 729 957 Ἀλέξανδρον
752 910 943 958 περιφανῶς
972 909 1039 954 ἤδη

5 970 65 1013 τ’ἦς
95 966 208 1008 Ἀσίας
234 969 426 1016 κρατοῦντα
457 964 797 1015 διαπρεσὸευομένων
819 966 876 1002 καὶ
899 966 1039 1003 κάθοδον

5 1023 63 1057 καὶ
75 1022 134 1066 τὴν
150 1025 208 1067 τῆς
221 1023 352 1066 πόλεως
366 1022 508 1073 πάτριον
527 1022 760 1073 δημοκρατίαν
776 1021 1034 1071 ἐξαιτουμένων.

5 1081 59 1117 Δι’
80 1079 167 1131 ἅπερ
194 1080 292 1130 ἐγγὺς
313 1079 375 1130 μὲν
397 1080 545 1124 κατέστη
567 1083 626 1116 τοῦ
646 1081 801 1116 ἐκπεσεῖν
830 1084 889 1126 τῆς
909 1083 1036 1132 ἀρχῆς·

4 1136 63 1173 καὶ
84 1137 238 1180 ἐξέπεσεν
263 1136 316 1183 ἂν,
336 1138 364 1174 εἰ
386 1136 433 1186 μὴ
453 1136 584 1174 συνέσει
601 1138 713 1188 πολλῇ
730 1138 788 1174 καὶ
805 1140 962 1191 ἀγχινοίᾳ
979 1140 1038 1176 καὶ

7 1197 47 1245 τῇ
69 1197 134 1231 τῶν
153 1195 312 1240 ὑπηκόων
329 1195 440 1246 εὐνοίᾳ
458 1195 517 1232 καὶ
535 1195 699 1246 θεραπείᾳ
718 1197 945 1247 Κλεοπάτρας
962 1197 1037 1240 τοὺς

7 1253 251 1299 ἀπειληθέντας
273 1255 364 1305 αὐτῷ
381 1252 551 1302 πολέμους
571 1252 724 1304 διέφυγε,
744 1253 787 1289 τὰ
811 1255 871 1301 μὲν
889 1253 1038 1295 ὑπείκων

6 1311 64 1347 καὶ
88 1311 148 1356 τὴν
169 1310 272 1362 ὀργὴν
294 1311 422 1348 ἐκλύων
440 1311 498 1348 καὶ
518 1311 709 1361 μεθοδεύων
732 1317 805 1355 ταῖς
827 1313 1036 1362 ἀναὸὀλαῐς,

6 1368 47 1405 τὰ
66 1368 101 1406 δὲ
119 1369 552 1421 ἀντιπαρασκευαζόμενος.
615 1370 655 1419 (2)
677 1370 780 1407 Ἐπεὶ
801 1370 835 1407 δὲ
853 1371 873 1416 ἢ
902 1372 1037 1423 θανάτῳ

7 1426 26 1471 ἢ
47 1427 136 1463 νόσω
155 1427 243 1464 κατὰ
265 1428 460 1465 Βαὸυλῶνα
480 1426 626 1476 γεγονὼς
646 1428 861 1478 Ἀλέξανδρος
886 1428 943 1466 τὸν
966 1429 1036 1479 βίον

8 1470 202 1535 διέδραμεν,
222 1485 398 1534 Εὗθυμίας
419 1484 480 1534 μὲν
501 1484 709 1528 ὁΔιονύσιος
728 1487 868 1536 ἄγαλμα
889 1487 950 1533 τὴν
975 1489 1036 1535 ἀγ·

9 1543 121 1592 γελίαν
141 1543 289 1586 ἀκούσας
305 1544 467 1594 ἱδρύσατο
481 1573 490 1589 ‚
512 1542 629 1580 παθὼν
654 1547 695 1595 τῇ
714 1544 833 1595 πρώτῃ
857 1545 1035 1597 προσὸολῇ

9 1602 63 1643 τῆς
84 1600 200 1651 φήμης
220 1601 285 1638 ὑπὸ
307 1604 366 1646 τῆς
394 1602 522 1646 πολλῆς
547 1607 674 1653 χαρᾶς,
703 1602 767 1639 ὅσα
797 1603 837 1640 ἂν
858 1606 878 1648 ἡ
907 1603 1036 1654 σφόδρα

9 1657 96 1703 λύπη
119 1658 272 1708 δράσειε·
303 1662 425 1710 μικροῦ
445 1657 511 1710 γὰρ
539 1661 760 1710 περιτραπεὶς
789 1662 834 1702 εἷς
858 1660 896 1697 τὸ
920 1664 1035 1697 πεσεῖν

10 1714 141 1765 ἰπῆχθη
156 1745 166 1764 ‚
185 1717 244 1753 καὶ
266 1716 364 1758 ἄνους
381 1716 476 1767 ὤφθη
496 1716 685 1765 γενόμενος.
745 1717 783 1765 (3)
807 1717 983 1766 Περδίκκα
1002 1717 1035 1753 δὲ

0 1774 69 1808 τῶν
90 1771 176 1809 ὅλων
198 1772 412 1817 ἐπιστάντος,
432 1775 461 1809 οἱ
491 1771 553 1820 μὲν
574 1775 633 1817 τῆς
650 1772 858 1823 Ἡρακλείας
886 1773 1032 1823 φυγάδες

0 1829 86 1881 πρὸς
103 1829 145 1866 τὰ
167 1828 254 1866 αὐτὰ
271 1829 329 1866 καὶ
348 1833 465 1866 τοῦτον
483 1829 696 1879 παρώξυνον.
721 1829 895 1872 Διονύσιος
912 1831 945 1867 δὲ
963 1832 1036 1873 ταῖς

11 1886 138 1935 ὃμοίαις
160 1886 311 1934 μεθόδοις
340 1886 516 1936 χρώμενος
544 1886 600 1923 ἐπὶ
621 1886 718 1937 ξυροῦ
747 1889 860 1935 ἀκμῆς
890 1888 1036 1930 πολλοὺς

12 1944 175 1986 ιινδύνους
189 1944 264 1981 κατ’
281 1945 382 1980 αὐτοῦ
399 1943 589 1987 συστάντας
603 1945 732 1987 πάντας
745 1945 930 1995 διέδρασεν.
946 1946 1034 1982 Ἀλλ’

12 2004 22 2037 ”)
41 2001 101 2049 μὲν
118 2003 310 2054 Περδίκκας
328 2001 392 2038 ὑπὸ
406 2004 471 2037 τῶν
488 2001 688 2052 ἀρχομένων
705 2003 875 2052 μοχθηρὸς
893 2002 1035 2052 γεγονὼς

12 2059 173 2110 ῗινῄρηται
185 2089 194 2105 ,
209 2059 267 2096 καὶ
283 2060 317 2095 αἱ
333 2062 397 2096 τῶν
414 2058 572 2108 φυγάδων
590 2058 723 2100 ἐλπίδες
739 2059 947 2097 έσὸέννυντο·
964 2065 1035 2098 Διο-

12 2117 108 2168 ιυσίῳ
130 2115 164 2153 δὲ
186 2116 400 2166 πανταχόθεν
420 2116 463 2153 τὰ
484 2115 676 2167 πράγματα
697 2115 779 2166 πρὸς
806 2117 843 2153 τὸ
864 2118 1033 2166 εὐδαιμο-

489 2173 529 2224 (4)
553 2173 598 2212 ‘H
629 2173 664 2210 δὲ
685 2174 831 2219 πλείστη
855 2174 950 2225 ῥοπὴ·
975 2178 1034 2219 τῆς

13 2232 221 2281 εὐδαιμονίας
241 2235 257 2268 ὃ
274 2232 426 2282 δεύτερος
444 2233 537 2283 αὐτῷ
555 2231 704 2277 κατέστη
720 2231 842 2281 γάμος.
866 2231 1037 2282 Ἠγάγετο

13 2173 158 2226 ιέστερον
187 2174 429 2223 μετεὸάλοντο.

11 261 72 312 μὲν
95 263 237 308 αὐτίκα,
257 260 332 303 τοὺς
350 259 384 298 δὲ
401 259 658 310 λαμπροτέρους
678 260 735 297 καὶ
756 259 907 312 ὕστερον.

63 319 165 358 Ἀλλὰ
185 323 292 356 ταῦτα
317 317 377 368 μὲν
406 320 426 362 ἡ
455 317 482 354 θ’
510 317 568 354 καὶ
592 322 614 353 ι’
630 322 687 354 τοῦ
717 317 913 367 Μέμνονος,
936 322 979 360 ὡς
1008 321 1041 355 ἐν

13 2289 65 2327 μὲν
93 2290 158 2342 γὰρ
189 2288 399 2339 Ἄμαστριν·
422 2289 508 2335 αὕτη
537 2288 571 2326 δὲ
603 2284 643 2335 ἦν
674 2289 840 2340 Ὀξάθρου
864 2290 1035 2342 θυγάτηρ·

13 2348 147 2399 ἰδελφὸς
168 2347 203 2384 δὲ
223 2344 263 2394 ἦν
288 2342 381 2389 οὑτος
404 2346 569 2398 Δαρείου,
587 2346 623 2383 ὃν
644 2345 797 2383 καθελὼν
824 2347 1038 2399 Ἀλέξανδρος

14 2405 197 2456 Στάτειραν
224 2404 285 2450 τὴν
315 2406 417 2441 αὐτοῦ
451 2404 619 2455 θυγατέρα
640 2409 783 2453 γυναῖκα
803 2407 967 2455 ἠγάγετο,
995 2409 1039 2449 ὡς

15 2456 93 2499 εἶναι
113 2462 172 2504 τὰς
191 2468 354 2512 γυναῖκας
372 2461 539 2507 ἀλλήλαις
558 2461 715 2513 ἀνεψιὰς,
735 2461 824 2512 ἔχειν
848 2462 884 2499 δέ
903 2478 935 2499 τι
955 2462 1036 2514 πρὸς

15 2519 128 2561 Ξαυτὰς
149 2519 207 2556 καὶ
237 2520 376 2571 φίλτρον
403 2519 586 2571 ἐξαίρετον,
606 2519 622 2556 ὃ
642 2519 678 2556 τὸ
700 2519 903 2570 συντρόφους
923 2520 1037 2570 ὑπάρ-

15 2578 60 2619 ξαι
78 2577 218 2619 ταύταις
245 2577 416 2628 ἐνέφυσεν.
440 2578 481 2627 (5)
502 2577 605 2615 Ἀλλὰ
624 2577 752 2622 ταύτην
769 2576 830 2622 τὴν
847 2575 1037 2628 Ἄμαστριν

16 2634 176 2686 Κρατέρῳ
201 2636 210 2684 (
226 2638 291 2672 τῶν
307 2634 516 2686 φιλουμένων
536 2630 577 2681 ἦν
594 2630 689 2677 οὗτος
705 2640 748 2677 ὡς
767 2635 940 2684 μάλιστα)
959 2651 1038 2672 συν-

16 2693 168 2743 κρμόζει·
187 2692 406 2743 Ἀλεξάνδρου
427 2693 462 2730 δὲ
478 2693 512 2737 ἐξ
534 2692 721 2742 ἀνθρώπων
748 2692 961 2735 ἀποπτάντος
981 2694 1039 2729 καὶ
1064 2693 1068 2746 )

16 2749 185 2801 Κρατέρου
205 2750 287 2800 πρὸς
313 2750 429 2788 Φίλαν
447 2751 506 2796 τὴν
528 2751 750 2801 Ἀντιπάτρου
772 2751 1036 2800 ἀποκλίναντος,

17 2806 128 2858 (νώμῃ
150 2811 208 2844 τοῦ
227 2807 383 2850 λιπόντος
400 2809 569 2860 Διονυσίῳ
592 2812 612 2854 ἡ
640 2809 831 2859 ’Άμαστρις
854 2809 1038 2853 συνοικίζε-

18 2881 74 2901 ται,
107 2866 147 2915 (6)
168 2864 228 2909 Ἐξ
248 2860 284 2903 οἷ
304 2865 360 2902 ἐπὶ
379 2865 469 2916 μέγα
487 2870 507 2912 ἡ
527 2866 618 2919 ἀρχὴ
637 2869 730 2918 αὐτῷ
748 2867 866 2918 διήρθη
889 2867 1037 2903 πλούτου

18 2938 42 2959 τε
63 2923 228 2974 περιὸολῇ
246 2926 287 2974 τῇ
303 2923 358 2960 διὰ
375 2927 435 2969 τῆς
450 2925 636 2974 ἐπιγαμίας
652 2924 876 2977 προστεθείσῃ
893 2924 952 2961 καὶ
970 2924 1036 2976 ἰδίᾳ

18 2980 203 3031 ριλοκαλίᾳ.
231 2981 300 3018 Καὶ
316 2980 381 3032 γὰρ
402 2981 462 3018 καὶ
482 2982 541 3027 τὴν
562 2986 619 3020 τοῦ
637 2982 815 3023 Διονυσίου
833 2988 948 3018 πᾶσαν
962 2983 1036 3018 ε’πι-

1062 2748 1068 2761 t

19 3038 132 3083 ςκευὴν
149 3041 206 3075 τοῦ
225 3038 386 3081 Σικελίας
399 3039 670 3090 τυραννήσαντος
690 3040 791 3077 αὐτὸν
816 3041 941 3085 ἐπῆλθε
961 3039 1038 3083 ἐξω·
1065 3047 1068 3083 Ι

22 3238 65 3268 ibi
82 3238 243 3269 novissimi
257 3239 391 3270 editores
404 3249 421 3270 e
435 3240 590 3271 Strabone
603 3243 660 3272 ΧΠ
671 3266 679 3279 ,
696 3250 725 3280 p.
743 3244 798 3272 544
819 3242 828 3279 (
844 3241 958 3272 addere
975 3243 1071 3280 possis

170 3356 356 3377 rums-nutem
381 3357 497 3379 ntsTou.
520 3358 570 3378 GR.
592 3368 625 3372 —-
647 3360 714 3381 VOL-
739 3362 779 3381 lll.

2054 135 2128 167 529

1101 213 1191 251 sti-es,
1215 216 1243 245 et
1262 215 1373 254 praeter
1391 215 1446 246 lios
1472 217 1633 256 gymnicos
1655 219 1685 248 et
1708 217 1893 257 thymelicos
1912 219 1942 250 et
1959 218 2100 251 scenicos
2123 231 2129 250 :

1101 263 1179 294 alios
1200 266 1328 305 statim,
1342 267 1419 297 alios
1437 276 1552 306 eosque
1572 269 1853 307 magnificentiores
1872 271 1990 309 peregit
2010 273 2127 309 postea.

1145 317 1218 346 llaec
1232 325 1315 347 nono
1332 319 1363 348 et
1385 318 1507 348 decimo
1532 319 1610 349 libro
1628 319 1638 358 (
1653 322 1809 359 quatenus
1838 321 1953 352 cursim
1972 321 2029 352 ista
2059 331 2129 361 per-

1101 367 1303 407 stringimus)
1321 369 1455 400 Historia
1475 372 1649 402 Memnonis
1663 372 1821 403 describit.

1376 477 1404 513 E
1437 478 1599 516 Llssnls
1624 481 1673 516 XI
1694 481 1754 518 ET
1772 482 1860 519 ΧΗ.

1142 576 1195 606 lv.
1211 576 1377 615 Dionysius
1391 577 1536 618 deinceps
1547 579 1713 619 imperium
1727 585 1864 622 suscepit
1875 583 2024 624 idemque
2037 585 2132 616 etiam

1100 633 1200 663 auxit.
1220 634 1394 665 Alexander
1419 637 1520 675 enim,
1553 639 1652 669 Persis
1679 640 1718 670 ad
1742 641 1915 672 Granicum
1944 643 2132 682 profligatis,

1100 698 1244 721 securam
1259 693 1469 732 amplificandi
1485 695 1618 727 ditiones
1640 706 1712 729 suas
1728 700 1924 731 occasionem
1945 701 2134 740 patefecerat

1102 747 1148 778 his
1165 750 1217 787 qui
1234 750 1369 789 vellent,
1387 760 1488 790 quum
1509 762 1582 791 quae
1601 755 1751 787 hactenus
1776 756 2001 796 impedimento
2020 760 2132 798 suerat,

1103 808 1266 838 Persarum
1284 810 1421 848 potentia
1442 811 1505 849 jam
1526 815 1697 845 corrueret.
1738 815 1798 846 Sed
1818 816 1919 847 varias
1944 819 2051 856 postea
2068 819 2132 849 for-

1099 866 1187 895 tunae
1206 866 1288 897 vices
1309 870 1457 906 expertus
1474 870 1530 906 est,
1548 871 1684 902 maxime
1706 881 1807 911 quum
1825 875 1985 906 Heracleae
2004 876 2132 915 exules,

1101 923 1288 955 missitandis
1325 925 1364 956 ad
1395 926 1607 958 Alexandrum
1641 929 1768 969 legatis,
1817 933 1925 970 aperte
1964 933 2028 972 jam
2063 935 2134 965 Asia

1100 981 1253 1021 potitum,
1277 982 1316 1013 de
1340 983 1441 1014 reditu
1467 986 1498 1015 et
1524 987 1627 1024 patria
1651 988 1833 1027 reipublicae
1861 990 2133 1023 administratione

1099 1040 1315 1072 sollicitarent.
1343 1044 1449 1078 Quare
1474 1052 1536 1074 non
1566 1046 1704 1076 multum
1736 1047 1837 1078 abfuit
1865 1049 1942 1087 quin
1967 1050 2135 1081 excidisset

1099 1097 1296 1138 imperi03et
1324 1099 1490 1131 excidisset
1515 1110 1607 1140 sane,
1636 1103 1696 1134 nisi
1724 1105 1891 1143 prudentia
1916 1108 1948 1137 et
1965 1109 2134 1147 sagacitate

1101 1157 1213 1187 mentis
1232 1158 1262 1187 et
1279 1157 1496 1190 benevolentia
1512 1160 1628 1191 civium
1652 1163 1682 1192 et
1695 1162 1759 1193 suis
1776 1172 1847 1201 erga
1862 1164 2060 1203 Cleopatram
2079 1166 2134 1197 ob-

1098 1214 1214 1253 sequiis
1238 1214 1318 1245 bella
1342 1224 1415 1246 cum
1440 1216 1533 1248 minis
1557 1218 1615 1248 sibi
1634 1218 1824 1251 denunciata
1850 1221 2032 1261 elfugisset:
2057 1224 2133 1254 (lum

1098 1280 1163 1313 qua
1176 1272 1276 1312 cedit,
1303 1274 1447 1314 iramque
1474 1275 1614 1316 mitigat,
1638 1278 1670 1308 et
1688 1277 1891 1310 dilationibus
1909 1282 2049 1320 coercet,
2072 1291 2136 1321 qua

1099 1332 1195 1362 etiam
1220 1341 1252 1363 se
1276 1333 1399 1372 munit,
1427 1334 1457 1364 et
1482 1335 1592 1365 contra
1609 1338 1776 1376 praeparat.
1807 1337 1851 1377 (2)
1870 1339 1908 1369 At
1929 1340 2135 1378 posteaquam

1098 1391 1286 1430 Alexander,
1301 1392 1377 1423 dum
1398 1393 1556 1433 Babylone
1580 1396 1659 1434 agit,
1681 1396 1754 1427 vitae
1778 1406 1907 1429 cursum
1925 1399 2060 1431 absolvit
2085 1401 2135 1432 vel

1098 1457 1173 1480 nece
1188 1450 1336 1481 violenta
1354 1451 1403 1482 vel
1424 1453 1533 1483 morbo
1548 1454 1741 1494 exstinctus,
1758 1456 1810 1486 ubi
1838 1457 1988 1488 nuncium
2015 1459 2134 1498 Diony-

1098 1507 1161 1538 sius
1174 1509 1312 1548 accepit,
1337 1510 1470 1541 Laetitiae
1487 1512 1625 1543 statuam
1640 1515 1837 1546 consecravit
1862 1528 1869 1546 ι
1885 1516 1917 1546 et
1935 1515 1974 1546 ad
1998 1517 2134 1555 primum

1099 1566 1190 1596 famae
1205 1566 1377 1598 adventum
1392 1576 1429 1599 eo
1446 1569 1579 1601 affectus
1598 1572 1645 1601 est
1659 1571 1752 1602 modo
1778 1581 1842 1611 prae
1859 1573 2045 1605 exuberanti
2061 1584 2134 1613 gau-

1098 1623 1161 1661 dio,
1173 1633 1236 1662 quo
1247 1633 1370 1655 summa
1381 1626 1541 1657 hominem
1552 1629 1764 1659 consternatio
1775 1630 1926 1660 affecerit.
1941 1633 2021 1661 Nam
2036 1641 2133 1671 prope

1098 1682 1163 1711 erat
1186 1682 1222 1712 ut
1246 1683 1397 1721 vertigiue
1425 1687 1587 1723 correptus
1607 1686 1822 1724 prolaberetur
1845 1689 1876 1718 et
1897 1696 1916 1718 a
1933 1697 2007 1719 sana
2027 1692 2132 1720 mente

1098 1738 1329 1777 conspiceretur
1350 1741 1477 1772 alienus.
1520 1742 1564 1781 (3)
1580 1743 1659 1773 llinc
1678 1744 1732 1774 ubi
1757 1745 1919 1775 Perdiccas
1935 1747 2048 1777 summi
2070 1747 2129 1778 im-

1098 1795 1173 1833 perii
1203 1796 1327 1834 negotia
1354 1798 1560 1837 procurabat,
1591 1801 1752 1832 Heracleae
1778 1803 1888 1834 exules
1912 1803 2065 1843 adpetita
2090 1805 2130 1836 ab

1099 1853 1275 1884 Alexandro
1290 1854 1386 1886 etlam
1406 1856 1493 1888 hunc
1514 1858 1712 1897 instigarunt.
1732 1860 1901 1900 Dionysius
1919 1871 2004 1901 vero,
2020 1862 2130 1893 eadem

1099 1910 1161 1942 tere
1173 1920 1237 1951 qua
1256 1913 1341 1952 prius
1359 1915 1451 1945 utens
1460 1915 1570 1954 agendi
1585 1918 1724 1956 ratione,
1743 1919 1886 1957 ‹piamvis
1908 1919 1940 1950 in
1953 1920 2019 1951 acie
2032 1929 2127 1951 nova-

1097 1969 1176 2000 culae
1185 1978 1280 2010 prope
1291 1972 1485 2012 consisteret,
1501 1974 1638 2012 pericula
1648 1976 1754 2006 tamen
1764 2001 1772 2014 ,
1788 1986 1860 2016 quae
1871 1977 2007 2016 plurima
2021 1980 2130 2009 contra

1097 2034 1169 2056 eum
1184 2029 1432 2069 consurgebant,
1445 2032 1679 2071 omniaeffugit.
1690 2036 1733 2063 Ac
1747 2042 1846 2072 quum
1858 2035 2033 2074 Perdiccas,
2044 2035 2129 2075 quod

1098 2084 1238 2124 improbe
1250 2094 1282 2117 se
1301 2089 1438 2126 gereret,
1461 2088 1500 2119 ab
1514 2088 1550 2119 iis
1566 2090 1681 2128 quibus
1703 2093 1855 2130 praeerat,
1883 2092 2128 2133 interimeretur,

1095 2143 1189 2173 sinuit
1214 2143 1309 2174 etiam
1339 2153 1408 2184 spes
1435 2146 1568 2178 exulum
1593 2148 1882 2188 exstinguebantur.
1917 2151 2051 2181 Proinde
2080 2160 2130 2182 res

1098 2199 1246 2238 Dionysio
1265 2201 1304 2231 ab
1318 2203 1403 2233 omni
1418 2205 1550 2242 partein
1567 2207 1683 2236 statum
1699 2207 1868 2238 feliciorem
1886 2209 2125 2240 convertuntur.

1098 2256 1140 2295 (4)
1155 2256 1202 2287 Ad
1214 2257 1395 2289 felicitatem
1416 2268 1491 2290 vero
1506 2261 1676 2300 plurimmn
1688 2263 1715 2293 ei
1730 2264 1835 2294 attulit
1849 2266 1998 2296 momenti
2014 2275 2127 2297 secuu-

1097 2313 1171 2344 dum
1187 2316 1434 2347 matrimonium.
1452 2319 1610 2349 Amastrin
1631 2320 1712 2350 enim
1735 2321 1826 2352 duxit
1845 2323 1940 2354 filiam
1965 2325 2126 2356 Oxatlirae.

1097 2374 1205 2403 Frater
1218 2373 1243 2404 is
1257 2375 1323 2404 erat
1339 2374 1434 2413 Darii,
1450 2384 1544 2414 quem
1558 2377 1732 2408 Alexander
1744 2379 1873 2418 imperio
1887 2382 1986 2421 exuit,
2001 2382 2130 2422 ejusque

1099 2430 1194 2461 tiliam
1222 2431 1370 2463 Statiram
1392 2442 1523 2463 uxorem
1549 2434 1607 2464 sibi
1638 2435 1794 2473 adjiinxit.
1840 2440 2004 2470 patrueles
2036 2441 2130 2479 igitur

1097 2491 1187 2521 erant
1205 2490 1252 2520 liae
1263 2490 1405 2530 semime,
1427 2500 1535 2523 amore
1554 2492 1635 2523 inter
1648 2501 1681 2524 se
1707 2494 1823 2525 eximio
1841 2496 1996 2528 devinctae
2011 2506 2018 2527 :
2034 2499 2089 2537 qui
2114 2508 2131 2529 a

1098 2548 1259 2579 communi
1273 2548 1459 2581 educatione
1476 2551 1507 2581 et
1518 2551 1667 2581 convictu
1684 2551 1716 2582 in
1729 2552 1842 2596 animis
1858 2553 1996 2592 ipsarum
2015 2555 2134 2586 radices

1098 2609 1213 2644 egerat.
1242 2607 1285 2646 (5)
1309 2608 1468 2639 Amastrin
1491 2608 1573 2639 hanc
1591 2598 1897 2650 Alexander‚*quum
1918 2613 2068 2643 Statiram
2089 2613 2133 2644 fe·

1099 2663 1189 2694 cisset
1215 2672 1359 2702 uxorem,
1377 2666 1506 2696 cratero
1524 2668 1597 2706 (qui
1616 2667 1698 2698 iuter
1725 2668 1901 2700 carissimos
1925 2671 1951 2701 ei
1968 2671 2048 2710 suit)
2075 2680 2133 2702 nu-

1099 2721 1187 2759 ptum
1201 2720 1339 2752 dederat.
1384 2724 1424 2753 At
1441 2732 1552 2762 quum,
1569 2724 1746 2756 Alexandro
1764 2727 1856 2759 rebus
1870 2728 2051 2759 mortalium
2067 2738 2134 2768 pro·

1098 2786 1170 2816 pere
1183 2781 1348 2818 exempto,
1365 2782 1515 2811 Craterus
1530 2781 1568 2811 ad
1585 2782 1705 2812 Philam
1716 2806 1724 2821 ,
1740 2785 1905 2824 Antipatro
1922 2787 2040 2824 natam,
2066 2795 2134 2817 am-

1098 2839 1185 2861 mum
1204 2831 1370 2870 adjiceret,
1388 2834 1559 2872 Amastris,
1584 2834 1742 2866 desertore
1766 2845 1829 2867 non
1847 2837 1959 2877 invito,
1974 2839 2105 2870 domum
2118 2849 2136 2871 a

1099 2884 1247 2922 Dionysio
1261 2885 1397 2916 ducitur.
1412 2886 1455 2924 (6)
1473 2889 1517 2916 Ex
1533 2895 1596 2925 quo
1607 2887 1646 2917 ad
1661 2896 1810 2927 magnum
1822 2889 1850 2920 ei
1864 2893 2070 2930 augmentum
2080 2893 2136 2923 do-

1098 2939 1235 2968 minatus
1252 2946 1318 2968 sese
1333 2939 1457 2976 extulit,
1473 2940 1541 2970 tum
1564 2948 1660 2978 opum
1677 2949 1694 2971 e
1712 2942 1831 2980 nuptiis
1853 2946 2032 2977 accessione
2044 2970 2052 2984 ‚
2065 2948 2133 2977 tum

1100 2990 1195 3029 ipsius
1204 2991 1298 3021 etiam
1308 2991 1455 3030 principis
1464 2992 1569 3023 studio
1580 2995 1611 3023 et
1619 2994 1862 3032 magnificentia.
1879 2998 1963 3028 Inter
1979 2999 2040 3028 alia
2056 2999 2133 3030 Dio-

1099 3046 1191 3085 nysii,
1207 3045 1260 3085 qui
1274 3046 1385 3077 Siciliae
1399 3048 1571 3086 tyranuum
1591 3050 1714 3087 egerat,
1737 3058 1863 3081 omnem
1886 3053 2133 3091 suppellectilem

20 3108 2134 3127 Ἦ

50 3148 112 3183 IV,
137 3150 166 3176 2.
187 3146 328 3187 θανάτῳ]
351 3147 500 3187 φαρμάκῳ
517 3149 599 3187 conj.
621 3149 750 3187 Orelli„
773 3150 865 3189 βιαίῳ
883 3149 1002 3189 θανάτῳ
1021 3150 1167 3180 Scllaefet·.
1189 3170 1228 3175 -
1252 3155 1281 3181 3.
1301 3151 1499 3190 ἐπιστάντος]
1523 3152 1755 3187 ἐπιστατοῦντος
1775 3154 1898 3184 mavult
1923 3156 2069 3194 Scaliger.
2097 3176 2134 3181 —-

22 3205 40 3224 l.
64 3192 228 3232 Ὀξάθρου]
248 3193 374 3228 ὀξάνθου
391 3194 439 3224 vel
454 3194 579 3233 ὀξάρθου
596 3204 612 3225 e
626 3195 697 3225 cod.
718 3200 741 3226 A
756 3198 844 3226 notat
861 3196 990 3226 Bethor.
1008 3195 1150 3236 Ὀξάθρης
1168 3205 1282 3227 nomeu
1298 3198 1391 3227 etiam
1406 3198 1533 3229 exbibet
1551 3199 1674 3237 vulgata
1693 3199 1721 3228 in
1744 3202 1880 3238 Scymno
1897 3200 1975 3230 Chio
1996 3210 2025 3230 v.
2054 3205 2112 3232 973
2126 3226 2133 3238 ‚

1088 3244 1234 3273 'l'zelzem
1249 3245 1334 3281 Xlll,
1353 3246 1411 3275 473
1427 3245 1641 3284 >scripserunt
1658 3258 1664 3275 ;
1680 3245 1852 3284 Ὀξυάθρου,
1869 3266 1907 3271 —
1925 3248 1997 3286 πρὸς
2010 3248 2133 3288 ἑαυτὰς]

22 3283 84 3315 md.
107 3287 128 3314 A
162 3292 260 3322 corr.;
275 3285 359 3324 vulg.
382 3295 430 3323 πρ.
448 3286 566 3316 ἑαυτόν.
592 3304 619 3308 -
635 3292 660 3317 5.
680 3288 847 3327 Κρατέρῳ.
865 3287 1041 3326 συναρμόζει
1054 3287 1064 3327 ]
1079 3290 1113 3318 V.
1128 3288 1248 3319 Arrian.
1266 3291 1344 3328 Exp.
1363 3290 1450 3320 Alex.
1469 3293 1524 3321 vlt
1539 3315 1545 3329 ,
1562 3294 1589 3321 li.
1603 3308 1641 3313 —
1654 3291 1864 3331 ἀποπτάντος]
1882 3292 2093 3328 &nemora-tog?
