2338 3765
964 149 1296 189 FRAGMENTA.

85 240 111 277 ε’
134 241 173 289 (a)
193 240 230 286 ⁴¹,
249 236 457 287 μετεμέλησε
476 235 502 272 δ’
516 236 608 286 αὐτῷ
627 234 658 278 ἐξ
673 233 746 271 ἴσου
765 233 905 271 διελόντι
920 236 965 277 εἷς
980 234 997 271 ὃ
1012 250 1106 271 συνε-

85 296 200 334 τέλουν
214 298 242 333 οἱ
257 294 381 332 λοιποί.
395 296 516 331 Ἰἀῧτα
531 292 564 329 δὲ
575 291 932 341 μεταὸουλευσοίμενος
947 295 1049 329 κινεῖν
1065 292 1106 329 τὰ

83 354 272 405 πράγματα
288 354 464 402 ἐπειρᾶτο,
481 352 518 386 ἐκ
534 349 594 399 μὲν
610 353 668 386 τοῦ
683 350 869 399 εὐπρεποῦς
893 349 1000 399 λέγων
1020 348 1107 399 ἅπερ

39 440 48 444 -
84 411 142 448 καὶ
155 413 183 448 οἱ
198 413 230 448 ἐν
244 409 476 458 Λακεδαίμονι
486 438 496 456 ,
508 406 559 445 ὅτι
573 409 609 444 οὐ
624 406 751 444 δίκαιον
766 406 816 452 εἴη
831 409 898 443 τῶν
912 405 993 443 ἴσων
1007 406 1105 455 μετέ-

83 484 156 520 χειν
168 467 245 509 τοὺς
259 465 441 517 ἐγχωρίους
453 466 519 506 τοῖς
535 467 714 514 Δωριεῦσι.
730 463 818 501 Συνέ
826 480 865 510 οη
879 464 907 500 δ’
919 465 1011 513 αὐτῷ
1025 463 1108 514 πρός

84 525 113 562 τ’
131 524 273 566 ἐκείνους
293 522 539 567 διαδεὸλῆσθαι
559 521 617 558 καὶ
632 521 714 572 πρὸς
731 521 807 563 τοὺς
824 520 987 570 Δωριέας,
1005 520 1036 558 οἳ
1049 519 1106 557 καὶ

84 581 160 619 τότε
180 582 224 632 (ι)
244 582 346 616 αὐτοῦ
367 579 512 629 ἤχθοντο
528 582 570 629 τῇ
598 578 655 630 βία
672 579 732 615 οὐκ
753 577 959 628 ἀνεχομένου
976 576 1013 614 τὸ
1031 576 1106 613 ἶσό-

88 654 202 689 μοιρον
231 638 289 675 καὶ
311 637 419 673 πάλαι
443 637 471 672 δ’
481 638 584 687 ἀὐτῷ
606 637 646 688 (5)
671 635 1008 687 προσεκεκρούκεσαν
1028 634 1107 671 ἄνευ

85 698 177 747 σφῶν
196 694 417 744 συμδαίνοντι
436 699 503 736 τοῖς
527 693 702 744 ἐγχωρίοις
723 693 780 730 καὶ
807 692 893 742 μετὰ
909 695 1017 729 ταῦτα
1041 694 1106 728 τῶν

84 753 167 791 ἴσων
193 754 305 794 αὐτοῖς
327 750 562 800 μεταδιδόντι·
590 751 726 789 πάντων
749 751 782 787 δὲ
800 751 950 800 μάλιστα
972 751 1028 800 [οἱ
1052 751 1107 798 ε’γ-

84 811 228 862 χώριοι]
250 812 449 861 ὑφεωρῶντο
465 809 526 854 τὴν
548 809 805 858 μετακόσμησιν
822 811 888 844 τῶν
905 807 981 845 τότε
1003 810 1108 844 καθε-

86 869 245 916 στώτων,
262 866 345 916 πρὸς
374 869 414 915 (o)
433 862 472 912 ἧς
488 866 624 915 ἄμεινον
641 867 815 916 ἡγήσαντο
833 861 917 902 εἶναι
937 865 1108 906 ἀνελόντες

86 926 186 963 αὐτὸν
204 924 292 962 κατὰ
307 924 423 975 χώραν
442 927 614 975 ἀτρεμεῖν.
636 925 705 962 Καὶ
726 924 889 969 ἐποίησαν
909 926 1031 968 ταῦτα,
1050 921 1108 959 καὶ

88 983 306 1035 Κρεσφόντην
324 983 362 1033 (7)
388 981 448 1030 μὲν
468 981 510 1018 δι’
525 982 706 1027 ἐπιδουλῆς
723 981 938 1018 ἀπέκτειναν.
954 978 1053 1030 Ταχὺ
1075 980 1109 1016 δὲ

86 1041 145 1079 καὶ
165 1040 240 1082 τοὺς
259 1042 340 1082 υἱεῖς
360 1040 496 1088 ἤθελον,
517 1039 573 1082 οὒς
591 1040 667 1077 τότε
684 1042 701 1076 ὁ
721 1039 953 1089 μητροπάτωρ
977 1037 1050 1086 ἅμα
1066 1040 1107 1087 τῇ

87 1098 226 1149 θυγατρὶ
242 1097 369 1148 κυούσῃ
386 1097 474 1134 Ούειν
496 1097 630 1146 μέλλων
651 1094 707 1135 Δι’ὶ·
727 1096 858 1148 ἀκραίῳ
880 1097 920 1146 (3)
944 1098 989 1138 εἷς
1009 1097 1110 1147 Τρα-

86 1158 252 1198 πεζοῦντα
265 1154 520 1206 μετεπέμψατο·
534 1154 591 1191 καὶ
606 1154 686 1204 παρ’
700 1155 792 1206 αὐτῷ
804 1153 915 1190 ἔτεκεν
926 1156 947 1199 ἡ
960 1153 1110 1204 θυγάτηρ

87 1213 239 1252 Αἴπυτον
254 1212 309 1249 τὸν
327 1212 438 1263 τρίτον
453 1212 506 1262 (o).
526 1212 781 1263 Ἐτεχνοίσαντο
795 1206 851 1249 οὖν
863 1213 892 1248 οἱ
910 1216 1019 1260 φονεῖς
1034 1213 1110 1262 ἀφι-

87 1271 225 1319 κόμενοι
241 1269 336 1320 παρὰ
354 1269 522 1321 Κύψελον,
539 1273 582 1312 ὡς
597 1269 636 1306 ἂν
656 1270 916 1320 παραλαὸόντες
932 1268 1008 1310 τοὺς
1030 1270 1055 1306 Κ
1065 1284 1114 1318 ρε-

87 1328 231 1379 σφόντου
255 1327 380 1369 παῖδας
405 1327 572 1373 ἀνέλοιεν,
591 1326 745 1375 λέγοντες
760 1324 810 1362 ὅτι
828 1328 844 1362 ὃ
863 1324 977 1375 πατὴρ
994 1325 1114 1368 αὐτοὺς

87 1387 132 1428 εἷς
151 1384 337 1430 Μεσσήνην
352 1385 414 1434 (lo)
436 1384 584 1434 μέτεισιν
598 1383 673 1434 ἱερὰ
693 1384 780 1420 θύειν
804 1384 937 1432 μέλλων
952 1384 1107 1421 εὐκταῖα.

87 1443 131 1481 Ὁ
149 1442 183 1479 δὲ
196 1441 349 1493 Κύψελος
360 1440 435 1485 τοὺς
450 1443 511 1492 μὲν
526 1441 584 1479 δύο
596 1442 763 1493 ἐξέπεμψε
779 1441 838 1478 σὺν
855 1443 968 1483 αὐτοῖς
983 1439 1111 1483 ἐξαπα-

86 1500 213 1546 τηθεὶς,
243 1500 298 1543 οὒς
325 1502 444 1537 ἐκεῖνοι
461 1499 551 1538 κατὰ
567 1500 628 1549 τὴν
655 1501 728 1536 ὁδὸν
747 1499 970 1544 ἀπέκτειναν,
1000 1498 1055 1535 τὸν
1078 1497 1113 1535 δὲ

85 1559 196 1608 τρίτον
224 1558 283 1595 ἅτε
307 1562 442 1608 νεογενῆ
475 1560 536 1596 οὐκ
569 1558 673 1595 ἔδωκε
696 1557 806 1609 φήσας
841 1559 873 1593 ἐν
904 1558 1114 1606 σπαργάνοις

87 1610 190 1653 εἶναι·
208 1616 267 1653 καὶ
287 1611 379 1658 οὗτος
399 1616 458 1665 μὲν
478 1615 573 1667 παρὰ
595 1618 642 1666 τῷ
658 1614 892 1666 μητροπάτορι
912 1613 1082 1663 ἐτρέφετο.

137 1673 221 1712 εὈτι
250 1673 406 1716 Α’ίπυτος
437 1675 493 1723 ([1)
520 1678 537 1711 ὃ
558 1674 626 1716 υἱὸς
646 1672 863 1725 Κρεσφόντου
884 1670 1111 1716 ἐπεδουλεύθη

86 1732 181 1783 παρὰ
198 1735 263 1768 τῶν
286 1732 536 1782 ἐμπρησάντων
553 1730 615 1775 τὴν
636 1733 738 1767 αὐτοῦ
755 1729 875 1774 οἷκίαν,
896 1729 954 1766 καὶ
970 1732 1029 1774 τῆς
1044 1731 1112 1765 ε’πι·

88 1789 210 1834 ὅουλῆς
225 1788 390 1839 ἀνώτερος
405 1787 554 1837 γέγονεν.
578 1782 681 1829 Αὖθις
697 1787 730 1823 δὲ
750 1787 853 1822 πάλιν
869 1786 1112 1822 ἐπεῧουλεύετο

87 1862 153 1883 υ-»ο
174 1850 231 1883 τοῦ
253 1846 362 1895 δήμου
384 1846 442 1882 καὶ
463 1845 562 1886 αὐτὸς
577 1844 636 1881 καὶ
656 1846 685 1881 οἱ
708 1844 888 1894 ἀπόγονοι,
910 1842 967 1879 καὶ
987 1844 1024 1879 οὐ
1043 1842 1111 1878 διέ-

2119 161 2190 193 377

1169 250 1261 281 aequo
1275 241 1354 273 inter
1369 243 1532 274 Dorienses
1545 244 1576 275 et
1590 243 1804 284 indigenarum
1818 244 1987 284 optimates
1999 243 2193 276 distribuisse

1170 305 1314 335 regnum,
1332 297 1361 326 in
1376 298 1457 336 quod
1474 299 1613 338 reliquus
1629 300 1762 338 populus
1779 299 1898 330 tributa
1917 300 2109 331 conterebat.
2132 300 2194 338 Igi-

1169 351 1219 380 tur
1236 352 1356 380 mutata
1370 352 1525 382 sententia
1539 352 1687 384 innovare
1702 354 1881 393 reipublicae
1896 355 2027 385 sormam
2042 355 2194 393 tentabat,

1168 403 1306 442 speciosa
1324 404 1444 434 ratione
1458 405 1604 436 dictitans
1620 407 1728 437 eadem
1742 417 1814 447 quae
1831 408 2056 439 Lacedaemonii
2071 418 2196 449 quoque

1168 458 1331 498 dicebant,
1358 460 1502 491 videlicet
1519 461 1661 500 iniquum
1679 472 1745 493 esse
1771 463 1929 503 indigenas
1949 465 2013 504 pari
2034 474 2108 495 eum
2131 467 2194 496 Do·

1170 514 1320 545 riensibus
1338 515 1397 545 srui
1409 515 1488 553 jure..
1516 517 1635 546 Verum
1657 517 1771 548 accidit
1787 520 1822 548 ut
1840 528 1876 549 eo
1893 528 1955 549 non
1971 520 2054 558 apud
2080 522 2194 551 Messe-

1169 571 1236 601 nios
1252 570 1345 601 modo
1360 570 1508 600 invidiam
1523 571 1581 600 sibi
1596 572 1813 610 contraheret,
1825 573 1879 603 sed
1901 574 1983 613 apud
2007 575 2088 614 ipsos
2101 576 2196 607 ctiam

1171 625 1351 663 Dorienses,
1369 626 1423 664 qui
1440 627 1471 656 et
1487 626 1563 656 tunc
1576 626 1643 664 ejus
1656 627 1889 665 exprobrabant
1915 630 2114 669 violentiam,
2135 641 2195 671 qua

1171 690 1350 713 concessam
1368 682 1463 712 semel
1475 681 1554 720 juris
1571 682 1783 720 aequnluatein
1802 692 1863 713 non
1879 685 2064 726 sustineret,
2089 689 2119 718 et
2131 690 2196 727 jam

1170 737 1245 767 olim
1261 737 1293 767 in
1309 744 1380 767 eum
1398 736 1594 766 offenderant
1606 760 1614 774 ‚
1632 736 1716 774 quod
1739 737 1844 767 invitis
1860 738 1932 777 ipsis
1948 742 2038 778 pacta
2053 750 2125 772 cum
2149 743 2194 773 in-

1170 791 1287 830 digenis
1302 791 1422 822 iniisset
1440 799 1476 821 ac
1489 790 1601 820 deinde
1613 799 1664 829 Jns
1678 791 1799 829 {equale
1825 792 1861 822 iis
1880 793 2023 825 dedisset.
2047 797 2197 827 Omnium

1170 856 1244 878 vero
1260 847 1398 877 maxime
1413 846 1583 886 indiffence
1602 847 1701 876 status
1720 847 1900 885 reipublicae
1917 852 2198 882 commutationem

1170 906 1412 946 suspectahant,
1440 913 1504 944 qua
1526 905 1630 943 potius
1654 903 1813 935 duxerunt
1831 906 1914 944 sore,
1937 906 1982 945 si,
2009 908 2200 947 Cresphonte

1171 962 1337 992 interfecto
1350 985 1358 1000 ,
1380 961 1449 991 loco
1470 969 1526 991 suo
1544 961 1708 990 manerent
1731 960 1862 990 immoti.
1886 962 2121 1002 Consiliumque
2141 972 2197 994 ex-

1171 1018 1353 1056 sequentes,
1376 1016 1603 1055 Cresphontem
1621 1024 1660 1046 ex
1686 1015 1802 1046 insidiis
1817 1016 2011 1047 occiderunt.
2030 1019 2101 1048 Mox
2126 1027 2200 1049 vero

1172 1072 1264 1103 etiam
1282 1072 1360 1103 tilios
1373 1072 1439 1111 ejus
1455 1081 1471 1104 e
1488 1072 1596 1103 medio
1615 1072 1730 1102 tollere
1749 1072 1914 1110 volebant,
1934 1081 2012 1111 quos
2034 1082 2112 1104 avus
2133 1082 2200 1104 ma-

1171 1130 1302 1168 ternus(
1319 1130 1495 1170 Cypselus)
1517 1138 1579 1160 una
1596 1138 1669 1159 cum
1692 1129 1755 1159 tilia
1770 1138 1826 1159 sua
1850 1129 2022 1169 (Merope)
2036 1131 2113 1160 tunc
2131 1132 2200 1161 nte-

1173 1195 1243 1216 rum
1259 1187 1404 1225 gerente,
1419 1194 1506 1216 sacra
1517 1185 1590 1216 Jovi
1607 1186 1714 1216 Actaeo
1730 1185 1885 1223 tacturus,
1904 1186 2134 1224 Trapezuntem
2149 1196 2200 1216 ar-

1173 1243 1351 1274 cer-siverat.
1366 1243 1455 1282 Apud
1466 1242 1550 1273 hunc
1561 1242 1624 1272 tilia
1637 1241 1915 1281 peperitAEpytum
1931 1242 2070 1272 tertium.
2088 1243 2201 1272 Dolum

1173 1298 1266 1337 igitur
1281 1306 1478 1337 percussores
1491 1297 1530 1327 ad
1544 1297 1713 1336 Cypselum
1731 1296 1861 1336 profecti
1879 1298 2118 1336 excogitarunt,
2139 1306 2202 1336 quo

1173 1356 1343 1386 liberorum
1361 1354 1544 1393 corporibus
1559 1353 1649 1392 potiti
1671 1353 1814 1383 occidere
1833 1361 1887 1383 eos
1909 1354 2045 1392 possent.
2067 1353 2201 1384 Nuntia-

1174 1410 1247 1439 runt
1266 1410 1385 1446 patrem
1402 1416 1454 1437 eos
1475 1406 1507 1436 in
1522 1406 1706 1436 Messeniam
1731 1405 1903 1443 advocare,
1931 1406 1966 1436 ut
1982 1414 2070 1436 sacra
2095 1405 2203 1436 votiva

1173 1461 1309 1491 offerret.
1329 1460 1383 1491 His
1399 1459 1550 1499 deceptus
1565 1458 1718 1497 Cypselus
1731 1457 1810 1488 duos
1822 1457 1958 1487 tiliorum
1979 1466 2049 1487 cum
2066 1457 2103 1487 iis
2116 1457 2202 1488 able—

1172 1514 1273 1552 gavit,
1288 1520 1368 1551 quos
1384 1511 1428 1541 illi
1449 1512 1479 1541 in
1497 1511 1607 1541 itinere
1624 1509 1840 1543 trucidarunt:
1856 1510 1985 1540 tertium
2005 1518 2077 1540 vero
2097 1517 2203 1540 recens

1172 1565 1282 1594 natum
1297 1571 1357 1593 non
1370 1562 1516 1598 tradidit,
1535 1561 1620 1591 aiens
1634 1569 1706 1591 eum
1721 1561 1751 1590 in
1767 1560 1867 1590 fasciis
1887 1559 1992 1590 adhuc
2008 1569 2084 1591 esse.
2102 1561 2205 1600 Atque

1173 1615 1223 1645 hic
1236 1614 1363 1653 quidem
1377 1612 1459 1652 apud
1474 1621 1568 1642 avum
1583 1614 1761 1641 maternum
1776 1610 1928 1641 educatus
1941 1612 1998 1641 est.

1215 1673 1346 1710 :Epytus
1361 1669 1561 1709 Cresphontis
1578 1669 1658 1699 lilius
1675 1667 1794 1698 insidiis
1806 1668 1963 1707 appetitus
1978 1670 2023 1698 est
2037 1668 2076 1699 ab
2091 1668 2126 1699 iis
2147 1669 2200 1708 qui

1172 1729 1301 1760 domum
1317 1729 1384 1767 ejus
1408 1727 1625 1758 incenderunt.
1651 1725 1711 1756 Sed
1733 1725 1838 1756 salvus
1863 1727 1938 1755 tunc
1963 1726 2072 1756 evasit.
2090 1729 2199 1757 Postea

1173 1797 1247 1818 vero
1257 1788 1372 1818 iterum
1384 1785 1504 1816 insidiae
1515 1785 1632 1824 paratae
1642 1785 1715 1814 sunt
1727 1785 1793 1813 tum
1806 1783 1862 1822 ipsi
1874 1785 1941 1813 tum
1955 1783 2106 1822 prosapiae
2117 1784 2184 1822 ejus
2194 1794 2202 1821 ;

1170 1854 1207 1876 ac
1231 1845 1359 1876 omnino
1384 1843 1540 1873 continuae
1565 1842 1645 1872 inter
1666 1850 1718 1871 eos
1741 1840 1904 1871 discordiae
1925 1841 2128 1878 obtinebant,
2154 1850 2203 1872 us-

87 1958 240 1998 Δωριέων,
260 1956 446 1996 μεταγνόντα
464 1956 556 1996 μόνην
572 1957 623 1987 τὸν
637 1956 840 1995 Στενύκλαρον
857 1955 980 1993 νομίσαι
997 1954 1083 1984 πόλιν
1096 1962 1104 1968 ·
1122 1954 1162 1989 εἷς
1178 1955 1284 1982 τοῦτον
1300 1951 1331 1981 δὲ
1356 1951 1408 1980 καὶ
1430 1949 1499 1984 τοὺς
1516 1948 1649 1988 Δωριέας
1675 1950 1856 1986 συναγαγεῖν
1879 1946 2005 1982 πάντας.
2024 1947 2202 1986 Apollodor.

88 2006 114 2035 ll
127 2028 134 2042 ‚
151 2008 168 2035 8
180 2027 188 2041 ,
203 2008 220 2034 5
232 2027 240 2041 ,
256 2008 273 2034 5
290 2015 296 2034 :
312 2003 502 2042 Κρεσφόντης
520 2003 551 2032 δὲ
567 2003 602 2032 οὐ
614 2002 708 2031 πολὺν
727 2001 886 2036 Μεσσήνης
903 2000 1085 2040 βασιλεύσας
1099 1999 1206 2039 χρόνον
1225 1998 1299 2036 μετὰ
1317 1997 1369 2027 δύο
1386 1996 1502 2026 παίδων
1517 1995 1664 2034 φονευθεὶς
1682 1994 1821 2023 ἀπέθανε.
1841 1993 2009 2024 Pausanias
2025 1995 2068 2024 lV
2080 2017 2088 2032 ‚
2105 1998 2121 2023 3
2134 2018 2142 2031 ‚
2158 1998 2174 2026 7
2192 2007 2198 2024 z

87 2049 277 2090 Κρεσφόντης
290 2049 322 2079 δὲ
338 2049 368 2079 ἐν
385 2048 577 2087 Στενυκλήρῳ
593 2048 644 2078 τὸν
667 2047 795 2087 βασιλέα
817 2048 909 2077 οἰκεῖν
931 2046 1152 2080 κατεστήσατο.
1172 2043 1387 2082 Διοικούμενον
1404 2042 1434 2071 δὲ
1449 2041 1538 2070 αὐτὸν
1561 2040 1599 2070 τὰ
1613 2039 1712 2069 πολλὰ
1738 2039 1765 2073 ἐς
1788 2038 1874 2078 χάριν
1893 2041 1946 2068 τοῦ
1964 2039 2060 2077 δήμου
2078 2039 2201 2078 μᾶλλον,

86 2097 115 2126 οἱ
135 2096 172 2125 τὰ
194 2095 336 2134 χρήματα
353 2094 470 2132 ἔχοντες
490 2092 580 2122 αὐτόν
602 2103 634 2122 τε
650 2092 841 2131 Κρεσφόντην
858 2090 1078 2124 ἐπαναστάντες
1095 2090 1145 2118 καὶ
1163 2089 1230 2122 τοὺς
1245 2090 1327 2119 niobe
1345 2088 1561 2118 ἀποκτείνουσι
1584 2087 1652 2120 τοὺς
1668 2085 1796 2119 λοιπούς·
1808 2086 1818 2123 (
1832 2095 1874 2116 sc.
1900 2085 2053 2124 reliquos,
2070 2088 2202 2124 excepto

88 2142 237 2180 AEpyto).
263 2143 341 2176 Quae
359 2142 488 2169 eatenus
508 2139 588 2169 inter
611 2146 643 2169 se
667 2138 835 2175 distet-unt,
862 2139 1018 2175 quatenus
1037 2134 1203 2165 Pausanias
1219 2134 1315 2166 nimio
1330 2135 1428 2174 plebis
1451 2134 1573 2171 studio,
1591 2133 1734 2171 Ephorus
1750 2132 1816 2163 sive
1840 2132 1986 2162 Nicolaus
2007 2132 2201 2163 Doriensium

86 2187 191 2218 studio
204 2187 243 2217 ab
259 2186 462 2225 optimatibus
475 2185 635 2216 Messeniae
649 2185 850 2215 interfectum
875 2183 1101 2222 Cresphontem
1127 2182 1298 2220 perhibent.
1313 2198 1354 2202 —
1370 2185 1398 2211 3.
1415 2181 1451 2215 ἐς
1476 2179 1611 2218 πέντε]
1628 2188 1668 2208 ex
1681 2187 1758 2208 voce
1771 2180 1920 2217 sequente
1945 2179 2129 2217 μετεμέλησε
2153 2179 2199 2209 sa-

87 2235 201 2265 ‹·illime
220 2233 361 2264 elicimus
374 2241 484 2263 vocem
502 2233 575 2272 μέρη
594 2232 625 2262 h.
645 2231 665 2262 l.
686 2230 902 2270 supplendam.
930 2228 1160 2269 significantius
1177 2228 1289 2258 Strabo
1307 2227 1383 2257 dicit
1410 2239 1416 2254 :
1442 2226 1531 2256 πέντε
1555 2225 1701 2259 πόλεις.
1721 2226 1862 2259 Quarum
1882 2226 2034 2262 quattuor
2051 2224 2202 2255 exhibent

87 2280 157 2311 libri
174 2289 247 2310 mss.
263 2279 426 2311 Strabonis
438 2303 446 2317 ,
464 2278 518 2317 qui
536 2279 556 2309 l.
574 2278 596 2308 l.
613 2278 714 2308 mutili
730 2286 839 2308 omnes
864 2279 947 2307 sunt.
976 2275 1125 2313 Quintam
1151 2275 1311 2304 civitatem
1326 2282 1343 2303 e
1361 2271 1488 2303 Nicolao
1507 2273 1555 2309 (v.
1572 2271 1609 2301 sr.
1631 2271 1690 2307 40)
1715 2270 1872 2309 supplevit
1895 2270 2045 2299 Miillerus
2063 2272 2141 2300 Dor.
2168 2271 2200 2308 1,

87 2337 118 2366 p.
136 2331 185 2359 95.
202 2327 293 2357 Plura
306 2325 451 2364 deinceps
470 2325 509 2355 ab
534 2326 716 2363 excerptore
729 2324 843 2354 omissa
858 2325 936 2353 sunt.
960 2323 1038 2352 llinc
1052 2321 1128 2353 illud
1153 2322 1183 2351 δὲ
1208 2322 1276 2360 post
1302 2320 1497 2359 μετεμέλησε.
1516 2335 1556 2340 —
1582 2321 1611 2347 4.
1638 2318 1705 2347 καὶ
1730 2316 1838 2355 τότε]
1865 2316 1917 2345 καί
1934 2326 2007 2346 ποτε
2025 2315 2139 2346 codex.
2162 2335 2202 2341 —

88 2379 117 2404 5.
144 2370 269 2411 αὐτῷ]
291 2371 364 2401 αὐτὸ
391 2370 461 2400 cod.
484 2372 517 2401 ln
530 2378 617 2409 seqq.
636 2369 778 2408 supplevi
807 2382 813 2399 :
840 2371 868 2399 οἱ
893 2369 1046 2408 ἐγχώριοι.
1074 2387 1112 2394 -
1126 2372 1154 2398 6.
1177 2367 1290 2407 πρὸς]
1315 2368 1443 2397 tortasse
1466 2365 1542 2404 πρὸ;
1563 2363 1614 2394 sed
1633 2363 1680 2393 vel
1694 2362 1897 2393 siciniisitata
1915 2362 1993 2392 foret
2018 2362 2147 2392 locutio.
2162 2379 2203 2385 —

87 2422 116 2450 7.
138 2421 261 2458 Κρεσφ
272 2417 382 2452 ὁντην
396 2415 406 2456 ]
430 2416 595 2456 κρεσφόντη
609 2416 719 2446 codex.
736 2415 840 2446 Credis
854 2417 963 2445 auctor
979 2414 1152 2445 secundum
1168 2414 1322 2452 Hyginum
1338 2413 1399 2443 sab.
1419 2415 1472 2442 187
1498 2413 1528 2441 et
1557 2412 1608 2440 184
1624 2410 1654 2439 et
1668 2408 1892 2448 Apollodorum
1910 2408 1931 2438 l.
1947 2408 1968 2438 l.
1994 2408 2203 2446 Polyphontes

88 2464 162 2501 suit,
187 2464 241 2503 qui
267 2462 378 2492 deinde
403 2471 497 2501 regno
511 2461 628 2500 potitus
642 2464 705 2500 est,
731 2463 762 2491 et
781 2464 944 2500 Meropen,
961 2461 1054 2490 occisi
1076 2469 1227 2498 uxorem,
1254 2461 1284 2490 in
1301 2458 1536 2490 matrimonium
1563 2455 1664 2486 duxit.
1692 2454 1804 2493 Hygini
1825 2454 1963 2484 narratio
1990 2462 2028 2484 ex
2047 2454 2203 2493 Euripidis

88 2510 281 2550 Cresphonte
295 2509 398 2540 sabula
411 2508 502 2546 (vide
519 2507 622 2547 Eurip.
638 2508 672 2538 fr
686 2517 717 2547 p.
733 2511 792 2539 726
806 2508 855 2538 ed.
875 2507 984 2546 Didot)
999 2507 1183 2537 manaverit.
1199 2506 1380 2537 Secundum
1395 2504 1556 2536 Nicolaum
1572 2504 1696 2540 Merope
1709 2510 1772 2531 una
1783 2509 1856 2530 cum
1868 2502 1981 2539 AEpyto
1995 2499 2077 2539 apud
2090 2501 2203 2539 Cypse-

87 2557 153 2588 lum
168 2555 363 2587 versabatur.
377 2554 475 2593 igitur
490 2563 558 2584 eam
573 2563 635 2584 non
646 2554 771 2584 duxerit
784 2554 1003 2593 Polyphontes.
1019 2553 1224 2592 Apollodorus
1234 2555 1381 2592 Meropen
1393 2551 1524 2591 Cypselo
1538 2551 1686 2588 AEpytum
1697 2547 1896 2578 educandum
1911 2546 2075 2577 tradidisse
2085 2548 2200 2576 narrat.

88 2603 179 2643 Apud
204 2603 361 2642 Hyginum
382 2610 436 2640 pro
457 2604 567 2640 AEpyto
584 2602 764 2631 nominatur
780 2602 986 2640 'l'elephontes
1014 2602 1022 2638 (
1037 2601 1164 2631 tortasse
1181 2600 1239 2638 leg.
1261 2598 1498 2637 Cresphontes3
1517 2597 1601 2625 certe
1627 2593 1710 2632 apud
1730 2592 1907 2631 Euripidem
1926 2601 2041 2622 nomeu
2058 2592 2120 2622 filio
2137 2593 2203 2622 erat

88 2650 310 2690 Cresphonti),
323 2657 417 2687 quem
437 2650 537 2678 mater
553 2648 703 2678 absconse
720 2647 757 2677 ad
774 2648 926 2686 hospitem
941 2648 971 2677 in
986 2647 1130 2678 AEtoliam
1147 2646 1315 2676 mandavit.
1331 2664 1370 2671 -
1383 2647 1410 2674 8.
1426 2640 1605 2682 ἀκραῖος]
1623 2641 1695 2675 Ζεὺς
1715 2640 1836 2678 ἀκραῖος
1850 2639 1881 2668 in
1898 2647 1995 2668 numo
2007 2646 2057 2677 ap.
2073 2638 2201 2669 Eclthel.

88 2700 125 2728 D.
142 2698 180 2727 N.
196 2698 243 2734 11,
257 2704 289 2734 p.
313 2699 370 2725 502
382 2718 389 2731 ‚
412 2694 527 2724 citante
541 2695 575 2725 B.
594 2695 674 2724 Hase
690 2693 721 2723 in
738 2694 846 2732 Steph.
863 2694 956 2724 Thes.
974 2702 997 2723 s.
1023 2702 1052 2723 v.
1072 2693 1157 2724 ldem
1180 2701 1293 2722 nomen
1317 2700 1373 2730 pro
1390 2690 1512 2723 ἀκταῖος
1526 2696 1575 2726 ap.
1600 2686 1771 2717 Dicaearch.
1790 2686 1828 2715 fr.
1854 2690 1892 2715 60
1905 2709 1913 2723 ,
1932 2693 1961 2723 p.
1985 2688 2042 2715 263
2054 2707 2062 2722 ,
2083 2685 2202 2715 restitui

89 2742 158 2772 vult
181 2744 335 2772 Osannus.
354 2741 512 2777 Frequens
530 2739 664 2769 aliorum
686 2739 852 2769 numinum
875 2739 1046 2778 epitheton.
1064 2756 1104 2760 —
1117 2743 1147 2769 9.
1170 2739 1231 2769 τὸν
1250 2736 1398 2777 τρίτον]
1419 2744 1495 2766 num
1519 2734 1616 2764 tilium
1634 2733 1784 2763 tertium?
1802 2733 1834 2761 at
1855 2734 1919 2761 tum
1942 2731 2072 2761 dixisset
2092 2733 2203 2761 auctor

87 2787 184 2827 τρίτον
198 2786 306 2816 ἔτεκεν.
328 2806 334 2814 .
351 2783 499 2822 Α’ίπυτον,
511 2785 547 2814 ut
560 2792 609 2822 ap.
625 2783 802 2822 Apollodor.
817 2784 837 2813 l.
851 2783 871 2814 1.
890 2796 896 2813 z
908 2783 1005 2822 τρίτον
1015 2783 1072 2821 γὰρ
1086 2782 1200 2821 ἔχουσα
1211 2784 1305 2813 παῖδα
1319 2782 1443 2822 Μερόπη
1459 2780 1643 2818 καλούμενον
1657 2778 1801 2808 Αἴπυτον.
1818 2776 1957 2815 lntellige
1970 2778 2119 2814 AEpytum
2129 2799 2137 2813 ‚
2150 2776 2202 2814 qui

89 2832 182 2871 hujus
196 2829 331 2861 nominis
346 2830 457 2860 tertius
469 2831 526 2859 est.
543 2831 682 2860 Stemma
695 2828 749 2859 dat
765 2829 932 2859 Pausanias
945 2831 1017 2859 Vlll
1029 2852 1036 2866 ,
1053 2833 1086 2866 Ξ),
1106 2831 1123 2859 4
1139 2841 1146 2859 z
1168 2830 1290 2869 Elatus;
1303 2829 1433 2867 AEpytus
1447 2828 1484 2864 (ll
1502 2828 1533 2856 et
1547 2823 1764 2863 stymphalu55
1782 2822 1953 2861 Agamedes
1967 2822 2140 2861 Stymphali
2157 2822 2200 2859 f.;

88 2881 246 2917 Cercyon3
275 2872 487 2915 Hippothous;
511 2877 643 2914 AEpytus
666 2876 738 2914 (ll);
767 2876 936 2914 Cypselus;
964 2877 1106 2912 Merope;
1131 2876 1261 2914 AEpytus
1286 2875 1367 2913 (lll).
1385 2889 1424 2894 —
1445 2877 1489 2902 10>
1516 2871 1608 2900 αὐτοῦ
1630 2871 1670 2905 εἰς
1696 2869 1858 2905 Μεσσήνην
1881 2868 1910 2898 ἐν
1935 2868 2067 2906 μέτεισιν
2090 2867 2200 2897 ⁰011&-

87 2941 128 2946 —
155 2921 665 2960 11.Α’ίπυτος].ΈργῐιιιιιΙιιιηο
689 2921 784 2959 patris
806 2922 925 2952 caedem
942 2921 1044 2951 ultum
1072 2929 1137 2951 esse
1167 2921 1301 2951 traditur
1326 2929 1374 2957 ap.
1399 2917 1641 2956 Apollodorum,
1672 2915 1826 2954 Hyginum
1851 2915 1860 2953 (
1881 2914 1953 2944 coll.
1981 2914 2090 2951 fragm.
2115 2913 2202 2943 Euri-

88 2970 150 3008 pid.
167 2970 186 2999 l.
199 2969 220 2999 l.
233 2969 242 3006 )
253 2992 261 3006 ,
278 2966 462 2998 Pausaniam
480 2968 522 2997 IV
533 2990 541 3004 ,
555 2971 570 2997 3
582 2991 589 3004 ,
605 2970 638 3003 8,
656 2966 707 2996 ubi
729 2966 796 2996 haec
815 2979 821 2997 :
837 2967 872 2997 ‘O
886 2967 916 2997 δὲ
935 2967 1104 3000 Αἴπυτος...
1123 2970 1164 3001 ὡς
1179 2968 1252 3006 ἀνὴρ
1266 2967 1381 3004 ἐγένετο
1392 2988 1400 3002 ,
1418 2966 1446 2994 οἱ
1464 2962 1598 3002 Ἀρκάδες
1614 2961 1713 2998 (duce
1729 2961 1836 2990 llolaeo
1847 2983 1854 2997 ,
1870 2959 1992 2998 Cypseli
2010 2958 2074 2988 lilio
2085 2981 2093 2995 ‚
2110 2960 2179 2987 Vltl
2193 2981 2200 2993 ‚

90 3020 107 3046 5
118 3039 125 3052 ‚
149 3014 185 3052 7)
202 3013 385 3050 κατάγουσιν
411 3013 500 3043 αὐτὸν
524 3013 551 3047 ἐς
577 3013 751 3048 Μεσσήνην.
776 3013 1011 3052 Συγκατήγαγον
1025 3014 1055 3044 δὲ
1069 3014 1120 3043 καὶ
1134 3015 1161 3042 οἱ
1184 3013 1283 3042 λοιποὶ
1304 3012 1435 3049 βασιλεῖς
1457 3013 1517 3039 τῶν
1534 3008 1674 3047 Δωριέων
1687 3031 1694 3045 ,
1712 3007 1740 3036 οἰ’
1756 3017 1788 3036 τε
1804 3006 2017 3045 Ἀριστοδήμου
2032 3005 2134 3038 παῖδες
2150 3004 2201 3032 καὶ

88 3061 222 3100 Ἴσθμιος
234 3062 244 3099 (
254 3061 275 3091 l.
292 3060 406 3095 Κίσσος
419 3060 468 3089 vel
482 3059 623 3097 Κίσσιος)
637 3061 652 3089 ὁ
666 3059 814 3098 Τημένου.
831 3060 959 3094 Α’ίπυτος
973 3061 1003 3090 δὲ
1018 3062 1057 3095 ὡς
1071 3059 1263 3089 ἐδασίλευσεν
1275 3081 1282 3095 ,
1298 3057 1507 3096 ἐτιμωρήσατο
1519 3054 1571 3094 μὲν
1585 3057 1638 3084 τοῦ
1650 3054 1760 3092 πατρὸς
1770 3052 1839 3086 τοὺς
1850 3052 1954 3091 φονέας
1966 3074 1974 3088 ,
1989 3050 2201 3088 ἐτιμωρήσατο

89 3107 121 3137 δὲ
133 3107 184 3137 καὶ
201 3107 268 3136 ὅσοι
282 3109 335 3135 τοῦ
354 3105 444 3145 φόνου
460 3105 613 3144 παραίτιοι
629 3106 869 3141 καθειστήκεσαν
881 3113 887 3119 ·
905 3106 1130 3144 προσαγόμενος
1148 3106 1178 3136 δὲ
1191 3105 1259 3139 τοὺς
1281 3105 1311 3134 ἐν
1326 3105 1402 3134 τέλει
1424 3106 1484 3133 τῶν
1504 3101 1686 3136 Μεσσηνίων
1709 3098 1878 3138 Θεραπείαις
1891 3121 1898 3133 ,
1924 3099 1991 3127 ὅσοι
2006 3098 2036 3127 δὲ
2050 3096 2128 3133 ἦσαν
2147 3098 2200 3124 τοῦ

89 3152 185 3189 δήμου
196 3175 204 3189 ,
218 3151 341 3189 δωρεαῖς
352 3173 359 3187 ,
375 3150 403 3184 ἐς
416 3153 561 3180 τοσοῦτον
577 3150 690 3189 προέὸη
702 3152 742 3184 ὡς
756 3151 806 3179 καὶ
822 3151 891 3184 τοὺς
905 3150 1072 3188 ἀπογόνους
1089 3151 1249 3185 Αἰπυτίδας
1267 3150 1330 3180 ἀντὶ
1346 3149 1548 3188 Ἡρακλειδῶν
1561 3147 1730 3177 καλεῖσθαι.
1744 3144 1846 3183 AEpyti
1863 3144 1944 3173 filius
1958 3143 2111 3178 Glaucus,
2126 3141 2199 3170 item

90 3197 136 3226 vir
151 3196 287 3235 optimus
299 3204 335 3225 ac
352 3195 506 3234 piissimus
528 3195 603 3232 suit;
629 3203 822 3225 successores
839 3195 906 3233 ejus
927 3196 1087 3234 Isthmias,
1108 3196 1259 3233 Dotades‚
1277 3195 1427 3234 Sybotas‚
1447 3193 1585 3224 Phintias
1598 3216 1605 3229 ,
1621 3200 1781 3222 sacrorum
1799 3189 1995 3219 institutione
2012 3186 2199 3223 structisque

91 3242 212 3280 templis
227 3243 300 3272 sunt
317 3241 488 3271 clarissimi.
510 3241 560 3271 Sic
576 3240 758 3279 Pausanias;
773 3249 865 3279 quem
882 3241 1103 3271 Messeniorum
1116 3241 1313 3272 sacerdotum
1330 3240 1541 3271 narrationem
1556 3237 1683 3268 reddere
1699 3237 1751 3267 vix
1765 3235 1896 3266 dubium
1914 3242 1979 3264 esse
1991 3234 2101 3271 potest.
2121 3233 2199 3261 Con-

90 3289 137 3317 tra
155 3287 295 3325 Ephorus
311 3287 375 3317 sive
401 3287 548 3318 Nicolaus
564 3287 721 3317 contraria
738 3287 830 3325 plane
848 3286 908 3325 (de
924 3287 1039 3325 quibus
1063 3287 1188 3318 aliunde
1205 3297 1267 3318 non
1287 3287 1430 3324 constat)
1450 3285 1578 3316 tradens
1590 3308 1597 3321 ,
1624 3293 1663 3314 ex
1693 3280 2003 3313 Lacedaemoniorum
2023 3277 2199 3326 narratione

92 3333 223 3372 pendere
240 3332 373 3363 videtur.
388 3333 527 3364 Conterri
541 3333 638 3372 possit
655 3333 796 3364 lsocratis
810 3334 1024 3363 continentum
1040 3334 1069 3363 in
1085 3334 1272 3364 Archidamo
1287 3333 1303 3373 ᾗ
1322 3337 1357 3365 23
1376 3336 1406 3364 et
1430 3338 1462 3363 31
1481 3341 1509 3371 p.
1534 3333 1570 3362 78
1586 3330 1633 3360 ed.
1661 3329 1764 3360 Didot.
1796 3328 1848 3357 uhi
1872 3324 2072 3364 Cresphontis
2088 3322 2176 3352 liberi
2188 3346 2198 3360 ,
