2338 3765
135 174 209 205 368

133 253 249 291 Πίσαν
268 255 284 289 ὃ
304 253 420 304 Πέλοψ
439 253 503 289 ὑπὸ
521 253 637 304 πολλῷ
652 255 809 304 στρατῷ,
831 254 968 306 πέμψας
988 256 1160 309 Μυρτίλον

131 311 304 360 Οἰνόμαος
327 312 367 361 (o)
389 311 471 361 πρὸς
491 310 606 357 αὐτὸν,
627 311 853 362 ἐπυνθάνετο,
870 312 947 350 ὅτου
969 315 1071 366 χάριν
1091 316 1163 366 ἀερί-

131 384 243 406 κοιτο·
273 369 466 420 προσεδοκα
502 368 537 406 δὲ
571 372 751 420 ng-qorsspcz
782 371 882 407 αὐτὸν
917 387 990 421 γενε
979 374 1072 409 εσθαι
1101 377 1161 418 τ’ἧς

130 427 308 477 θυγατρός.
336 427 376 464 Ὁ
405 427 439 463 δὲ
470 426 676 477 ἀπεκρίνατο
703 427 787 479 πρὸς
817 444 873 465 τον
894 430 1082 480 Μυρτίλον,
1113 430 1163 467 ὅτι

129 484 189 530 τὴν
215 484 333 549 χώραν
362 485 520 530 οἰκήσων.
565 484 632 522 Koa
664 487 680 521 ὃ
703 485 875 537 Μυρτίλος
906 491 997 524 εἶπεν
1027 487 1077 524 ὅτι
1100 489 1161 525 οὐκ

136 536 274 579 εὐπετὲς
303 536 353 583 εἴη
385 538 521 581 ἄκοντος
552 541 748 589 Οἰνομάου·
782 544 881 586 αὐτὸς
916 561 957 581 υε
951 544 1030 582 ’ντοι
1060 545 1163 581 σύνα-

131 596 245 630 σθαι
227 594 300 631 αντ’
317 595 444 634 ἐκείνου
461 596 606 648 πρᾶξαι,
624 601 652 636 εἰ
667 600 853 652 ὑπόσχοιτο
873 603 1050 650 Οἰνομάου
1072 619 1165 670 κρα-

129 670 237 699 τησας
258 655 377 691 δώσειν
399 655 492 705 αὐτῷ
513 655 595 706 πρὸς
618 656 727 705 γάμον
747 658 807 703 τὴν
828 659 954 695 ἐκείνου
978 662 1028 695 oo
1020 660 1159 710 γατέρα.

130 712 174 750 Ὁ
194 712 221 749 δ’
241 712 411 763 ὑπέσχετο
428 728 486 749 και
501 712 614 762 ὤμοσε
629 730 736 752 ταυτα
752 716 919 761 ποιήσειν.
940 717 1037 754 Μετὰ
1054 732 1161 753 ταυτα

128 771 266 822 ἔρχεται
293 771 376 822 πρὸς
396 771 570 820 Οἰνόμαον
590 774 606 809 ὃ
629 774 818 824 Μυρτίλος,
837 775 894 811 καὶ
914 774 954 811 τὰ
975 774 1069 825 παρὰ
1092 775 1161 811 Πέ-

127 830 232 871 λοπος
252 828 461 878 διηγήσατο·
479 831 496 865 ὃ
516 828 551 866 δὲ
579 829 635 866 τὸν
663 831 808 881 στρατὸν
838 832 960 875 ἁλίσας
981 833 1038 870 καὶ
1063 833 1162 875 αὐτὸς

127 885 299 928 ὁπλισθεὶς
322 886 457 932 ἐξῆλθεν
479 888 524 929 εἷς
544 887 661 938 μάχην
682 888 839 926 ἐκῧαλεῖν
863 890 1005 927 Πέλοπα
1024 890 1159 941 χρῄζων

128 943 196 981 ἀπὸ
208 947 267 990 τῆς
280 943 406 995 χώρας.
419 944 464 982 ‘O
479 944 513 982 δὲ
529 946 622 996 αὐτῷ
636 947 833 990 ὑπαντιάζει
849 947 934 996 μετὰ
952 950 1017 984 τῶν
1034 947 1160 996 ἑπομέ-

126 1018 206 1052 νων,
227 1003 284 1039 καὶ
290 1003 498 1074 ἀρχομένης
518 1006 577 1046 τ’ἧς
599 1004 731 1054 μάχης,
753 1007 769 1041 ὁ
792 1005 966 1057 Μυρτίλος
984 1005 1162 1057 παραιὸά-

126 1076 187 1106 της
212 1076 257 1096 ων
285 1062 340 1097 ἐπι
360 1065 417 1098 τοῦ
443 1061 615 1112 ἅρματος,
638 1062 769 1107 πλήξας
798 1062 882 1113 ξίφει
905 1063 961 1100 τὸν
987 1064 1161 1112 Οἰνόμαον

126 1118 196 1155 ἀπο
216 1122 272 1155 τοῦ
294 1118 410 1170 δίφρου
436 1120 463 1169 (7
468 1124 476 1168 )
497 1119 689 1166 κατέὸαλε,
710 1120 768 1156 καὶ
789 1124 896 1157 ταῦτα
923 1121 1053 1172 πράξας
1080 1121 1161 1172 πρὸς

130 1177 310 1214 Πέλοπα
293 1177 531 1228 απεχώρησεν.
549 1177 719 1219 Πεσόντος
734 1177 768 1214 δὲ
782 1178 973 1227 Οἰνομάου,
990 1179 1160 1228 ὃστρατὸς

892 1235 936 1273 ‘O
961 1236 995 1273 δὲ
1021 1237 1156 1289 Πέλοψ,

128 1294 204 1329 καθ’
222 1292 372 1343 ἡσυχίαν
393 1294 438 1335 εἷς
469 1292 581 1330 Πίσαν
609 1293 753 1338 ἐλάσας,
779 1293 908 1339 ἐκείνην
930 1293 1079 1345 κατέσχε
1100 1295 1159 1332 καὶ

127 1234 349 1281 διεσκεδάσθη
363 1264 371 1280 ,
392 1235 449 1271 καὶ
470 1234 567 1271 ἄλλοι
592 1235 679 1284 ἄλλῃ
703 1234 854 1285 ἔφευγον.

130 1349 191 1396 τὴν
208 1350 386 1399 Οἰνομάου
400 1356 515 1387 πᾶσαν
528 1349 654 1401 ἀρχήν.
671 1349 838 1401 ι’Υστερον
855 1352 887 1388 δὲ
906 1351 1157 1401 Ἱπποδάμειαν

125 1411 236 1457 γ’ῆμαι
254 1409 371 1454 θέλων,
389 1408 444 1445 τὸν
467 1408 654 1459 Μυρτίλον,
669 1408 724 1445 διά
740 1424 776 1445 τε
792 1413 890 1446 τοῦτο
908 1410 965 1447 καὶ
986 1409 1158 1447 Ἱπποδα-

127 1466 208 1517 μείᾳ
225 1465 448 1518 χαριζόμενος
463 1465 605 1516 δεομένῃ
625 1466 891 1517 τιμωρήσασθαι
907 1468 963 1504 τὸν
976 1468 1079 1519 φονέα
1098 1471 1158 1505 τοῦ

125 1524 271 1575 πατρὸς,
304 1523 442 1574 ἀγαγὼν
477 1526 522 1566 εἷς
553 1524 701 1574 πέλαγος
736 1524 945 1572 ἐπόντωσεν,
976 1525 1034 1562 καὶ
1071 1525 1157 1575 μετὰ

124 1585 233 1619 ταῦτα
252 1582 359 1633 ἔγημε
382 1583 423 1634 (s)
441 1581 503 1628 τὴν
521 1581 783 1632 Ἱπποδάμειαν.

615 1682 671 1719 18.

730 1751 751 1766 O

179 1779 264 1812 Exc.
286 1778 341 1810 De
362 1777 447 1810 virt.
481 1788 488 1809 :
518 1772 603 1812 t'Ort
630 1775 659 1810 οἱ
681 1772 905 1824 Ἀργοναῦται
927 1773 1084 1816 πλέοντες
1102 1774 1158 1811 ἐπὶ

127 1833 303 1884 Κόλχους,
327 1832 401 1869 ἐπεὶ
419 1831 572 1881 ἐγένοντο
590 1833 623 1868 ἓν
645 1831 778 1884 Λήμνῳ
801 1831 867 1868 ὑπὸ
889 1835 1058 1882 γυναικῶν
1080 1833 1155 1870 τότε

122 1891 316 1941 οἰκουμένῃ,
331 1886 370 1936 ἧς
383 1890 560 1943 (Υψιπύλη
578 1890 776 1927 ἐδασίλευεν
791 1892 838 1942 (οἱ
856 1890 890 1927 δὲ
909 1890 1026 1941 ἄνδρες
1041 1892 1080 1941 (ι)
1092 1891 1156 1937 ἤδη

122 1950 304 1987 κατέλιπον
343 1948 401 1992 τὰς
431 1951 596 2000 γυναῖκας
634 1948 698 1985 ὑπὸ
732 1949 956 1995 ζηλοτυπίας,
992 1948 1043 1985 ὅτι
1084 1951 1159 1993 ταῖς

122 2009 302 2060 Θρῄσσαις
315 2009 494 2059 ἐμίγνυντο
505 2007 822 2056 καταλιμπάνοντες
834 2007 1006 2055 ταύτας),
1021 2007 1159 2058 ἔρχεται

123 2070 167 2110 εἷς
178 2067 294 2117 λόγους
309 2066 437 2104 loto-ova
454 2066 504 2104 Υ
501 2065 642 2117 ψιπυλη·
658 2065 716 2102 καὶ
729 2067 821 2116 διιρα
837 2066 940 2102 δουσα
953 2081 1086 2102 επεισεν
1102 2082 1157 2103 αυ-

121 2129 163 2176 τῇ
183 2129 209 2174 (2
211 2127 221 2175 )
241 2140 387 2174 συγκοιυ.
390 2128 534 2173 ηθῆναι,
555 2124 612 2161 καὶ
627 2140 704 2167 τους
723 2124 844 2166 ἄλλους
862 2126 981 2160 πεῖσαι
995 2126 1069 2166 ταῖς
1087 2125 1155 2161 λοι-

122 2189 202 2226 παῖς
220 2186 464 2231 συνευνᾶσθαι,
484 2185 528 2225 ὡς
542 2198 582 2219 αν
599 2183 634 2232 ἐγ
637 2183 834 2232 γεννήσειαν
848 2183 974 2224 παῖοας
988 2182 1022 2226 εξ
1034 2184 1155 2219 αυτῶν.

123 2240 169 2278 ‘()
190 2241 224 2278 δὲ
242 2241 395 2285 ἐπείσθη,
411 2241 469 2277 καὶ
485 2240 700 2290 συγγίνονται
715 2242 790 2282 ταῖς
810 2239 982 2288 Λημνίαις
999 2242 1028 2277 οἱ
1046 2240 1158 2290 Ἀργο-

123 2303 265 2336 ναῦται·
287 2298 346 2336 καὶ
369 2302 389 2344 ἡ
408 2298 585 2349 (Υψιπύλη
606 2299 714 2334 παῖδα
735 2298 837 2348 ἔσχεν
856 2296 983 2336 Εὔνεον
1005 2298 1062 2348 (3).
1085 2297 1156 2336 Καὶ

124 2358 299 2407 μείναντες
319 2358 431 2407 ὀλίγον
451 2356 587 2408 χρόνον,
610 2356 713 2393 πάλιν
731 2355 876 2406 ᾤχοντο.

611 2463 667 2497 19.

931 169 1132 207 NffiOLA'l
1163 172 1448 210 DAMASCENJ

1224 267 1364 288 amorem
1381 259 1568 298 defugiebat.
1588 262 1660 289 ‚Iam
1676 259 1728 290 ubi
1743 260 1781 291 ad
1802 261 1901 292 Pisani
1924 263 2035 303 l'elops
2051 273 2164 304 magno
2182 275 2265 317 curn,

1224 317 1364 347 exercitu
1386 317 1513 347 accessit
1529 341 1536 354 ,
1557 318 1650 347 misso
1668 319 1796 357 Myrtilo
1810 321 1985 352 OEnomaus
1998 331 2034 352 ex
2054 332 2091 354 eo
2108 318 2261 363 quaesivit

1225 387 1364 417 quonam
1384 379 1504 410 veniret
1523 380 1671 418 consili0;
1690 382 1895 421 exspectabat
1917 393 1991 414 eum
2007 386 2134 425 nuptias
2153 388 2256 418 ambi-

1223 443 1330 480 turum
1354 441 1434 471 lilim.
1452 444 1569 472 verum
1597 443 1708 482 Pelops
1725 444 1883 484 respondit
1900 446 2007 478 adesse
2033 457 2066 479 se
2083 450 2118 479 ut
2136 451 2253 481 terram

1223 503 1304 533 hanc
1321 503 1520 534 inhabitaret.
1537 506 1617 535 Tum
1637 506 1783 544 Myrtilus
1800 507 1884 538 haud
1905 508 1994 540 facile
2008 509 2068 541 hoc
2083 510 2147 542 fieri
2167 521 2259 551 posse

1224 566 1323 596 imito
1348 567 1525 605 OEnomao,
1542 567 1645 606 ipsum
1673 569 1779 599 tamen
1809 578 1865 608 pro
1887 571 2002 610 Pelope
2026 581 2093 603 rem
2123 574 2257 606 et'sectu—

1223 639 1294 660 rum
1309 638 1376 661 esse
1397 629 1491 669 dicit,
1506 630 1660 670 siquidem
1678 632 1878 672 polliceretur
1894 644 1945 674 se,
1970 636 2054 667 victo
2078 639 2258 677 OEnomao,

1224 694 1319 724 tiliam
1342 693 1409 732 ejus
1425 694 1456 724 in
1471 694 1708 726 matrimonium
1725 696 1782 736 ipsi
1801 697 1962 729 daturum.
1992 699 2139 731 Promisit
2155 701 2207 732 ille
2227 703 2259 733 et

1221 758 1340 796 juravit
1358 758 1403 788 ita
1418 766 1451 788 se
1468 759 1628 790 facturum
1645 768 1720 791 esse.
1749 762 1823 792 Post
1844 762 1913 793 lioec
1931 764 2077 802 Myrtilus
2098 764 2137 795 ad
2155 767 2257 796 OEno-

1223 829 1330 851 maum
1356 830 1499 852 reversus
1520 821 1560 852 de
1588 823 1716 853 consilio
1743 824 1864 863 Pelopis
1881 826 2046 857 certiorem
2069 827 2156 858 facit.
2178 830 2257 868 Rex,

1223 886 1354 916 collecto
1368 885 1526 925 exercitu,
1545 885 1641 916 armis
1656 895 1689 917 se
1712 886 1862 919 instruxit
1884 890 1915 919 et
1933 889 1971 919 ad
1998 890 2144 929 proelium
2162 891 2257 930 exiit,

1223 957 1286 987 quo
1297 948 1444 988 Pelopem
1459 949 1584 988 regione
1596 950 1778 989 expelleret.
1810 952 1865 982 Ille
1876 976 1884 990 ‚
1898 961 1954 983 sua
1968 953 2099 993 stipatus
2111 956 2238 986 caterva
2247 979 2255 993 ‚

1223 1014 1333 1044 contra
1351 1013 1559 1053 progreditur.
1577 1015 1637 1045 Sed
1660 1015 1715 1046 vix
1728 1015 1766 1046 ad
1783 1024 1895 1047 manus
1909 1018 2041 1048 ventum
2064 1019 2128 1057 est,
2156 1028 2257 1059 quum

1223 1079 1369 1117 Myrtilus
1386 1087 1424 1109 ex
1443 1078 1555 1109 eodem
1572 1087 1646 1109 cum
1673 1081 1834 1110 OEnomao
1860 1089 1955 1112 curru
1979 1091 2138 1122 pugnans,
2155 1083 2258 1123 gladio

1223 1143 1308 1173 hunc
1325 1143 1415 1182 serit,
1440 1142 1479 1173 de
1495 1142 1568 1174 sede
1583 1143 1751 1182 deturbat,
1768 1145 1800 1175 et
1817 1144 1855 1174 ad
1882 1145 2029 1185 Pelopem
2053 1147 2178 1178 transit.
2207 1147 2258 1179 Sic

1222 1216 1304 1237 caeso
1323 1209 1502 1245 OEnomam
1526 1207 1686 1238 exercitus
1707 1207 1873 1239 universus
1894 1208 2055 1249 dissipari,
2073 1211 2172 1241 etalii
2195 1211 2257 1242 alio

1221 1271 1379 1310 aufugere.
1401 1271 1510 1310 Pelops
1529 1271 1622 1310 igitur
1644 1271 1768 1303 nemine
1781 1272 1966 1311 prohibente
1982 1274 2083 1304 Pisani
2103 1274 2258 1313 ingressus

1222 1335 1252 1364 et
1272 1334 1391 1373 reliqua
1406 1334 1556 1365 OEnomai
1570 1334 1688 1365 ditione
1705 1335 1825 1374 potitus
1838 1337 1895 1366 est.
1918 1337 2027 1367 Postea
2040 1339 2145 1367 autem
2157 1347 2256 1377 quum

1222 1398 1463 1438 Hippodamiam
1476 1407 1607 1429 uxorem
1621 1398 1736 1430 ducere
1749 1401 1890 1439 cuperet,
1902 1402 1970 1431 tum
1983 1401 2063 1432 hanc
2074 1402 2114 1432 oh
2128 1411 2256 1433 causam

1222 1464 1290 1493 tum
1314 1464 1348 1493 nt
1366 1462 1596 1502 gratificaretur
1614 1462 1831 1502 Hippodamiae
1859 1464 1978 1495 eaedem
2002 1465 2098 1504 patris
2122 1466 2256 1505 ulturae,

1222 1526 1383 1566 Myrtilum
1398 1527 1434 1556 ad
1451 1535 1536 1557 mare
1550 1526 1721 1557 abductum
1736 1527 1903 1567 demersit,
1919 1530 1950 1559 et
1963 1528 2076 1560 deindo
2096 1530 2255 1561 connubio

1223 1590 1281 1621 sibi
1294 1590 1401 1628 junxit
1425 1590 1680 1630 Hippodamiam.

1712 1683 1766 1714 18.

1264 1780 1371 1814 Quum
1389 1778 1580 1815 Argonautae
1592 1801 1600 1816 ,
1619 1779 1672 1817 qui
1687 1778 1821 1809 Colchos
1834 1779 2043 1818 navigabant,
2060 1780 2099 1810 ad
2121 1781 2254 1812 insulam

1221 1838 1374 1867 Lemnum
1389 1836 1564 1874 venissent,
1579 1844 1674 1875 quam
1689 1837 1758 1866 tum
1772 1837 1919 1867 mulieres
1939 1838 2142 1878 habitabant,
2159 1840 2248 1877 (nain

1220 1904 1282 1934 que
1298 1904 1310 1921 x
1322 1894 1357 1924 iri
1374 1895 1443 1925 tum
1462 1894 1526 1933 jam
1543 1894 1698 1925 interfecti
1712 1896 1801 1925 erant
1817 1895 1856 1925 ab
1871 1895 2022 1926 uxoribus
2042 1906 2105 1936 prae
2120 1897 2235 1928 invidia
2246 1923 2254 1935 ,

1220 1952 1306 1992 quod
1329 1952 1440 1992 spretis
1461 1952 1520 1983 illis
1533 1961 1605 1982 eum
1623 1952 1761 1983 Thressis
1778 1962 1843 1983 rem
1867 1953 2048 1993 haberent,)
2065 1955 2232 1995 Hypsipyla
2247 1981 2254 1994 ,

1220 2011 1419 2042 Lemniaruin
1441 2010 1563 2050 regina,
1580 2010 1694 2041 oblatis
1711 2011 1811 2041 lasoni
1828 2012 2012 2042 muneribus
2026 2014 2195 2052 persuasit,
2210 2023 2255 2044 se-

1219 2078 1292 2099 cum
1307 2070 1341 2100 ut
1360 2068 1601 2106 concumberet,
1619 2068 1781 2108 sociosque
1797 2069 1988 2108 hortaretur,
2005 2072 2038 2101 ut
2055 2080 2127 2101 cum
2145 2073 2255 2103 ceteris

1219 2127 1336 2157 cubare
1350 2135 1477 2166 quoque
1490 2127 1624 2163 vellent,
1638 2136 1701 2166 quo
1718 2136 1754 2157 ex
1771 2136 1878 2158 eorum
1893 2130 1960 2158 satu
1975 2128 2097 2159 soboles
2110 2138 2250 2165 nascere-

1219 2187 1281 2216 tur.
1292 2185 1383 2221 Quod
1395 2194 1494 2224 quum
1510 2187 1599 2215 lason
1612 2185 1817 2224 praestitisset,
1833 2188 2020 2224 Argonauta}
2031 2196 2103 2217 cum
2119 2189 2254 2219 Lemniis

1219 2243 1405 2274 mulieribus
1418 2252 1484 2273 rem
1498 2243 1654 2281 habuere,
1678 2244 1709 2274 et
1723 2243 1916 2283 aliquamdiu
1938 2245 1968 2274 in
1992 2244 2090 2275 insula
2110 2254 2250 2276 eommo-

1219 2302 1298 2340 rati‚
1323 2302 1429 2340 postca
1450 2302 1520 2331 vela
1536 2302 1647 2332 secere.
1669 2301 1838 2340 Hypsipyla
1864 2310 1939 2332 vero
1959 2290 2093 2341 puerum
2114 2304 2252 2343 peperit,

1219 2359 1346 2390 nomine
1365 2361 1519 2390 Eunt-um.

1714 2454 1754 2485 19

1262 2544 1390 2575 Larissae
1420 2545 1526 2574 Piasus
1546 2545 1645 2582 pater,
1661 2552 1768 2574 ainore
1786 2544 1853 2582 ejus
1872 2544 2021 2583 flagrans,
2046 2545 2110 2576 vim
2134 2545 2249 2576 intule-

175 2547 264 2579 Exc.
299 2546 349 2579 Dc
377 2543 485 2577 insid.
521 2540 564 2577 :⁸

567 2544 632 2579 Οτι
651 2540 812 2591 Λάρισσα
834 2540 899 2577 ὑπὸ
932 2540 1067 2578 Πιάσου
1096 2543 1154 2576 τοῦ

121 2675 161 2682 --
172 2660 201 2686 s».
219 2656 288 2685 Οἶν
298 2654 370 2693 ὁμα
380 2665 395 2683 ο
405 2653 434 2693 3]
446 2652 599 2691 οὶνὸμενος
614 2652 711 2683 codex
724 2663 732 2691 ;
748 2652 831 2682 idem
846 2651 951 2691 paullo
965 2653 1037 2682 ante
1049 2652 1162 2691 Πέλωψ
1173 2675 1181 2689 ,
1196 2652 1225 2681 et
1241 2660 1312 2680 mox
1327 2650 1511 2690 προσέδωκα
1527 2658 1582 2689 pro
1595 2649 1779 2689 προσεδόκα.
1790 2667 1829 2671 —
1843 2653 1874 2682 7.
1886 2651 1969 2690 δίφρ
1979 2650 2041 2691 ου]
2055 2652 2166 2690 δήφρου
2179 2650 2249 2682 cod.

121 2722 161 2729 -
174 2706 203 2734 8.
219 2700 357 2740 ἔγημε]
375 2700 474 2738 ἐ’γειμε
489 2698 600 2729 codex.

168 2753 212 2781 18.
243 2748 323 2780 Cod.
358 2750 477 2778 Turon.
493 2746 562 2784 sol.
592 2748 668 2783 229,
691 2749 706 2777 7
723 2763 762 2767 -«
780 2747 812 2775 lli
830 2753 859 2775 r.
884 2764 925 2771 -—
951 2749 975 2775 1.
996 2746 1029 2774 οἱ
1047 2745 1082 2775 δὲ

123 2810 137 2823 a
152 2797 198 2827 Οὐ
208 2796 329 2836 συνᾴοει
343 2795 380 2824 τοι
394 2795 424 2823 λε
427 2804 541 2832 γομεια
557 2797 618 2828 τοῖς
632 2793 715 2832 παρὰ
731 2795 774 2822 τιῖ)
789 2792 1007 2829 ’Λπόλλοδώριι
1025 2789 1092 2829 (Λ’,

121 2844 152 2879 ἐξ
179 2843 286 2882 ἐτέρων
306 2840 504 2880 μυθογράφων
530 2840 607 2869 αὐτὰ
631 2839 802 2878 παραλαῧε
792 2849 817 2867 ιν
840 2838 891 2868 τὸν
914 2837 1092 2867 Νικόλαον

1100 2744 1269 2783 ἄνδρες...
1290 2742 1450 2782 ταύτας]
1471 2742 1574 2772 Verba
1598 2741 1701 2772 hiulca
1726 2742 1757 2772 et
1773 2743 1922 2781 corrupta
1947 2742 2031 2772 sunt.
2059 2743 2210 2782 corayus
2238 2752 2248 2771 :

1109 2789 1128 2821 θ’
1140 2792 1150 2828 )
1165 2790 1456 2829 μεμυθολογημένοις
1472 2789 1538 2829 περὶ
1552 2791 1612 2818 τῶν
1627 2788 1771 2828 Λημνίων
1785 2792 1947 2827 γυναικῶν.
1964 2789 2136 2828 Ἰἐνὸέχεται
2151 2789 2250 2820 τοίνυν

1114 2861 1120 2867 .
1141 2847 1202 2866 ενοε
1199 2838 1292 2875 ’χεται
1313 2836 1343 2865 δε
1370 2836 1421 2865 καὶ
1447 2836 1500 2871 τήν
1516 2835 1631 2874 γραφὴν
1647 2835 1837 2875 ἡμαρτῆσθαι
1854 2839 1915 2870 τοῖς
1940 2835 2082 2874 ὕστερον,
2104 2836 2163 2866 ὧδέ
2185 2846 2250 2870 πως

122 2890 254 2930 ἔχουσαν
273 2889 348 2927 τέῳς
359 2888 458 2921 ’Τους
476 2886 506 2916 δὲ
521 2886 627 2925 ἄνδρας
641 2886 698 2921 ἥδη
721 2884 916 2915 κατεκτειιαν
939 2884 974 2921 (ὴ
990 2884 1180 2921 κατέὶυσαν)
1197 2885 1228 2913 αἱ
1254 2894 1287 2922 γ
1277 2885 1392 2917 »ναῖκες
1412 2892 1475 2912 ww
1490 2881 1681 2917 ζηλοτυπίας.
1698 2894 1712 2908 1>
1735 2899 1776 2904 —
1794 2885 1822 2911 2.
1841 2892 1885 2911 αυ
1893 2893 1909 2912 t
1917 2881 1957 2922 ῃ]
1974 2881 2062 2911 Vale
2054 2882 2164 2921 ,αὖτῷ
2177 2881 2247 2912 cod.

121 2957 161 2963 ...
176 2941 202 2967 3.
219 2936 310 2966 Eous
318 2933 378 2973 ον]
396 2935 420 2963 V
423 2933 462 2963 ιἸ.
477 2957 484 2971 ,
505 2943 622 2963 ευναιον
637 2932 748 2962 codex
770 2934 804 2961 V
825 2932 858 2962 ll
877 2943 896 2967 η
898 2930 1011 2968 ,468,
1031 2932 1061 2960 et
1077 2931 1168 2969 plura
1184 2929 1266 2968 apud
1288 2929 1410 2958 Miillor.
1435 2929 1518 2958 Min.
1535 2929 1604 2958 304.

167 2985 216 3013 19.
243 2980 328 3011 Cori.
357 2978 520 3010 Ῑωςιοιιαί.
540 2977 607 3015 sol.
632 2980 688 3013 77
706 2981 826 3007 2.›-25
852 2985 916 3007 vso.
940 2976 1047 3006 Codex
1070 2988 1077 3006 z
1105 2975 1234 3015 Λάρισα
1260 2974 1399 3004 Eandem
1425 2982 1490 3004 iem
1516 2974 1559 3004 sic
1581 2974 1687 3004 narrat
1716 2973 1829 3005 Strabo
1855 2974 1949 3010 Xlll,
1978 2981 2008 3012 p.
2035 2975 2121 3004 021:
2139 2973 2189 3003 Ἐν
2217 2973 2248 3004 δὲ

122 3033 159 3069 τῇ
187 3027 352 3067 Φρικωνίδι
378 3025 521 3065 Λαρίσσᾳ
540 3024 630 3063 (quae
653 3032 672 3053 a
699 3026 799 3054 Cuine
821 3023 915 3053 distat
931 3023 1039 3053 stadiis
1057 3022 1114 3059 70)
1129 3021 1306 3059 τετιμῆσθαι
1332 3021 1449 3060 λέγεται
1466 3019 1602 3057 Πίασος,
1622 3020 1655 3050 ὅν
1677 3030 1767 3060 φασιν
1783 3019 1916 3058 ἄρχοντα
1932 3019 2100 3057 Πελασγῶν
2114 3019 2243 3058 ἐρασθῆ-

122 3086 170 3106 ναι
185 3077 235 3110 τῆς
250 3071 393 3111 θυγατρὸς
409 3071 583 3110 Λαρίσσης
604 3069 818 3108 βιασάμενον
803 3070 827 3099 ο’
844 3069 956 3125 αὐτην,
972 3072 1054 3099 τῖσαι
1071 3072 1122 3104 τῆς
1136 3068 1249 3107 υὸρεως
1266 3067 1369 3103 δίκην·
1387 3066 1528 3106 κυψαντα
1545 3067 1601 3106 γὰρ
1624 3067 1665 3102 εἰς
1683 3066 1770 3096 πίθον
1798 3066 1882 3096 οἴνου
1904 3066 2164 3104 καταμαθοῦσαν,
2188 3069 2248 3096 τῶν

122 3121 240 3151 σκελῶν
253 3117 422 3157 λαῧομένην
437 3117 553 3156 ἐξᾶραι,
567 3117 618 3145 καὶ
636 3116 770 3145 καθεῖναι
788 3116 878 3145 αὐτὸν
894 3117 919 3145 εἰ
913 3127 934 3150 3
949 3116 1000 3146 τὸν
1022 3127 1056 3145 π,
1048 3115 1119 3145 θοι
1139 3117 1185 3144 Ex
1206 3113 1253 3143 his
1272 3113 1287 3142 i
1282 3113 1365 3151 gitur
1381 3113 1507 3143 videtui
1526 3113 1646 3151 liquere
1662 3112 1701 3143 de
1717 3112 1827 3143 eadem
1844 3111 1964 3142 Larissa
1980 3112 2075 3142 ctiam
2092 3112 2174 3151 apud
2192 3111 2247 3142 Ni-

123 3166 247 3196 colaum
261 3170 437 3194 sermonem
452 3170 526 3191 esse.
545 3161 752 3191 Nihilominus
765 3161 972 3191 'l‘liesfflliram
989 3160 1090 3199 potius
1108 3159 1260 3191 Larissam
1275 3159 1507 3199 intelligendam
1523 3168 1589 3190 esso
1607 3160 1695 3198 puto.
1712 3159 1837 3189 Etenim
1852 3157 1936 3196 apud
1952 3157 2082 3188 suidam
2102 3157 2248 3196 leguntur

124 3212 191 3241 lloec
212 3223 219 3241 ε
237 3210 414 3248 Ἀθὲμιστα,
430 3208 530 3238 ἄδικα.
556 3207 733 3246 ἀθέμιστος,
750 3207 872 3246 ἄνομος.
894 3206 1022 3245 Λέγεται
1037 3207 1067 3237 δὲ
1087 3208 1138 3237 καὶ
1155 3207 1285 3246 ἄθεσμος
1298 3230 1306 3244 ,
1321 3208 1336 3236 ὁ
1349 3205 1522 3245 παράνομος
1536 3214 1542 3220 ·
1560 3218 1573 3231 ι(
1590 3205 1724 3245 ’Πράσθη
1740 3205 1856 3240 ΙΙίασος
1871 3206 1919 3235 Oe
1930 3215 1969 3234 ττ
1980 3204 2074 3239 αλὸς
2090 3204 2247 3243 Λαρίσσης

122 3261 174 3294 τῆς
192 3258 302 3287 ἑαυτου
316 3254 460 3294 θυγατρὸς
475 3254 573 3293 ἔρωτα
587 3253 718 3292 ἄθεσμον
731 3263 762 3282 τε
780 3253 830 3282 καὶ
849 3253 1029 3291 δυστυχῆ.»
1047 3255 1128 3288 Quae
1145 3253 1191 3283 uti
1215 3253 1275 3282 alia
1294 3252 1394 3282 multa
1411 3251 1523 3282 Suidas
1539 3260 1578 3282 ex
1596 3251 1725 3282 Nicolao
1741 3249 1961 3289 exscripsisse,
1981 3250 2077 3288 atque
2090 3249 2248 3305 ipsissima

124 3306 193 3343 ejus
215 3304 308 3335 verba
322 3300 621 3333 exliilw=‹1„vi‹le.1ur
640 3301 688 3330 Ct'.
707 3300 801 3329 etiam
821 3300 933 3330 Ριιιιῑὶιι
937 3300 1005 3329 nius
1020 3301 1122 3329 Amat.
1137 3304 1200 3330 2:38
1219 3299 1376 3339 Διαφόρως
1390 3299 1421 3328 δὲ
1438 3299 1600 3337 ἱστορεῖται
1619 3299 1685 3337 περὶ
1707 3296 1839 3332 Κυζίκου
1856 3299 1910 3326 τοῦ
1927 3297 2100 3326 Αἰνέου·οἷ
2120 3296 2173 3334 μὲν
2189 3296 2247 3335 γὰρ

126 3353 217 3384 αυτὸν
240 3352 354 3391 ἔφασαν
376 3348 590 3390 ἁρμοσάμενοι
608 3347 765 3386 Λάρισσαν
783 3348 835 3383 την
852 3346 991 3384 ΙΙιασου,
1011 3345 1030 3385 ἦ
1047 3347 1063 3376 ὁ
1086 3347 1184 3386 πατὴρ
1201 3346 1289 3385 ἐμίγη
1316 3356 1372 3384 προ
1387 3344 1506 3384 γάμου,
1525 3343 1698 3383 μαχόμενον
1718 3344 1897 3381 αποθανεῖν,
1918 3342 1992 3377 τινὲς
2016 3342 2045 3372 δε
2067 3341 2247 3381 προσφάτως
