2338 3765
964 132 1292 170 FRAGMENFA.

60 221 126 274 χὴν
147 220 345 273 ἀφελέσθαι.
402 219 469 258 Διὰ
486 219 518 256 τί
536 217 577 265 δὴ
600 219 659 268 (14)
683 223 778 256 ταῦτ’
800 218 940 263 ἐποίεις,
955 211 983 254 ὦ
1003 217 1093 263 κακὴ

61 279 213 330 κεφαλή,
238 296 252 310 »
275 277 319 316 <0
340 277 394 323 δὲ,
411 277 505 314 οὐδὲν
523 276 784 322 ὑποθωπεύσας,
802 271 906 312 εἶπεν·
927 293 940 308 «
962 274 1094 329 ’ῼιμην

61 337 161 378 αὐτὸς
175 335 351 387 ἀξιώτερος
363 329 560 372 εἶναιτοῦτο
575 334 612 372 τὸ
630 334 731 387 γέρας
746 333 849 384 ἔχειν,
865 332 1095 384 ἀνδρειότερός

59 408 96 430 τε
111 391 157 429 ὢν
174 393 232 430 καὶ
253 392 513 445 ὠφελιμώτερος
533 392 668 443 βασιλεῖ
687 391 708 437 ἢ
731 391 770 428 σὺ
788 395 804 427 ὃ
825 389 1095 441 κατεξυρημένος

59 466 94 486 τε
106 450 163 487 καὶ
174 449 557 498 καθυπεστιμμισμένος
570 450 629 498 (15)
642 448 690 485 τὼ
702 446 885 500 ὀφθαλμὼ,
896 447 1048 498 ψιμυθίῳ
1061 446 1094 483 δὲ

58 508 96 544 τὸ
106 510 232 559 χρῶμα
246 506 515 558 ἐναλειφόμενος.
533 525 547 540 »
569 506 639 544 Καὶ
653 506 706 554 ὃς,
727 524 740 538 <¹
763 501 835 543 Εἶτ’
852 507 913 542 οὐκ
929 505 1094 557 αἰσχύνῃ,

58 565 122 617 ἔφη
135 595 143 611 ,
165 564 205 602 σὺ
224 568 241 603 ὁ
265 566 462 610 τηλικοῦτος
484 565 548 602 ὑπὸ
566 568 624 602 τοῦ
643 564 796 615 χείρονος
815 563 1094 613 συνειλημμένος,

57 622 174 669 ἐπειδὴ
204 623 349 674 γαστρὸς
369 623 481 668 ἥττων
511 623 570 659 καὶ
590 623 726 660 αἰδοίων
757 622 894 672 ἐγένου,
918 621 1009 660 Ἀλλ’
1029 621 1096 671 ἐγώ

57 697 112 729 σε,
134 682 216 734 ἔφη,
237 681 333 728 θήσω
359 684 529 731 γυναικῶν
558 681 781 732 ἁπαλώτερον
811 681 869 718 καὶ
896 680 1094 731 λευκότερον

56 739 117 787 τὴν
128 740 248 792 χροιὰν
261 741 298 778 οὗ
314 741 440 777 πολλοῦ
454 739 590 792 χρόνου.
611 758 626 772 »
647 740 715 778 Καὶ
731 739 889 788 ἐπώμοσε
902 740 958 776 τόν
973 755 1008 776 τε
1029 742 1095 785 Βῆ-

55 800 114 836 λον
134 798 192 836 καὶ
216 798 278 844 τὴν
306 797 468 836 Μύλιττα
500 799 556 850 (16)
571 812 580 821 ·
602 798 707 840 οὕτως
727 797 792 848 γὰρ
813 797 874 843 τὴν
895 797 1094 849 Ἀφροδίτην

55 858 201 894 καλοῦσι
220 856 453 895 Βαὸυλώνιοι.
485 856 555 895 Καὶ
574 856 648 906 ἅμα
669 856 820 898 καλέσας
839 856 896 893 τὸν
918 857 1091 906 εὐνοῦχον,

54 914 111 952 τὸν
136 913 197 958 τὰς
222 913 453 966 μουσουργοὺς
483 914 771 963 πεπιστευμένον,
798 932 812 947 α
846 917 990 961 Τοῦτον,
1010 916 1092 964 ἔφη,

57 974 169 1024 ἄπαγε
181 1006 189 1022 ,
211 974 270 1010 καὶ
290 973 437 1023 ξυρήσας
451 973 488 1010 τὸ
505 973 581 1009 ὅλον
599 976 699 1022 σῶμα
711 1003 719 1018 ,
736 973 794 1010 καὶ
810 972 992 1023 κισηρίσας
1003 972 1093 1018 πλὴν

55 1033 223 1083 κεφαλῆς,
242 1031 290 1074 δὶς
310 1034 370 1077 τῆς
385 1030 514 1082 ἡμέρας
534 1033 631 1077 λοῦε,
644 1031 703 1068 καὶ
721 1034 836 1082 σμῆχε
857 1031 925 1068 ἀπὸ
943 1031 1092 1077 λεκίθου,

54 1090 114 1128 καὶ
136 1089 212 1132 τοὺς
232 1088 429 1141 ὀφθαλμοὺς
449 1088 716 1141 ὑπογραφέσθω,
738 1089 797 1126 καὶ
818 1088 879 1131 τὰς
899 1088 1007 1137 κόμας
1028 1090 1094 1138 ἒμ-

56 1147 253 1194 πλεκέσθω,
271 1145 388 1199 ὥσπερ
408 1146 442 1184 αἱ
457 1147 633 1198 γυναῖκες·
653 1146 854 1196 μανθανέτω
869 1146 904 1184 δὲ
925 1147 1018 1199 ᾄδειν
1035 1148 1093 1184 καὶ

55 1206 240 1258 κιθαρίζειν
261 1206 320 1242 καὶ
347 1205 504 1257 ψάλλειν,
524 1204 580 1242 ἵνα
612 1221 670 1255 μοι
693 1205 782 1264 μετὰ
803 1208 879 1242 τῶν
893 1208 1093 1257 μοσουργῶν

1084 1296 1096 1313 9

54 1324 142 1365 λεῖος
159 1321 205 1359 ὢν
231 1322 266 1359 τὸ
287 1325 410 1371 σῶμα,
432 1321 491 1358 καὶ
511 1321 573 1367 τὴν
596 1323 723 1368 ἐσθῆτα
741 1321 803 1367 τὴν
825 1321 931 1368 αὐτὴν
952 1322 1010 1360 καὶ
1031 1323 1092 1368 τὴν

53 1266 247 1316 λειτουργῇ,
262 1263 397 1314 γυναικὶ
409 1263 641 1313 ὡμοιωμένος,
654 1266 727 1313 μεθ’
739 1267 784 1300 ὡν
797 1263 856 1301 καὶ
869 1264 1001 1300 δίαιταν
1016 1264 1080 1308 ἕξει

55 1381 177 1432 τέχνην
196 1380 300 1432 ἔχων.
323 1399 337 1414 »
357 1383 480 1418 Ταῦτα
500 1379 671 1427 εἰπόντος,
692 1383 708 1417 ὁ
726 1382 884 1431 εὐνοῦχος
898 1381 1093 1432 παραδεξά-

58 1456 156 1489 μενος
175 1439 231 1476 τὸν
252 1439 484 1491 Παρσώνδην,
503 1439 715 1490 κατεξυρησέ
733 1455 769 1476 τε
788 1440 864 1476 ὅλον
879 1439 969 1485 πλὴν
986 1456 1094 1492 κεφα-

54 1499 136 1548 λῆς,
157 1497 215 1535 καὶ
234 1496 277 1534 τὰ
298 1498 559 1548 προσταχθέντα
578 1498 757 1547 ἐδίδασκε,
776 1498 834 1535 καὶ
853 1499 1092 1550 ἐσκιατράφει,

53 1556 163 1594 λούων
179 1550 478 1606 ἑκάστηςὴμέρας
497 1555 564 1603 δὶς,
585 1556 642 1593 καὶ
659 1556 818 1602 λεαίνων,
844 1556 1038 1606 ὁμοδίαιτον
1057 1572 1093 1594 τε

57 1617 163 1652 ποιῶν
178 1620 252 1657 ταῖς
263 1613 429 1664 γυναιξὶν,
444 1612 560 1664 ὥσπερ
576 1614 769 1660 ὃδεσπότης
782 1614 1001 1666 προσέταξεν.
1022 1615 1092 1653 Καὶ

56 1674 93 1710 οὗ
111 1674 239 1710 πολλοῦ
255 1672 381 1724 χρόνου
395 1672 525 1723 γίνεται
542 1672 719 1724 ἅνθρωπός
735 1689 771 1709 τε
791 1674 910 1715 λευκὸς
924 1674 982 1710 καὶ
1000 1674 1091 1710 ἁπα-

53 1731 111 1774 λὸς
128 1731 186 1769 καὶ
199 1732 415 1781 γυναικώδης
427 1761 436 1779 ,
453 1725 513 1782 ἧδέ
527 1747 563 1768 τε
584 1731 643 1768 καὶ
659 1731 826 1783 ἐκιθάριζε
843 1732 932 1768 πολὺ
951 1732 1091 1769 κάλλιον

55 1793 121 1827 τῶν
137 1792 368 1841 μουσουργῶν·
387 1789 496 1832 οὐδείς
506 1805 541 1826 τε
560 1789 600 1826 ἂν
619 1791 698 1826 ἰδὼν
714 1790 815 1826 αὐτὸν
831 1791 1091 1840 λειτουργοῦντα

55 1850 89 1886 ἐν
111 1848 293 1900 συμποσίῳ
308 1847 460 1900 Νανάρῳ
483 1848 542 1897 (17)
564 1847 640 1898 οὐχὶ
664 1848 809 1896 γυναῖκα
836 1847 1008 1894 ὑπέλαῧε,
1034 1848 1092 1884 καὶ

56 1907 144 1944 πολύ
165 1922 201 1957 γε
218 1906 355 1944 ἐκείνων
371 1905 655 1957 εὐπρεπέστερον,
677 1907 750 1956 μεθ’
766 1900 812 1943 ὧν
831 1906 993 1943 ἑκάστοτε
1007 1908 1094 1944 ἐλει-

56 1965 204 2018 τούργει.
224 1965 392 2007 Βασιλεὺς
414 1964 448 2001 δὲ
465 1967 482 2002 ὃ
500 1964 632 2010 Μήδων
653 1965 684 2003 Ἀ
693 1967 826 2016 ρταῒος,
843 1964 961 2010 ἐπειδὴ
978 1965 1090 2011 πάντη

56 2023 238 2071 μαστεύων
261 2023 478 2075 Παρσώνδην
508 2022 675 2072 ἐξέκαμε,
693 2023 752 2060 καὶ
774 2023 866 2074 δῶρα
887 2023 1089 2074 προτείνων,

51 2082 82 2119 εἴ
101 2098 149 2125 τις
169 2082 270 2119 αὐτὸν
292 2081 462 2134 ἇνεύροιῆ
486 2083 596 2125 ζῶντα
617 2080 638 2126 ἢ
656 2084 825 2118 τεθνεῶτα
838 2110 846 2125 ,
869 2081 1093 2130 ὑπελάμὲανέ

55 2155 120 2177 που
139 2140 199 2189 (ιὸ)
219 2142 253 2177 ἐν
271 2138 463 2191 κυνηγεσίῳ
489 2138 554 2175 ὑπὸ
570 2137 704 2180 λέοντος
725 2138 746 2182 ἢ
772 2138 875 2175 ἄλλου
899 2153 957 2175 του
976 2139 1092 2190 θηρίου

54 2196 362 2249 καταὸεὸρῶσθαι,
389 2196 448 2233 καὶ
474 2196 633 2246 μεγάλως
663 2196 716 2232 ἐπ’
743 2198 836 2248 αὐτῷ
858 2199 998 2245 ἠνιᾶτο,
1033 2197 1092 2234 ἅτε

55 2255 283 2307 ἀνδρειοτάτῳ
302 2255 385 2292 ὄντι.
408 2254 467 2296 Ὡς
490 2254 517 2291 δ’
535 2253 622 2291 ἑπτὰ
639 2255 698 2300 ἔτη
718 2254 851 2305 ἐγένετο
867 2256 960 2307 αὐτῷ
977 2254 1093 2291 τοιαύ-

53 2329 114 2360 την
136 2313 270 2351 δίαιταν
303 2312 416 2365 ἔχοντι
438 2314 471 2350 ἐν
499 2312 704 2362 Βαὸυλῶνι,
726 2316 793 2350 τῶν
825 2312 996 2364 εὐνούχων
1016 2311 1092 2349 τινὰ

55 2373 72 2408 ὁ
90 2371 248 2423 Νάναρος
268 2376 431 2421 μαστιγοῖ
461 2386 498 2408 τε
518 2372 681 2422 χαλεπῶς
711 2371 770 2408 καὶ
788 2372 827 2408 τὸ
849 2372 951 2419 σῶμα
971 2369 1093 2414 αἰκίζε-

53 2445 123 2468 ται.
143 2429 214 2468 Καὶ
233 2428 335 2466 αὐτὸν
365 2432 382 2466 ὃ
411 2428 643 2478 Παρσώνδης,
662 2429 829 2479 μεγάλαις
855 2428 987 2465 ἐλπίσιν
1009 2427 1091 2465 ε’πά-

56 2503 114 2538 ρας
126 2517 136 2535 ,
152 2487 327 2525 ἀναπείθει
347 2487 442 2539 παρὰ
462 2487 518 2524 τὸν
536 2488 690 2538 Ἀρταῖον
708 2490 753 2530 εἷς
774 2487 918 2532 Μήδους
940 2488 1091 2536 ἀποδρᾶ-

54 2561 131 2593 ναι,
158 2545 217 2583 καὶ
236 2546 351 2582 πάντα
372 2545 501 2598 φράσαι
521 2545 565 2582 τὰ
585 2546 664 2597 περὶ
688 2546 789 2583 αὐτὸν
812 2546 969 2596 βασιλεῖ,
989 2547 1033 2587 ὡς
1053 2547 1091 2595 ζῇ

53 2619 91 2641 τε
123 2605 182 2642 καὶ
212 2604 428 2650 λελώὸηται,
461 2603 548 2653 μετὰ
579 2607 800 2656 μουσουργῶν
823 2604 957 2641 δίαιταν
990 2603 1091 2653 ἔχων,

21 2689 25 2691 -
56 2662 272 2714 Παρσώνδης
290 2664 307 2699 ὃ
329 2662 385 2705 σὸς
408 2663 503 2714 φίλος
523 2664 648 2704 ἐκεῖνος
673 2665 689 2700 ὃ
719 2661 997 2711 πολεμιστήριος.
1022 2660 1092 2698 Καὶ

55 2720 171 2766 ἐπειδὴ
184 2723 281 2758 ταῦτ’
296 2720 441 2772 ἔφρασεν
456 2723 473 2757 ὃ
490 2722 648 2770 εὐνοῦχος
670 2721 827 2771 βασιλεῖ,
846 2720 934 2766 ἥσθη
958 2735 994 2756 τε
1020 2719 1092 2767 ἅμα

55 2779 114 2817 καὶ
135 2779 223 2829 μέγα
241 2779 402 2821 στενάξας
422 2772 515 2824 εἷπε,
541 2796 555 2811 «
577 2780 652 2815 Φεῦ
672 2778 787 2824 λώὸης
808 2778 926 2828 ἀνδρὸς
945 2779 1092 2827 ἀγαθοῦ,

56 2840 129 2880 πῶς
145 2837 310 2888 ἠνέσχετο
327 2839 344 2874 ὅ
362 2836 595 2887 Παρσώνδης,
614 2834 650 2872 ὃν
665 2835 732 2886 ἐγὼ
753 2829 829 2872 οἶδα
841 2864 850 2882 ,
868 2834 1093 2884 θηλυνόμενος

56 2895 94 2933 τὸ
113 2898 215 2945 σῶμα
233 2894 298 2932 ὑπὸ
318 2897 461 2946 ἐχθροῦ,
484 2912 499 2927 n
520 2893 591 2931 Καὶ
612 2893 686 2941 ἅμα
704 2893 832 2941 πέμπει
852 2893 926 2930 τινὰ
944 2896 1011 2929 τῶν
1031 2909 1092 2929 πι-

58 2953 231 2992 στοτάτων
259 2953 408 3004 ἅγγαρον
436 2954 491 3001 (18)
527 2950 623 3003 παρὰ
651 2951 709 2988 τὸν
739 2950 958 2989 Βαὸυλώνιον
982 2950 1092 3000 (οὕτω

57 3010 122 3063 γὰρ
142 3010 286 3049 ἐκάλουν
310 3010 386 3053 τοὺς
406 3009 573 3061 βασιλέως
595 3009 795 3058 ἀγγέλους).
822 3008 865 3047 ‘O
885 3008 919 3045 δὲ
934 3008 1093 3059 Νάναρος

60 3069 255 3120 ἀφικομένῳ
275 3072 323 3120 τῷ
353 3068 516 3119 ἀγγάρῳ,
538 3067 596 3105 καὶ
629 3069 831 3104 ἀπαιτοῦντι
860 3065 1090 3115 Παρσώνδην,

2115 143 2182 176 361

1159 218 1277 249 Arbace
1302 219 1473 258 majoribus
1499 221 1577 253 meis
1597 222 1761 261 imperium
1789 223 1864 253 mibi
1882 223 2001 263 eripere
2022 224 2188 263 haudqua-

1157 285 1253 314 quam
1270 278 1428 309 sustinuit.
1449 280 1512 309 Cur
1526 288 1599 319 ergo
1617 280 1684 311 baec
1700 281 1829 319 agebas,
1849 281 2018 320 pessimum
2036 283 2152 321 caput?
2170 297 2183 310 u

1158 335 1196 364 At
1223 335 1394 365 Parsondas
1414 336 1531 376 absque
1557 339 1621 369 nlla
1646 339 1925 378 tergiversatione,
1944 353 1957 367 «ι
1980 342 2116 380 Memet,
2140 342 2186 372 in·

1156 391 1243 431 quit,
1263 392 1322 422 hoc
1338 393 1510 431 digniorem
1529 398 1657 434 praemio
1671 397 1910 437 existimabam,
1924 407 2023 436 quum
2048 399 2109 437 regi
2126 399 2188 429 nti·

1157 450 1227 489 lior,
1244 453 1275 482 et
1296 450 1478 483 fortitudine
1493 454 1587 492 atque
1610 454 1762 486 industria
1775 464 1874 487 essem
1889 456 2007 495 majore
2022 466 2119 496 quam
2135 459 2186 497 tu,

1158 508 1211 547 qni
1226 508 1367 548 quotidie
1384 509 1502 540 ruderis
1515 534 1522 548 ‚
1544 513 1652 542 oculos
1666 512 1778 552 stibio,
1796 514 1923 544 vultum
1940 523 2064 546 cerussa
2079 515 2189 555 ‹lepin-

1157 566 1213 605 gis.
1229 579 1242 593 »
1256 568 1337 597 'l'um
1349 569 1508 606 Nanarus,
1523 581 1536 594 ιι
1553 571 1595 599 Te
1610 578 1683 599 vero
1694 594 1701 607 ,
1719 571 1837 610 inquit,
1850 581 1912 602 non
1927 573 2042 611 pudet,
2055 574 2107 612 qui
2121 574 2192 604 talis

1157 626 1328 665 tantusque
1347 626 1386 656 ab
1406 626 1579 657 infirmiore
1601 630 1710 666 captus
1729 630 1786 667 sis,
1807 632 1972 669 postquam
1990 631 2071 667 gulae
2096 632 2192 670 atque

1157 683 1263 715 veneri
1289 684 1501 715 succubuisti?
1519 686 1558 715 At
1582 693 1637 723 ego
1663 688 1693 716 te.
1720 686 1791 717 laxo
1812 687 1996 718 mulieribus
2015 689 2190 719 molliorem

1157 742 1435 782 candidioremque
1447 742 1533 773 brevi
1547 743 1646 782 spatio
1661 744 1799 775 reddam.
1819 759 1832 772 υ
1849 748 1923 776 llaec
1938 746 2061 777 locutus
2072 771 2080 786 ‚
2093 755 2191 786 quum

1157 810 1212 840 per
1238 801 1348 831 Belum
1371 810 1408 832 ac
1425 802 1582 840 Mylittam
1601 802 1664 841 (sic
1691 803 1806 842 Assyrii
1834 807 1990 835 Venerem
2015 805 2192 844 appellant)

1154 859 1339 899 juravisset,
1363 860 1514 891 accersito
1532 861 1679 891 eunucho
1702 861 1838 900 psaltriis
1858 863 2024 901 praisecto²
2050 876 2064 889 (ι
2081 865 2190 902 llnnc,

1158 917 1278 957 inquit,
1299 918 1376 948 mibi
1403 927 1508 949 rasum
1527 927 1564 949 ac
1587 919 1782 958 pumicatum
1800 921 1867 949 toto
1893 928 2039 959 corpore,
2058 923 2191 960 praetcr-

1156 986 1254 1016 quam
1273 977 1393 1016 capite,
1408 977 1550 1016 quotidie
1569 977 1641 1008 lava
1658 986 1695 1007 ac
1717 977 1826 1008 vitello
1849 978 1899 1008 ovi
1917 978 2041 1017 deterge
2060 988 2066 1008 ε
2085 979 2138 1010 sed
2161 980 2193 1010 et

1156 1036 1265 1066 oculos
1279 1035 1379 1074 pictos
1391 1060 1398 1074 ‚
1414 1044 1539 1066 comam
1560 1036 1659 1066 instar
1679 1035 1819 1066 mulieris
1833 1036 2039 1075 compositam
2059 1036 2191 1076 babeat,

1155 1093 1255 1124 discat
1268 1093 1309 1124 ad
1326 1093 1480 1124 citharam
1498 1094 1528 1124 et
1542 1093 1728 1132 psalterium
1745 1101 1876 1131 canere,
1897 1093 1931 1123 ut
1951 1093 2032 1124 inter
2049 1094 2193 1132 psaltrias

1156 1152 1290 1192 posthac
1304 1151 1452 1182 muliebri
1469 1151 1578 1182 babitu
1593 1151 1670 1181 mibi
1686 1151 1860 1189 ministret,
1876 1159 1950 1181 cum
1970 1151 2085 1190 quibus
2102 1151 2191 1182 laevi-

1155 1210 1227 1249 gata
1241 1211 1314 1240 cute
1331 1209 1423 1248 degat
1439 1209 1471 1239 in
1486 1210 1647 1248 posterum
1665 1208 1776 1239 eadem
1797 1210 1884 1239 veste
1896 1232 1903 1246 ‚
1920 1208 2086 1248 eidemque
2100 1218 2191 1240 man-

1155 1268 1374 1308 cipatus'arti.
1398 1280 1412 1294 u
1442 1268 1540 1307 Igitur
1563 1267 1730 1298 eunuchus
1754 1268 1921 1307 acceptum
1948 1276 2022 1298 mox
2055 1270 2192 1299 Parson·

1154 1327 1228 1357 dam
1244 1327 1310 1357 toto
1328 1334 1478 1365 corpore,
1502 1327 1714 1365 praeterquam
1733 1326 1853 1365 capite,
1879 1325 1981 1364 radit,
2005 1334 2144 1365 eumque
2160 1325 2192 1356 in

1155 1385 1268 1416 umbra
1285 1384 1423 1416 educans
1437 1384 1548 1415 eodem
1565 1384 1654 1414 cultu
1670 1393 1707 1415 ac
1721 1386 1841 1415 ceteras
1859 1386 1956 1423 regias
1969 1384 2131 1424 psaltrias,
2155 1393 2193 1415 ac

1155 1443 1298 1483 quotidie
1312 1443 1359 1474 bis
1370 1443 1479 1473 lavans
1492 1444 1589 1482 atque
1601 1442 1750 1482 laevigans
1763 1467 1771 1481 ‚
1783 1444 1878 1482 prout
1890 1442 2080 1482 imperatum
2093 1452 2110 1473 a
2123 1452 2193 1482 rege

1155 1503 1243 1541 erat,
1259 1502 1391 1541 psallere
1408 1501 1528 1532 docuit.
1551 1502 1599 1532 lta
1617 1501 1793 1532 Parsondas
1808 1501 1894 1532 brevi
1918 1501 2092 1532 admodum
2114 1503 2193 1532 tem-

1158 1570 1232 1600 pore
1246 1561 1349 1591 mollis
1366 1562 1397 1591 et
1413 1560 1566 1591 candidus
1585 1568 1777 1599 prorsusque
1793 1559 1993 1590 effeminatus
2009 1559 2126 1598 evasit3
2144 1569 2193 1591 ca-

1154 1619 1312 1659 nebatque
1331 1628 1368 1650 ac
1381 1619 1534 1650 citharam
1552 1618 1698 1658 pulsabat
1712 1618 1813 1649 multo
1828 1617 1999 1657 elegantius
2011 1626 2108 1657 quam
2124 1618 2192 1649 reli·

1155 1687 1226 1718 qua}
1246 1678 1382 1708 artifices
1397 1688 1405 1709 :
1421 1677 1499 1709 adeo
1520 1678 1573 1715 ut,
1590 1677 1773 1716 quicunque
1786 1677 1876 1707 illum
1894 1676 1925 1706 in
1942 1676 2089 1707 convivio
2112 1676 2193 1715 regis

1154 1737 1316 1767 ludentem
1334 1736 1473 1775 vidisset,
1496 1744 1658 1775 nunquam
1677 1735 1880 1765 dubitaturus
1895 1735 1988 1765 suerit
2001 1759 2009 1773 ,
2024 1734 2189 1765 mulierem

1154 1804 1221 1826 esse
1233 1819 1241 1832 ‚
1263 1795 1294 1825 et
1314 1794 1442 1833 quidem
1456 1794 1600 1824 omnium
1614 1817 1622 1832 ‚
1642 1793 1724 1823 inter
1737 1801 1816 1831 quas
1832 1792 2049 1830 ministrabat,
2070 1792 2189 1822 sormo-

1154 1852 1321 1883 sissimam.
1366 1851 1493 1881 lnterim
1532 1852 1659 1881 Artaeus
1697 1849 1863 1880 Medorum
1897 1858 1951 1880 rex
1985 1850 2017 1880 in
2055 1850 2190 1889 conqui-

1154 1911 1252 1941 rendo
1266 1910 1404 1949 undique
1420 1909 1579 1940 Parsonda
1593 1908 1793 1947 defatigatus,
1811 1907 1977 1947 propositis
2002 1907 2142 1947 praemiis
2163 1907 2191 1939 ei

1154 1970 1208 2009 qui
1223 1969 1332 2000 vivum
1353 1969 1443 1999 illum
1457 1969 1513 1999 aut
1529 1968 1690 1998 mortuum
1714 1966 1903 2005 invenisset,
1924 1968 2092 2005 postquam
2108 1966 2187 1997 nibil

1154 2028 1193 2059 (le
1209 2037 1245 2059 eo
1260 2025 1432 2067 comperit,
1451 2026 1590 2057 maximo
1602 2034 1736 2056 moerore
1760 2026 1807 2056 est
1821 2025 1954 2055 affectus
1978 2024 2018 2055 ob
2035 2024 2183 2055 eximiam

1155 2087 1213 2117 viri
1238 2086 1474 2124 fortitudinem,
1492 2094 1586 2124 quem
1604 2084 1684 2115 inter
1707 2083 1886 2114 venandum
1911 2091 1929 2113 a
1942 2083 2031 2113 leone
2052 2084 2107 2114 aut
2129 2083 2190 2114 bu-

1152 2144 1326 2184 juscemodi
1351 2144 1451 2175 bestia
1488 2143 1674 2173 devoratum
1700 2150 1767 2172 esse
1805 2141 2016 2172 existimabat¹
2050 2141 2190 2172 Tandem

1154 2212 1253 2243 quum
1269 2204 1334 2242 jam
1350 2201 1511 2242 septennio
1526 2210 1562 2232 eo
1579 2201 1665 2231 cultu
1682 2200 1840 2239 Babylone
1853 2200 1982 2230 vixisset
1999 2200 2189 2239 Parsondas‚

1156 2262 1234 2293 forte
1251 2261 1365 2292 accidit
1393 2262 1426 2291 ut
1449 2259 1613 2290 eunuchus
1639 2258 1768 2299 quidam
1785 2258 1886 2298 flagris
1908 2267 1926 2288 a
1947 2260 2070 2289 Nanaro
2087 2258 2191 2289 caede-

1156 2322 1254 2350 retur.
1271 2322 1373 2356 Quem
1388 2318 1742 2349 crudelitertractatum
1761 2316 1934 2347 Parsondas
1954 2316 2100 2347 maximis
2120 2317 2189 2356 pol-

1155 2378 1380 2409 licitationibus
1396 2386 1433 2407 eo
1456 2376 1601 2416 impulit,
1619 2377 1655 2406 ut
1675 2375 1707 2405 in
1731 2375 1865 2406 Mediam
1885 2374 1924 2404 ad
1942 2375 2081 2405 Artaeum
2101 2375 2189 2413 suge-

1155 2438 1222 2475 ret,
1240 2444 1372 2475 remque
1388 2444 1515 2466 omnem
1531 2434 1591 2474 regi
1608 2434 1768 2464 nuntiaret
1785 2446 1791 2464 ι
1809 2432 1997 2464 Parsondam
2008 2456 2017 2470 ‚
2038 2432 2116 2472 regis
2131 2435 2189 2464 Ar—

1154 2497 1207 2527 taei
1234 2495 1392 2532 amicum,
1412 2493 1620 2524 fortissimum
1638 2492 1727 2523 illum
1760 2491 1883 2529 virum,
1913 2491 2019 2521 vivere
2043 2490 2189 2530 quidem,

1154 2554 1208 2585 sed
1220 2554 1353 2592 turpiter
1370 2553 1515 2583 notatum
1534 2551 1614 2582 inter
1627 2550 1771 2590 psaltrias
1786 2549 1910 2589 degere.
1928 2551 2007 2586 Quae
2024 2550 2189 2588 postquam

1154 2612 1321 2644 eunuchus
1335 2611 1397 2650 regi
1412 2609 1569 2648 narravit,
1585 2609 1677 2640 simul
1694 2608 1807 2648 gaudio
1823 2609 1855 2638 et
1866 2607 1974 2638 dolore
1990 2607 2123 2638 affectus
2137 2609 2190 2638 Ar-

1153 2672 1252 2709 taeus,
1273 2683 1285 2696 α
1308 2672 1334 2700 Ο
1349 2670 1488 2707 laciniis,
1513 2669 1633 2708 inquit,
1648 2667 1834 2706 indignum!
1853 2667 1941 2697 [tane
1960 2665 2134 2696 Parsondas
2149 2665 2191 2704 is,

1153 2737 1250 2768 quem
1267 2737 1323 2766 ego
1341 2727 1434 2765 novi,
1452 2734 1566 2765 corpus
1583 2734 1677 2756 suum
1695 2724 1734 2755 ab
1747 2724 1875 2754 inimico
1892 2723 2065 2754 effeminari
2082 2731 2191 2762 passus

1153 2788 1216 2818 est!
1249 2786 1426 2824 Statimque
1452 2784 1669 2814 fidelissiinum
1695 2782 1855 2822 quendam
1873 2790 2023 2821 augarum
2050 2781 2112 2820 (sic
2140 2782 2189 2811 ta-

1154 2844 1275 2876 bellarii
1306 2843 1380 2882 regii
1404 2841 1581 2880 vocantur)
1611 2841 1649 2871 ad
1680 2843 1840 2872 Nauarum
1866 2840 1962 2870 misit.
1993 2839 2054 2871 Sed
2082 2841 2186 2870 Nana-

1157 2912 1224 2941 rus,
1241 2911 1340 2942 quum
1365 2901 1405 2931 ad
1427 2909 1499 2931 eum
1516 2909 1648 2939 angariis
1673 2898 1827 2937 venisset,
1851 2907 1888 2928 ac
1913 2897 2104 2929 Parsondam
2131 2896 2189 2927 sibi

1155 2961 1242 2992 reddi
1271 2959 1479 2999 postulasset,
1500 2958 1626 2997 negavit
1649 2958 1736 2988 illum
1753 2966 1771 2987 a
1796 2965 1828 2987 se
1856 2956 1978 2995 uspiam
2004 2955 2105 2986 visum
2119 2979 2127 2993 ‚
2149 2963 2189 2984 ex

1155 3028 1219 3058 quo
1239 3026 1421 3057 comparere
1435 3017 1580 3047 desierat.
1597 3018 1668 3052 Quo
1679 3023 1828 3054 responso
1841 3013 1880 3044 ad
1896 3014 2034 3044 Artaeum
2050 3013 2168 3052 perlato
2179 3036 2187 3049 ,

1155 3078 1290 3108 alterum
1304 3085 1380 3106 mox
1395 3075 1497 3115 priore
1514 3075 1604 3113 longe
1620 3074 1804 3113 ampliorem
1819 3080 1970 3111 augarum
1988 3069 2097 3109 majori
2115 3079 2187 3099 cum

526 3135 2181 3153 Μ

59 3181 213 3212 πισθέντι..
225 3179 394 3219 Ἀρὸάκεως
408 3179 518 3209 codex.
535 3199 574 3204 -
593 3177 883 3217 14.6221]sic‹10‹l.‚
894 3178 969 3213 δῆτα
983 3176 1072 3207 editt.
1087 3194 1124 3198 —-
1144 3180 1176 3206 15
1210 3176 1359 3211 καθυπη
1371 3172 1701 3213 εστιμμισμενος]
1725 3171 1840 3208 Orelli,
1905 3170 2043 3207 ὃισμενος
2060 3168 2165 3218 Vtiles.
2178 3189 2185 3202 ,

60 3227 387 3265 καθυπεστιὸασμένως
404 3225 524 3263 codex;
544 3225 616 3255 dein
633 3225 767 3264 ψιμυθίῳ
782 3225 917 3255 Orellius
935 3233 992 3263 pro
1011 3224 1139 3263 ψιμιθίω
1153 3222 1286 3259 codicis,
1301 3221 1355 3260 qui
1370 3230 1447 3251 mox
1463 3233 1468 3250 ε
1484 3219 1722 3265 ἐναφειλόμενος.
1746 3219 1805 3248 Καὶ
1825 3217 1892 3246 ὅσιν
1908 3216 1973 3245 εἶτ’.
1990 3233 2027 3239 -
2052 3219 2095 3243 ιο.
2114 3215 2184 3266 illo-

60 3272 188 3312 λιττα]
202 3273 305 3303 Vales.
322 3273 432 3310 Coray.
447 3296 455 3309 ‚
476 3272 571 3302 Μολιν
586 3271 655 3301 cod.
668 3294 676 3307 ‚
694 3270 807 3300 deinde
834 3270 1012 3309 Ἀφροδήτην
1030 3271 1059 3299 et
1077 3269 1275 3300 Ιὶαῧοιλώνιοι
1296 3267 1366 3297 (Ὁά.
1384 3285 1424 3292 -—
1443 3269 1488 3296 17.
1516 3263 1697 3304 Νανάρῳ]
1727 3263 1874 3301 Νανυόρῳ
1895 3260 1964 3290 cml.
1982 3277 2018 3281 »—
2052 3262 2095 3288 15.
2111 3269 2184 3287 υπε·

61 3318 132 3349 λαὸέ
148 3329 206 3349 που
223 3318 309 3350 editt.
327 3337 363 3344 —
387 3322 432 3349 18.
452 3316 639 3357 ἅγγαρον]
657 3316 796 3356 ἀγγαρων
814 3317 936 3347 mavult
954 3321 1064 3355 Coray.
1079 3340 1087 3354 ,
1103 3324 1296 3355 (piamquam
1314 3313 1425 3345 sindus
1441 3320 1568 3351 quoque
1589 3320 1618 3341 v.
1636 3311 1766 3349 ἅγγαρος
1784 3309 1865 3338 liunt·
1881 3307 1985 3337 locum
2007 3302 2184 3335 exscriben-
