2289 3728
0 2815 5 2818 .
53 2788 147 2820 tibus.

924 148 1252 186 FRAGMENTA.

33 240 204 287 exponit,
224 250 296 284 qua
314 237 488 284 Polybius
503 249 579 271 uon
601 236 765 282 quinque
780 246 907 269 verum
923 246 983 268 sex
999 246 1058 267 zo-

34 310 97 332 nas
112 296 328 331 distinxerit.
350 297 435 329 Eam
451 294 737 340 disputationem
755 292 852 327 hisce
870 291 1060 327 concludit

34 354 155 388 verbis
179 364 189 388 .·
214 353 255 388 Εἰ
286 351 314 387 δ“
336 349 452 400 ὥσπερ
480 348 727 400 Ἐρατοσθένης
752 347 867 398 φησὶν,
893 350 913 392 ἠ
935 346 1061 384 ὑποπί-

34 424 165 446 πτουσα
183 411 230 459 τῷ
250 409 435 458 ἰσημερινῷ
446 409 535 444 ἐστιν
547 406 724 459 εὔκρατος,
736 404 891 468 καθάπερ
908 403 966 441 καὶ
986 407 1060 442 Πο-

35 460 148 503 λύὸιος
168 459 321 508 ὃμοδοξεῖ
353 459 567 510 (προστίθησι
587 458 615 494 δ’
633 461 726 500 οὗτος
744 457 802 494 καὶ
830 457 914 494 διοτι
933 457 1060 508 ὑψηλο-

35 518 121 563 τάτη
153 517 243 554 ἐστί·
276 516 391 566 διόπερ
428 516 486 552 καὶ
517 515 764 564 κατομῦρεῒται
778 544 788 561 ,
821 516 887 551 τῶν
922 513 1061 565 βορείων

36 578 143 627 νεφῶν
168 574 257 612 κατὰ
277 574 352 616 τοὺς
379 573 515 619 ἐτησίας
535 575 603 610 ε’κεῖ
626 573 695 615 τοῖς
716 572 937 620 ἀναστήμασι
956 587 1061 623 προσ-

36 632 229 669 πιπτόντων
249 631 446 678 πλείστων),
462 630 548 667 πολὺ
578 635 730 681 κρεῖττον
758 629 873 681 τρίτην
896 628 981 680 (τὴν)
1005 627 1063 665 εὔ-

37 705 160 741 κρατον
178 688 306 734 ταύτην
323 688 430 725 ποιεῖν
451 687 571 733 στενήν
588 702 681 732 τινα,
698 685 719 731 ἢ
739 686 798 730 τὰς
815 686 879 723 ὑπὸ
898 686 966 728 τοῖς
986 700 1061 737 τρο·

36 750 149 789 πικοῒς
165 745 326 795 εἰσάγειν.
345 746 533 797 Συνηγορεῗ
550 745 584 782 δὲ
605 745 734 788 τούτοις
752 744 810 782 καὶ
835 743 877 781 τὰ
905 747 1062 789 τοιαῦτα,

37 799 83 841 ὧν
122 805 292 854 μέμνηται
324 804 382 841 καὶ
424 802 670 850 Ποσειδώνιος,
702 803 740 840 τὸ
774 803 845 840 ἐκεῖ
871 802 930 845 τὰς
959 817 1064 850 μετα-

40 861 174 905 στάσεις
189 861 346 912 ὀξυτέρας
359 856 445 899 εῗναι
460 861 517 904 τὰς
538 863 583 904 εἷς
603 860 646 898 τὰ
663 861 815 910 πλάγια,
833 863 878 903 ὡς
900 862 928 898 δ’
956 859 1066 902 αὕτως

38 921 97 956 καὶ
121 921 181 962 τὰς
211 920 269 957 ἀπ’
289 921 457 965 ἀνατολῆς
476 919 532 956 ἐπὶ
556 918 648 956 δύσιν
680 923 738 956 τοῦ
768 919 883 964 ἡλίου·
911 918 1065 969 ὀξύτεραι

38 977 104 1028 γὰρ
142 979 176 1015 αἱ
208 977 298 1015 κατὰ
335 977 496 1027 μεγίστου
532 977 657 1014 κύκλου
691 979 757 1013 τῶν
792 978 973 1027 ὁμοταχῶν
1013 991 1064 1013 κι-

39 1035 180 1080 νήσεων.

95 1091 137 1142 (4)
159 1091 359 1130 Ἐνίσταται
379 1091 408 1128 δ’
426 1094 443 1128 ὃ
466 1091 692 1133 Ποσειδώνιος
710 1094 758 1144 τῷ
779 1091 944 1142 Πολυὸίῳ
957 1121 967 1139 ,
984 1090 1067 1127 διότι

40 1150 124 1200 φησὶ
139 1148 201 1196 τὴν
219 1150 283 1186 ὑπὸ
299 1151 347 1201 τῷ
369 1151 556 1201 ἰσημερινῷ
577 1149 706 1195 οἴκησιν
728 1149 957 1201 ὑψηλοτάτην·
974 1148 1066 1184 οὐδὲν

40 1207 106 1258 γὰρ
127 1201 211 1244 εἶναι
228 1207 316 1245 κατὰ
336 1206 397 1253 τὴν
418 1206 599 1258 σφαιρικὴν
617 1207 814 1258 ἐπιφάνειαν
835 1206 917 1256 ὕψος
938 1206 992 1242 διὰ
1008 1205 1068 1250 τὴν

41 1265 259 1314 ὁμαλότητα,
284 1263 360 1303 οὐδὲ
387 1264 427 1310 δὴ
454 1264 584 1315 ὀρεινὴν
604 1259 689 1302 εἶναι
708 1264 770 1310 τὴν
797 1264 861 1301 ὑπὸ
881 1267 929 1315 τῷ
948 1265 1070 1312 ἰσημε-

43 1325 142 1374 ρινῷ,
163 1323 251 1360 ἀλλὰ
269 1324 398 1370 μᾶλλον
413 1322 557 1359 πεδιάδα
573 1322 727 1360 ἰσόπεδόν
745 1338 816 1365 πως
832 1325 873 1373 τῇ
891 1321 1070 1373 ἐπιφανείᾳ

41 1384 101 1427 τῆς
120 1380 309 1426 Θαλάττης·
329 1380 404 1424 τοὺς
421 1380 454 1417 δὲ
474 1382 687 1431 πληροῦντας
707 1380 761 1417 τὸν
783 1381 904 1419 Νεῖλον
925 1379 1071 1431 ὅμὸρους

43 1440 82 1475 ἐκ
100 1441 166 1475 τῶν
192 1439 505 1490 Αἷθιοπικῶνόρῶν
525 1438 738 1485 συμὲαίνειν.
762 1441 885 1476 Ταῦτα
910 1438 938 1475 δ’
967 1438 1070 1475 εἰπὼν

44 1497 189 1532 ἐνταῦθα
207 1497 241 1532 ἐν
262 1495 374 1537 ἄλλοις
392 1495 580 1545 συγχωρεῖ,
601 1495 713 1546 φήσας
734 1498 886 1533 ὑπονοεῖν
906 1496 966 1546 ὄρη
987 1490 1072 1532 εἶναι

43 1554 87 1590 τὰ
108 1552 172 1590 ὑπὸ
191 1556 238 1604 τῷ
255 1555 463 1603 ἰσημερινῷ,
482 1552 563 1603 πρὸς
584 1552 604 1588 ὀὶ
625 1552 831 1603 ἑκατέρωθεν
849 1553 917 1590 ἀπὸ
935 1555 1002 1590 τῶν
1020 1554 1073 1589 εὐ-

44 1611 179 1662 κράτων
200 1613 326 1662 ἀμφοῖν
343 1610 605 1662 προσπίπτοντα
623 1609 666 1647 τὰ
681 1610 764 1662 νέφη
784 1616 892 1648 ποιεῖν
911 1610 986 1653 τοὺς
1009 1611 1074 1660 ὄμ-

46 1669 159 1718 ὅρους.
181 1668 278 1713 Αὕτη
301 1667 360 1717 μὲν
382 1663 438 1705 οῦν
457 1670 478 1714 ἡ
500 1669 707 1718 ἀνομολογία
737 1668 883 1720 φανερά·
911 1668 999 1705 ἀλλὰ
1017 1668 1074 1705 καὶ

47 1726 197 1768 δοθέντος
213 1730 270 1763 τοῦ
288 1725 418 1777 ὀρεινὴν
435 1720 520 1762 εἶναι
537 1725 598 1770 τὴν
617 1726 682 1763 ὑπὸ
699 1728 748 1777 τῷ
765 1728 969 1778 ἰσημερινῷ,
985 1726 1073 1771 άλλη

46 1800 95 1826 τις
115 1785 320 1821 ἀνακύπτειν
341 1783 381 1821 ἂν
396 1783 530 1826 δόξειεν.
545 1786 591 1821 Οἱ
609 1783 674 1835 γὰρ
693 1784 787 1821 αὐτοὶ
805 1785 946 1835 σύρρουν
973 1784 1076 1835 φασὶν

47 1836 133 1881 εἶναι
152 1842 207 1878 τὸν
227 1841 389 1879 ὠκεανόν·
411 1844 482 1884 πῶς
501 1835 558 1878 οῦν
586 1840 647 1890 ὄρη
668 1841 757 1878 κατὰ
778 1841 882 1890 μέσον
905 1842 1075 1893 ἱδρύουσιν

2069 153 2142 183 279

1120 231 1240 278 αὐτόν;
1262 230 1350 275 πλὴν
1372 233 1399 267 εἰ
1419 231 1540 275 νήσους
1568 231 1658 273 τινας
1681 231 1858 281 βούλονται
1874 230 1997 280 λέγειν.
2019 229 2144 274 αΟπως

1121 289 1154 325 δὲ
1174 288 1242 333 [δή]
1264 303 1343 324 ποτε
1364 291 1453 324 τοῦτ’
1478 289 1566 339 ἔχει,
1585 292 1644 334 τῆς
1663 291 1897 340 γεωγραφικῆς
1926 288 2058 339 μερίδος
2081 288 2145 332 ἔξω

1121 345 1257 382 πίπτει·
1275 345 1388 382 δοτέον
1406 346 1432 381 δ’
1450 346 1531 387 ἴσως
1547 348 1594 397 τῷ
1611 347 1807 398 προθεμένῳ
1824 346 1884 392 τὴν
1900 347 1977 398 περὶ
1994 348 2144 384 ὠκεανοῦ

1121 402 1361 454 πραγματείαν
1377 403 1472 439 ταῦτ’
1492 403 1669 447 ἐξετάζειν.

1176 462 1217 511 (5)
1250 461 1421 506 Μνησθεὶς
1453 461 1487 498 δὲ
1515 465 1581 498 τῶν
1610 465 1834 513 περιπλεῦσαι
1862 465 2053 514 λεγομένων
2085 464 2146 508 τὴν

1122 518 1273 568 Λιὸύην,
1287 518 1472 570 (Ηρόδοτον
1486 518 1546 567 μὲν
1561 520 1688 558 οἴεσθαί
1707 537 1807 571 φησιν
1824 523 1888 559 ὑπὸ
1905 523 2048 573 Δαρείου
2065 539 2148 569 πεμ-

1124 577 1264 628 φθέντας
1292 575 1384 618 τινὰς
1403 575 1539 612 τελέσαι
1558 577 1614 613 τὸν
1640 578 1836 628 περίπλουν·
1863 580 2091 630 Ἡρακλείδην
2113 581 2146 617 δὲ

1123 635 1180 672 τὸν
1198 633 1364 673 Ποντικὸν
1380 635 1413 671 ἐν
1429 633 1575 686 διαλόγῳ
1588 636 1694 671 ποιεῖν
1712 637 1894 687 ἀφιγμένον
1911 639 2004 690 παρα
2021 639 2147 676 Γέλωνι

1125 691 1233 741 μάγον
1250 690 1325 728 τινὰ
1342 693 1568 742 περιπλεῦσαι
1583 691 1769 743 φάσκοντα.
1787 693 1979 745 Ἀμάρτυρα
1999 697 2030 733 δε
2052 699 2146 733 ταῦτ’

1125 743 1210 786 εἶναι
1239 749 1349 801 φήσας
1373 749 1431 786 καὶ
1459 748 1603 792 Εὔδοξόν
1624 765 1698 785 τινα
1726 752 1913 796 Κυζικηνὸν
1940 754 2064 804 θεωρὸν
2093 754 2148 790 καὶ

1125 806 1354 858 σπονδοφόρον
1374 809 1434 843 τοῦ
1445 809 1510 843 τῶν
1535 807 1686 858 Κορείων
1705 808 1910 858 (Κορινθίων
1922 825 1951 845 v.
1970 812 2005 859 l.)
2026 813 2149 859 ἀγῶνος

1125 866 1231 902 ἐλθεῖν
1244 866 1288 906 εἰς
1304 864 1475 914 Αἴγυπτον
1494 865 1622 916 ἱστορεῖ
1645 863 1733 901 κατὰ
1759 865 1814 902 τὸν
1834 867 1985 917 δεύτερον
2007 870 2151 919 Εὐεργέ-

1125 937 1199 967 την·
1219 924 1429 967 συσταθῆναι
1446 920 1480 958 δὲ
1500 920 1557 958 καὶ
1579 923 1628 972 τῷ
1647 923 1784 972 βασιλεῖ
1799 924 1856 959 καὶ
1872 930 1940 966 τοῖς
1956 926 2033 975 περὶ
2051 928 2150 963 αὐτὸν

1126 979 1184 1016 καὶ
1203 978 1352 1027 μάλιστα
1368 977 1459 1016 κατὰ
1474 978 1550 1020 τοὺς
1564 979 1733 1023 ἀνάπλους
1744 984 1801 1017 τοῦ
1817 981 1952 1027 Νείλου,
1963 977 2153 1033 θαυμαστκ

1127 1037 1184 1074 κὸν
1196 1037 1276 1074 ὄντα
1291 1039 1356 1075 τῶν
1373 1039 1521 1073 τοπικῶν
1539 1037 1734 1086 ἰδιωμάτων
1751 1038 1823 1086 ἅμα
1835 1039 1892 1075 καὶ
1913 1041 1973 1077 οὐκ
1990 1042 2151 1078 ἀπαίδευ-

1129 1110 1196 1133 τον.
1218 1097 1344 1144 Τυχεῖν
1363 1093 1403 1139 δή
1418 1109 1493 1131 τινα
1512 1094 1615 1132 Ἰνδὸν
1638 1095 1840 1144 κομισθέντα
1867 1100 1911 1139 ὡς
1933 1097 1988 1134 τὸν
2012 1101 2154 1149 βασιλέα

1129 1152 1195 1188 ὑπὸ
1211 1155 1278 1189 τῶν
1293 1151 1452 1203 φυλάκων
1470 1155 1528 1188 τοῦ
1546 1151 1707 1203 Ἀραὸίου
1723 1157 1852 1205 μυχοῦ,
1866 1155 2032 1204 λεγόντων
2050 1157 2154 1206 εὑρεῖν

1128 1213 1279 1259 ἡμιθανῆ
1297 1210 1513 1260 καταχθέντα
1531 1210 1630 1259 μόνον
1644 1212 1676 1247 ἐν
1696 1211 1773 1261 νηὶ,
1789 1212 1837 1255 τίς
1855 1213 1884 1249 δ’
1898 1213 1948 1259 εἴη
1967 1215 2025 1251 καὶ
2041 1215 2156 1261 πόθεν,

1130 1269 1275 1316 ἀγνοεῖν,
1295 1267 1342 1315 μὴ
1360 1267 1532 1309 συνιέντας
1547 1266 1607 1314 τὴν
1623 1268 1808 1306 διάλεκτον·
1823 1269 1879 1306 τὸν
1897 1270 1930 1309 δὲ
1946 1272 2157 1322 παραδοῦναι

1130 1330 1196 1366 τοῖς
1209 1324 1395 1368 διδάξουσιν
1412 1325 1610 1370 ἑλληνίζειν.
1626 1325 1846 1375 Ἐκμαθόντα
1856 1327 1891 1364 δὲ
1909 1328 2136 1378 διηγήσασθαι
2151 1360 2158 1374 ,

1132 1383 1215 1419 διότι
1231 1384 1267 1419 ἐκ
1282 1385 1342 1427 τῆς
1358 1382 1500 1426 Ἰνδικῆς
1514 1382 1625 1420 πλέων
1640 1384 1817 1436 περιπέσοι
1831 1386 1944 1437 πλάνῃ
1960 1387 2018 1423 καὶ
2034 1387 2165 1431 σωθείη

1132 1441 1247 1490 δεῦρο,
1267 1439 1343 1482 τοὺς
1373 1440 1549 1488 σύμπλους
1572 1441 1757 1478 ἀποέαλὼν
1788 1444 1897 1494 λιμῷ·
1924 1446 2159 1493 ὑποληφθέντα

1133 1498 1167 1534 δὲ
1196 1497 1406 1548 ὑποσχέσθαι
1429 1497 1485 1535 τὸν
1516 1500 1561 1541 εἷς
1583 1498 1707 1542 Ἰνδοὺς
1731 1502 1837 1538 πλοῦν
1869 1502 2066 1551 ἡγήσασθαι
2092 1506 2161 1545 τοῖς

1134 1555 1199 1592 ὑπὸ
1216 1559 1273 1592 τοῦ
1294 1556 1462 1605 βασιλέως
1486 1559 1773 1609 προχειρισθεῗσι·
1797 1559 1923 1596 τούτων
1946 1560 1980 1597 δὲ
2007 1560 2160 1610 γενέσθαι

1133 1615 1189 1652 τὸν
1214 1613 1377 1657 Εὔδοξον.
1402 1614 1609 1652 Πλεύσαντα
1639 1615 1679 1661 δὴ
1709 1615 1795 1664 μετὰ
1827 1616 1944 1669 δώρων
1967 1619 2161 1656 ἐπανελθεῖν

1135 1671 1458 1723 ἀντιφορτισάμενον
1479 1671 1648 1723 ἀρώματα
1671 1674 1729 1710 καὶ
1753 1674 1863 1718 λίθους
1885 1677 2101 1725 πολυτελεῖς,
2116 1670 2162 1713 ὧν

1134 1727 1210 1769 τοὺς
1238 1726 1303 1776 μὲν
1328 1728 1574 1780 καταφέρουσιν
1595 1732 1625 1767 οἱ
1645 1731 1794 1779 ποταμοὶ
1821 1732 1908 1780 μετὰ
1930 1735 1996 1770 τῶν
2021 1733 2160 1784 ψήφων,

1135 1784 1211 1827 τοὺς
1241 1787 1268 1822 δ’
1296 1785 1456 1837 ὀρυκτοὺς
1490 1787 1683 1838 εὑρίσκουσι
1696 1818 1706 1837 ,
1737 1789 1936 1839 πεπηγότας
1969 1790 2002 1834 ἐξ
2037 1793 2137 1843 ὑγροῦ
2150 1821 2160 1838 ,

1136 1842 1289 1894 καθάπερ
1309 1843 1351 1880 τὰ
1374 1844 1604 1895 κρυστάλλινα
1628 1847 1710 1897 παρ’
1736 1849 1831 1895 ἡμῖν·
1855 1848 2099 1900 διαψευσθῆναι
2128 1848 2163 1886 δὲ

48 1964 203 2004 aequatori
226 1964 368 2004 subJ'ecta
387 1962 434 1996 est
453 1962 464 2003 (
474 1962 506 1997 iu
527 1962 612 2001 quod
630 1961 725 1993 etiam
742 1963 887 2003 Polybius
906 1965 1077 2003 consentit,

52 2021 84 2050 et
98 2019 187 2049 addit
210 2016 315 2056 quod,
334 2025 436 2056 quum
451 2017 490 2048 sit
509 2014 730 2049 snbliiiiisshna
744 2041 752 2057 ‚
776 2016 928 2048 imbribus
947 2016 1077 2055 rigatur,

48 2070 176 2110 quando
189 2070 336 2101 flantibus
349 2069 460 2101 Etesiis
470 2068 568 2099 nubes
580 2077 597 2098 a
608 2069 703 2100 borea
715 2070 860 2109 plurimae
870 2068 1079 2098 eminentibus

48 2123 125 2153 locis
134 2122 359 2162 appelluntur)‚
368 2120 468 2151 multo
477 2120 590 2150 rectius
600 2121 679 2151 esset
691 2121 815 2151 tertiam
824 2119 904 2149 lianc
912 2119 1077 2155 angustam

49 2182 163 2204 zonam
177 2174 383 2213 temperatam
394 2170 584 2202 constituere
594 2179 692 2210 quam
704 2170 832 2209 tropicis
850 2168 1007 2204 subjectas
1021 2168 1078 2199 ad-

50 2224 186 2255 mittere.
205 2224 260 2255 His
273 2222 503 2262 adstipulantur
521 2221 581 2251 ista
601 2229 746 2260 quoque,
764 2220 857 2251 etiam
877 2227 896 2249 a
914 2218 1079 2249 Posidonio

51 2277 312 2315 commemorata,
320 2274 404 2315 quod
417 2273 481 2304 illic
494 2273 569 2304 solis
580 2272 811 2312 progressiones
822 2271 986 2302 celeriores
995 2279 1030 2301 su
1036 2272 1080 2309 nt,

50 2330 81 2359 in
98 2328 262 2368 obliquum
279 2329 369 2358 tactae
387 2328 527 2365 itemque
542 2325 582 2355 ab
598 2327 670 2356 ortu
690 2325 720 2355 in
733 2332 881 2355 occasum
896 2333 903 2354 ε
918 2332 991 2354 nam
1010 2332 1079 2353 mo—

49 2380 174 2411 tionum
190 2378 330 2418 eJ'usdem
346 2377 464 2409 ordinis
476 2376 650 2408 celerrimae
662 2377 736 2406 sunt
752 2383 824 2415 quae
843 2374 924 2405 fiunt
940 2374 1080 2405 maximo

50 2430 180 2462 circulo.

93 2482 136 2521 (4)
154 2480 364 2520 Reprehendit
376 2487 469 2519 porro
484 2479 669 2511 Posidonius
687 2479 853 2519 Polybium
864 2504 872 2518 ,
887 2479 942 2519 qui
954 2478 1080 2509 habita-

50 2535 170 2566 tionem
183 2533 244 2564 sub
256 2534 417 2572 aequatore
428 2531 542 2563 dixerit
557 2540 624 2562 csse
637 2531 853 2569 editissimam,
870 2540 967 2571 quum
979 2539 1082 2570 neque

54 2586 83 2615 in
98 2584 226 2623 globosa
239 2583 420 2622 superficie,
437 2583 548 2623 utpote
564 2582 731 2621 aequabili,
749 2582 884 2612 altitudo
901 2583 1006 2612 locum
1024 2581 1080 2611 lia-

52 2636 143 2672 beat,
167 2643 268 2673 neque
293 2635 436 2664 montosa
457 2632 498 2663 sit
521 2634 606 2663 terra
630 2632 841 2671 aequinoctiali
863 2633 1005 2671 subdita,
1028 2632 1081 2663 sed

53 2686 236 2726 campestris
251 2685 354 2725 potius
368 2693 405 2715 ac
420 2685 483 2715 sere
495 2684 605 2715 eadem
623 2692 695 2715 cum
715 2686 792 2714 mari
806 2685 953 2724 planitie;
968 2685 1082 2724 quibus

55 2739 142 2770 Nilus
155 2737 304 2776 impletur
317 2736 470 2767 imbribus
479 2759 487 2773 ‚
502 2744 555 2767 eos
568 2744 608 2766 ex
621 2735 804 2774 AEthiopicis
816 2735 982 2767 decurrere
996 2745 1083 2767 men-

193 2790 267 2818 Haec
283 2787 335 2817 ille
349 2787 409 2817 hoc
421 2787 503 2818 satus
516 2788 605 2826 loco,
620 2789 693 2819 alibi
711 2789 871 2827 concedit,
892 2790 1035 2829 inquiens
1050 2799 1083 2821 se

55 2840 200 2871 arbitrari
219 2840 343 2869 montes
355 2847 421 2869 esse
434 2839 464 2869 id
481 2840 565 2878 quod
584 2840 643 2871 sub
662 2842 821 2880 {equatore
837 2841 937 2880 jacet,
952 2842 990 2872 ad
1005 2850 1084 2881 quos

56 2893 204 2931 utrinque
217 2899 235 2921 a
249 2890 432 2929 temperatis
449 2891 546 2930 plagis
565 2894 755 2923 concurrant
776 2893 875 2924 nubes
887 2919 896 2932 ‚
919 2895 949 2923 et
968 2893 1084 2924 imbres

55 2943 213 2981 generent.
228 2942 328 2980 Atque
342 2941 410 2971 haec
423 2941 550 2980 quidem
564 2950 582 2972 a
595 2950 628 2972 se
644 2942 711 2981 ipso
727 2942 875 2973 dissensio
888 2945 934 2974 est
945 2944 1082 2974 evidens.

56 2994 210 3024 i’raeterea
226 2994 332 3023 autem
349 2991 443 3022 etiam
460 2991 519 3022 hoc
535 3001 703 3030 concesso,
718 2995 895 3024 montosam
910 3003 975 3025 esse
989 2994 1083 3033 regio-

56 3052 128 3074 nem
145 3052 218 3083 quae
235 3043 395 3073 substrata
417 3044 463 3073 est
486 3043 639 3082 aequatori
652 3067 660 3081 ,
680 3044 742 3073 alia
764 3044 890 3075 videtur
911 3053 1081 3083 emergere.

57 3095 155 3126 iidem
167 3093 296 3126 enimin
311 3102 378 3125 sese
391 3094 549 3125 confluere
562 3103 715 3125 oceanum
729 3095 908 3126 affirmant:
925 3097 1084 3135 quomodo

57 3155 129 3185 ergo
142 3146 173 3176 in
186 3145 291 3176 medio
305 3147 428 3176 montes
442 3147 588 3185 ponunt?
607 3146 665 3177 nisi
680 3147 703 3177 si
721 3147 836 3177 insulas
852 3148 972 3186 aliquas
990 3147 1083 3178 intel-

58 3197 109 3236 ligi
129 3197 252 3228 volunt.
295 3198 376 3228 Utut
393 3205 441 3227 res
459 3205 496 3227 ea
512 3197 607 3228 habet
619 3221 627 3236 ,
645 3200 734 3229 extra
748 3199 942 3238 geographiae
963 3208 998 3230 ea
1015 3208 1084 3239 pro-

59 3248 222 3283 fessionem
239 3247 322 3278 cadit
334 3271 342 3285 ‚
357 3247 409 3278 sed
424 3247 451 3278 ei
468 3247 598 3279 fortasse
611 3249 662 3287 qui
680 3249 718 3280 de
731 3258 847 3280 oceano
864 3250 1083 3281 tractationem

60 3299 223 3334 instituerit
237 3322 245 3336 ‚
261 3299 352 3330 suerit
370 3299 604 3331 committenda.

1179 1967 1222 2005 (5)
1237 1968 1332 1997 Facta
1354 1966 1466 1998 deiude
1482 1968 1638 1999 mentione
1651 1977 1759 1999 eorum
1772 1969 1826 2008 qui
1843 1969 2017 2009 navigando
2031 1970 2162 2010 Libyam

1136 2018 1322 2048 anibiverint
1332 2042 1339 2056 ,
1354 2018 1461 2049 scribit
1475 2019 1668 2050 Herodotum
1682 2020 1713 2050 in
1729 2028 1764 2050 ea
1776 2019 1869 2051 fuisse
1883 2021 2028 2059 opinione
2042 2044 2051 2058 ,
2066 2030 2163 2060 quos·

1137 2068 1210 2099 dam
1237 2078 1255 2100 a
1280 2063 1376 2101 Dario
1399 2069 1594 2109 [dicendum
1617 2072 1691 2101 erat
1715 2071 1852 2110 Nerone]
1875 2071 1984 2102 missos
2008 2071 2164 2102 ambitum

1138 2119 1232 2150 istum
1259 2122 1450 2160 confecisse3
1477 2121 1673 2152 Heraclidem
1700 2129 1775 2151 vero
1799 2123 1964 2153 Ponticum
1987 2122 2019 2152 in
2043 2122 2165 2162 dialogo

1139 2173 1319 2212 perhibere,
1345 2183 1472 2214 magum
1492 2174 1649 2213 quendam
1669 2174 1708 2205 ad
1727 2175 1878 2206 Gelonem
1901 2176 2039 2215 venisse,
2057 2177 2110 2216 qui
2132 2186 2165 2207 se

1138 2225 1261 2264 navigio
1277 2226 1489 2257 circumivisse
1504 2226 1622 2256 diceret
1641 2236 1648 2256 ε
1665 2226 1719 2257 sed
1735 2235 1771 2257 ea
1790 2227 1921 2259 testibus
1937 2236 2043 2259 carere
2055 2229 2116 2267 ait,
2134 2231 2166 2259 et

1138 2277 1246 2307 narrat
1270 2276 1437 2307 Eudoxum
1460 2277 1618 2316 quendam
1643 2276 1850 2316 Cyzicenum,
1875 2286 2000 2309 sacrum
2027 2279 2166 2318 legatum

1139 2328 1170 2358 et
1186 2327 1326 2358 inducias
1343 2328 1544 2358 nunciantem
1565 2327 1805 2359 caduceatorem
1827 2328 1859 2359 in
1884 2329 1966 2360 ludis
1987 2330 2167 2361 solennibus

1140 2379 1335 2418 Proserpinae
1363 2379 1441 2419 [alii
1470 2379 1501 2409 in
1532 2379 1614 2410 ludis
1640 2379 1876 2410 Corinthiorum
1904 2380 2084 2421 lstlzmicis]
2097 2405 2106 2420 ‚
2135 2382 2167 2411 in

1140 2433 1306 2472 AEgyptum
1330 2431 1468 2469 venisse,
1488 2440 1551 2471 quo
1575 2432 1719 2470 tempore
1744 2433 1912 2471 Euergetes
1934 2433 2090 2464 secundus
2115 2443 2167 2463 re·

1139 2492 1235 2522 gnum
1249 2482 1351 2514 tenuit
1364 2495 1370 2513 :
1385 2491 1522 2521 eumque
1535 2490 1607 2512 cum
1622 2490 1693 2521 rege
1709 2484 1740 2513 et
1752 2481 1819 2521 ejus
1832 2482 2036 2514 familiaribus
2048 2492 2166 2514 sermo-

1139 2543 1195 2565 nes
1208 2534 1377 2565 contulisse
1390 2557 1398 2571 ‚
1416 2533 1555 2564 maxime
1568 2533 1607 2564 de
1619 2542 1746 2564 sursum
1759 2533 1934 2572 navigando
1950 2534 2018 2565 Nilo
2029 2557 2037 2572 ,
2058 2536 2168 2574 utpote

1141 2585 1298 2616 hominem
1316 2587 1347 2616 et
1361 2584 1568 2615 admiratione
1580 2593 1690 2615 eorum
1709 2593 1780 2624 quae
1799 2584 1928 2624 singulis
1944 2585 2020 2615 locis
2042 2586 2168 2624 propria

1140 2638 1213 2668 sunt
1231 2636 1397 2675 prfeditum
1408 2659 1416 2673 ,
1430 2644 1532 2674 neque
1544 2635 1746 2666 ineruditum.
1762 2636 1855 2667 Forte
1871 2638 1939 2667 tum
1954 2645 1971 2667 a
1986 2637 2168 2668 custodibus

1140 2687 1263 2718 Arabici
1279 2687 1365 2718 sinus
1379 2686 1489 2717 indum
1503 2686 1660 2725 quendam
1676 2686 1715 2717 ad
1730 2695 1832 2726 regem
1849 2687 1943 2718 fuisse
1956 2688 2104 2727 allatum⁷
2119 2689 2167 2719 di-

1142 2738 1286 2769 centibus
1296 2746 1369 2768 eum
1379 2738 1620 2768 semimortuum
1633 2737 1673 2768 al)
1685 2737 1757 2777 ipsis
1769 2738 1933 2769 inventum
1945 2738 2037 2770 fuisse
2050 2739 2081 2770 in
2094 2742 2167 2770 navi

1140 2791 1241 2822 solum
1261 2790 1510 2829 deprehensum,
1528 2799 1630 2829 neque
1646 2799 1678 2821 se
1701 2791 1780 2821 scire
1799 2791 1871 2830 quis
1892 2792 1946 2821 aut
1963 2791 2049 2830 quas
2067 2794 2168 2830 esset,

1141 2842 1227 2882 quod
1248 2850 1424 2872 sermonem
1441 2842 1508 2880 eJus
1524 2850 1587 2872 non
1603 2842 1821 2881 intelligerent.
1845 2845 1926 2873 Eum
1949 2851 1967 2873 a
1984 2852 2054 2882 rege
2076 2853 2169 2875 man·

1141 2894 1251 2925 datum
1266 2893 1301 2923 iis
1311 2894 1365 2931 qui
1380 2895 1523 2923 Grmcam
1535 2901 1607 2923 eum
1620 2893 1757 2932 linguam
1768 2892 1916 2925 docerent
1929 2907 1936 2926 :
1949 2902 2010 2933 qna
2024 2897 2169 2934 percepta

1142 2945 1302 2977 hominem
1330 2954 1471 2976 narrasse
1500 2954 1540 2976 ex
1565 2944 1651 2975 India
1678 2954 1711 2975 se
1735 2944 1933 2984 navigantem
1961 2948 2046 2977 recto
2074 2955 2168 2978 cinsu

1142 2996 1312 3033 excidisse,
1332 2998 1428 3035 atque
1445 2996 1507 3026 hue
1529 2995 1681 3034 evasisse,
1698 2995 1790 3026 sociis
1804 2995 1885 3026 fame
1898 2996 2019 3027 amissis
2035 3010 2042 3028 ;
2058 2997 2167 3028 simul-

1142 3057 1204 3087 que
1222 3048 1397 3088 pollicitum
1411 3057 1443 3079 se
1458 3048 1664 3086 navigationis
1677 3047 1716 3078 ad
1732 3047 1824 3079 Indos
1838 3049 2079 3080 monstratorem
2104 3051 2169 3080 sore

1142 3099 1178 3129 iis
1191 3099 1308 3138 quibus
1321 3108 1389 3129 eam
1405 3108 1470 3129 rem
1484 3108 1540 3130 rex
1550 3099 1774 3137 demandaret,
1788 3107 1868 3138 quos
1881 3099 1962 3131 inter
1975 3101 2005 3130 et
2021 3100 2170 3131 Eudoxus

1143 3150 1247 3181 suerit.
1266 3152 1357 3181 Hunc
1370 3149 1408 3180 ad
1425 3149 1518 3181 Indos
1531 3158 1603 3180 eum
1618 3149 1707 3180 donis
1729 3149 1908 3189 navigasse,
1924 3151 1954 3181 et
1968 3159 2076 3181 eornm
2100 3151 2169 3181 1000

1144 3202 1319 3240 reportasse
1332 3202 1473 3231 aromata
1486 3209 1522 3231 ac
1538 3200 1655 3240 lapides
1668 3200 1831 3240 pretiosos,
1843 3210 1977 3240 quorum
1992 3201 2069 3231 alios
2082 3201 2167 3231 fluvii

1145 3260 1217 3282 cum
1232 3252 1351 3290 scrupis
1365 3251 1536 3290 devehunt,
1550 3252 1601 3282 alii
1616 3252 1809 3282 effodiuntur
1822 3253 1958 3283 concreti
1973 3262 2009 3282 ex
2026 3253 2169 3288 humore,

1133 3304 1179 3342 *ut
1202 3302 1284 3341 apud
1306 3311 1361 3332 nos
1388 3302 1536 3342 crystalli.
1562 3305 1709 3334 Ceterum
1734 3303 1899 3333 Eudoxum
1923 3312 1977 3333 sua
2001 3303 2093 3333 tuisse
2119 3312 2171 3341 spe
