2289 3728
949 141 1274 179 FRAGMENTA.

62 224 149 277 μέρη
170 225 341 275 διαιρεθῇ,
373 223 430 260 ἴσα
460 222 588 272 γίνεται
617 223 719 258 αὐτοῦ
749 220 791 257 τὰ
823 220 991 270 τμήματα
1021 222 1091 261 τοῖς

60 280 316 332 προειρημένοις
337 284 395 317 τοῦ
414 281 581 323 ζωδιακοῦ
602 278 795 328 τμήμασιν.
817 278 929 316 “Orous
949 277 1015 328 γὰρ
1033 277 1092 314 ἴσα

62 339 187 388 μεγέθη
211 340 256 380 εἰς
279 338 335 375 ἴσα
358 339 529 389 διαιρεθῇ,
545 337 677 387 ἀνάγκη
695 335 753 372 καὶ
773 335 815 372 τὰ
835 335 921 386 μέρη
942 335 1009 376 τοῖς
1034 333 1092 383 μέ·

64 411 154 445 ρεσιν
187 398 254 432 τῶν
288 395 525 446 διαιρεθέντων
556 394 613 430 ἴσα
634 393 798 443 γίνεσθαι.

61 454 166 496 οὕτως
196 452 287 504 ἔχειν
313 451 632 504 προϋποκειμένων,

827 392 967 429 Τούτων
984 390 1093 428 τοίνυν

663 449 737 495 ἑξῆς
759 449 860 501 φησὶν
888 452 905 486 5
927 448 1095 486 Ποσειδώ-

61 525 143 556 νιος,
176 510 226 547 ὅτι
262 509 426 550 Κάνωὲος
455 508 664 556 καλούμενος
699 507 809 558 ἀστὴρ
849 505 1094 557 λαμπρότατός

62 571 152 605 ἐστιν
180 568 264 617 πρὸς
285 566 521 616 μεσημὸρίαν,
543 568 588 608 ὡς
609 565 664 602 ἐπὶ
695 567 743 616 τῷ
764 564 923 615 πηδαλίῳ
940 566 999 609 τ’ῆς
1019 563 1095 614 Ἀρ-

61 629 151 676 γοῦς.
176 620 285 667 Οὗτος
314 626 346 661 ἐν
376 623 522 662 Ἱίλλάδι
546 622 615 660 οὐδ’
640 621 727 664 ὅλως
756 624 893 673 ὁρᾶται·
922 620 995 658 ὅθεν
1025 620 1095 657 οὐδ’

62 686 79 720 5
98 682 241 733 Ἄρατος
259 684 292 719 ἐν
308 687 376 723 τοῖς
392 680 619 730 Φαινομένοις
637 679 868 729 μιμνήσκεται
885 680 1005 716 αὐτοῦ·
1026 677 1093 714 ἀπὸ

63 741 96 778 δὲ
117 743 183 777 τῶν
209 742 379 790 ἀρκτικῶν
407 741 452 781 ὡς
476 739 559 790 πρὸς
581 738 802 790 μεσημὸρίαν
831 739 952 785 ἰοῦσιν,
987 735 1095 786 ἀρχὴν

62 801 121 835 τοῦ
142 800 286 848 ὁρᾶσθαι
302 798 335 833 ἐν
349 799 398 848 τῷ
415 795 529 848 εΡόδῳ
549 795 742 845 λαμῧάνει,
760 795 817 832 καὶ
830 794 940 845 ὀφθεὶς
955 793 1013 830 ἐπὶ
1038 796 1096 830 τοῦ

62 854 248 905 ὁρίζοντος,
270 853 390 896 εὐθέως
407 853 498 890 κατὰ
518 852 578 899 τὴν
600 852 748 904 στροφὴν
777 856 836 889 τοῦ
867 851 999 901 κόσμου
1035 865 1097 887 κου

64 911 242 950 ταδύεται.
266 911 422 950 εΟπόταν
441 911 476 948 δὲ
493 911 569 953 τοὺς
581 911 648 948 ἀπὸ
668 911 791 949 Ῥόδου
802 908 1098 960 πεντακισχιλίους

64 969 220 1011 σταδίους
241 968 505 1010 διαπλεύσαντες
525 970 558 1005 ἐν
579 967 814 1018 Ἀλεξανδρεία
831 966 1009 1017 γενώμεθα
1023 995 1032 1012 ,
1049 968 1099 1002 εὖ·

66 1026 220 1078 ρίσκεται
245 1025 391 1078 ὅάστὴρ
421 1021 516 1068 οὗτος
536 1028 569 1063 ἒν
597 1025 829 1077 Ἀλεξανδρείᾳ
856 1025 937 1076 ὕψος
960 1023 1099 1075 ἀπέχων

64 1088 122 1122 τοῦ
135 1084 318 1136 ὁρίζοντος,
339 1083 476 1137 ἐπειδὰν
493 1083 642 1135 ἀκριὸῶς
653 1082 894 1135 μεσουρανήσῃ
907 1112 917 1131 ,
937 1081 1100 1132 τέταρτον

65 1141 206 1190 ζωδίου,
224 1141 244 1178 5'
257 1143 329 1178 ἐστι
351 1140 624 1192 τεσσαρακοστὸν
639 1140 757 1191 ὄγδοον
783 1144 841 1178 τοῦ
865 1139 1100 1190 μεσημὲρινοῧ

65 1203 124 1237 τοῦ
145 1201 322 1242 ζωδιακοῦ.
350 1198 496 1249 Ἀνάγκη
516 1198 625 1235 τοίνυν
646 1198 706 1235 καὶ
726 1198 763 1235 τὸ
785 1197 1025 1247 ὑπερκείμενον
1042 1200 1099 1233 τοῦ

67 1258 169 1294 αὐτου
185 1257 423 1309 μεσημὸρινου
447 1259 589 1305 τμῆμα,
618 1260 675 1294 τοῦ
706 1256 856 1305 διαστημ
860 1271 936 1298 ατος
956 1272 1013 1293 του
1042 1271 1101 1305 με·

66 1315 148 1358 ταξυ
167 1315 290 1353 Ἱ)όδου
319 1314 377 1352 καὶ
396 1314 666 1365 Αλεξανδρείας,
683 1330 960 1365 τεσσαρακοστον
982 1313 1100 1362 ὄγδοον

69 1373 167 1424 μέρος
185 1374 288 1410 αὐτου
313 1376 419 1418 εἶναι,
441 1371 496 1409 διὰ
514 1372 551 1409 τὸ
566 1371 624 1408 καὶ
639 1387 694 1409 τον
707 1371 860 1422 ὁρίζοντα
873 1374 939 1408 τῶν
957 1370 1101 1409 Ῥοδίων

68 1445 127 1467 του
142 1430 307 1482 ὁρίζοντος
325 1445 392 1466 των
406 1401 672 1499 ΞἈλεξανδρείων
695 1429 905 1481 ἀφίστασθαι
928 1444 1103 1480 τεσσαρα-

68 1505 189 1526 κοστον
221 1489 337 1539 ὄγδοον
367 1504 426 1525 του
465 1489 631 1532 ζωδιακου
663 1486 805 1525 κυκλου.
843 1487 852 1499 ’
869 1486 944 1525 Ξπει
977 1503 1033 1523 ουν
1065 1501 1104 1523 το

69 1545 178 1598 τούτῳ
191 1549 239 1598 τῷ
258 1546 449 1596 τμήματι
437 1545 658 1594 υποκείμενον
679 1561 738 1591 της
752 1547 814 1595 γῆς
834 1561 874 1594 με
869 1545 934 1595 ’ρος
948 1574 958 1593 ,
980 1560 1103 1581 πεντα-

69 1604 248 1656 κισχιλίων
270 1604 416 1642 σταδίων
431 1598 518 1641 εἶναι
536 1605 648 1653 δοκεῖ,
665 1602 780 1641 καὶτὰ
799 1609 867 1646 τοῖς
884 1603 998 1645 ἄλλοις
1018 1602 1104 1651 τμή-

72 1678 175 1699 μασιν
206 1662 414 1711 ὑποκείμενα
448 1664 486 1699 ἐκ
513 1661 801 1712 πεντακισχιλίων
829 1660 975 1698 σταδίων
1011 1659 1102 1696 ἐστί·

73 1719 132 1757 καὶ
160 1719 264 1762 οὕτως
291 1722 308 1756 5
326 1719 484 1769 μέγιστος
504 1719 627 1762 κύκλος
652 1723 713 1765 τῆς
741 1722 804 1768 γ’ῆς
827 1718 1021 1770 εὑρίσκεται
1045 1734 1106 1767 μυ-

77 1779 200 1830 ριάδων
219 1778 395 1829 τεσσάρων
413 1778 471 1814 καὶ
490 1778 629 1823 εἴκοσιν,
656 1778 714 1814 ἐὰν
733 1771 816 1814 ὦσιν
838 1780 867 1814 οἱ
887 1776 955 1813 ἀπὸ
982 1775 1106 1813 ‘P0'60u

73 1836 362 1887 πεντακισχίλιοι·
384 1838 412 1873 εἰ
437 1835 471 1872 δὲ
501 1835 571 1885 μὴ,
595 1835 677 1886 πρὸς
705 1835 803 1885 λόγον
821 1839 882 1872 ’τοῦ
911 1833 1103 1881 διαστήμα-

74 1946 175 1977 driam
195 1946 226 1976 in
251 1946 376 1977 easdem
398 1955 471 1976 cum
497 1946 643 1984 signifero
673 1945 879 1985 quadraginta
901 1946 973 1975 octo
1003 1945 1107 1983 partes

76 1997 193 2028 divisus
206 1998 257 2035 sit,
272 1997 404 2036 aequalia
417 1999 490 2027 sunt
503 1997 569 2035 ejus
580 1998 738 2035 segmenta
748 1997 807 2027 illis
820 1995 955 2035 signiferi
968 2003 1108 2034 segmen-

73 2047 127 2079 tis.
143 2050 249 2084 Quum
274 2048 356 2078 enim
375 2047 606 2086 magnitudines
623 2047 761 2086 aequales
774 2047 936 2086 aequaliter
958 2045 1106 2076 dividun—

76 2099 141 2137 tur,
157 2098 293 2137 aequales
307 2099 401 2129 eliam
419 2098 590 2129 divisorum
616 2101 718 2137 partes
743 2098 824 2128 iuter
849 2106 881 2128 se
900 2106 966 2127 esse
984 2104 1109 2126 neeesse

80 2152 138 2181 est.
152 2150 207 2180 His
232 2150 326 2189 igilur
352 2150 395 2180 ita
420 2152 492 2180 ante
518 2149 711 2186 constitutis,
729 2149 840 2179 deinde
864 2149 907 2179 ait
928 2147 1110 2179 Posidonius

78 2201 201 2231 stellam
225 2201 389 2232 Canobum
403 2201 593 2240 appellatam
605 2200 889 2240 splendidissimam
905 2208 970 2230 esse
987 2199 1025 2229 ad
1045 2207 1106 2228 me-

80 2251 188 2283 ridiem
200 2252 232 2282 in
242 2253 369 2283 temone
381 2255 491 2292 Argus.
511 2252 627 2283 Eadem
639 2252 670 2282 in
683 2252 804 2283 Graecia
821 2260 947 2291 prorsus
964 2260 1025 2281 non
1037 2259 1110 2280 eon-

78 2303 209 2342 spicitur
224 2313 231 2334 :
248 2303 332 2335 unde
355 2312 413 2334 nec
431 2305 546 2334 Aratus
567 2305 635 2342 ejus
658 2303 690 2333 in
715 2302 933 2333 Phaenomenis
952 2302 1107 2332 meminit.

82 2358 187 2392 Quum
205 2356 310 2386 autem
324 2364 342 2385 a
359 2355 572 2395 septentrione
596 2364 702 2386 versus
716 2354 876 2385 meridiem
894 2353 1110 2393 procedimus,

82 2408 220 2447 primum
237 2407 338 2439 Rhodi
358 2408 560 2447 conspicitur,
583 2409 614 2438 et
630 2408 799 2447 postquam
813 2406 852 2437 ad
869 2406 1029 2437 finientem
1047 2406 1113 2436 visa

81 2459 267 2497 est‚statim
294 2459 404 2489 mundi
429 2459 634 2490 conversione
661 2458 789 2490 occidit.
822 2460 927 2494 Quum
956 2466 1031 2487 vero
1062 2456 1113 2486 illa

81 2510 223 2549 quinque
239 2510 337 2541 millia
367 2510 542 2541 stadiorum
558 2519 577 2540 a
602 2509 714 2540 Rhodo
731 2509 906 2548 navigando
933 2508 1114 2547 trajecimus

82 2562 346 2593 etAlexandriam
373 2563 530 2600 venimus,
554 2562 662 2593 eadem
681 2562 783 2600 stella,
798 2561 852 2591 ubi
864 2561 894 2591 in
907 2560 1009 2591 medio
1023 2560 1114 2599 plane

85 2612 165 2643 coelo
184 2614 248 2651 est,
271 2613 426 2655 reperitur
442 2615 554 2652 quarta
571 2615 660 2652 parte
673 2612 750 2651 signi
771 2621 864 2651 super
889 2612 1047 2642 finientem
1064 2612 1113 2641 at-

84 2663 172 2701 tolli,
186 2672 259 2702 quae
270 2665 318 2694 est
331 2663 566 2702 quadragesima
582 2665 695 2694 octava
715 2672 785 2702 pars
801 2662 948 2702 signiferi.
966 2662 1046 2693 llinc
1058 2670 1114 2691 ne—

88 2722 173 2745 cesse
187 2716 234 2745 est
257 2723 326 2745 eam
347 2716 471 2754 partem
497 2714 679 2752 meridiani,
692 2723 763 2753 quae
782 2715 947 2745 intervallo
971 2713 1114 2745 Rhodum

87 2766 168 2797 inter
182 2766 213 2797 et
236 2766 457 2798 Alexandriam
486 2766 650 2805 imminet,
674 2766 947 2805 quadragesimam
970 2768 1116 2796 octavam

86 2818 154 2858 ejus
169 2827 234 2850 esse
245 2831 252 2849 x
264 2819 427 2858 propterea
435 2818 520 2858 quod
535 2818 644 2849 liniens
652 2819 747 2849 etiam
757 2818 949 2848 Rhodiorum
961 2825 978 2848 a
989 2818 1117 2848 finiente

87 2869 373 2900 Alexandrinorum
406 2868 646 2908 quadragesima
673 2870 785 2899 octava
804 2870 894 2908 parte
910 2869 1044 2906 signiteri
1069 2868 1117 2898 di-

88 2921 160 2952 stat.
175 2923 281 2957 Quum
300 2920 392 2959 igitur
408 2928 445 2950 ea
455 2927 527 2959 pars
540 2921 644 2955 terrae,
658 2927 730 2958 quae
743 2920 793 2950 isti
804 2921 964 2958 segmento
980 2919 1118 2958 subjecta

90 2973 153 3011 est,
171 2972 314 3012 quinque
342 2972 474 3002 millium
494 2971 671 3002 stadiorum
697 2980 764 3002 esse
788 2971 950 3009 videatur3
974 2980 1019 3001 eae
1042 2971 1117 3002 item

90 3033 164 3064 quae
192 3024 320 3064 reliquis
348 3024 516 3063 segmentis
541 3023 763 3062 subjiciuntur,
791 3023 924 3054 totidem
947 3022 1118 3053 stadiorum

91 3077 166 3107 sunt
184 3089 191 3107 ε
213 3078 309 3116 atque
327 3077 370 3107 ita
394 3077 551 3107 maximus
568 3076 705 3106 circulus
729 3077 822 3106 terrae
838 3075 947 3114 viginti
970 3077 1120 3114 quattuor

92 3128 268 3168 myriadum
290 3137 355 3160 esse
370 3129 535 3168 reperitur,
550 3129 575 3159 si
592 3137 610 3159 a
624 3127 735 3159 Rhodo
752 3127 792 3158 ad
809 3127 1028 3159 Alexandriam
1047 3130 1121 3158 sunt

95 3180 234 3220 quinque
263 3181 379 3219 millia;
405 3181 453 3211 sin
478 3189 586 3218 secus,
613 3188 669 3219 pro
694 3180 815 3210 ratione
837 3179 1003 3210 intervalli.
1032 3179 1116 3210 Talis

96 3230 224 3269 quidem
239 3232 285 3262 est
302 3231 458 3263 Posidonii
475 3232 553 3263 ratio
567 3231 605 3262 (le
619 3229 834 3270 magnitudine
844 3230 949 3261 terrae.

2096 145 2168 176 287

1154 235 1221 261 τος.
1249 222 1316 258 Καὶ
1335 226 1355 267 ἡ
1378 222 1438 271 μὲν
1456 225 1513 258 τοῦ
1532 222 1757 259 ΙΙοσειδ(ο)νίου
1780 220 1893 271 ἔφοδος
1912 219 1989 270 περὶ
2018 222 2072 255 τοῦ
2093 217 2180 254 κατὰ

1154 278 1215 322 τὴν
1235 282 1298 326 γῆν
1314 280 1474 329 μεγέθους
1493 278 1648 324 τοιαύτη.

1639 350 1697 383 δι.

1208 421 1339 456 Strabo
1356 422 1404 463 ΙΙ,
1420 433 1457 467 p.
1488 434 1556 467 119
1577 433 1585 457 z
1603 407 1946 469 Δυσμικιῖηατονμὲν
1965 419 2029 470 γὰρ
2044 422 2185 467 σημεῖον

1156 480 1214 522 τ’ῆς
1234 476 1431 525 οἰκουμένης
1445 476 1481 513 τὸ
1498 480 1563 513 τῶν
1582 477 1726 527 Ἰδήρων
1747 478 1970 529 ἀκρωτήριον,
1988 477 2005 515 δ
2025 480 2185 514 καλοῦσιν

1157 534 1281 584 Ἱερόν·
1314 536 1425 571 κεῖται
1450 533 1484 570 δὲ
1511 534 1600 571 κατα
1624 534 1685 579 τὴν
1706 550 1889 605 γραμμην
1891 551 1962 578 πως
1984 534 2102 584 (πρὸς)
2124 535 2186 580 τὶν

1158 591 1212 629 διὰ
1234 590 1407 641 Γαδείρων
1436 606 1473 627 τε
1502 591 1561 627 καὶ
1586 592 1731 636 Στηλων
1755 607 1812 627 και
1831 608 1889 629 του
1906 594 2087 630 ,Σικελικού
2107 608 2189 643 πορ-

1157 652 1243 699 θμοῦ
1266 648 1324 685 καὶ
1337 651 1397 693 τῆς
1413 647 1561 690 Ῥοδίας.
1589 650 1788 699 Συμφυνεῖν
1810 649 1875 700 γὰρ
1897 666 1954 686 και
1977 650 2018 686 τὰ
2037 652 2191 700 ὡροσκο-

1157 710 1237 744 πεῖα
1254 706 1312 743 καὶ
1329 705 1405 749 τοὺς
1422 706 1566 755 ἀνέμους
1584 705 1666 757 φασὶ
1681 705 1758 747 τοὺς
1778 707 1969 758 ἑκατέρωσε
1992 709 2112 759 φοροὺς
2132 708 2190 745 καὶ

1157 764 1200 802 τὰ
1216 765 1310 814 μήκη
1325 767 1391 801 τῶν
1407 764 1576 814 μεγίστων
1596 766 1734 814 ἡμερῶν
1749 779 1783 800 τε
1802 764 1859 800 καὶ
1877 768 2024 801 νυκτῶν
2042 765 2191 817 ἔστιγὰρ

1158 821 1472 875 τεσσαρεσκαίδεκα
1487 823 1583 872 ὡρῶν
1605 823 1811 872 ἷσημερινῶν
1827 821 1904 870 [καὶ
1924 822 2068 870 ἡμίσους
2090 826 2110 868 ἡ
2130 839 2192 871 με-

1159 880 1258 932 γίστη
1283 883 1350 917 τῶν
1373 880 1534 931 ἡμερῶν]
1550 894 1586 916 τε
1604 878 1663 916 καὶ
1679 881 1820 915 νυκτῶν.
1835 875 1898 916 ’Έν
1925 895 1960 916 τε
1975 883 2017 930 τῇ
2037 881 2191 932 παραλία

1159 942 1201 991 τῇ
1223 938 1312 976 κατὰ
1346 939 1493 989 Γάδειρα
1524 936 1583 974 καὶ
1613 935 1759 987 Ἴὸηροίς
1782 951 1864 973 ποτε
1885 938 2026 988 ὁρᾶσθαι
2050 939 2089 958 ⁴²*
2123 941 2192 976 [10-

1161 996 1331 1039 σειδώνιος
1347 997 1375 1033 δ’
1396 995 1434 1033 ἔκ
1453 1011 1541 1037 τινος
1563 995 1696 1046 ὑψηλῆς
1725 993 1831 1036 οἰκίας
1849 995 1881 1030 ἐν
1906 995 2003 1031 πόλει
2031 995 2192 1046 διεχούση

1161 1057 1227 1092 τῶν
1248 1054 1360 1092 τόπων
1381 1053 1508 1091 τούτων
1525 1051 1603 1089 ὅσον
1625 1050 1862 1102 τετρακοσίους
1888 1051 2064 1097 σταδίους,
2091 1053 2192 1103 φησὶν

1161 1114 1251 1150 ἷδεῒν-
1271 1111 1420 1162 ἀστέρα,
1438 1111 1474 1148 ὃν
1493 1109 1738 1160 τεκμαίρεσθαι
1766 1108 1821 1145 τὸν
1845 1108 2010 1146 Κάνωὸον
2035 1110 2135 1146 αὐτὸν
2157 1113 2194 1148 ἐκ

1162 1173 1220 1207 τοῦ
1237 1185 1274 1206 τε
1290 1168 1409 1220 μικρὸν
1428 1170 1465 1205 ἐκ
1483 1167 1577 1213 τῆςἸ
1586 1166 1707 1217 δηρίας
1728 1166 1954 1217 προελθόντας
1979 1165 2034 1202 ἐπὶ
2050 1165 2112 1212 τὴν
2131 1182 2194 1216 με-

1163 1227 1336 1278 σημῧρίαν
1352 1227 1527 1276 ὁμολογεῖν
1549 1226 1678 1277 ἀφορᾶν
1700 1224 1816 1270 αὐτον,
1839 1240 1898 1260 και
1917 1226 1955 1260 ἐκ
1970 1227 2029 1269 τῆς
2045 1224 2196 1275 ιστορίας

1163 1289 1223 1331 τῆς
1237 1287 1269 1322 ἐν
1294 1285 1427 1323 Κνίδω·
1454 1283 1514 1329 τὴν
1532 1282 1597 1334 γὰρ
1627 1282 1774 1326 Εὐδόξῡυ
1796 1281 1927 1327 σκοπὴν
1950 1283 1986 1318 οὖ
2014 1280 2100 1318 πολυ
2130 1298 2196 1318 των

1164 1344 1328 1389 οἰκήσεων
1359 1341 1571 1393 ὑψηλοτέραν
1599 1345 1683 1377 εἰναι
1699 1340 1890 1390 ,λέγεσθαι
1919 1339 1946 1376 δ
1967 1339 2018 1376 ὅτι
2046 1341 2196 1376 εντευθεν

2035 1397 2043 1412 ’
2065 1396 2119 1433 ἐπι
2139 1401 2197 1434 τοῦ

1165 1459 1348 1497 Ῥοδιακοῧ
1368 1459 1532 1506 κλίματος
1551 1456 1610 1502 τὴν
1630 1456 1803 1505 Ικνίδον,’
1789 1455 1840 1507 εφ’
1857 1459 1895 1492 οὓ
1915 1470 1973 1491 και
1989 1454 2031 1492 τὰ
2012 1454 2138 1492 αΙάδε
2125 1470 2197 1506 ιρα

1165 1532 1224 1554 και
1244 1519 1264 1562 ἡ
1287 1515 1394 1563 ταύτῃ
1415 1514 1583 1566 παραλία.

1165 1403 1288 1444 ἐκεῖνος
1311 1400 1448 1451 ἀφεώρα
1468 1415 1524 1436 τον
1548 1398 1713 1436 Κάνωὸον
1738 1413 1895 1471 αστεραζ,
1909 1401 1993 1434 εἶναι
2012 1398 2029 1433 δ

1652 1585 1712 1620 82.

1220 1658 1352 1694 Strabo
1382 1657 1445 1701 VI,
1473 1669 1510 1703 p.
1532 1654 1605 1690 266
1636 1668 1643 1689 :
1678 1654 1758 1690 Τῶν
1783 1652 1938 1702 πλευρῶν
1960 1650 2196 1700 (Σικελίας),

1168 1715 1206 1757 ἃς
1223 1714 1436 1765 ἀφορίζουσιν
1463 1714 1496 1748 αἱ
1513 1716 1602 1762 τρεῖς
1628 1711 1748 1761 ἄκραι,
1769 1709 1826 1746 δύο
1844 1711 1904 1757 μέν
1927 1710 1990 1745 εἶσι
2008 1710 2120 1745 κοῖλαι
2141 1724 2200 1757 με·

1167 1771 1285 1822 τρίως,
1305 1774 1326 1816 ἡ
1347 1770 1381 1807 δὲ
1407 1769 1503 1819 τρίτη
1525 1767 1631 1820 κυρτὴ
1648 1797 1657 1816 ,
1675 1771 1696 1812 ἡ
1719 1767 1784 1804 ἀπὸ
1805 1771 1863 1803 τοῦ
1884 1766 2073 1804 Λιλυὸαίου
2093 1765 2200 1811 καθή-

1169 1846 1277 1868 κουσα
1309 1829 1391 1880 πρὸς
1427 1827 1488 1874 τὴν
1531 1826 1762 1877 Πελωριάδα,
1793 1825 1882 1876 ἥπερ
1929 1825 2074 1874 μεγίστη
2110 1824 2197 1873 ἐστὶ,

1664 1941 1720 1972 81.

1207 2006 1313 2036 Terrae
1328 2003 1475 2034 habitatae
1490 2003 1641 2042 punctum
1657 2000 1794 2031 maxime
1808 2000 1974 2031 occiduum
1990 2000 2035 2030 est
2051 2007 2201 2038 promon-

1168 2057 1285 2087 torium
1316 2054 1472 2094 Hispaniae.
1495 2053 1578 2093 quod
1606 2056 1738 2084 Sacrum
1760 2051 1888 2090 dieitur,
1914 2051 2009 2081 situm
2037 2051 2099 2081 sere
2116 2051 2146 2080 in
2166 2059 2203 2081 ea

1168 2108 1266 2145 linea,
1285 2115 1356 2146 quze
1377 2114 1429 2145 per
1445 2105 1564 2141 Gades,
1581 2105 1771 2140 Columnas,
1784 2103 1899 2133 fretum
1916 2102 2055 2132 Siculum
2072 2103 2103 2132 et
2116 2101 2201 2132 Rbo-

1170 2158 1254 2188 diam
1271 2157 1402 2188 transit:
1421 2165 1493 2185 nam
1509 2157 1540 2186 et
1550 2154 1709 2193 horologia
1722 2154 1811 2184 aiunt
1827 2153 2014 2191 convenire,
2029 2154 2060 2183 et
2078 2152 2202 2183 eosdem

1170 2211 1330 2249 utrimque
1345 2210 1455 2239 ventos
1466 2208 1551 2245 ferri,
1564 2209 1593 2238 et
1607 2207 1737 2238 eandem
1750 2214 1815 2237 esse.
1831 2205 1998 2244 utrobique
2016 2205 2204 2244 longissimae

1172 2262 1232 2292 diei
1258 2263 1289 2291 et
1307 2260 1409 2290 noetis
1426 2259 1637 2298 quantitatem
1658 2271 1664 2288 :
1683 2259 1730 2288 est
1746 2257 1828 2288 euim
1859 2256 1997 2286 maxima
2023 2258 2054 2287 et
2080 2256 2145 2287 dies
2172 2257 2205 2287 et

1173 2321 1237 2342 nox
1259 2309 1513 2351 quattuordecim
1529 2309 1678 2339 liorarum
1695 2308 1962 2347 aequinoctialium
1987 2316 2023 2338 ac
2039 2307 2178 2338 dimidiae
2195 2320 2202 2338 :

1172 2365 1202 2393 et
1216 2363 1246 2393 in
1260 2371 1315 2392 ora
1329 2361 1487 2392 maritima
1501 2359 1541 2390 ad
1556 2359 1657 2390 Gades
1669 2360 1765 2398 atque
1782 2359 1963 2398 Hispaniam
1981 2358 2206 2398 [ColumnasP]

1172 2413 1342 2453 aliquando
1356 2411 1514 2442 observari
1531 2411 1650 2451 [astra
1669 2410 1801 2442 Canobo
1814 2409 2002 2449 proxima}
2021 2409 2206 2441 Posidonius

1172 2466 1268 2496 refert
1293 2473 1325 2495 se
1349 2463 1387 2494 de
1410 2463 1534 2493 excelsa
1549 2462 1687 2501 quadam
1702 2461 1797 2491 domo
1812 2461 1843 2491 in
1865 2460 1942 2491 urbe
1957 2461 1997 2490 ab
2013 2460 2050 2490 iis
2068 2460 2145 2491 locis
2166 2461 2205 2491 ad

1172 2516 1399 2555 quadringenta
1426 2514 1527 2544 stadia
1541 2513 1694 2551 distante,
1724 2512 1847 2543 stellam
1871 2512 2005 2550 vidisse,
2022 2521 2117 2550 quam
2139 2513 2206 2542 exi-

1172 2566 1346 2598 stimaverit
1357 2574 1422 2596 esse
1435 2564 1600 2596 Canobum
1615 2577 1622 2594 :
1640 2573 1712 2594 nam
1730 2563 1823 2603 etqui
1837 2563 1908 2593 inde
1922 2571 2029 2593 versus
2043 2562 2205 2593 meridiem

1175 2628 1214 2649 ex
1229 2617 1375 2657 Hispania
1394 2616 1557 2656 paululum
1569 2615 1722 2655 progressi
1733 2615 1806 2653 sint,
1825 2614 1913 2644 fateri
1930 2622 1963 2644 se
1978 2622 2050 2644 eum
2067 2622 2206 2650 eernere,

1175 2670 1206 2699 et
1233 2667 1468 2699 observationes
1496 2666 1723 2697 astronomicas
1753 2665 1785 2695 in
1813 2664 1914 2695 Cnido
1942 2664 2103 2694 institutas
2124 2664 2206 2694 idem

1175 2721 1295 2751 testari.
1317 2722 1391 2750 Esse
1411 2718 1495 2748 enim
1515 2717 1546 2748 in
1563 2717 1664 2748 Cnido
1687 2716 1809 2748 Eudoxi
1829 2717 2007 2755 speculam,
2030 2725 2092 2746 non
2107 2717 2207 2747 multo

1175 2772 1320 2803 domibus
1334 2771 1561 2808 sublimiorem,
1577 2778 1616 2800 ex
1627 2778 1689 2809 qua
1700 2769 1724 2800 is
1735 2770 1834 2799 fertur
1849 2768 2014 2799 Canobum
2029 2771 2182 2807 spectasse
2197 2779 2206 2801 ;

1176 2832 1241 2854 esse
1254 2824 1360 2853 autem
1381 2821 1517 2853 Cnidum
1532 2821 1564 2851 in
1581 2820 1741 2851 Rliodiaco
1767 2820 1912 2858 elimate,
1929 2819 2037 2858 inquo
2058 2821 2089 2850 et
2106 2820 2208 2852 Gades

1177 2875 1251 2905 sunt
1267 2875 1298 2904 et
1309 2882 1363 2903 ora
1380 2873 1540 2903 maritima
1551 2872 1618 2911 ejus
1631 2870 1776 2910 regionis.

1655 2932 1712 2964 82.

1224 2995 1371 3025 Laterum
1387 2993 1619 3032 (Siciliae)quae
1635 2992 1682 3023 liis
1695 2992 1796 3023 tribus
1808 2991 2031 3031 promontoriis
2043 2990 2206 3021 includun-

1180 3047 1244 3083 tur,
1259 3044 1322 3075 duo
1336 3046 1409 3075 sunt
1436 3052 1574 3074 concava
1599 3043 1811 3081 mediocriter,
1826 3044 1954 3073 tertium
1974 3051 1990 3072 a
2008 3042 2144 3080 Lilybaeo
2168 3041 2207 3071 ad

1181 3097 1327 3127 Pelorum
1351 3104 1484 3126 curvum
1511 3096 1575 3133 est,
1603 3094 1751 3133 idemque
1775 3093 2010 3132 longissimum,
2035 3091 2206 3122 stadiorum

1180 3149 1267 3179 mille
1280 3149 1310 3179 et
1326 3148 1607 3187 septingentorum;
1625 3149 1660 3177 ut
1674 3146 1860 3178 Posidonius
1876 3145 1973 3183 dixit,
1990 3144 2045 3183 qui
2058 3146 2088 3174 et
2099 3142 2207 3181 viginti

1182 3199 1307 3238 adjecit.
1324 3201 1370 3229 De
1384 3198 1528 3237 reliquis,
1546 3198 1577 3229 id
1590 3197 1677 3237 quod
1693 3206 1711 3227 a
1726 3196 1861 3235 Lilybaeo
1881 3195 1920 3225 ad
1939 3195 2119 3233 Pachynum
2135 3201 2206 3231 per-

1182 3250 1285 3287 tinet‚·
1296 3249 1394 3279 altero
1414 3249 1516 3287 majus
1532 3250 1578 3279 est
1595 3250 1643 3285 (et
1661 3248 1756 3278 mille
1770 3247 2031 3286 quinqentorwn
2051 3245 2083 3273 et
2105 3245 2205 3282 qum-

1184 3302 1352 3340 quaqintci
1369 3300 1539 3338 slacli'eim)
1556 3312 1562 3330 ε
1587 3299 1752 3329 minimum
1770 3296 1909 3327 omnium
1940 3295 1987 3332 id,
2013 3293 2095 3332 quod
2116 3294 2206 3323 Freto
