2338 3765
989 160 1311 199 FRAGMENTA.

90 264 170 298 quae
191 251 237 285 de
262 258 360 285 recte
383 250 584 284 formandis
604 250 894 285 adolescentibus
911 250 1115 295 excogitari

88 309 244 355 possint,
267 321 422 354 quaeque
442 309 564 342 valent
592 309 798 354 exprimere
825 308 967 342 felicem
1001 307 1115 340 iudo—

89 367 171 400 lem.
202 367 284 411 Quo
314 367 435 399 minus
456 366 581 400 mirari
611 367 802 409 convenit,
824 366 850 399 si
881 377 1009 399 eorum
1037 377 1118 410 quae

88 430 268 457 memorat
309 422 519 470 (Nicolaus)
533 450 542 466 ,
575 422 675 468 apud
722 423 960 464 Suetonium,
1009 429 1117 455 tantae

88 479 284 527 diligentiae
298 481 530 526 scriptorem,
545 486 580 514 et
597 480 686 514 alios
702 480 792 515 nihil
810 492 912 526 paene
929 486 991 513 aut
1010 479 1119 512 mini—

88 551 189 573 mum
218 545 344 574 exstat.
374 540 427 573 Ita
456 545 576 572 tamen
599 537 668 571 sibi
698 539 934 583 temperavit,
959 543 1000 570 ut
1029 537 1118 570 nihil

88 597 247 640 diceret,
267 596 371 642 quod
391 596 497 630 rebus
514 596 670 641 cognitis
691 602 935 641 repugnaret,
955 601 1016 629 aut
1032 605 1118 640 per-

87 666 175 688 sona
189 654 494 700 temporibusque
509 652 796 699 discongrucret.
813 667 827 683 »
841 653 927 686 Haec
942 652 989 686 de
999 652 1116 687 Valcs.

88 712 177 746 Vitae
210 712 328 745 Excel
331 717 402 756 ptis
433 712 545 744 Huoo
580 710 746 745 Gnorms
779 709 910 759 (Epist.
947 710 1018 751 264
1056 708 1116 743 ed.

89 769 237 804 Amstel.
248 768 272 814 ).
295 768 460 802 Eandem
490 769 706 802 sententiam
734 780 783 815 pi
783 766 933 802 ofitetur
959 769 1121 813 Eggeius

88 823 182 872 (Sur
205 826 256 858 les
276 824 469 859 historiens
494 826 522 858 (l
529 823 740 873 Magum),
772 825 835 870 qui
862 825 1003 858 Nicolai
1028 836 1121 870 opus

88 895 172 918 cum
192 883 410 929 Cyropaedia
440 883 715 929 Xenophontea
745 884 950 929 componit.
984 883 1120 917 Contra

87 940 245 976 Orellius
263 941 402 987 (NicoL
419 942 466 977 D.
489 940 593 987 praef.
616 953 655 987 p.
676 941 752 988 XI)
775 952 783 977 :
813 957 827 971 (ι
853 943 988 976 Verum
1009 941 1120 974 enim·

88 1009 198 1041 vero,
217 998 287 1041 ait,
310 998 375 1043 qui
394 999 620 1044 reputaverit
646 999 783 1033 scelera
802 999 955 1045 Augusti
973 1010 1018 1032 ex
1043 999 1115 1031 im-

88 1054 236 1089 modica
252 1054 455 1089 ambitione
469 1053 640 1099 fluentia,
659 1068 774 1102 quum
791 1056 955 1101 primum
973 1061 1121 1089 evectus

92 1112 204 1146 fuerit
240 1112 287 1146 ad
317 1113 448 1159 populi
479 1113 639 1148 Romani
668 1113 937 1160 principatum,
975 1113 1122 1159 penitus

88 1169 193 1205 fuisse
212 1169 370 1214 abolita,
388 1171 501 1204 inuno
522 1171 646 1205 locum
668 1170 809 1205 dedisse
830 1171 1024 1205 contrariis
1045 1171 1121 1204 vir-

89 1228 228 1263 tutibus
239 1256 249 1274 ,
270 1228 544 1263 mansuetudini
563 1236 599 1263 et
614 1229 816 1263 clementiae
832 1229 972 1263 eximiae
985 1256 994 1272 ,
1026 1228 1120 1263 adeo

91 1292 132 1320 ut
147 1298 286 1320 nomen
309 1285 723 1320 honorificentissimum
750 1287 864 1334 patris
891 1287 1017 1333 patriae
1042 1298 1123 1320 me-

90 1343 206 1378 ruerit
221 1369 230 1386 ,
252 1343 280 1376 is
299 1343 404 1377 facile
421 1342 651 1377 condonabit
662 1344 817 1378 Nicolao
833 1344 932 1378 bona
954 1342 1028 1378 fide
1043 1345 1119 1378 Au-

89 1407 235 1448 gustum
253 1400 436 1444 laudanti,
457 1407 499 1434 ut
517 1401 655 1435 scilicet
674 1401 713 1435 in
734 1401 799 1436 illo
817 1402 894 1436 veri
913 1401 1066 1435 honoris
1084 1401 1122 1434 in

88 1458 225 1492 virtute
243 1459 353 1505 positi
368 1458 607 1505 cupiditatem
620 1458 859 1505 accenderet,
875 1471 1034 1505 eumque
1051 1460 1123 1493 im-

88 1516 236 1562 pediret
247 1543 257 1563 ,
274 1528 321 1550 ne
338 1517 471 1550 iterum
485 1516 531 1551 ad
547 1517 630 1551 vitae
649 1524 823 1552 anteactae
839 1517 975 1551 scelera
994 1529 1122 1552 rever—

89 1579 242 1610 teretur.
269 1575 399 1620 Neque
421 1575 529 1609 etiam
548 1576 620 1609 hoc
647 1574 939 1609 obliviscendum
960 1581 1032 1618 est,
1056 1587 1122 1609 ex-

91 1638 246 1667 tremam
270 1632 378 1678 hujus
395 1633 563 1679 opusculi
594 1641 757 1680 partem,
790 1645 870 1679 quae
896 1633 1123 1668 famosissimi

90 1691 186 1724 illius
196 1691 446 1725 triumviratus
456 1691 642 1725 historiam
656 1692 878 1726 continuisse
892 1691 1053 1734 videtur,
1066 1692 1123 1724 in-

94 1748 295 1782 tercidisse.
311 1749 399 1792 Quae
418 1749 446 1782 si
459 1755 674 1794 superesset,
694 1755 773 1781 tum
789 1747 939 1782 demum
955 1747 1123 1793 judicare

92 1817 279 1852 possemus
293 1832 301 1848 ‚
318 1813 443 1839 utrum
463 1807 628 1853 Augusto
646 1805 814 1840 adulatus
828 1805 939 1839 fuerit
951 1806 1124 1840 Nicolaus

93 1863 258 1898 crudelia
275 1863 349 1909 ejus
368 1864 533 1898 facinora
548 1864 607 1898 vel
620 1863 813 1898 reticendo
833 1865 892 1898 vel
912 1864 1122 1898 excusando

92 1921 186 1956 adeo
210 1922 494 1968 laudandoque,
515 1934 562 1956 an
588 1934 645 1956 res
665 1922 739 1967 ejus
764 1929 878 1969 gestas
897 1934 983 1957 vere
1003 1923 1124 1957 since-

94 1991 232 2026 reque,
249 1981 375 2026 prouti
396 1979 566 2023 fuerunt,
585 1981 944 2014 commemoraverit.
976 1995 990 2011 υ
1015 1982 1060 2014 At
1080 1992 1123 2014 ex

92 2050 218 2085 ungue
238 2038 397 2073 leonem.
414 2038 573 2072 Herodis
583 2037 754 2072 adulator
769 2050 844 2084 quo
854 2038 1000 2072 tandem
1013 2045 1123 2084 pacto

92 2107 261 2130 severum
284 2107 321 2130 se
343 2096 489 2130 Caesaris
516 2096 700 2129 triumviri
715 2094 879 2141 judicem
895 2097 1121 2142 praestiterit!

95 2153 264 2188 Ceterum
281 2153 394 2187 tutius
416 2152 461 2187 de
480 2153 536 2187 his
547 2152 716 2198 judicare
732 2153 803 2199 jam
828 2154 914 2187 licet
934 2165 977 2187 ex
992 2155 1125 2188 Excer-

94 2211 167 2257 ptis
193 2211 317 2254 novis,
340 2210 476 2257 quibus
503 2217 675 2245 narratur
702 2218 781 2245 tum
809 2211 913 2245 Bruti
941 2211 1124 2257 Cassiique

93 2268 303 2314 conjuratio
332 2275 440 2314 atque
464 2280 537 2303 nex
560 2268 730 2316 Caesaris,
755 2275 833 2302 tum
861 2280 950 2303 vero
970 2270 1125 2315 Augusti

91 2326 244 2367 historia
263 2326 350 2360 inde
369 2338 389 2360 a
412 2325 483 2361 fine
507 2327 655 2362 Caesaris
674 2338 790 2372 usque
807 2325 854 2360 ad
871 2338 913 2360 ea
935 2333 1122 2373 tempora,

94 2384 230 2430 quibus
249 2390 379 2419 contra
400 2384 605 2419 Antonium
626 2384 790 2431 legiones
805 2391 1067 2418 veteranorum
1087 2386 1125 2419 in

94 2442 295 2488 Campania
318 2442 551 2476 convocavit.
580 2441 691 2477 Unde
716 2448 819 2488 patet
842 2443 966 2477 omnia
992 2443 1126 2489 quibus

93 2498 192 2533 labes
224 2500 347 2545 aliqua
375 2500 563 2534 memoriae
602 2500 750 2535 Caesaris
781 2507 904 2546 posset
935 2500 1124 2547 adspergi,

93 2556 287 2591 Nicolaum
301 2563 364 2591 aut
378 2557 529 2592 tacuisse
547 2563 610 2591 aut
625 2557 675 2591 ita
690 2569 852 2591 narrasse
864 2584 873 2599 ‚
890 2564 932 2591 ut
948 2558 1125 2592 crimina-

94 2613 195 2648 tione
215 2613 375 2648 dictator
395 2615 632 2650 eximeretur.
656 2615 773 2649 Simili
798 2614 913 2648 modo
942 2618 1126 2662 Augustus

94 2671 234 2717 ubique
248 2678 531 2718 repraesentatur
551 2678 739 2718 tamquam
755 2672 927 2718 imperii,
948 2684 1024 2718 quo
1046 2673 1126 2708 Cae-

93 2739 152 2762 sar
166 2728 329 2762 saevierat
341 2754 351 2771 ,
372 2728 476 2763 heres
492 2728 696 2775 legitimus,
715 2728 890 2775 idemque
915 2730 971 2763 vir
990 2730 1125 2765 mode-

95 2791 195 2819 ratus
206 2792 242 2820 et
254 2785 442 2820 modestus
455 2785 676 2832 admodum,
696 2798 878 2832 nusquam
892 2799 969 2821 non
985 2788 1125 2823 sincere

95 2848 208 2889 atque
226 2842 347 2890 probe
364 2854 401 2877 se
416 2854 546 2890 gerens
566 2855 651 2890 erga
666 2844 869 2878 Antonium
882 2871 892 2884 ,
911 2845 975 2891 qui
994 2844 1126 2879 nefan-

97 2899 186 2934 dum
200 2901 341 2934 crimen
361 2900 393 2935 ei
404 2900 555 2935 scelesto
571 2901 725 2935 consilio
749 2900 948 2938 affinxerit.
965 2902 1126 2937 Omnino

96 2957 136 2990 in
153 2957 349 2992 Nicolaum
365 2957 495 2992 eadem
511 2958 669 3004 cadunt,
689 2958 824 3004 quibus
842 2959 1024 3002 accusari,
1044 2961 1127 3005 qui-

97 3014 167 3048 bus
182 3015 348 3049 excusari
360 3015 457 3049 inter
470 3017 661 3050 Romanos
679 3016 877 3062 scriptores
892 3017 985 3051 solet
1004 3029 1128 3063 aequa-

97 3071 141 3106 lis
155 3073 370 3107 Damasceni
380 3101 389 3117 ,
404 3073 565 3107 Velleius
581 3074 805 3109 Paterculus.
820 3076 957 3109 Verum
972 3081 1128 3120 quanta—

101 3140 249 3176 cunque
280 3130 372 3174 sint‚
404 3142 485 3176 quae
515 3131 679 3165 severior
705 3131 856 3165 historia
885 3132 923 3165 in
942 3133 1024 3166 Vita
1044 3132 1125 3175 ista,

99 3187 193 3233 grati
217 3199 302 3235 erga
330 3190 537 3234 Augustum
556 3188 669 3222 animi
702 3196 967 3232 monumento,
999 3201 1127 3235 repre—

99 3243 262 3279 hendere
282 3245 434 3288 debeat,
450 3245 690 3280 nihilominus
704 3247 868 3291 reliquiae
886 3246 962 3291 ejus
982 3259 1127 3293 perma—

101 3302 160 3348 gni
177 3302 215 3335 in
229 3309 325 3337 tauta
342 3303 534 3338 meliorum
548 3305 769 3350 scriptorum
785 3305 936 3350 penuria
951 3304 1124 3339 facienda?

2133 169 2202 201 3⁴7

1178 257 1276 285 suut.
1302 252 1392 284 Num
1414 253 1526 286 multa
1557 253 1792 299 suppeditant
1814 266 1893 299 quae
1923 253 2072 287 aliunde
2102 265 2201 287 com-

1180 314 1284 352 pertu
1314 320 1388 341 non
1418 309 1616 353 hahemus,
1651 322 1888 356 quorumque
1908 309 2018 343 iidem
2044 310 2133 343 nihil
2157 317 2208 344 cst

1181 375 1247 397 cur
1267 372 1537 409 susp‹·ctciuus;
1557 367 1647 407 alia,
1670 379 1751 411 quse
1767 380 1786 400 a
1807 367 1999 409 Suetonio,
2020 367 2206 413 Appiano,

1182 419 1400 468 Plutarcho,
1420 424 1557 465 Dione,
1579 424 1718 457 Vcllcio
1735 426 1860 469 paucis
1878 431 2090 470 tanguntur,
2112 424 2208 459 uhc-

1182 478 1257 512 rius
1275 485 1448 524 narrant,
1469 480 1535 513 alia
1559 481 1630 513 alio
1648 489 1836 526 exponunt
1851 482 1993 517 ordine.

1236 536 1305 571 III.
1346 541 1443 570 ΠΕΡΙ
1479 543 1559 572 ΤΟΥ
1592 543 1704 572 ΙΔΙΟΥ
1740 544 1845 573 mor.
1888 539 2207 584 Quemadmodum

1182 592 1286 626 libris
1303 593 1418 627 modo
1439 595 1627 627 recensitis
1648 595 1806 630 Herodis
1828 603 1863 629 ct
1890 598 2042 642 Augusti
2064 610 2208 643 praeco-

1180 662 1261 685 nem
1278 651 1452 685 Nicolaus
1468 652 1564 698 egit,
1581 652 1630 685 sic
1646 653 1715 685 hoc
1733 654 1869 699 scripto
1890 666 1960 688 snae
1983 655 2094 700 ipsius
2107 655 2210 688 fama·

1180 708 1482 754 prospiciendum
1498 716 1611 753 ratus,
1629 722 1703 742 non
1715 711 1858 745 minore
1873 724 1981 757 quam
2000 712 2210 758 Theopom—

1180 777 1249 812 pus
1269 767 1356 800 olim
1373 766 1539 812 jactantia
1555 767 1706 800 virtutes
1722 779 1802 801 suas
1818 768 1936 804 essert.
1960 770 2134 803 Nonnulli
2157 777 2211 804 ta-

1182 835 1268 858 men
1288 825 1411 858 nescio
1430 824 1534 870 quod
1561 823 1749 858 modestiae
1777 826 1984 871 exemplum
2007 827 2210 862 inNicolao

1182 880 1318 916 intueri
1334 882 1402 916 sihi
1421 882 1487 916 visi
1504 888 1607 924 sunt,
1624 881 1787 927 ideoque
1810 882 1959 926 librum,
1982 883 2027 918 dc
2045 896 2118 929 quo
2135 886 2213 931 agi—

1182 952 1279 983 mus,
1302 940 1445 974 auctori
1474 952 1540 973 suo
1575 939 1867 985 abjudicandum
1895 953 1968 975 csse
1993 949 2212 976 censuerunt

1184 995 1240 1046 (v.
1259 1003 1339 1035 not.
1354 997 1401 1032 ad
1423 995 1468 1033 fr.
1495 1010 1508 1031 1
1527 996 1553 1045 ).
1572 999 1619 1031 At
1635 997 1739 1031 color
1754 998 1931 1031 orationis
1950 998 2045 1032 idem
2061 1011 2212 1044 prorsus

1182 1062 1231 1090 est
1248 1068 1359 1102 quem
1376 1057 1415 1089 in
1429 1055 1511 1090 Vita
1531 1055 1686 1102 Augusti
1706 1056 1883 1102 agnoscis.
1905 1055 2026 1101 Quare
2048 1057 2137 1090 nihil
2156 1059 2212 1091 vi-

1183 1112 1251 1147 deo
1269 1125 1335 1147 cur
1354 1112 1592 1159 praejudicata
1614 1112 1665 1147 'de
1682 1113 1848 1147 moribus
1872 1113 2015 1147 Nicolai
2035 1114 2213 1159 opinione

1182 1171 1339 1205 nitentes
1358 1171 1395 1204 in
1416 1170 1573 1205 dubium
1592 1182 1768 1204 vocemus
1788 1170 1967 1204 disertum
1988 1171 2213 1216 antiquitatis

1183 1229 1447 1265 testimonium.

1236 1287 1297 1322 IV.
1315 1289 1560 1322 ΠΑΡΑΔΟΞΩΝ
1574 1290 1685 1321 ΕΘΩΝ
1701 1291 1922 1321 ΣΥΝΑΓΩΓΗ.
1944 1287 1999 1320 De
2014 1286 2086 1320 hoc
2103 1297 2216 1332 opere

1183 1344 1392 1389 apposuisse
1411 1343 1547 1378 sufficit
1566 1344 1679 1378 verba
1698 1344 1821 1377 Photii
1843 1343 1961 1390 (Bibl.
1985 1343 2071 1379 cod.
2098 1342 2188 1392 189)
2202 1371 2211 1387 ,

1185 1402 1249 1446 qui
1268 1408 1465 1447 postquam
1485 1401 1530 1436 de
1547 1401 1759 1436 Alexandro
1774 1427 1783 1445 ‚
1801 1402 2003 1448 Protagora
2018 1428 2027 1445 ‚
2046 1402 2213 1446 Sotione‚

1183 1469 1308 1492 rerum
1327 1459 1551 1493 mirabilium
1579 1458 1842 1505 scriptoribus,
1875 1458 2040 1503 dixerat,
2069 1458 2217 1504 subjicit

1184 1516 1259 1550 haec
1272 1528 1280 1552 ε
1294 1514 1354 1552 Ἐν
1363 1516 1477 1566 ταύτῷ
1490 1515 1522 1551 δὲ
1539 1515 1605 1564 (sc.
1617 1517 1654 1550 in
1667 1516 1800 1551 eodem
1814 1516 2002 1551 volumine
2014 1516 2116 1562 quod
2127 1529 2216 1551 con-

1184 1574 1323 1608 tinebat
1338 1575 1499 1609 Sotionis
1519 1572 1606 1622 Περι
1621 1587 1784 1621 ποταμι)ν
1804 1587 1862 1609 και
1882 1587 2014 1622 κρηνων
2027 1571 2216 1622 παραδοξο-

1184 1629 1393 1697 λογούμενα)
1408 1630 1666 1680 συνανεγνωσΟη
1688 1645 1746 1666 και
1763 1630 1933 1668 Νικολάου
1945 1630 2053 1679 λόγος,
2075 1630 2214 1682 Ηρώδῃ

1185 1703 1251 1724 των
1272 1688 1449 1725 Ἰουδαίων
1473 1690 1606 1739 βασιλεῖ
1623 1703 1898 1739 προσπεφωνημῑ.
1885 1704 1974 1733 ..νος,
1999 1704 2034 1725 εν
2051 1692 2078 1740 ‘i’
2095 1704 2213 1739 παρα-

1186 1745 1290 1788 δόξων
1312 1747 1394 1782 ἐθων
1417 1747 1488 1782 ἐστι
1507 1747 1704 1795 συναγωγή.
1731 1745 1923 1794 Συυὸαίνει
1944 1746 2005 1795 μὲν
2030 1748 2075 1787 εἷς
2094 1746 2215 1783 ταύτὸν

1186 1802 1283 1845 ἐνίοις
1302 1806 1367 1840 τῶν
1385 1803 1450 1840 ὑπὸ
1467 1804 1541 1840 Αλε
1519 1803 1688 1853 εξσίνδρου
1703 1803 1904 1854 παραδόξων
1921 1805 2065 1840 συνειλε
2055 1803 2208 1873 (μένων,

1186 1875 1245 1897 και
1256 1876 1334 1911 περι
1348 1864 1393 1897 ὡν
1410 1860 1443 1898 δὲ
1458 1861 1577 1899 Κόνων
1592 1861 1785 1908 συνέταξεν,
1800 1862 1860 1897 οὐκ
1872 1860 1969 1911 ὀλίγα
1982 1862 2154 1914 προσέγρα
2158 1864 2212 1913 ψέ

1184 1918 1309 1963 πλὴν”
1292 1934 1324 1955 εν
1342 1934 1410 1955 τισι
1427 1919 1667 1969 παραλλάσσει
1687 1925 1761 1961 ταῖς
1780 1919 1945 1969 ἱστορίαις
1958 1948 1968 1967 ,
1989 1920 2217 1970 ἑτεροτρόπως

1186 1977 1273 2014 αὐτὰ
1291 1976 1436 2021 διεξιών.
1454 1976 1528 2023 Τὴν
1550 1976 1584 2014 δὲ
1602 1981 1724 2028 φράσιν
1740 1976 1812 2013 ἔστι
1831 1977 1891 2026 μὲν
1913 1976 1971 2013 καὶ
1992 1977 2091 2019 αὐτὸς
2108 1992 2213 2028 κεφα-

1184 2034 1352 2081 λαιώδης,
1372 2036 1409 2072 οὐ
1431 2035 1498 2084 μὴν
1516 2035 1592 2072 οὐδὲ
1612 2039 1669 2072 τοῦ
1691 2038 1818 2086 σαφοῦς
1841 2034 2134 2085 ἀνακεχωρηκὼς,
2152 2050 2217 2083 με-

1184 2092 1293 2143 τέχων
1311 2093 1347 2130 δέ
1363 2109 1435 2135 πως
1450 2093 1508 2129 καὶ
1524 2096 1590 2129 τῶν
1606 2091 1859 2143 προειρημένων
1877 2093 2005 2140 μᾶλλον
2026 2094 2218 2142 συστροφῆς

1183 2165 1273 2193 τινος
1293 2150 1352 2187 καὶ
1372 2150 1574 2196 δεινότητος.
1591 2150 1693 2199 Λέγει
1711 2151 1738 2187 δ’
1759 2149 1830 2186 ἔνια
1857 2149 1918 2198 μὲν
1938 2151 2094 2195 πολλοῖς,
2115 2152 2143 2187 εἰ
2160 2150 2218 2186 καὶ

1186 2207 1353 2252 ξενίζοντα
1375 2208 1425 2254 εἴη
1439 2238 1448 2254 ,
1463 2207 1553 2258 ὅμως
1569 2207 1842 2258 ὁμολογούμενα·
1863 2207 1938 2244 τινὰ
1957 2208 1986 2244 δ’
2007 2207 2218 2257 ἀγνοούμενα

1187 2266 1261 2316 μὲν,
1279 2268 1315 2304 οὖ
1337 2265 1404 2316 μὴν
1424 2268 1462 2303 ἐκ
1489 2270 1547 2303 τοῦ
1569 2269 1738 2318 ἐμφανοῦς
1757 2265 1842 2336 προς
1870 2266 1985 2315 μάχην
2008 2268 2056 2316 τῷ
2084 2268 2218 2317 πιθανῷ

1185 2324 1437 2372 καθιστάμενα·
1459 2323 1517 2368 ἔθη
1535 2322 1599 2373 γὰρ
1628 2324 1730 2360 ἐθνων
1757 2322 1932 2372 ἰδιότροπα
1949 2322 1993 2359 τὰ
2012 2322 2125 2359 πολλὰ
2154 2337 2216 2358 πε-

1187 2382 1395 2433 ριαγγέλλει·
1423 2383 1528 2432 εὑρεῖν
1554 2382 1582 2417 δ’
1610 2382 1699 2417 ἐστιν
1724 2382 1756 2416 ἐν
1785 2381 1896 2421 αὐτοῖς
1914 2395 1972 2416 και
1994 2379 2031 2416 τὸ
2052 2380 2217 2416 ἀπίθανον

1185 2438 1435 2490 προϊσχόμενα.
1457 2438 1532 2476 ‘³0
1518 2454 1556 2475 εκ
1573 2441 1764 2487 Δαμασκου
1786 2436 1876 2473 εστιν
1895 2440 2007 2482 οὗτος,
2029 2440 2138 2486 οἶμαι,
2156 2438 2218 2474 Νι-

1186 2496 1331 2546 κόλαος,
1351 2498 1400 2533 δ’
1386 2496 1441 2533 επὶ
1469 2512 1536 2533 των
1556 2495 1753 2545 Αὐγούστου
1782 2495 1914 2565 χρόνων
1948 2494 2130 2543 ἀκμάσας,
2160 2495 2217 2531 καὶ

1188 2554 1280 2603 φίλος
1294 2556 1388 2591 αὖτω
1404 2553 1641 2605 χρηματίσας·
1661 2552 1694 2596 εξ
1712 2557 1750 2589 οὗ
1764 2568 1822 2589 και
1838 2551 2061 2589 πλακούντιιιν
2077 2567 2109 2588 τι
2121 2545 2217 2596 εἶδος,

1189 2610 1210 2648 ἃ
1231 2611 1398 2661 διεπεμπε
1422 2612 1592 2663 Καίσαρι,
1615 2612 1659 2653 εἷς
1679 2609 1781 2660 τιμὴν
1801 2625 1858 2646 του
1880 2609 2092 2659 δεξιουμένου
2111 2611 2214 2647 Νικο-

1187 2669 1289 2712 λάους
1321 2671 1338 2706 ὃ
1369 2672 1506 2719 Καῖσαρ
1541 2669 1717 2706 ἐκάλεσεν.
1756 2670 1865 2709 Οὗτος
1896 2668 1952 2705 καὶ
1988 2665 2217 2717 Ασσυριακὴν

1187 2727 1339 2779 ἱστορίαν
1362 2729 1395 2764 ἓν
1417 2727 1616 2779 πολυστίχῳ
1651 2726 1793 2777 βιὸλίιγῃ
1814 2724 1878 2762 ὅσα
1903 2726 2056 2762 παλαιὰν
2081 2724 2220 2774 μνήμην

1189 2785 1469 2834 ἀναγνωσμάτων
1484 2784 1621 2835 ἔχομεν,
1638 2784 1899 2821 καταλέλοιπεν.

1240 2846 1283 2879 In
1301 2845 1556 2891 sequentibus,
1578 2845 1645 2878 ubi
1668 2855 1789 2879 sermo
1810 2842 1856 2877 de
1877 2840 2101 2876 Acestoridae
2118 2840 2221 2874 libris

1189 2909 1367 2948 quattuor
1386 2902 1452 2936 τῶν
1475 2899 1564 2937 κατὰ
1588 2900 1686 2937 πόλιν
1715 2900 1880 2948 μυθικῶν,
1911 2900 2084 2945 leguntur
2102 2899 2179 2932 haec
2206 2910 2212 2932 :

1189 2956 1311 2995 Πολλὰ
1331 2956 1393 3006 μὲν
1416 2954 1472 2994 οὖν
1493 2956 1583 2994 ἔστιν
1598 2959 1631 2994 ἐν
1648 2955 1777 2998 τούτοις
1799 2953 2072 3005 (Ἀκεστορίδου)
2093 2953 2216 3003 εὑρεῖν,

1191 3014 1213 3051 ἅ
1235 3030 1269 3051 τε
1291 3014 1503 3051 συνείλεκται
1520 3015 1667 3059 Κόνωνι,
1687 3013 1745 3050 καὶ
1769 3012 2021 3060 Ἀπολλόδωρος
2040 3012 2073 3046 ἐν
2091 3013 2132 3061 τῇ
2156 3012 2218 3045 αὓ-

1188 3075 1246 3108 τοῧ
1264 3065 1337 3108 εἶπε
1355 3071 1563 3121 Βιὸλιοθήκῃ
1579 3101 1588 3120 ,
1608 3071 1666 3108 καὶ
1686 3070 1901 3121 Ἀλέξανδρος
1918 3069 2053 3119 ἤθροισε
2072 3068 2129 3103 καὶ
2150 3069 2218 3104 Νι-

1189 3129 1297 3166 κόλα
1309 3144 1350 3172 ος
1369 3131 1614 3181 προσεφώνησε
1639 3129 1696 3165 καὶ
1723 3126 1959 3178 Πρωταγόρας
1976 3123 2212 3175 προδιέλαὸεν.

1191 3190 1409 3237 Fragmenta
1438 3188 1546 3234 hujus
1570 3189 1654 3223 libri
1684 3200 1778 3222 unus
1807 3186 1965 3221 servavit
1997 3183 2160 3217 Stobaeus
2180 3182 2217 3216 in

1194 3248 1404 3294 Florilegio.
