<?xml version="1.0" encoding="UTF-8"?>
<!DOCTYPE html PUBLIC "-//W3C//DTD XHTML 1.0 Transitional//EN"
    "http://www.w3.org/TR/xhtml1/DTD/xhtml1-transitional.dtd">
<html xmlns="http://www.w3.org/1999/xhtml" xml:lang="en" lang="en">
 <head>
  <title>
</title>
<meta http-equiv="Content-Type" content="text/html;charset=utf-8" />
  <meta name='ocr-system' content='tesseract 3.04.00' />
  <meta name='ocr-capabilities' content='ocr_page ocr_carea ocr_par ocr_line ocrx_word'/>
</head>
<body>
  <div class='ocr_page' id='page_1' title='image "./fragmentahistori03mueluoft/fragmentahistori03mueluoft_0284.png"; bbox 0 0 2289 3728; ppageno 0'>
   <div class='ocr_carea' id='block_1_1' title="bbox 145 166 215 197">
    <p class='ocr_par' dir='ltr' id='par_1_1' title="bbox 145 166 215 197">
     <span class='ocr_line' id='line_1_1' title="bbox 145 166 215 197; baseline 0 0"><span class='ocrx_word' id='word_1_1' title='bbox 145 166 215 197; x_wconf 67' lang='lat'>274</span> 
     </span>
    </p>
   </div>
   <div class='ocr_carea' id='block_1_2' title="bbox 140 244 1171 415">
    <p class='ocr_par' dir='ltr' id='par_1_2' title="bbox 140 244 1171 415">
     <span class='ocr_line' id='line_1_2' title="bbox 141 244 345 294; baseline -0.005 -13"><span class='ocrx_word' id='word_1_2' title='bbox 141 261 241 294; x_wconf 66' lang='grc' dir='ltr'>φησιν</span> <span class='ocrx_word' id='word_1_3' title='bbox 260 244 310 281; x_wconf 75' lang='grc' dir='ltr'>ὅτι</span> <span class='ocrx_word' id='word_1_4' title='bbox 332 263 345 276; x_wconf 68' lang='lat' dir='ltr'>u</span> 
     </span>
     <span class='ocr_line' id='line_1_3' title="bbox 140 301 1171 358; baseline 0.007 -21"><span class='ocrx_word' id='word_1_5' title='bbox 140 302 275 346; x_wconf 70' lang='grc' dir='ltr'>ἀδήλων</span> <span class='ocrx_word' id='word_1_6' title='bbox 293 302 391 338; x_wconf 78' lang='grc' dir='ltr'>ἕνεκα</span> <span class='ocrx_word' id='word_1_7' title='bbox 404 330 414 347; x_wconf 87' lang='grc'>,</span> <span class='ocrx_word' id='word_1_8' title='bbox 438 301 459 337; x_wconf 77' lang='grc' dir='ltr'>ἃ</span> <span class='ocrx_word' id='word_1_9' title='bbox 481 301 540 350; x_wconf 77' lang='grc' dir='ltr'>μὲν</span> <span class='ocrx_word' id='word_1_10' title='bbox 563 302 720 353; x_wconf 78' lang='grc' dir='ltr'>ἔμελλον,</span> <span class='ocrx_word' id='word_1_11' title='bbox 740 303 802 340; x_wconf 73' lang='grc' dir='ltr'>οὐκ</span> <span class='ocrx_word' id='word_1_12' title='bbox 818 303 957 351; x_wconf 68' lang='grc' dir='ltr'>ἔλαὸον,</span> <span class='ocrx_word' id='word_1_13' title='bbox 981 306 1002 342; x_wconf 79' lang='grc' dir='ltr'>ἃ</span> <span class='ocrx_word' id='word_1_14' title='bbox 1019 307 1046 343; x_wconf 79' lang='grc' dir='ltr'>δ’</span> <span class='ocrx_word' id='word_1_15' title='bbox 1068 301 1171 358; x_wconf 65' lang='grc' dir='ltr'>εἶχον,</span> 
     </span>
     <span class='ocr_line' id='line_1_4' title="bbox 141 359 1170 415; baseline 0.008 -21"><span class='ocrx_word' id='word_1_16' title='bbox 141 359 328 403; x_wconf 68' lang='grc' dir='ltr'>ἀπέὸαλον,</span> <span class='ocrx_word' id='word_1_17' title='bbox 361 360 477 409; x_wconf 87' lang='grc' dir='ltr'>ὥσπερ</span> <span class='ocrx_word' id='word_1_18' title='bbox 512 359 712 409; x_wconf 79' lang='grc' dir='ltr'>αἰνίγματος</span> <span class='ocrx_word' id='word_1_19' title='bbox 746 360 871 412; x_wconf 80' lang='grc' dir='ltr'>τρόπον</span> <span class='ocrx_word' id='word_1_20' title='bbox 903 366 1119 415; x_wconf 77' lang='grc' dir='ltr'>ἀτυχοῦντες.</span> <span class='ocrx_word' id='word_1_21' title='bbox 1156 383 1170 397; x_wconf 76' lang='grc' dir='ltr'><strong>υ</strong></span> 
     </span>
    </p>
   </div>
   <div class='ocr_carea' id='block_1_3' title="bbox 368 244 1170 299">
    <p class='ocr_par' dir='ltr' id='par_1_3' title="bbox 368 244 1170 299">
     <span class='ocr_line' id='line_1_5' title="bbox 368 244 1170 299; baseline 0.005 -17"><span class='ocrx_word' id='word_1_22' title='bbox 368 244 542 287; x_wconf 74' lang='grc' dir='ltr'>Πολλάκις</span> <span class='ocrx_word' id='word_1_23' title='bbox 559 245 865 288; x_wconf 68' lang='grc' dir='ltr'>καταναλώσαντες</span> <span class='ocrx_word' id='word_1_24' title='bbox 893 247 935 284; x_wconf 82' lang='grc' dir='ltr'>τὰ</span> <span class='ocrx_word' id='word_1_25' title='bbox 953 249 1083 299; x_wconf 77' lang='grc' dir='ltr'>φανερὰ</span> <span class='ocrx_word' id='word_1_26' title='bbox 1104 251 1170 286; x_wconf 79' lang='grc' dir='ltr'>τῶν</span> 
     </span>
    </p>
   </div>
   <div class='ocr_carea' id='block_1_4' title="bbox 443 418 467 428">
    <p class='ocr_par' dir='ltr' id='par_1_4' title="bbox 443 418 467 428">
     <span class='ocr_line' id='line_1_6' title="bbox 443 418 467 428; baseline 0 0"><span class='ocrx_word' id='word_1_27' title='bbox 443 418 467 428; x_wconf 58' lang='grc' dir='ltr'>κ’</span> 
     </span>
    </p>
   </div>
   <div class='ocr_carea' id='block_1_5' title="bbox 131 415 1204 1568">
    <p class='ocr_par' dir='ltr' id='par_1_5' title="bbox 131 415 1171 1568">
     <span class='ocr_line' id='line_1_7' title="bbox 138 415 1171 474; baseline 0.006 -20"><span class='ocrx_word' id='word_1_28' title='bbox 138 417 406 466; x_wconf 63' lang='grc' dir='ltr'>Λακεδαιμόνιοι</span> <span class='ocrx_word' id='word_1_29' title='bbox 440 433 456 453; x_wconf 91' lang='lat'>0</span> <span class='ocrx_word' id='word_1_30' title='bbox 503 415 569 454; x_wconf 75' lang='grc' dir='ltr'>ὑπὸ</span> <span class='ocrx_word' id='word_1_31' title='bbox 600 420 668 454; x_wconf 78' lang='grc' dir='ltr'>τῶν</span> <span class='ocrx_word' id='word_1_32' title='bbox 694 421 776 456; x_wconf 80' lang='grc' dir='ltr'>ἐθῶν</span> <span class='ocrx_word' id='word_1_33' title='bbox 809 421 1020 472; x_wconf 84' lang='grc' dir='ltr'>κωλυόμενοι</span> <span class='ocrx_word' id='word_1_34' title='bbox 1054 422 1171 474; x_wconf 70' lang='grc' dir='ltr'>εἰσφέ-</span> 
     </span>
     <span class='ocr_line' id='line_1_8' title="bbox 138 474 1204 531; baseline 0.006 -20"><span class='ocrx_word' id='word_1_35' title='bbox 138 490 205 524; x_wconf 82' lang='grc' dir='ltr'>ρειν</span> <span class='ocrx_word' id='word_1_36' title='bbox 230 476 276 518; x_wconf 84' lang='grc' dir='ltr'>εἷς</span> <span class='ocrx_word' id='word_1_37' title='bbox 306 474 366 520; x_wconf 76' lang='grc' dir='ltr'>τὴν</span> <span class='ocrx_word' id='word_1_38' title='bbox 395 474 578 526; x_wconf 76' lang='grc' dir='ltr'>Σπάρτην,</span> <span class='ocrx_word' id='word_1_39' title='bbox 600 478 644 518; x_wconf 82' lang='grc' dir='ltr'>ὡς</span> <span class='ocrx_word' id='word_1_40' title='bbox 673 479 690 513; x_wconf 83' lang='grc' dir='ltr'>ὁ</span> <span class='ocrx_word' id='word_1_41' title='bbox 715 477 816 520; x_wconf 78' lang='grc' dir='ltr'>αὐτὸς</span> <span class='ocrx_word' id='word_1_42' title='bbox 835 480 966 531; x_wconf 84' lang='grc' dir='ltr'>ἱστορεῖ</span> <span class='ocrx_word' id='word_1_43' title='bbox 994 480 1204 518; x_wconf 59' lang='lat' dir='ltr'>moerens-¹</span> 
     </span>
     <span class='ocr_line' id='line_1_9' title="bbox 136 532 1171 587; baseline 0.008 -20"><span class='ocrx_word' id='word_1_44' title='bbox 136 547 223 577; x_wconf 81' lang='grc' dir='ltr'>νιος,</span> <span class='ocrx_word' id='word_1_45' title='bbox 253 532 311 568; x_wconf 84' lang='grc' dir='ltr'>καὶ</span> <span class='ocrx_word' id='word_1_46' title='bbox 331 535 478 568; x_wconf 80' lang='grc' dir='ltr'>κτᾶσθαι</span> <span class='ocrx_word' id='word_1_47' title='bbox 509 532 656 584; x_wconf 80' lang='grc' dir='ltr'>ἄργυρον</span> <span class='ocrx_word' id='word_1_48' title='bbox 682 534 741 571; x_wconf 78' lang='grc' dir='ltr'>καὶ</span> <span class='ocrx_word' id='word_1_49' title='bbox 771 537 911 587; x_wconf 77' lang='grc' dir='ltr'>χρυσὸν,</span> <span class='ocrx_word' id='word_1_50' title='bbox 940 540 1086 574; x_wconf 64' lang='grc' dir='ltr'>ἐκτΓιντο</span> <span class='ocrx_word' id='word_1_51' title='bbox 1110 554 1151 587; x_wconf 85' lang='grc' dir='ltr'>με</span> <span class='ocrx_word' id='word_1_52' title='bbox 1155 553 1171 574; x_wconf 91' lang='grc' dir='ltr'>ν</span> 
     </span>
     <span class='ocr_line' id='line_1_10' title="bbox 136 584 1169 646; baseline 0.006 -22"><span class='ocrx_word' id='word_1_53' title='bbox 136 589 230 625; x_wconf 77' lang='grc' dir='ltr'>οὐδεν</span> <span class='ocrx_word' id='word_1_54' title='bbox 247 584 361 634; x_wconf 65' lang='grc' dir='ltr'>ἦττον,</span> <span class='ocrx_word' id='word_1_55' title='bbox 379 591 731 642; x_wconf 82' lang='grc' dir='ltr'>παρακατετίθεντο</span> <span class='ocrx_word' id='word_1_56' title='bbox 713 607 748 630; x_wconf 90' lang='grc' dir='ltr'>οε</span> <span class='ocrx_word' id='word_1_57' title='bbox 765 595 833 636; x_wconf 76' lang='grc' dir='ltr'>τοῖς</span> <span class='ocrx_word' id='word_1_58' title='bbox 848 595 1016 646; x_wconf 83' lang='grc' dir='ltr'>ὁμόροις</span> <span class='ocrx_word' id='word_1_59' title='bbox 1001 595 1169 645; x_wconf 74' lang='grc' dir='ltr'>Ἀρκάσιν·</span> 
     </span>
     <span class='ocr_line' id='line_1_11' title="bbox 135 648 1169 721; baseline 0.007 -39"><span class='ocrx_word' id='word_1_60' title='bbox 135 653 207 684; x_wconf 80' lang='grc' dir='ltr'>εἶτα</span> <span class='ocrx_word' id='word_1_61' title='bbox 235 648 418 696; x_wconf 77' lang='grc' dir='ltr'>πολεμίους</span> <span class='ocrx_word' id='word_1_62' title='bbox 438 648 558 691; x_wconf 77' lang='grc' dir='ltr'>αὐτους</span> <span class='ocrx_word' id='word_1_63' title='bbox 576 648 692 721; x_wconf 70' lang='grc' dir='ltr'>ἔσΛον</span> <span class='ocrx_word' id='word_1_64' title='bbox 726 651 803 688; x_wconf 83' lang='grc' dir='ltr'>ἀντι</span> <span class='ocrx_word' id='word_1_65' title='bbox 825 652 988 703; x_wconf 56' lang='grc' dir='ltr'>φίλιιοψ,</span> <span class='ocrx_word' id='word_1_66' title='bbox 969 667 1060 695; x_wconf 87' lang='grc' dir='ltr'>οπως</span> <span class='ocrx_word' id='word_1_67' title='bbox 1090 653 1169 689; x_wconf 83' lang='grc' dir='ltr'>ἅνυ·</span> 
     </span>
     <span class='ocr_line' id='line_1_12' title="bbox 134 703 1169 778; baseline 0.005 -38"><span class='ocrx_word' id='word_1_68' title='bbox 134 703 298 741; x_wconf 82' lang='grc' dir='ltr'>πευθυνον</span> <span class='ocrx_word' id='word_1_69' title='bbox 316 705 353 741; x_wconf 82' lang='grc' dir='ltr'>τὸ</span> <span class='ocrx_word' id='word_1_70' title='bbox 373 706 516 743; x_wconf 74' lang='grc' dir='ltr'>ἄπιστον</span> <span class='ocrx_word' id='word_1_71' title='bbox 538 705 593 743; x_wconf 79' lang='grc' dir='ltr'>διὰ</span> <span class='ocrx_word' id='word_1_72' title='bbox 616 707 677 752; x_wconf 77' lang='grc' dir='ltr'>τὴν</span> <span class='ocrx_word' id='word_1_73' title='bbox 699 708 822 778; x_wconf 61' lang='grc' dir='ltr'>ἔχθραν</span> <span class='ocrx_word' id='word_1_74' title='bbox 844 709 998 759; x_wconf 80' lang='grc' dir='ltr'>γένηται.</span> <span class='ocrx_word' id='word_1_75' title='bbox 1026 712 1088 747; x_wconf 85' lang='grc' dir='ltr'>ΤΓ)</span> <span class='ocrx_word' id='word_1_76' title='bbox 1107 726 1169 758; x_wconf 85' lang='grc' dir='ltr'>υ.εν</span> 
     </span>
     <span class='ocr_line' id='line_1_13' title="bbox 134 763 1169 818; baseline 0.006 -20"><span class='ocrx_word' id='word_1_77' title='bbox 134 777 190 799; x_wconf 87' lang='grc' dir='ltr'>ουν</span> <span class='ocrx_word' id='word_1_78' title='bbox 208 778 242 799; x_wconf 90' lang='grc' dir='ltr'>εν</span> <span class='ocrx_word' id='word_1_79' title='bbox 265 764 408 814; x_wconf 72' lang='grc' dir='ltr'>Δελφοῖς</span> <span class='ocrx_word' id='word_1_80' title='bbox 427 763 614 802; x_wconf 80' lang='grc' dir='ltr'>Ἀπόλλωνι</span> <span class='ocrx_word' id='word_1_81' title='bbox 631 765 686 802; x_wconf 80' lang='grc' dir='ltr'>τὸν</span> <span class='ocrx_word' id='word_1_82' title='bbox 703 767 865 818; x_wconf 83' lang='grc' dir='ltr'>πρότερον</span> <span class='ocrx_word' id='word_1_83' title='bbox 885 784 917 804; x_wconf 86' lang='grc' dir='ltr'>εν</span> <span class='ocrx_word' id='word_1_84' title='bbox 938 771 980 816; x_wconf 72' lang='grc' dir='ltr'>τῇ</span> <span class='ocrx_word' id='word_1_85' title='bbox 996 768 1169 805; x_wconf 81' lang='grc' dir='ltr'>Αακεοαί-</span> 
     </span>
     <span class='ocr_line' id='line_1_14' title="bbox 135 811 1171 875; baseline 0.005 -19"><span class='ocrx_word' id='word_1_86' title='bbox 135 834 211 868; x_wconf 90' lang='grc' dir='ltr'>μονι</span> <span class='ocrx_word' id='word_1_87' title='bbox 226 835 352 871; x_wconf 81' lang='grc' dir='ltr'>γρυσον</span> <span class='ocrx_word' id='word_1_88' title='bbox 369 836 427 858; x_wconf 87' lang='grc' dir='ltr'>και</span> <span class='ocrx_word' id='word_1_89' title='bbox 444 821 589 874; x_wconf 79' lang='grc' dir='ltr'>ἄργυρον</span> <span class='ocrx_word' id='word_1_90' title='bbox 606 824 797 875; x_wconf 82' lang='grc' dir='ltr'>ἱστορουσιν</span> <span class='ocrx_word' id='word_1_91' title='bbox 811 811 1040 874; x_wconf 77' lang='grc' dir='ltr'>ἀνατεθῆναι,</span> <span class='ocrx_word' id='word_1_92' title='bbox 1062 826 1113 870; x_wconf 81' lang='grc' dir='ltr'>δη·</span> <span class='ocrx_word' id='word_1_93' title='bbox 1107 840 1171 873; x_wconf 76' lang='grc' dir='ltr'>μο-</span> 
     </span>
     <span class='ocr_line' id='line_1_15' title="bbox 133 863 1169 932; baseline 0.006 -19"><span class='ocrx_word' id='word_1_94' title='bbox 133 878 190 928; x_wconf 79' lang='grc' dir='ltr'>σία</span> <span class='ocrx_word' id='word_1_95' title='bbox 212 877 246 915; x_wconf 81' lang='grc' dir='ltr'>δὲ</span> <span class='ocrx_word' id='word_1_96' title='bbox 267 880 311 921; x_wconf 87' lang='grc' dir='ltr'>εἷς</span> <span class='ocrx_word' id='word_1_97' title='bbox 335 878 398 924; x_wconf 83' lang='grc' dir='ltr'>τὴν</span> <span class='ocrx_word' id='word_1_98' title='bbox 424 879 523 916; x_wconf 84' lang='grc' dir='ltr'>πόλιν</span> <span class='ocrx_word' id='word_1_99' title='bbox 551 880 754 931; x_wconf 76' lang='grc' dir='ltr'>Λύσανδρον</span> <span class='ocrx_word' id='word_1_100' title='bbox 780 882 1006 932; x_wconf 74' lang='grc' dir='ltr'>εἰσαγαγόντα</span> <span class='ocrx_word' id='word_1_101' title='bbox 1033 863 1169 919; x_wconf 82' lang='grc' dir='ltr'>πολλῶν</span> 
     </span>
     <span class='ocr_line' id='line_1_16' title="bbox 133 935 1170 989; baseline 0.006 -18"><span class='ocrx_word' id='word_1_102' title='bbox 133 937 249 972; x_wconf 85' lang='grc' dir='ltr'>κακῶν</span> <span class='ocrx_word' id='word_1_103' title='bbox 263 935 369 973; x_wconf 86' lang='grc' dir='ltr'>αἴτιον</span> <span class='ocrx_word' id='word_1_104' title='bbox 381 936 553 986; x_wconf 82' lang='grc' dir='ltr'>γενέσθαι.</span> <span class='ocrx_word' id='word_1_105' title='bbox 568 937 746 976; x_wconf 79' lang='grc' dir='ltr'>Γύλιππον</span> <span class='ocrx_word' id='word_1_106' title='bbox 760 942 852 988; x_wconf 79' lang='grc' dir='ltr'>γοῦν,</span> <span class='ocrx_word' id='word_1_107' title='bbox 867 939 923 976; x_wconf 81' lang='grc' dir='ltr'>τὸν</span> <span class='ocrx_word' id='word_1_108' title='bbox 937 938 1170 989; x_wconf 84' lang='grc' dir='ltr'>Συρακοσίους</span> 
     </span>
     <span class='ocr_line' id='line_1_17' title="bbox 134 992 1170 1048; baseline 0.005 -19"><span class='ocrx_word' id='word_1_109' title='bbox 134 992 434 1044; x_wconf 77' lang='grc' dir='ltr'>ἐλευθερώσαντα,</span> <span class='ocrx_word' id='word_1_110' title='bbox 471 996 654 1033; x_wconf 82' lang='grc' dir='ltr'>ἀποθανεῖν</span> <span class='ocrx_word' id='word_1_111' title='bbox 690 997 1023 1048; x_wconf 68' lang='grc' dir='ltr'>ἀποκαρτερήσαντα</span> <span class='ocrx_word' id='word_1_112' title='bbox 1056 996 1170 1046; x_wconf 83' lang='grc' dir='ltr'>λόγος,</span> 
     </span>
     <span class='ocr_line' id='line_1_18' title="bbox 134 1051 1167 1106; baseline 0.006 -20"><span class='ocrx_word' id='word_1_113' title='bbox 134 1052 423 1101; x_wconf 80' lang='grc' dir='ltr'>καταγνωσθέντα</span> <span class='ocrx_word' id='word_1_114' title='bbox 450 1051 518 1089; x_wconf 75' lang='grc' dir='ltr'>ὑπὸ</span> <span class='ocrx_word' id='word_1_115' title='bbox 541 1055 608 1090; x_wconf 81' lang='grc' dir='ltr'>τῶν</span> <span class='ocrx_word' id='word_1_116' title='bbox 626 1053 755 1105; x_wconf 74' lang='grc' dir='ltr'>ἐφόρων</span> <span class='ocrx_word' id='word_1_117' title='bbox 776 1054 1025 1106; x_wconf 70' lang='grc' dir='ltr'>νοσφισάμενον</span> <span class='ocrx_word' id='word_1_118' title='bbox 1053 1057 1091 1093; x_wconf 79' lang='grc' dir='ltr'>ἐκ</span> <span class='ocrx_word' id='word_1_119' title='bbox 1109 1071 1167 1093; x_wconf 92' lang='grc' dir='ltr'>του</span> 
     </span>
     <span class='ocr_line' id='line_1_19' title="bbox 133 1109 1169 1162; baseline 0.006 -17"><span class='ocrx_word' id='word_1_120' title='bbox 133 1109 366 1161; x_wconf 82' lang='grc' dir='ltr'>Λυσανδρείου</span> <span class='ocrx_word' id='word_1_121' title='bbox 386 1110 579 1161; x_wconf 72' lang='grc' dir='ltr'>χρήματος.</span> <span class='ocrx_word' id='word_1_122' title='bbox 612 1113 721 1149; x_wconf 86' lang='grc' dir='ltr'>’1ου</span> <span class='ocrx_word' id='word_1_123' title='bbox 704 1111 739 1149; x_wconf 80' lang='grc' dir='ltr'>οὲ</span> <span class='ocrx_word' id='word_1_124' title='bbox 757 1112 1002 1162; x_wconf 76' lang='grc' dir='ltr'>ἀνατιθεμένου</span> <span class='ocrx_word' id='word_1_125' title='bbox 1023 1116 1089 1151; x_wconf 84' lang='grc' dir='ltr'>θεΓ)</span> <span class='ocrx_word' id='word_1_126' title='bbox 1111 1130 1169 1151; x_wconf 89' lang='grc' dir='ltr'>και</span> 
     </span>
     <span class='ocr_line' id='line_1_20' title="bbox 133 1167 1171 1220; baseline 0.007 -17"><span class='ocrx_word' id='word_1_127' title='bbox 133 1167 417 1218; x_wconf 62' lang='grc' dir='ltr'>συγχωρουμένου</span> <span class='ocrx_word' id='word_1_128' title='bbox 439 1168 561 1220; x_wconf 36' lang='lat' dir='ltr'>&amp;mum</span> <span class='ocrx_word' id='word_1_129' title='bbox 584 1169 739 1220; x_wconf 79' lang='grc' dir='ltr'>καθάπερ</span> <span class='ocrx_word' id='word_1_130' title='bbox 757 1171 985 1220; x_wconf 77' lang='grc' dir='ltr'>κοσμήματος</span> <span class='ocrx_word' id='word_1_131' title='bbox 1003 1172 1062 1209; x_wconf 84' lang='grc' dir='ltr'>καὶ</span> <span class='ocrx_word' id='word_1_132' title='bbox 1084 1172 1171 1218; x_wconf 71' lang='grc' dir='ltr'>κτή-</span> 
     </span>
     <span class='ocr_line' id='line_1_21' title="bbox 133 1224 1087 1279; baseline 0.005 -18"><span class='ocrx_word' id='word_1_133' title='bbox 133 1239 259 1273; x_wconf 82' lang='grc' dir='ltr'>ματος,</span> <span class='ocrx_word' id='word_1_134' title='bbox 277 1226 314 1262; x_wconf 79' lang='grc' dir='ltr'>οὖ</span> <span class='ocrx_word' id='word_1_135' title='bbox 333 1224 390 1277; x_wconf 67' lang='grc' dir='ltr'>ῥάε</span> <span class='ocrx_word' id='word_1_136' title='bbox 379 1227 443 1262; x_wconf 71' lang='grc' dir='ltr'>ἶιον</span> <span class='ocrx_word' id='word_1_137' title='bbox 457 1230 498 1272; x_wconf 82' lang='grc' dir='ltr'>ἠν</span> <span class='ocrx_word' id='word_1_138' title='bbox 515 1227 572 1263; x_wconf 86' lang='grc' dir='ltr'>τὸν</span> <span class='ocrx_word' id='word_1_139' title='bbox 590 1228 711 1272; x_wconf 80' lang='grc' dir='ltr'>θνητον</span> <span class='ocrx_word' id='word_1_140' title='bbox 729 1228 896 1279; x_wconf 78' lang='grc' dir='ltr'>ὀλίγωρον</span> <span class='ocrx_word' id='word_1_141' title='bbox 917 1228 1087 1279; x_wconf 76' lang='grc' dir='ltr'>γενέσθαι.</span> 
     </span>
     <span class='ocr_line' id='line_1_22' title="bbox 185 1284 1169 1333; baseline 0.006 -15"><span class='ocrx_word' id='word_1_142' title='bbox 185 1285 273 1329; x_wconf 83' lang='lat' dir='ltr'>Quae</span> <span class='ocrx_word' id='word_1_143' title='bbox 299 1284 474 1332; x_wconf 82' lang='lat' dir='ltr'><strong>deinceps</strong></span> <span class='ocrx_word' id='word_1_144' title='bbox 494 1286 593 1333; x_wconf 86' lang='lat' dir='ltr'>apud</span> <span class='ocrx_word' id='word_1_145' title='bbox 620 1287 838 1322; x_wconf 76' lang='lat' dir='ltr'>Athenaeum</span> <span class='ocrx_word' id='word_1_146' title='bbox 871 1288 917 1323; x_wconf 90' lang='lat' dir='ltr'>de</span> <span class='ocrx_word' id='word_1_147' title='bbox 943 1289 1054 1324; x_wconf 87' lang='lat' dir='ltr'>Gallis</span> <span class='ocrx_word' id='word_1_148' title='bbox 1073 1289 1169 1324; x_wconf 91' lang='lat' dir='ltr'>C01-</span> 
     </span>
     <span class='ocr_line' id='line_1_23' title="bbox 133 1341 1169 1391; baseline 0.007 -16"><span class='ocrx_word' id='word_1_149' title='bbox 133 1341 234 1376; x_wconf 84' lang='lat' dir='ltr'>distis</span> <span class='ocrx_word' id='word_1_150' title='bbox 256 1343 388 1378; x_wconf 83' lang='lat' dir='ltr'>similia</span> <span class='ocrx_word' id='word_1_151' title='bbox 406 1344 621 1391; x_wconf 79' lang='lat' dir='ltr'>traduntur,</span> <span class='ocrx_word' id='word_1_152' title='bbox 644 1357 685 1379; x_wconf 82' lang='lat' dir='ltr'>ea</span> <span class='ocrx_word' id='word_1_153' title='bbox 708 1346 793 1380; x_wconf 87' lang='lat' dir='ltr'>item</span> <span class='ocrx_word' id='word_1_154' title='bbox 815 1346 1019 1381; x_wconf 86' lang='lat' dir='ltr'>Posidonio</span> <span class='ocrx_word' id='word_1_155' title='bbox 1039 1347 1169 1382; x_wconf 77' lang='lat' dir='ltr'>debeli</span> 
     </span>
     <span class='ocr_line' id='line_1_24' title="bbox 131 1401 1168 1451; baseline 0.005 -17"><span class='ocrx_word' id='word_1_156' title='bbox 131 1401 256 1435; x_wconf 81' lang='lat' dir='ltr'>statuit</span> <span class='ocrx_word' id='word_1_157' title='bbox 270 1401 404 1436; x_wconf 81' lang='lat' dir='ltr'>Bakius</span> <span class='ocrx_word' id='word_1_158' title='bbox 419 1414 456 1448; x_wconf 77' lang='lat' dir='ltr'>p.</span> <span class='ocrx_word' id='word_1_159' title='bbox 481 1402 565 1449; x_wconf 79' lang='lat'>169.</span> <span class='ocrx_word' id='word_1_160' title='bbox 587 1403 699 1448; x_wconf 87' lang='lat' dir='ltr'>Quod</span> <span class='ocrx_word' id='word_1_161' title='bbox 719 1403 1030 1451; x_wconf 80' lang='lat' dir='ltr'>addubitaverim,</span> <span class='ocrx_word' id='word_1_162' title='bbox 1053 1417 1168 1451; x_wconf 86' lang='lat' dir='ltr'>quum</span> 
     </span>
     <span class='ocr_line' id='line_1_25' title="bbox 134 1460 1169 1507; baseline 0.006 -16"><span class='ocrx_word' id='word_1_163' title='bbox 134 1470 212 1492; x_wconf 88' lang='grc'>11011</span> <span class='ocrx_word' id='word_1_164' title='bbox 230 1460 455 1494; x_wconf 73' lang='lat' dir='ltr'>conveniant</span> <span class='ocrx_word' id='word_1_165' title='bbox 483 1461 525 1494; x_wconf 90' lang='lat' dir='ltr'>iis</span> <span class='ocrx_word' id='word_1_166' title='bbox 543 1473 623 1507; x_wconf 85' lang='lat' dir='ltr'>quae</span> <span class='ocrx_word' id='word_1_167' title='bbox 645 1461 778 1496; x_wconf 88' lang='lat' dir='ltr'>Strabo</span> <span class='ocrx_word' id='word_1_168' title='bbox 799 1474 818 1496; x_wconf 88' lang='lat' dir='ltr'>e</span> <span class='ocrx_word' id='word_1_169' title='bbox 838 1463 1039 1497; x_wconf 85' lang='lat' dir='ltr'>Posidonio</span> <span class='ocrx_word' id='word_1_170' title='bbox 1058 1464 1169 1498; x_wconf 77' lang='lat' dir='ltr'><strong>refert</strong></span> 
     </span>
     <span class='ocr_line' id='line_1_26' title="bbox 132 1517 1167 1568; baseline 0.006 -18"><span class='ocrx_word' id='word_1_171' title='bbox 132 1517 195 1559; x_wconf 82' lang='lat' dir='ltr'>IV,</span> <span class='ocrx_word' id='word_1_172' title='bbox 218 1529 255 1563; x_wconf 87' lang='lat' dir='ltr'>p.</span> <span class='ocrx_word' id='word_1_173' title='bbox 283 1517 364 1554; x_wconf 78' lang='grc'>188.</span> <span class='ocrx_word' id='word_1_174' title='bbox 388 1520 441 1552; x_wconf 82' lang='lat' dir='ltr'>Ex</span> <span class='ocrx_word' id='word_1_175' title='bbox 473 1519 639 1553; x_wconf 76' lang='lat' dir='ltr'>Athenaei</span> <span class='ocrx_word' id='word_1_176' title='bbox 668 1520 751 1554; x_wconf 87' lang='lat' dir='ltr'>loco</span> <span class='ocrx_word' id='word_1_177' title='bbox 784 1522 964 1556; x_wconf 86' lang='lat' dir='ltr'>nonnulla</span> <span class='ocrx_word' id='word_1_178' title='bbox 986 1522 1167 1568; x_wconf 75' lang='lat' dir='ltr'>excerpsit</span> 
     </span>
    </p>
   </div>
   <div class='ocr_carea' id='block_1_6' title="bbox 132 1576 691 1698">
    <p class='ocr_par' dir='ltr' id='par_1_6' title="bbox 132 1576 691 1698">
     <span class='ocr_line' id='line_1_27' title="bbox 132 1576 691 1623; baseline 0.005 -15"><span class='ocrx_word' id='word_1_179' title='bbox 132 1576 340 1610; x_wconf 85' lang='lat' dir='ltr'>Eustathius</span> <span class='ocrx_word' id='word_1_180' title='bbox 356 1588 392 1623; x_wconf 90' lang='lat' dir='ltr'>p.</span> <span class='ocrx_word' id='word_1_181' title='bbox 416 1576 526 1621; x_wconf 70' lang='lat'><strong>1435,</strong></span> <span class='ocrx_word' id='word_1_182' title='bbox 544 1577 590 1612; x_wconf 78' lang='lat'>(53</span> <span class='ocrx_word' id='word_1_183' title='bbox 610 1589 691 1623; x_wconf 82' lang='lat' dir='ltr'>sqq.</span> 
     </span>
     <span class='ocr_line' id='line_1_28' title="bbox 618 1655 679 1698; baseline 0 -6"><span class='ocrx_word' id='word_1_184' title='bbox 618 1655 679 1698; x_wconf 65' lang='lat'>49-</span> 
     </span>
    </p>
   </div>
   <div class='ocr_carea' id='block_1_7' title="bbox 133 1724 1170 2067">
    <p class='ocr_par' dir='ltr' id='par_1_7' title="bbox 133 1724 1170 2067">
     <span class='ocr_line' id='line_1_29' title="bbox 186 1724 1170 1773; baseline 0.004 -15"><span class='ocrx_word' id='word_1_185' title='bbox 186 1726 319 1760; x_wconf 68' lang='lat' dir='ltr'>Strabo</span> <span class='ocrx_word' id='word_1_186' title='bbox 340 1726 413 1768; x_wconf 84' lang='lat' dir='ltr'>III,</span> <span class='ocrx_word' id='word_1_187' title='bbox 434 1739 472 1773; x_wconf 81' lang='lat' dir='ltr'>p.</span> <span class='ocrx_word' id='word_1_188' title='bbox 499 1726 567 1771; x_wconf 79' lang='lat'>157</span> <span class='ocrx_word' id='word_1_189' title='bbox 589 1738 596 1763; x_wconf 89' lang='lat'><strong>:</strong></span> <span class='ocrx_word' id='word_1_190' title='bbox 620 1724 721 1762; x_wconf 76' lang='grc' dir='ltr'>Μετὰ</span> <span class='ocrx_word' id='word_1_191' title='bbox 740 1725 868 1771; x_wconf 70' lang='grc' dir='ltr'>ταύτην</span> <span class='ocrx_word' id='word_1_192' title='bbox 892 1725 971 1773; x_wconf 74' lang='grc' dir='ltr'>(τὴν</span> <span class='ocrx_word' id='word_1_193' title='bbox 992 1729 1058 1762; x_wconf 75' lang='grc' dir='ltr'>τῶν</span> <span class='ocrx_word' id='word_1_194' title='bbox 1074 1726 1170 1770; x_wconf 81' lang='grc' dir='ltr'>Ἐξι-</span> 
     </span>
     <span class='ocr_line' id='line_1_30' title="bbox 134 1781 1168 1834; baseline 0.005 -17"><span class='ocrx_word' id='word_1_195' title='bbox 134 1783 244 1818; x_wconf 79' lang='grc' dir='ltr'>τανῶν</span> <span class='ocrx_word' id='word_1_196' title='bbox 262 1782 382 1832; x_wconf 72' lang='grc' dir='ltr'>πόλιν)</span> <span class='ocrx_word' id='word_1_197' title='bbox 414 1781 588 1834; x_wconf 65' lang='grc' dir='ltr'>’Άὸδ-ηρα,</span> <span class='ocrx_word' id='word_1_198' title='bbox 618 1783 792 1822; x_wconf 81' lang='grc' dir='ltr'>Φοινίκων</span> <span class='ocrx_word' id='word_1_199' title='bbox 826 1783 954 1833; x_wconf 84' lang='grc' dir='ltr'>κτίσμα</span> <span class='ocrx_word' id='word_1_200' title='bbox 987 1785 1046 1821; x_wconf 77' lang='grc' dir='ltr'>καὶ</span> <span class='ocrx_word' id='word_1_201' title='bbox 1069 1785 1168 1830; x_wconf 81' lang='grc' dir='ltr'>αὐτη.</span> 
     </span>
     <span class='ocr_line' id='line_1_31' title="bbox 134 1838 1169 1892; baseline 0.003 -16"><span class='ocrx_word' id='word_1_202' title='bbox 134 1838 242 1889; x_wconf 67' lang='grc' dir='ltr'>’Υπὲρ</span> <span class='ocrx_word' id='word_1_203' title='bbox 263 1840 296 1876; x_wconf 71' lang='grc' dir='ltr'>δὲ</span> <span class='ocrx_word' id='word_1_204' title='bbox 315 1843 382 1876; x_wconf 81' lang='grc' dir='ltr'>τῶν</span> <span class='ocrx_word' id='word_1_205' title='bbox 399 1840 512 1877; x_wconf 78' lang='grc' dir='ltr'>τόπων</span> <span class='ocrx_word' id='word_1_206' title='bbox 534 1842 567 1877; x_wconf 80' lang='grc' dir='ltr'>ἐν</span> <span class='ocrx_word' id='word_1_207' title='bbox 592 1843 634 1892; x_wconf 76' lang='grc' dir='ltr'>τῇ</span> <span class='ocrx_word' id='word_1_208' title='bbox 655 1842 766 1892; x_wconf 75' lang='grc' dir='ltr'>ὀρεινῇ</span> <span class='ocrx_word' id='word_1_209' title='bbox 793 1842 965 1879; x_wconf 77' lang='grc' dir='ltr'>δείκνυται</span> <span class='ocrx_word' id='word_1_210' title='bbox 987 1843 1169 1880; x_wconf 74' lang='grc' dir='ltr'>Ὀδύσσεια</span> 
     </span>
     <span class='ocr_line' id='line_1_32' title="bbox 133 1896 1169 1949; baseline 0.006 -17"><span class='ocrx_word' id='word_1_211' title='bbox 133 1896 191 1933; x_wconf 76' lang='grc' dir='ltr'>καὶ</span> <span class='ocrx_word' id='word_1_212' title='bbox 214 1898 253 1934; x_wconf 73' lang='grc' dir='ltr'>τὸ</span> <span class='ocrx_word' id='word_1_213' title='bbox 269 1898 358 1948; x_wconf 73' lang='grc' dir='ltr'>ἱερὸν</span> <span class='ocrx_word' id='word_1_214' title='bbox 379 1901 439 1943; x_wconf 61' lang='grc' dir='ltr'>τῆς</span> <span class='ocrx_word' id='word_1_215' title='bbox 468 1898 610 1945; x_wconf 78' lang='grc' dir='ltr'>Ἀθηνᾶς</span> <span class='ocrx_word' id='word_1_216' title='bbox 630 1900 663 1936; x_wconf 82' lang='grc' dir='ltr'>ἐν</span> <span class='ocrx_word' id='word_1_217' title='bbox 684 1901 792 1949; x_wconf 72' lang='grc' dir='ltr'>αὐτῇ,</span> <span class='ocrx_word' id='word_1_218' title='bbox 815 1901 860 1943; x_wconf 80' lang='grc' dir='ltr'>ὡς</span> <span class='ocrx_word' id='word_1_219' title='bbox 889 1900 1114 1944; x_wconf 73' lang='grc' dir='ltr'>Ποσειδώνιός</span> <span class='ocrx_word' id='word_1_220' title='bbox 1133 1917 1169 1938; x_wconf 90' lang='grc' dir='ltr'>τε</span> 
     </span>
     <span class='ocr_line' id='line_1_33' title="bbox 134 1954 1168 2010; baseline 0.005 -19"><span class='ocrx_word' id='word_1_221' title='bbox 134 1954 247 2005; x_wconf 81' lang='grc' dir='ltr'>εἴρηκε</span> <span class='ocrx_word' id='word_1_222' title='bbox 260 1955 317 1992; x_wconf 84' lang='grc' dir='ltr'>καὶ</span> <span class='ocrx_word' id='word_1_223' title='bbox 334 1955 576 2008; x_wconf 73' lang='grc' dir='ltr'>Ἀρτεμίδωρος</span> <span class='ocrx_word' id='word_1_224' title='bbox 591 1956 649 1994; x_wconf 80' lang='grc' dir='ltr'>καὶ</span> <span class='ocrx_word' id='word_1_225' title='bbox 662 1956 915 2003; x_wconf 74' lang='grc' dir='ltr'>Ἀσκληπιάδης</span> <span class='ocrx_word' id='word_1_226' title='bbox 929 1961 945 1995; x_wconf 85' lang='grc' dir='ltr'>ὁ</span> <span class='ocrx_word' id='word_1_227' title='bbox 957 1959 1168 2010; x_wconf 77' lang='grc' dir='ltr'>Μυρλεανὸς,</span> 
     </span>
     <span class='ocr_line' id='line_1_34' title="bbox 135 2012 1169 2067; baseline 0.007 -20"><span class='ocrx_word' id='word_1_228' title='bbox 135 2012 220 2062; x_wconf 58' lang='grc' dir='ltr'>ἀνὴρ</span> <span class='ocrx_word' id='word_1_229' title='bbox 242 2015 275 2050; x_wconf 78' lang='grc' dir='ltr'>ἐν</span> <span class='ocrx_word' id='word_1_230' title='bbox 299 2017 341 2064; x_wconf 66' lang='grc' dir='ltr'>τῇ</span> <span class='ocrx_word' id='word_1_231' title='bbox 375 2014 614 2066; x_wconf 76' lang='grc' dir='ltr'>Τουρδητανίᾳ</span> <span class='ocrx_word' id='word_1_232' title='bbox 649 2015 836 2058; x_wconf 72' lang='grc' dir='ltr'>παιδεύσας</span> <span class='ocrx_word' id='word_1_233' title='bbox 869 2016 911 2052; x_wconf 75' lang='grc' dir='ltr'>τὰ</span> <span class='ocrx_word' id='word_1_234' title='bbox 941 2032 1169 2067; x_wconf 76' lang='grc' dir='ltr'>γραμματικα</span> 
     </span>
    </p>
   </div>
   <div class='ocr_carea' id='block_1_8' title="bbox 141 2072 941 2186">
    <p class='ocr_par' dir='ltr' id='par_1_8' title="bbox 141 2072 941 2186">
     <span class='ocr_line' id='line_1_35' title="bbox 141 2072 941 2122; baseline 0.006 -16"><span class='ocrx_word' id='word_1_235' title='bbox 141 2072 190 2107; x_wconf 59' lang='grc' dir='ltr'>»ἀὶ</span> <span class='ocrx_word' id='word_1_236' title='bbox 210 2072 411 2122; x_wconf 59' lang='grc' dir='ltr'>περιῆγ-ςσίν</span> <span class='ocrx_word' id='word_1_237' title='bbox 430 2088 506 2109; x_wconf 89' lang='grc' dir='ltr'>τινα</span> <span class='ocrx_word' id='word_1_238' title='bbox 527 2075 593 2109; x_wconf 80' lang='grc' dir='ltr'>τῶν</span> <span class='ocrx_word' id='word_1_239' title='bbox 610 2075 713 2110; x_wconf 80' lang='grc' dir='ltr'>ἐθνῶν</span> <span class='ocrx_word' id='word_1_240' title='bbox 734 2074 941 2117; x_wconf 75' lang='grc' dir='ltr'>ἐκδεδωκώς.</span> 
     </span>
     <span class='ocr_line' id='line_1_36' title="bbox 620 2149 682 2186; baseline 0.032 -2"><span class='ocrx_word' id='word_1_241' title='bbox 620 2149 682 2186; x_wconf 81' lang='grc'>50.</span> 
     </span>
    </p>
   </div>
   <div class='ocr_carea' id='block_1_9' title="bbox 188 2215 1169 2271">
    <p class='ocr_par' dir='ltr' id='par_1_9' title="bbox 188 2215 1169 2271">
     <span class='ocr_line' id='line_1_37' title="bbox 188 2215 1169 2271; baseline 0.005 -20"><span class='ocrx_word' id='word_1_242' title='bbox 188 2220 319 2254; x_wconf 62' lang='lat' dir='ltr'>Strabo</span> <span class='ocrx_word' id='word_1_243' title='bbox 337 2221 407 2263; x_wconf 81' lang='grc'>111,</span> <span class='ocrx_word' id='word_1_244' title='bbox 421 2233 460 2267; x_wconf 78' lang='lat' dir='ltr'>p.</span> <span class='ocrx_word' id='word_1_245' title='bbox 488 2215 556 2255; x_wconf 42' lang='lat'>16⁵2</span> <span class='ocrx_word' id='word_1_246' title='bbox 575 2218 692 2265; x_wconf 48' lang='lat' dir='ltr'>:sb-fici</span> <span class='ocrx_word' id='word_1_247' title='bbox 707 2217 741 2256; x_wconf 72' lang='grc' dir='ltr'>δὲ</span> <span class='ocrx_word' id='word_1_248' title='bbox 758 2219 1003 2266; x_wconf 72' lang='grc' dir='ltr'>Ποσειδώνιος,</span> <span class='ocrx_word' id='word_1_249' title='bbox 1028 2220 1169 2271; x_wconf 75' lang='grc' dir='ltr'>Μάρκον</span> 
     </span>
    </p>
   </div>
   <div class='ocr_carea' id='block_1_10' title="bbox 193 2297 319 2301">
    <p class='ocr_par' dir='ltr' id='par_1_10' title="bbox 193 2297 319 2301">
     <span class='ocr_line' id='line_1_38' title="bbox 193 2297 319 2301; baseline 0 0"><span class='ocrx_word' id='word_1_250' title='bbox 193 2297 319 2301; x_wconf 95' lang='lat' dir='ltr'> </span> 
     </span>
    </p>
   </div>
   <div class='ocr_carea' id='block_1_11' title="bbox 623 2334 678 2366">
    <p class='ocr_par' dir='ltr' id='par_1_11' title="bbox 623 2334 678 2366">
     <span class='ocr_line' id='line_1_39' title="bbox 623 2334 678 2366; baseline 0.073 -3"><span class='ocrx_word' id='word_1_251' title='bbox 623 2334 678 2366; x_wconf 80' lang='lat'>49.</span> 
     </span>
    </p>
   </div>
   <div class='ocr_carea' id='block_1_12' title="bbox 136 2403 1171 2691">
    <p class='ocr_par' dir='ltr' id='par_1_12' title="bbox 136 2403 1168 2691">
     <span class='ocr_line' id='line_1_40' title="bbox 178 2403 1168 2448; baseline 0.008 -16"><span class='ocrx_word' id='word_1_252' title='bbox 178 2405 248 2433; x_wconf 68' lang='lat' dir='ltr'>vost</span> <span class='ocrx_word' id='word_1_253' title='bbox 267 2403 347 2433; x_wconf 80' lang='lat' dir='ltr'>lianc</span> <span class='ocrx_word' id='word_1_254' title='bbox 365 2403 505 2443; x_wconf 78' lang='lat' dir='ltr'>Abdera,</span> <span class='ocrx_word' id='word_1_255' title='bbox 525 2405 709 2435; x_wconf 70' lang='lat' dir='ltr'>Phoenicum</span> <span class='ocrx_word' id='word_1_256' title='bbox 729 2414 808 2445; x_wconf 86' lang='lat' dir='ltr'>opus</span> <span class='ocrx_word' id='word_1_257' title='bbox 824 2406 892 2437; x_wconf 67' lang='grc' dir='ltr'>11ωο</span> <span class='ocrx_word' id='word_1_258' title='bbox 908 2415 1047 2447; x_wconf 85' lang='lat' dir='ltr'>quoque.</span> <span class='ocrx_word' id='word_1_259' title='bbox 1067 2410 1168 2448; x_wconf 80' lang='lat' dir='ltr'>Supra</span> 
     </span>
     <span class='ocr_line' id='line_1_41' title="bbox 140 2455 1168 2499; baseline 0.009 -15"><span class='ocrx_word' id='word_1_260' title='bbox 140 2463 202 2484; x_wconf 40' lang='lat' dir='ltr'>*sve</span> <span class='ocrx_word' id='word_1_261' title='bbox 216 2456 284 2485; x_wconf 79' lang='lat' dir='ltr'>loca</span> <span class='ocrx_word' id='word_1_262' title='bbox 299 2455 327 2485; x_wconf 92' lang='lat' dir='ltr'>in</span> <span class='ocrx_word' id='word_1_263' title='bbox 343 2457 500 2487; x_wconf 88' lang='lat' dir='ltr'>montanis</span> <span class='ocrx_word' id='word_1_264' title='bbox 517 2459 712 2488; x_wconf 85' lang='lat' dir='ltr'>monstratur</span> <span class='ocrx_word' id='word_1_265' title='bbox 727 2459 867 2498; x_wconf 66' lang='lat' dir='ltr'>Odyssea</span> <span class='ocrx_word' id='word_1_266' title='bbox 885 2460 1036 2499; x_wconf 82' lang='lat' dir='ltr'>(Ulyssea</span> <span class='ocrx_word' id='word_1_267' title='bbox 1047 2462 1057 2499; x_wconf 93' lang='lat'><em>)</em></span> <span class='ocrx_word' id='word_1_268' title='bbox 1069 2486 1076 2499; x_wconf 90' lang='lat'><strong>‚</strong></span> <span class='ocrx_word' id='word_1_269' title='bbox 1093 2462 1168 2493; x_wconf 88' lang='lat' dir='ltr'>etin</span> 
     </span>
     <span class='ocr_line' id='line_1_42' title="bbox 136 2506 1168 2551; baseline 0.009 -17"><span class='ocrx_word' id='word_1_270' title='bbox 136 2513 171 2535; x_wconf 55' lang='lat' dir='ltr'>va</span> <span class='ocrx_word' id='word_1_271' title='bbox 186 2506 292 2536; x_wconf 70' lang='lat' dir='ltr'>lanum</span> <span class='ocrx_word' id='word_1_272' title='bbox 307 2507 474 2545; x_wconf 62' lang='lat' dir='ltr'>Minervae,</span> <span class='ocrx_word' id='word_1_273' title='bbox 491 2509 527 2538; x_wconf 85' lang='lat' dir='ltr'>ut</span> <span class='ocrx_word' id='word_1_274' title='bbox 546 2507 733 2539; x_wconf 84' lang='lat' dir='ltr'>Posidonius</span> <span class='ocrx_word' id='word_1_275' title='bbox 747 2509 865 2549; x_wconf 85' lang='lat' dir='ltr'>tradit,</span> <span class='ocrx_word' id='word_1_276' title='bbox 880 2512 911 2541; x_wconf 87' lang='lat' dir='ltr'>et</span> <span class='ocrx_word' id='word_1_277' title='bbox 928 2513 1168 2551; x_wconf 71' lang='lat' dir='ltr'>Artemidorus,</span> 
     </span>
     <span class='ocr_line' id='line_1_43' title="bbox 138 2557 1168 2600; baseline 0.009 -15"><span class='ocrx_word' id='word_1_278' title='bbox 138 2559 164 2585; x_wconf 77' lang='grc'>--1</span> <span class='ocrx_word' id='word_1_279' title='bbox 182 2557 376 2596; x_wconf 72' lang='lat' dir='ltr'>Asclepiades</span> <span class='ocrx_word' id='word_1_280' title='bbox 391 2559 572 2597; x_wconf 74' lang='lat' dir='ltr'>Myrleanus</span> <span class='ocrx_word' id='word_1_281' title='bbox 583 2583 591 2596; x_wconf 97' lang='lat'>,</span> <span class='ocrx_word' id='word_1_282' title='bbox 606 2560 660 2598; x_wconf 84' lang='lat' dir='ltr'>qni</span> <span class='ocrx_word' id='word_1_283' title='bbox 675 2559 706 2589; x_wconf 93' lang='lat' dir='ltr'>in</span> <span class='ocrx_word' id='word_1_284' title='bbox 721 2560 911 2592; x_wconf 74' lang='lat' dir='ltr'>Turdetania</span> <span class='ocrx_word' id='word_1_285' title='bbox 930 2564 1168 2600; x_wconf 68' lang='lat' dir='ltr'>grammaticam</span> 
     </span>
     <span class='ocr_line' id='line_1_44' title="bbox 136 2609 1171 2655; baseline 0.009 -18"><span class='ocrx_word' id='word_1_286' title='bbox 136 2609 244 2639; x_wconf 55' lang='lat' dir='ltr'>«locuit</span> <span class='ocrx_word' id='word_1_287' title='bbox 257 2633 265 2643; x_wconf 84' lang='grc'>,</span> <span class='ocrx_word' id='word_1_288' title='bbox 282 2611 311 2639; x_wconf 84' lang='lat' dir='ltr'>et</span> <span class='ocrx_word' id='word_1_289' title='bbox 326 2609 566 2649; x_wconf 75' lang='lat' dir='ltr'>descriptionem</span> <span class='ocrx_word' id='word_1_290' title='bbox 589 2610 729 2650; x_wconf 74' lang='lat' dir='ltr'>gentium</span> <span class='ocrx_word' id='word_1_291' title='bbox 751 2612 782 2642; x_wconf 90' lang='lat' dir='ltr'>in</span> <span class='ocrx_word' id='word_1_292' title='bbox 799 2612 865 2644; x_wconf 84' lang='lat' dir='ltr'>istis</span> <span class='ocrx_word' id='word_1_293' title='bbox 882 2614 1059 2653; x_wconf 81' lang='lat' dir='ltr'>regionibus</span> <span class='ocrx_word' id='word_1_294' title='bbox 1079 2624 1171 2655; x_wconf 70' lang='lat' dir='ltr'>agen-</span> 
     </span>
     <span class='ocr_line' id='line_1_45' title="bbox 138 2660 336 2691; baseline 0.015 -3"><span class='ocrx_word' id='word_1_295' title='bbox 138 2661 214 2689; x_wconf 77' lang='lat' dir='ltr'>tium</span> <span class='ocrx_word' id='word_1_296' title='bbox 230 2660 336 2691; x_wconf 75' lang='lat' dir='ltr'>edidit.</span> 
     </span>
    </p>
   </div>
   <div class='ocr_carea' id='block_1_13' title="bbox 623 2728 681 2760">
    <p class='ocr_par' dir='ltr' id='par_1_13' title="bbox 623 2728 681 2760">
     <span class='ocr_line' id='line_1_46' title="bbox 623 2728 681 2760; baseline -0.017 0"><span class='ocrx_word' id='word_1_297' title='bbox 623 2728 681 2760; x_wconf 88' lang='lat'>50.</span> 
     </span>
    </p>
   </div>
   <div class='ocr_carea' id='block_1_14' title="bbox 138 2803 1172 3365">
    <p class='ocr_par' dir='ltr' id='par_1_14' title="bbox 138 2803 1172 3362">
     <span class='ocr_line' id='line_1_47' title="bbox 180 2803 1170 2848; baseline 0.01 -16"><span class='ocrx_word' id='word_1_298' title='bbox 180 2803 289 2833; x_wconf 75' lang='lat' dir='ltr'>Narrat</span> <span class='ocrx_word' id='word_1_299' title='bbox 306 2803 509 2843; x_wconf 76' lang='lat' dir='ltr'>Posidonius,</span> <span class='ocrx_word' id='word_1_300' title='bbox 527 2807 671 2836; x_wconf 85' lang='lat' dir='ltr'>Marcum</span> <span class='ocrx_word' id='word_1_301' title='bbox 689 2806 874 2838; x_wconf 83' lang='lat' dir='ltr'>Marcellum</span> <span class='ocrx_word' id='word_1_302' title='bbox 888 2809 1025 2848; x_wconf 78' lang='lat' dir='ltr'>exegisse</span> <span class='ocrx_word' id='word_1_303' title='bbox 1040 2818 1057 2841; x_wconf 84' lang='lat' dir='ltr'>e</span> <span class='ocrx_word' id='word_1_304' title='bbox 1074 2811 1170 2842; x_wconf 80' lang='lat' dir='ltr'>Celti-</span> 
     </span>
     <span class='ocr_line' id='line_1_48' title="bbox 138 2853 1170 2902; baseline 0.012 -20"><span class='ocrx_word' id='word_1_305' title='bbox 138 2853 223 2883; x_wconf 77' lang='lat' dir='ltr'>beria</span> <span class='ocrx_word' id='word_1_306' title='bbox 244 2854 398 2885; x_wconf 87' lang='lat' dir='ltr'>tributum</span> <span class='ocrx_word' id='word_1_307' title='bbox 426 2857 586 2888; x_wconf 75' lang='lat' dir='ltr'>talentum</span> <span class='ocrx_word' id='word_1_308' title='bbox 608 2860 850 2897; x_wconf 80' lang='lat' dir='ltr'>sexcentorum,</span> <span class='ocrx_word' id='word_1_309' title='bbox 876 2861 962 2899; x_wconf 87' lang='lat' dir='ltr'>quod</span> <span class='ocrx_word' id='word_1_310' title='bbox 985 2865 1170 2902; x_wconf 81' lang='lat' dir='ltr'>argumento</span> 
     </span>
     <span class='ocr_line' id='line_1_49' title="bbox 138 2905 1169 2954; baseline 0.011 -20"><span class='ocrx_word' id='word_1_311' title='bbox 138 2907 185 2935; x_wconf 72' lang='lat' dir='ltr'>cst</span> <span class='ocrx_word' id='word_1_312' title='bbox 198 2905 369 2936; x_wconf 70' lang='lat' dir='ltr'>Celtiberos</span> <span class='ocrx_word' id='word_1_313' title='bbox 382 2907 412 2937; x_wconf 77' lang='lat' dir='ltr'>et</span> <span class='ocrx_word' id='word_1_314' title='bbox 427 2908 608 2946; x_wconf 80' lang='lat' dir='ltr'>populosam</span> <span class='ocrx_word' id='word_1_315' title='bbox 627 2909 722 2940; x_wconf 79' lang='lat' dir='ltr'>fuisse</span> <span class='ocrx_word' id='word_1_316' title='bbox 738 2912 862 2949; x_wconf 75' lang='lat' dir='ltr'>gentem</span> <span class='ocrx_word' id='word_1_317' title='bbox 877 2934 885 2948; x_wconf 90' lang='lat'>‚</span> <span class='ocrx_word' id='word_1_318' title='bbox 900 2913 931 2942; x_wconf 86' lang='lat' dir='ltr'>et</span> <span class='ocrx_word' id='word_1_319' title='bbox 944 2914 1169 2954; x_wconf 78' lang='lat' dir='ltr'>pecuniosam,</span> 
     </span>
     <span class='ocr_line' id='line_1_50' title="bbox 140 2959 1169 3004; baseline 0.011 -17"><span class='ocrx_word' id='word_1_320' title='bbox 140 2966 326 2997; x_wconf 75' lang='lat' dir='ltr'>quanquam</span> <span class='ocrx_word' id='word_1_321' title='bbox 343 2959 445 2989; x_wconf 84' lang='lat' dir='ltr'>solum</span> <span class='ocrx_word' id='word_1_322' title='bbox 469 2961 609 2992; x_wconf 80' lang='lat' dir='ltr'>colerent</span> <span class='ocrx_word' id='word_1_323' title='bbox 628 2964 790 3002; x_wconf 83' lang='lat' dir='ltr'>utcunque</span> <span class='ocrx_word' id='word_1_324' title='bbox 808 2963 1055 2997; x_wconf 89' lang='lat' dir='ltr'>incommodum.</span> <span class='ocrx_word' id='word_1_325' title='bbox 1079 2968 1169 3004; x_wconf 84' lang='lat' dir='ltr'>Quod</span> 
     </span>
     <span class='ocr_line' id='line_1_51' title="bbox 139 3009 1171 3052; baseline 0.013 -14"><span class='ocrx_word' id='word_1_326' title='bbox 139 3011 244 3040; x_wconf 82' lang='lat' dir='ltr'>autem</span> <span class='ocrx_word' id='word_1_327' title='bbox 257 3009 337 3040; x_wconf 72' lang='lat' dir='ltr'>(lixit</span> <span class='ocrx_word' id='word_1_328' title='bbox 352 3011 500 3050; x_wconf 81' lang='lat' dir='ltr'>Polybius</span> <span class='ocrx_word' id='word_1_329' title='bbox 512 3036 520 3050; x_wconf 91' lang='lat'>,</span> <span class='ocrx_word' id='word_1_330' title='bbox 535 3013 696 3045; x_wconf 79' lang='lat' dir='ltr'>Tiberium</span> <span class='ocrx_word' id='word_1_331' title='bbox 716 3016 895 3047; x_wconf 78' lang='lat' dir='ltr'>Gracchum</span> <span class='ocrx_word' id='word_1_332' title='bbox 910 3018 1065 3050; x_wconf 84' lang='lat' dir='ltr'>trecentas</span> <span class='ocrx_word' id='word_1_333' title='bbox 1078 3020 1171 3052; x_wconf 82' lang='lat' dir='ltr'>urbes</span> 
     </span>
     <span class='ocr_line' id='line_1_52' title="bbox 139 3060 1169 3106; baseline 0.013 -17"><span class='ocrx_word' id='word_1_334' title='bbox 139 3060 315 3091; x_wconf 85' lang='lat' dir='ltr'>Celtiberiae</span> <span class='ocrx_word' id='word_1_335' title='bbox 331 3061 497 3100; x_wconf 76' lang='lat' dir='ltr'>dejecisse,</span> <span class='ocrx_word' id='word_1_336' title='bbox 514 3063 543 3094; x_wconf 91' lang='lat' dir='ltr'>id</span> <span class='ocrx_word' id='word_1_337' title='bbox 560 3064 657 3103; x_wconf 84' lang='lat' dir='ltr'>ridet,</span> <span class='ocrx_word' id='word_1_338' title='bbox 671 3068 703 3097; x_wconf 86' lang='lat' dir='ltr'>et</span> <span class='ocrx_word' id='word_1_339' title='bbox 718 3067 884 3106; x_wconf 86' lang='lat' dir='ltr'>Polybium</span> <span class='ocrx_word' id='word_1_340' title='bbox 899 3068 975 3099; x_wconf 89' lang='lat' dir='ltr'>dicit</span> <span class='ocrx_word' id='word_1_341' title='bbox 990 3069 1020 3100; x_wconf 92' lang='lat' dir='ltr'>in</span> <span class='ocrx_word' id='word_1_342' title='bbox 1036 3072 1169 3102; x_wconf 84' lang='lat' dir='ltr'>Gracchi</span> 
     </span>
     <span class='ocr_line' id='line_1_53' title="bbox 140 3112 1171 3163; baseline 0.012 -21"><span class='ocrx_word' id='word_1_343' title='bbox 140 3112 272 3149; x_wconf 65' lang='lat' dir='ltr'>gratiam</span> <span class='ocrx_word' id='word_1_344' title='bbox 296 3115 400 3145; x_wconf 87' lang='lat' dir='ltr'>turres</span> <span class='ocrx_word' id='word_1_345' title='bbox 418 3115 546 3146; x_wconf 86' lang='lat' dir='ltr'>urbium</span> <span class='ocrx_word' id='word_1_346' title='bbox 563 3117 691 3148; x_wconf 88' lang='lat' dir='ltr'>nomine</span> <span class='ocrx_word' id='word_1_347' title='bbox 705 3119 874 3158; x_wconf 76' lang='lat' dir='ltr'>appellasse</span> <span class='ocrx_word' id='word_1_348' title='bbox 884 3143 892 3158; x_wconf 93' lang='lat'><strong>‚</strong></span> <span class='ocrx_word' id='word_1_349' title='bbox 907 3122 944 3151; x_wconf 88' lang='lat' dir='ltr'>ut</span> <span class='ocrx_word' id='word_1_350' title='bbox 958 3121 991 3152; x_wconf 85' lang='lat' dir='ltr'>tit</span> <span class='ocrx_word' id='word_1_351' title='bbox 1005 3121 1035 3152; x_wconf 91' lang='lat' dir='ltr'>in</span> <span class='ocrx_word' id='word_1_352' title='bbox 1049 3121 1171 3163; x_wconf 79' lang='lat' dir='ltr'>pompis</span> 
     </span>
     <span class='ocr_line' id='line_1_54' title="bbox 143 3163 1170 3210; baseline 0.013 -18"><span class='ocrx_word' id='word_1_353' title='bbox 143 3163 394 3202; x_wconf 81' lang='lat' dir='ltr'>triumplialibus.</span> <span class='ocrx_word' id='word_1_354' title='bbox 414 3168 457 3196; x_wconf 74' lang='lat' dir='ltr'>Ac</span> <span class='ocrx_word' id='word_1_355' title='bbox 474 3166 604 3197; x_wconf 80' lang='lat' dir='ltr'>sortasse</span> <span class='ocrx_word' id='word_1_356' title='bbox 620 3167 681 3198; x_wconf 85' lang='lat' dir='ltr'>tide</span> <span class='ocrx_word' id='word_1_357' title='bbox 705 3177 768 3199; x_wconf 90' lang='lat' dir='ltr'>non</span> <span class='ocrx_word' id='word_1_358' title='bbox 790 3169 916 3208; x_wconf 84' lang='lat' dir='ltr'>indigna</span> <span class='ocrx_word' id='word_1_359' title='bbox 938 3172 1078 3210; x_wconf 83' lang='lat' dir='ltr'>profert:</span> <span class='ocrx_word' id='word_1_360' title='bbox 1097 3182 1170 3205; x_wconf 89' lang='lat' dir='ltr'>nam</span> 
     </span>
     <span class='ocr_line' id='line_1_55' title="bbox 142 3213 1172 3262; baseline 0.012 -19"><span class='ocrx_word' id='word_1_361' title='bbox 142 3215 174 3245; x_wconf 80' lang='lat' dir='ltr'>et</span> <span class='ocrx_word' id='word_1_362' title='bbox 187 3213 343 3245; x_wconf 87' lang='lat' dir='ltr'>bellorum</span> <span class='ocrx_word' id='word_1_363' title='bbox 359 3215 456 3246; x_wconf 86' lang='lat' dir='ltr'>duces</span> <span class='ocrx_word' id='word_1_364' title='bbox 475 3218 507 3248; x_wconf 83' lang='lat' dir='ltr'>et</span> <span class='ocrx_word' id='word_1_365' title='bbox 528 3218 695 3257; x_wconf 75' lang='lat' dir='ltr'>scriptores</span> <span class='ocrx_word' id='word_1_366' title='bbox 712 3227 817 3250; x_wconf 80' lang='lat' dir='ltr'>rerum</span> <span class='ocrx_word' id='word_1_367' title='bbox 841 3223 999 3259; x_wconf 76' lang='lat' dir='ltr'>gestarum</span> <span class='ocrx_word' id='word_1_368' title='bbox 1019 3225 1172 3262; x_wconf 86' lang='lat' dir='ltr'>proclives</span> 
     </span>
     <span class='ocr_line' id='line_1_56' title="bbox 142 3264 1170 3312; baseline 0.012 -18"><span class='ocrx_word' id='word_1_369' title='bbox 142 3267 215 3296; x_wconf 87' lang='lat' dir='ltr'>sunt</span> <span class='ocrx_word' id='word_1_370' title='bbox 236 3264 274 3295; x_wconf 87' lang='lat' dir='ltr'>ad</span> <span class='ocrx_word' id='word_1_371' title='bbox 299 3265 357 3296; x_wconf 84' lang='lat' dir='ltr'>boc</span> <span class='ocrx_word' id='word_1_372' title='bbox 380 3267 554 3306; x_wconf 87' lang='lat' dir='ltr'>mendacii,</span> <span class='ocrx_word' id='word_1_373' title='bbox 580 3270 616 3299; x_wconf 91' lang='lat' dir='ltr'>ut</span> <span class='ocrx_word' id='word_1_374' title='bbox 641 3271 779 3301; x_wconf 74' lang='lat' dir='ltr'>actiones</span> <span class='ocrx_word' id='word_1_375' title='bbox 801 3274 976 3304; x_wconf 71' lang='lat' dir='ltr'>exornent:</span> <span class='ocrx_word' id='word_1_376' title='bbox 999 3274 1126 3312; x_wconf 83' lang='lat' dir='ltr'>quando</span> <span class='ocrx_word' id='word_1_377' title='bbox 1151 3277 1170 3306; x_wconf 91' lang='lat' dir='ltr'>ii</span> 
     </span>
     <span class='ocr_line' id='line_1_57' title="bbox 143 3316 1169 3365; baseline 0.011 -19"><span class='ocrx_word' id='word_1_378' title='bbox 143 3317 235 3346; x_wconf 77' lang='lat' dir='ltr'>ctiam</span> <span class='ocrx_word' id='word_1_379' title='bbox 250 3316 302 3355; x_wconf 82' lang='lat' dir='ltr'>qni</span> <span class='ocrx_word' id='word_1_380' title='bbox 318 3317 422 3355; x_wconf 77' lang='lat' dir='ltr'>plnres</span> <span class='ocrx_word' id='word_1_381' title='bbox 435 3327 528 3357; x_wconf 74' lang='lat' dir='ltr'>&lt;piam</span> <span class='ocrx_word' id='word_1_382' title='bbox 548 3319 633 3349; x_wconf 69' lang='lat' dir='ltr'>mill(¹</span> <span class='ocrx_word' id='word_1_383' title='bbox 648 3321 739 3349; x_wconf 64' lang='lat' dir='ltr'>fuisse</span> <span class='ocrx_word' id='word_1_384' title='bbox 756 3322 848 3352; x_wconf 77' lang='lat' dir='ltr'>urbes</span> <span class='ocrx_word' id='word_1_385' title='bbox 869 3323 1024 3362; x_wconf 56' lang='lat' dir='ltr'>Hispania*</span> <span class='ocrx_word' id='word_1_386' title='bbox 1040 3326 1169 3365; x_wconf 73' lang='lat' dir='ltr'>(lirum,</span> 
     </span>
    </p>
   </div>
   <div class='ocr_carea' id='block_1_15' title="bbox 1095 2299 1187 2306">
    <p class='ocr_par' dir='ltr' id='par_1_15' title="bbox 1095 2299 1187 2306">
     <span class='ocr_line' id='line_1_58' title="bbox 1095 2299 1187 2306; baseline 0 1422"><span class='ocrx_word' id='word_1_387' title='bbox 1095 2299 1187 2306; x_wconf 95' lang='lat' dir='ltr'> </span> 
     </span>
    </p>
   </div>
   <div class='ocr_carea' id='block_1_16' title="bbox 906 161 1475 202">
    <p class='ocr_par' dir='ltr' id='par_1_16' title="bbox 906 161 1475 202">
     <span class='ocr_line' id='line_1_59' title="bbox 906 161 1475 202; baseline 0.007 -4"><span class='ocrx_word' id='word_1_388' title='bbox 906 161 1163 201; x_wconf 82' lang='lat' dir='ltr'>POSIDONH</span> <span class='ocrx_word' id='word_1_389' title='bbox 1194 163 1475 202; x_wconf 72' lang='lat' dir='ltr'>APAMENSIS</span> 
     </span>
    </p>
   </div>
   <div class='ocr_carea' id='block_1_17' title="bbox 1201 249 2272 938">
    <p class='ocr_par' dir='ltr' id='par_1_17' title="bbox 1230 249 2272 938">
     <span class='ocr_line' id='line_1_60' title="bbox 1235 249 2264 306; baseline 0.008 -19"><span class='ocrx_word' id='word_1_390' title='bbox 1235 250 1440 301; x_wconf 81' lang='grc' dir='ltr'>Μάρκελλον</span> <span class='ocrx_word' id='word_1_391' title='bbox 1464 265 1553 301; x_wconf 76' lang='grc' dir='ltr'>πρας</span> <span class='ocrx_word' id='word_1_392' title='bbox 1539 249 1659 287; x_wconf 88' lang='grc' dir='ltr'>ασθαι</span> <span class='ocrx_word' id='word_1_393' title='bbox 1676 250 1776 302; x_wconf 76' lang='grc' dir='ltr'>φόρον</span> <span class='ocrx_word' id='word_1_394' title='bbox 1801 268 1840 289; x_wconf 85' lang='grc' dir='ltr'>εκ</span> <span class='ocrx_word' id='word_1_395' title='bbox 1864 255 1924 298; x_wconf 70' lang='grc' dir='ltr'>τῆς</span> <span class='ocrx_word' id='word_1_396' title='bbox 1955 253 2184 306; x_wconf 63' lang='grc' dir='ltr'>Κελτιὸηρίας</span> <span class='ocrx_word' id='word_1_397' title='bbox 2202 272 2264 294; x_wconf 87' lang='grc' dir='ltr'>τα-</span> 
     </span>
     <span class='ocr_line' id='line_1_61' title="bbox 1232 307 2268 363; baseline 0.006 -18"><span class='ocrx_word' id='word_1_398' title='bbox 1232 309 1375 345; x_wconf 65' lang='lat' dir='ltr'>Aavw‘</span> <span class='ocrx_word' id='word_1_399' title='bbox 1362 308 1542 350; x_wconf 81' lang='grc' dir='ltr'>εξακόσια·</span> <span class='ocrx_word' id='word_1_400' title='bbox 1561 307 1594 349; x_wconf 78' lang='grc' dir='ltr'>ἐξ</span> <span class='ocrx_word' id='word_1_401' title='bbox 1612 312 1649 345; x_wconf 78' lang='grc' dir='ltr'>οὑ</span> <span class='ocrx_word' id='word_1_402' title='bbox 1678 309 1923 361; x_wconf 73' lang='grc' dir='ltr'>τεκμαίρεσθαι</span> <span class='ocrx_word' id='word_1_403' title='bbox 1943 310 2108 363; x_wconf 83' lang='grc' dir='ltr'>πάρεστιν</span> <span class='ocrx_word' id='word_1_404' title='bbox 2132 328 2184 350; x_wconf 89' lang='grc' dir='ltr'>οτι</span> <span class='ocrx_word' id='word_1_405' title='bbox 2209 313 2268 351; x_wconf 87' lang='grc' dir='ltr'>καὶ</span> 
     </span>
     <span class='ocr_line' id='line_1_62' title="bbox 1234 365 2270 420; baseline 0.005 -18"><span class='ocrx_word' id='word_1_406' title='bbox 1234 365 1355 403; x_wconf 89' lang='grc' dir='ltr'>πολλοι</span> <span class='ocrx_word' id='word_1_407' title='bbox 1373 369 1462 411; x_wconf 85' lang='grc' dir='ltr'>ἠσαν</span> <span class='ocrx_word' id='word_1_408' title='bbox 1478 367 1508 403; x_wconf 81' lang='grc' dir='ltr'>οἱ</span> <span class='ocrx_word' id='word_1_409' title='bbox 1527 365 1720 417; x_wconf 71' lang='grc' dir='ltr'>Κελτίὸηρε</span> <span class='ocrx_word' id='word_1_410' title='bbox 1724 382 1738 408; x_wconf 93' lang='grc' dir='ltr'>ς</span> <span class='ocrx_word' id='word_1_411' title='bbox 1754 382 1812 403; x_wconf 88' lang='grc' dir='ltr'>και</span> <span class='ocrx_word' id='word_1_412' title='bbox 1825 367 2016 418; x_wconf 77' lang='grc' dir='ltr'>χρημάτων</span> <span class='ocrx_word' id='word_1_413' title='bbox 2031 370 2270 420; x_wconf 82' lang='grc' dir='ltr'>εὖπορουντες,</span> 
     </span>
     <span class='ocr_line' id='line_1_63' title="bbox 1232 423 2269 476; baseline 0.005 -17"><span class='ocrx_word' id='word_1_414' title='bbox 1232 423 1355 473; x_wconf 84' lang='grc' dir='ltr'>καίπερ</span> <span class='ocrx_word' id='word_1_415' title='bbox 1375 424 1542 466; x_wconf 86' lang='grc' dir='ltr'>οἷκουντες</span> <span class='ocrx_word' id='word_1_416' title='bbox 1562 423 1680 476; x_wconf 78' lang='grc' dir='ltr'>’Λώραν</span> <span class='ocrx_word' id='word_1_417' title='bbox 1703 424 1942 475; x_wconf 83' lang='grc' dir='ltr'>παράλυπρον.</span> <span class='ocrx_word' id='word_1_418' title='bbox 1974 425 2149 463; x_wconf 70' lang='grc' dir='ltr'>Πολυὸίου</span> <span class='ocrx_word' id='word_1_419' title='bbox 2169 428 2198 463; x_wconf 84' lang='grc' dir='ltr'>δ’</span> <span class='ocrx_word' id='word_1_420' title='bbox 2222 429 2269 464; x_wconf 87' lang='grc' dir='ltr'>εἷ·</span> 
     </span>
     <span class='ocr_line' id='line_1_64' title="bbox 1232 481 2269 536; baseline 0.005 -19"><span class='ocrx_word' id='word_1_421' title='bbox 1232 481 1352 524; x_wconf 82' lang='grc' dir='ltr'>πόντος</span> <span class='ocrx_word' id='word_1_422' title='bbox 1379 482 1578 532; x_wconf 85' lang='grc' dir='ltr'>τριακοσίας</span> <span class='ocrx_word' id='word_1_423' title='bbox 1604 483 1716 519; x_wconf 84' lang='grc' dir='ltr'>αὐτῶν</span> <span class='ocrx_word' id='word_1_424' title='bbox 1746 484 1941 520; x_wconf 78' lang='grc' dir='ltr'>καταλῦσαι</span> <span class='ocrx_word' id='word_1_425' title='bbox 1965 483 2082 526; x_wconf 90' lang='grc' dir='ltr'>πόλεις</span> <span class='ocrx_word' id='word_1_426' title='bbox 2110 484 2269 536; x_wconf 81' lang='grc' dir='ltr'>Ἰιοέριον</span> 
     </span>
     <span class='ocr_line' id='line_1_65' title="bbox 1233 539 2270 593; baseline 0.003 -17"><span class='ocrx_word' id='word_1_427' title='bbox 1233 539 1403 590; x_wconf 74' lang='grc' dir='ltr'>Γρακχον,</span> <span class='ocrx_word' id='word_1_428' title='bbox 1418 540 1594 591; x_wconf 81' lang='grc' dir='ltr'>κωμωδῶν</span> <span class='ocrx_word' id='word_1_429' title='bbox 1611 555 1693 592; x_wconf 71' lang='grc' dir='ltr'>φησι</span> <span class='ocrx_word' id='word_1_430' title='bbox 1711 555 1810 577; x_wconf 85' lang='grc' dir='ltr'>τουτο</span> <span class='ocrx_word' id='word_1_431' title='bbox 1827 557 1875 592; x_wconf 85' lang='grc' dir='ltr'>τῳ</span> <span class='ocrx_word' id='word_1_432' title='bbox 1890 540 2041 592; x_wconf 76' lang='grc' dir='ltr'>Γράκχω</span> <span class='ocrx_word' id='word_1_433' title='bbox 2057 541 2270 593; x_wconf 83' lang='grc' dir='ltr'>χαρίσασθαι</span> 
     </span>
     <span class='ocr_line' id='line_1_66' title="bbox 1232 596 2271 651; baseline 0.005 -19"><span class='ocrx_word' id='word_1_434' title='bbox 1232 596 1323 633; x_wconf 79' lang='grc' dir='ltr'>τὸν</span> <span class='ocrx_word' id='word_1_435' title='bbox 1302 597 1408 647; x_wconf 81' lang='grc' dir='ltr'>ανδρα</span> <span class='ocrx_word' id='word_1_436' title='bbox 1418 612 1515 643; x_wconf 88' lang='grc' dir='ltr'>,τους</span> <span class='ocrx_word' id='word_1_437' title='bbox 1526 598 1675 648; x_wconf 72' lang='grc' dir='ltr'>πύργους</span> <span class='ocrx_word' id='word_1_438' title='bbox 1685 611 1855 635; x_wconf 80' lang='grc' dir='ltr'>γαΛουντα</span> <span class='ocrx_word' id='word_1_439' title='bbox 1869 599 2042 648; x_wconf 69' lang='grc' dir='ltr'>πόλεις,”</span> <span class='ocrx_word' id='word_1_440' title='bbox 2019 615 2136 651; x_wconf 87' lang='grc' dir='ltr'>ωσπερ</span> <span class='ocrx_word' id='word_1_441' title='bbox 2151 601 2185 637; x_wconf 82' lang='grc' dir='ltr'>ἐν</span> <span class='ocrx_word' id='word_1_442' title='bbox 2195 605 2271 641; x_wconf 84' lang='grc' dir='ltr'>ταῖς</span> 
     </span>
     <span class='ocr_line' id='line_1_67' title="bbox 1232 628 2271 705; baseline 0.004 -15"><span class='ocrx_word' id='word_1_443' title='bbox 1232 628 1451 705; x_wconf 82' lang='grc' dir='ltr'>θριαμοίκαῖς</span> <span class='ocrx_word' id='word_1_444' title='bbox 1476 660 1645 704; x_wconf 86' lang='grc' dir='ltr'>πομπαῖς.</span> <span class='ocrx_word' id='word_1_445' title='bbox 1681 655 1750 692; x_wconf 88' lang='grc' dir='ltr'>Και</span> <span class='ocrx_word' id='word_1_446' title='bbox 1788 655 1870 698; x_wconf 81' lang='grc' dir='ltr'>ἴσως</span> <span class='ocrx_word' id='word_1_447' title='bbox 1903 657 1965 693; x_wconf 79' lang='grc' dir='ltr'>οὐκ</span> <span class='ocrx_word' id='word_1_448' title='bbox 1996 656 2140 694; x_wconf 85' lang='grc' dir='ltr'>ἄπιστον</span> <span class='ocrx_word' id='word_1_449' title='bbox 2171 660 2271 694; x_wconf 82' lang='grc' dir='ltr'>τοῦτο</span> 
     </span>
     <span class='ocr_line' id='line_1_68' title="bbox 1201 712 2270 783; baseline 0.004 -35.119"><span class='ocrx_word' id='word_1_450' title='bbox 1201 712 1340 783; x_wconf 82' lang='grc' dir='ltr'>λέγει·</span> <span class='ocrx_word' id='word_1_451' title='bbox 1357 728 1414 748; x_wconf 85' lang='grc' dir='ltr'>και</span> <span class='ocrx_word' id='word_1_452' title='bbox 1430 712 1496 781; x_wconf 77' lang='grc' dir='ltr'>γὰρ</span> <span class='ocrx_word' id='word_1_453' title='bbox 1517 715 1546 750; x_wconf 83' lang='grc' dir='ltr'>οἱ</span> <span class='ocrx_word' id='word_1_454' title='bbox 1567 713 1756 764; x_wconf 81' lang='grc' dir='ltr'>στρατηγοὶ</span> <span class='ocrx_word' id='word_1_455' title='bbox 1781 729 1840 750; x_wconf 89' lang='grc' dir='ltr'>και</span> <span class='ocrx_word' id='word_1_456' title='bbox 1859 715 1889 751; x_wconf 83' lang='grc' dir='ltr'>οἱ</span> <span class='ocrx_word' id='word_1_457' title='bbox 1916 729 1980 763; x_wconf 90' lang='grc' dir='ltr'>συγ</span> <span class='ocrx_word' id='word_1_458' title='bbox 1983 719 2123 765; x_wconf 71' lang='grc' dir='ltr'>γραφεῖς</span> <span class='ocrx_word' id='word_1_459' title='bbox 2147 715 2270 767; x_wconf 80' lang='grc' dir='ltr'>ῥαδίως</span> 
     </span>
     <span class='ocr_line' id='line_1_69' title="bbox 1232 769 2272 822; baseline 0.004 -17"><span class='ocrx_word' id='word_1_460' title='bbox 1232 769 1287 806; x_wconf 79' lang='grc' dir='ltr'>ἐπὶ</span> <span class='ocrx_word' id='word_1_461' title='bbox 1315 773 1414 806; x_wconf 78' lang='grc' dir='ltr'>τοῦτο</span> <span class='ocrx_word' id='word_1_462' title='bbox 1448 769 1606 821; x_wconf 72' lang='grc' dir='ltr'>φέρονται</span> <span class='ocrx_word' id='word_1_463' title='bbox 1635 769 1673 806; x_wconf 84' lang='grc' dir='ltr'>τὸ</span> <span class='ocrx_word' id='word_1_464' title='bbox 1708 772 1866 822; x_wconf 70' lang='grc' dir='ltr'>ψεῦσμα,</span> <span class='ocrx_word' id='word_1_465' title='bbox 1903 771 2176 815; x_wconf 83' lang='grc' dir='ltr'>καλλωπίζοντες</span> <span class='ocrx_word' id='word_1_466' title='bbox 2208 773 2272 815; x_wconf 85' lang='grc' dir='ltr'>τὰς</span> 
     </span>
     <span class='ocr_line' id='line_1_70' title="bbox 1230 826 2271 899; baseline 0.003 -36"><span class='ocrx_word' id='word_1_467' title='bbox 1230 826 1423 877; x_wconf 76' lang='grc' dir='ltr'>πράξεις,</span> <span class='ocrx_word' id='word_1_468' title='bbox 1410 842 1483 864; x_wconf 88' lang='grc' dir='ltr'>επει</span> <span class='ocrx_word' id='word_1_469' title='bbox 1504 826 1562 864; x_wconf 86' lang='grc' dir='ltr'>καὶ</span> <span class='ocrx_word' id='word_1_470' title='bbox 1592 828 1623 863; x_wconf 84' lang='grc' dir='ltr'>οἱ</span> <span class='ocrx_word' id='word_1_471' title='bbox 1646 826 1833 899; x_wconf 56' lang='grc' dir='ltr'>φάσκοντες</span> <span class='ocrx_word' id='word_1_472' title='bbox 1863 827 2045 871; x_wconf 88' lang='grc' dir='ltr'>πλείους</span> <span class='ocrx_word' id='word_1_473' title='bbox 2027 844 2048 873; x_wconf 92' lang='grc' dir='ltr'>η</span> <span class='ocrx_word' id='word_1_474' title='bbox 2076 828 2191 879; x_wconf 79' lang='grc' dir='ltr'>χιλίας</span> <span class='ocrx_word' id='word_1_475' title='bbox 2209 828 2271 872; x_wconf 81' lang='grc' dir='ltr'>τὰς</span> 
     </span>
     <span class='ocr_line' id='line_1_71' title="bbox 1233 883 2270 938; baseline 0.002 -17"><span class='ocrx_word' id='word_1_476' title='bbox 1233 887 1298 921; x_wconf 78' lang='grc' dir='ltr'>τΓ1ν</span> <span class='ocrx_word' id='word_1_477' title='bbox 1320 883 1469 935; x_wconf 69' lang='grc' dir='ltr'>’16ηρων</span> <span class='ocrx_word' id='word_1_478' title='bbox 1496 883 1644 935; x_wconf 82' lang='grc' dir='ltr'>υπάρξαι</span> <span class='ocrx_word' id='word_1_479' title='bbox 1673 884 1787 927; x_wconf 87' lang='grc' dir='ltr'>πόλεις</span> <span class='ocrx_word' id='word_1_480' title='bbox 1814 885 1870 922; x_wconf 80' lang='grc' dir='ltr'>ἐπι</span> <span class='ocrx_word' id='word_1_481' title='bbox 1897 900 1996 923; x_wconf 89' lang='grc' dir='ltr'>τουτο</span> <span class='ocrx_word' id='word_1_482' title='bbox 2026 885 2185 938; x_wconf 82' lang='grc' dir='ltr'>φέρεσθαί</span> <span class='ocrx_word' id='word_1_483' title='bbox 2212 901 2270 936; x_wconf 89' lang='grc' dir='ltr'>μοι</span> 
     </span>
    </p>
   </div>
   <div class='ocr_carea' id='block_1_18' title="bbox 1232 940 2162 993">
    <p class='ocr_par' dir='ltr' id='par_1_18' title="bbox 1232 940 2162 993">
     <span class='ocr_line' id='line_1_72' title="bbox 1232 940 2162 993; baseline 0.003 -15"><span class='ocrx_word' id='word_1_484' title='bbox 1232 942 1389 991; x_wconf 80' lang='grc' dir='ltr'>δοκουσι,</span> <span class='ocrx_word' id='word_1_485' title='bbox 1407 941 1467 985; x_wconf 85' lang='grc' dir='ltr'>τὰς</span> <span class='ocrx_word' id='word_1_486' title='bbox 1483 940 1635 992; x_wconf 84' lang='grc' dir='ltr'>μεγάλας</span> <span class='ocrx_word' id='word_1_487' title='bbox 1653 942 1775 992; x_wconf 82' lang='grc' dir='ltr'>κώμας</span> <span class='ocrx_word' id='word_1_488' title='bbox 1794 942 1907 986; x_wconf 89' lang='grc' dir='ltr'>πόλεις</span> <span class='ocrx_word' id='word_1_489' title='bbox 1926 943 2162 993; x_wconf 73' lang='grc' dir='ltr'>ὀνομάζοντες.</span> 
     </span>
    </p>
   </div>
   <div class='ocr_carea' id='block_1_19' title="bbox 1284 1019 2269 1137">
    <p class='ocr_par' dir='ltr' id='par_1_19' title="bbox 1284 1019 2269 1137">
     <span class='ocr_line' id='line_1_73' title="bbox 1713 1019 1777 1055; baseline -0.023 0"><span class='ocrx_word' id='word_1_490' title='bbox 1713 1019 1777 1055; x_wconf 85' lang='grc'>51.</span> 
     </span>
     <span class='ocr_line' id='line_1_74' title="bbox 1284 1089 2269 1137; baseline 0 -13"><span class='ocrx_word' id='word_1_491' title='bbox 1284 1089 1910 1136; x_wconf 75' lang='lat' dir='ltr'>Strab0111,p.163‚de1beriae</span> <span class='ocrx_word' id='word_1_492' title='bbox 1937 1090 2184 1137; x_wconf 86' lang='lat' dir='ltr'>proventibus</span> <span class='ocrx_word' id='word_1_493' title='bbox 2208 1091 2269 1125; x_wconf 93' lang='lat' dir='ltr'>lo-</span> 
     </span>
    </p>
   </div>
   <div class='ocr_carea' id='block_1_20' title="bbox 1230 1145 2273 1718">
    <p class='ocr_par' dir='ltr' id='par_1_20' title="bbox 1232 1145 2267 1254">
     <span class='ocr_line' id='line_1_75' title="bbox 1232 1145 2267 1198; baseline 0.002 -16"><span class='ocrx_word' id='word_1_494' title='bbox 1232 1160 1346 1195; x_wconf 86' lang='lat' dir='ltr'>quens</span> <span class='ocrx_word' id='word_1_495' title='bbox 1374 1160 1383 1185; x_wconf 88' lang='lat'><strong>:</strong></span> <span class='ocrx_word' id='word_1_496' title='bbox 1416 1145 1596 1194; x_wconf 84' lang='grc' dir='ltr'>Κάστορας</span> <span class='ocrx_word' id='word_1_497' title='bbox 1627 1146 1764 1198; x_wconf 78' lang='grc' dir='ltr'>φέρουσι</span> <span class='ocrx_word' id='word_1_498' title='bbox 1796 1146 1858 1196; x_wconf 81' lang='grc' dir='ltr'>μὲν</span> <span class='ocrx_word' id='word_1_499' title='bbox 1892 1148 1922 1183; x_wconf 77' lang='grc' dir='ltr'>οἱ</span> <span class='ocrx_word' id='word_1_500' title='bbox 1953 1146 2123 1196; x_wconf 87' lang='grc' dir='ltr'>ποταμοί·</span> <span class='ocrx_word' id='word_1_501' title='bbox 2157 1146 2196 1184; x_wconf 83' lang='grc' dir='ltr'>τὸ</span> <span class='ocrx_word' id='word_1_502' title='bbox 2231 1146 2267 1184; x_wconf 84' lang='grc' dir='ltr'>δὲ</span> 
     </span>
     <span class='ocr_line' id='line_1_76' title="bbox 1230 1203 2268 1275; baseline -0.002 -32.99"><span class='ocrx_word' id='word_1_503' title='bbox 1230 1203 1425 1275; x_wconf 83' lang='grc' dir='ltr'>Καστόριον</span> <span class='ocrx_word' id='word_1_504' title='bbox 1452 1206 1513 1241; x_wconf 76' lang='grc' dir='ltr'>οὐκ</span> <span class='ocrx_word' id='word_1_505' title='bbox 1538 1204 1609 1254; x_wconf 70' lang='grc' dir='ltr'>ἔχει</span> <span class='ocrx_word' id='word_1_506' title='bbox 1631 1203 1692 1250; x_wconf 87' lang='grc' dir='ltr'>τὴν</span> <span class='ocrx_word' id='word_1_507' title='bbox 1719 1203 1825 1250; x_wconf 82' lang='grc' dir='ltr'>αυτὴν</span> <span class='ocrx_word' id='word_1_508' title='bbox 1843 1203 1987 1252; x_wconf 79' lang='grc' dir='ltr'>δύναμιν</span> <span class='ocrx_word' id='word_1_509' title='bbox 2012 1206 2062 1240; x_wconf 65' lang='grc' dir='ltr'>τΓ)</span> <span class='ocrx_word' id='word_1_510' title='bbox 2087 1206 2268 1255; x_wconf 80' lang='grc' dir='ltr'>Ποντικῳ·</span> 
     </span>
    </p>

    <p class='ocr_par' dir='ltr' id='par_1_21' title="bbox 1230 1261 2273 1718">
     <span class='ocr_line' id='line_1_77' title="bbox 1230 1261 2273 1314; baseline 0 -16"><span class='ocrx_word' id='word_1_511' title='bbox 1230 1261 1313 1298; x_wconf 76' lang='grc' dir='ltr'>ἴδιον</span> <span class='ocrx_word' id='word_1_512' title='bbox 1329 1277 1396 1312; x_wconf 87' lang='grc' dir='ltr'>γαρ</span> <span class='ocrx_word' id='word_1_513' title='bbox 1407 1278 1455 1299; x_wconf 75' lang='grc' dir='ltr'>τω</span> <span class='ocrx_word' id='word_1_514' title='bbox 1469 1264 1628 1314; x_wconf 24' lang='grc' dir='ltr'>ΠοηιτικΓ)</span> <span class='ocrx_word' id='word_1_515' title='bbox 1645 1262 1790 1314; x_wconf 84' lang='grc' dir='ltr'>πάρεστι</span> <span class='ocrx_word' id='word_1_516' title='bbox 1803 1277 1842 1298; x_wconf 88' lang='grc' dir='ltr'>το</span> <span class='ocrx_word' id='word_1_517' title='bbox 1856 1263 2103 1313; x_wconf 76' lang='grc' dir='ltr'>φαρμακῶδες,</span> <span class='ocrx_word' id='word_1_518' title='bbox 2114 1261 2273 1312; x_wconf 70' lang='grc' dir='ltr'>καθάπερ4</span> 
     </span>
     <span class='ocr_line' id='line_1_78' title="bbox 1231 1319 2269 1372; baseline 0 -16"><span class='ocrx_word' id='word_1_519' title='bbox 1231 1320 1346 1363; x_wconf 77' lang='grc' dir='ltr'>ἄλλοις</span> <span class='ocrx_word' id='word_1_520' title='bbox 1366 1322 1445 1357; x_wconf 82' lang='grc' dir='ltr'>πο)</span> <span class='ocrx_word' id='word_1_521' title='bbox 1438 1326 1518 1362; x_wconf 64' lang='grc' dir='ltr'>κοῖς.</span> <span class='ocrx_word' id='word_1_522' title='bbox 1536 1320 1654 1367; x_wconf 82' lang='grc' dir='ltr'>Ἔπει,</span> <span class='ocrx_word' id='word_1_523' title='bbox 1668 1336 1771 1372; x_wconf 75' lang='grc' dir='ltr'>φησιν</span> <span class='ocrx_word' id='word_1_524' title='bbox 1789 1322 1806 1357; x_wconf 76' lang='grc' dir='ltr'><strong><em>ὃ</em></strong></span> <span class='ocrx_word' id='word_1_525' title='bbox 1824 1319 2067 1366; x_wconf 79' lang='grc' dir='ltr'>Ποσειδώνιος,</span> <span class='ocrx_word' id='word_1_526' title='bbox 2086 1335 2145 1357; x_wconf 90' lang='grc' dir='ltr'>και</span> <span class='ocrx_word' id='word_1_527' title='bbox 2161 1322 2178 1357; x_wconf 84' lang='grc' dir='ltr'><strong><em>ὃ</em></strong></span> <span class='ocrx_word' id='word_1_528' title='bbox 2199 1320 2269 1358; x_wconf 82' lang='grc' dir='ltr'>Κύ·</span> 
     </span>
     <span class='ocr_line' id='line_1_79' title="bbox 1231 1377 2270 1430; baseline 0 -16"><span class='ocrx_word' id='word_1_529' title='bbox 1231 1393 1327 1427; x_wconf 87' lang='grc' dir='ltr'>πριος</span> <span class='ocrx_word' id='word_1_530' title='bbox 1353 1377 1481 1428; x_wconf 72' lang='grc' dir='ltr'>χαλκος</span> <span class='ocrx_word' id='word_1_531' title='bbox 1511 1379 1609 1427; x_wconf 79' lang='grc' dir='ltr'>μόνος</span> <span class='ocrx_word' id='word_1_532' title='bbox 1640 1394 1678 1430; x_wconf 74' lang='grc' dir='ltr'>φε</span> <span class='ocrx_word' id='word_1_533' title='bbox 1670 1378 1734 1429; x_wconf 81' lang='grc' dir='ltr'>’ρει</span> <span class='ocrx_word' id='word_1_534' title='bbox 1760 1394 1821 1423; x_wconf 71' lang='grc' dir='ltr'>τνν</span> <span class='ocrx_word' id='word_1_535' title='bbox 1850 1377 2002 1428; x_wconf 71' lang='grc' dir='ltr'>καδμίαν</span> <span class='ocrx_word' id='word_1_536' title='bbox 2034 1378 2126 1415; x_wconf 85' lang='grc' dir='ltr'>λίθον</span> <span class='ocrx_word' id='word_1_537' title='bbox 2147 1393 2207 1414; x_wconf 88' lang='grc' dir='ltr'>και</span> <span class='ocrx_word' id='word_1_538' title='bbox 2231 1377 2270 1414; x_wconf 83' lang='grc' dir='ltr'>τὸ</span> 
     </span>
     <span class='ocr_line' id='line_1_80' title="bbox 1230 1435 2269 1495; baseline 0.001 -24"><span class='ocrx_word' id='word_1_539' title='bbox 1230 1435 1399 1485; x_wconf 74' lang='grc' dir='ltr'>χαὶκανθὲ</span> <span class='ocrx_word' id='word_1_540' title='bbox 1405 1453 1418 1478; x_wconf 91' lang='grc' dir='ltr'>ς</span> <span class='ocrx_word' id='word_1_541' title='bbox 1433 1452 1490 1472; x_wconf 86' lang='grc' dir='ltr'>και</span> <span class='ocrx_word' id='word_1_542' title='bbox 1504 1436 1542 1474; x_wconf 79' lang='grc' dir='ltr'>τὸ</span> <span class='ocrx_word' id='word_1_543' title='bbox 1559 1436 1710 1475; x_wconf 84' lang='grc' dir='ltr'>σπόοιον.</span> <span class='ocrx_word' id='word_1_544' title='bbox 1766 1436 1905 1474; x_wconf 49' lang='grc' dir='ltr'>Ἥδιον</span> <span class='ocrx_word' id='word_1_545' title='bbox 1888 1436 1915 1473; x_wconf 88' lang='lat'>0’</span> <span class='ocrx_word' id='word_1_546' title='bbox 1930 1436 2063 1488; x_wconf 84' lang='grc' dir='ltr'>εἴρηκεν</span> <span class='ocrx_word' id='word_1_547' title='bbox 2082 1437 2116 1473; x_wconf 80' lang='grc' dir='ltr'>ἐν</span> <span class='ocrx_word' id='word_1_548' title='bbox 2134 1435 2269 1495; x_wconf 56' lang='lat' dir='ltr'>’IS-apion</span> 
     </span>
     <span class='ocr_line' id='line_1_81' title="bbox 1230 1493 2268 1544; baseline 0.001 -15"><span class='ocrx_word' id='word_1_549' title='bbox 1230 1496 1247 1529; x_wconf 84' lang='grc' dir='ltr'>ὁ</span> <span class='ocrx_word' id='word_1_550' title='bbox 1268 1493 1494 1536; x_wconf 80' lang='grc' dir='ltr'>Ποσειοώνιος</span> <span class='ocrx_word' id='word_1_551' title='bbox 1511 1509 1569 1530; x_wconf 84' lang='grc' dir='ltr'>και</span> <span class='ocrx_word' id='word_1_552' title='bbox 1587 1494 1625 1531; x_wconf 84' lang='grc' dir='ltr'>τὸ</span> <span class='ocrx_word' id='word_1_553' title='bbox 1643 1510 1702 1536; x_wconf 83' lang='grc' dir='ltr'>τας</span> <span class='ocrx_word' id='word_1_554' title='bbox 1719 1495 1869 1544; x_wconf 84' lang='grc' dir='ltr'>κορώνας</span> <span class='ocrx_word' id='word_1_555' title='bbox 1886 1493 1968 1544; x_wconf 67' lang='grc' dir='ltr'>[μὴ]</span> <span class='ocrx_word' id='word_1_556' title='bbox 1985 1493 2148 1543; x_wconf 88' lang='grc' dir='ltr'>μελαίνας</span> <span class='ocrx_word' id='word_1_557' title='bbox 2165 1497 2268 1540; x_wconf 82' lang='grc' dir='ltr'>εἶναι,</span> 
     </span>
     <span class='ocr_line' id='line_1_82' title="bbox 1230 1550 2268 1603; baseline 0.001 -16"><span class='ocrx_word' id='word_1_558' title='bbox 1230 1566 1289 1587; x_wconf 89' lang='grc' dir='ltr'>και</span> <span class='ocrx_word' id='word_1_559' title='bbox 1309 1550 1346 1587; x_wconf 78' lang='grc' dir='ltr'>τὸ</span> <span class='ocrx_word' id='word_1_560' title='bbox 1365 1566 1442 1593; x_wconf 85' lang='grc' dir='ltr'>τους</span> <span class='ocrx_word' id='word_1_561' title='bbox 1460 1550 1584 1593; x_wconf 85' lang='grc' dir='ltr'>ἵππους</span> <span class='ocrx_word' id='word_1_562' title='bbox 1602 1554 1669 1588; x_wconf 79' lang='grc' dir='ltr'>τΓ1ν</span> <span class='ocrx_word' id='word_1_563' title='bbox 1688 1552 1947 1601; x_wconf 65' lang='grc' dir='ltr'>Κελτιοηρωνε</span> <span class='ocrx_word' id='word_1_564' title='bbox 1936 1551 2130 1603; x_wconf 63' lang='grc' dir='ltr'>υποράρους</span> <span class='ocrx_word' id='word_1_565' title='bbox 2149 1550 2268 1597; x_wconf 84' lang='grc' dir='ltr'>ὄντας,</span> 
     </span>
     <span class='ocr_line' id='line_1_83' title="bbox 1231 1607 2263 1680; baseline 0 -36"><span class='ocrx_word' id='word_1_566' title='bbox 1231 1609 1289 1644; x_wconf 85' lang='grc' dir='ltr'>ἐπε</span> <span class='ocrx_word' id='word_1_567' title='bbox 1296 1607 1368 1644; x_wconf 78' lang='grc' dir='ltr'>ιοὰν</span> <span class='ocrx_word' id='word_1_568' title='bbox 1385 1609 1430 1649; x_wconf 82' lang='grc' dir='ltr'>εἷς</span> <span class='ocrx_word' id='word_1_569' title='bbox 1446 1608 1506 1653; x_wconf 79' lang='grc' dir='ltr'>τὴν</span> <span class='ocrx_word' id='word_1_570' title='bbox 1524 1608 1587 1652; x_wconf 83' lang='grc' dir='ltr'>ἔξω</span> <span class='ocrx_word' id='word_1_571' title='bbox 1605 1612 1822 1660; x_wconf 74' lang='grc' dir='ltr'>μεταγθῶσιν</span> <span class='ocrx_word' id='word_1_572' title='bbox 1845 1609 1999 1660; x_wconf 69' lang='grc' dir='ltr'>18ηρίαν</span> <span class='ocrx_word' id='word_1_573' title='bbox 2029 1608 2263 1680; x_wconf 62' lang='grc' dir='ltr'>μεταῧάλλειν</span> 
     </span>
     <span class='ocr_line' id='line_1_84' title="bbox 1231 1665 2265 1718; baseline 0.001 -17"><span class='ocrx_word' id='word_1_574' title='bbox 1231 1665 1292 1710; x_wconf 78' lang='grc' dir='ltr'>τὴν</span> <span class='ocrx_word' id='word_1_575' title='bbox 1311 1665 1429 1715; x_wconf 84' lang='grc' dir='ltr'>Λρόαν</span> <span class='ocrx_word' id='word_1_576' title='bbox 1447 1666 1592 1703; x_wconf 79' lang='grc' dir='ltr'>ἐοικέναι</span> <span class='ocrx_word' id='word_1_577' title='bbox 1613 1668 1648 1704; x_wconf 76' lang='grc' dir='ltr'>δε</span> <span class='ocrx_word' id='word_1_578' title='bbox 1667 1683 1735 1710; x_wconf 79' lang='grc' dir='ltr'>τοις</span> <span class='ocrx_word' id='word_1_579' title='bbox 1755 1670 1955 1717; x_wconf 83' lang='grc' dir='ltr'>Παρθικοῖς·</span> <span class='ocrx_word' id='word_1_580' title='bbox 1983 1683 2042 1704; x_wconf 88' lang='grc' dir='ltr'>και</span> <span class='ocrx_word' id='word_1_581' title='bbox 2061 1666 2126 1718; x_wconf 82' lang='grc' dir='ltr'>γὰρ</span> <span class='ocrx_word' id='word_1_582' title='bbox 2146 1672 2265 1717; x_wconf 71' lang='grc' dir='ltr'>ταχεῖς</span> 
     </span>
    </p>
   </div>
   <div class='ocr_carea' id='block_1_21' title="bbox 1232 1724 2263 1924">
    <p class='ocr_par' dir='ltr' id='par_1_22' title="bbox 1232 1724 2263 1924">
     <span class='ocr_line' id='line_1_85' title="bbox 1232 1724 1987 1774; baseline 0 -14"><span class='ocrx_word' id='word_1_583' title='bbox 1232 1728 1318 1760; x_wconf 85' lang='grc' dir='ltr'>εἰναι</span> <span class='ocrx_word' id='word_1_584' title='bbox 1338 1724 1397 1760; x_wconf 85' lang='grc' dir='ltr'>καὶ</span> <span class='ocrx_word' id='word_1_585' title='bbox 1419 1724 1626 1774; x_wconf 81' lang='grc' dir='ltr'>εὐορόμους</span> <span class='ocrx_word' id='word_1_586' title='bbox 1621 1726 1750 1762; x_wconf 71' lang='grc' dir='ltr'>μαλλον</span> <span class='ocrx_word' id='word_1_587' title='bbox 1771 1728 1837 1762; x_wconf 73' lang='grc' dir='ltr'>τΓ1ν</span> <span class='ocrx_word' id='word_1_588' title='bbox 1860 1725 1987 1763; x_wconf 80' lang='grc' dir='ltr'>ἄλλων.</span> 
     </span>
     <span class='ocr_line' id='line_1_86' title="bbox 1716 1801 1778 1839; baseline 0.032 -3"><span class='ocrx_word' id='word_1_589' title='bbox 1716 1801 1778 1839; x_wconf 84' lang='lat'>52.</span> 
     </span>
     <span class='ocr_line' id='line_1_87' title="bbox 1285 1873 2263 1924; baseline -0.001 -14"><span class='ocrx_word' id='word_1_590' title='bbox 1285 1876 1416 1910; x_wconf 85' lang='lat' dir='ltr'>Strabo</span> <span class='ocrx_word' id='word_1_591' title='bbox 1440 1877 1552 1920; x_wconf 85' lang='lat' dir='ltr'>XIII,</span> <span class='ocrx_word' id='word_1_592' title='bbox 1574 1889 1612 1924; x_wconf 87' lang='lat' dir='ltr'>p.</span> <span class='ocrx_word' id='word_1_593' title='bbox 1638 1876 1709 1919; x_wconf 73' lang='lat'>614</span> <span class='ocrx_word' id='word_1_594' title='bbox 1737 1890 1791 1923; x_wconf 83' lang='lat' dir='ltr'>sq.</span> <span class='ocrx_word' id='word_1_595' title='bbox 1814 1889 1821 1911; x_wconf 89' lang='lat'><strong>:</strong></span> <span class='ocrx_word' id='word_1_596' title='bbox 1845 1874 1981 1913; x_wconf 76' lang='grc' dir='ltr'>Φασὶ</span> <span class='ocrx_word' id='word_1_597' title='bbox 1963 1874 1991 1912; x_wconf 85' lang='grc' dir='ltr'>ο’</span> <span class='ocrx_word' id='word_1_598' title='bbox 2008 1875 2041 1911; x_wconf 82' lang='grc' dir='ltr'>ἐν</span> <span class='ocrx_word' id='word_1_599' title='bbox 2062 1877 2103 1924; x_wconf 73' lang='grc' dir='ltr'>τῇ</span> <span class='ocrx_word' id='word_1_600' title='bbox 2128 1873 2263 1921; x_wconf 79' lang='grc' dir='ltr'>Πιτανῃ</span> 
     </span>
    </p>
   </div>
   <div class='ocr_carea' id='block_1_22' title="bbox 1232 1931 2267 2158">
    <p class='ocr_par' dir='ltr' id='par_1_23' title="bbox 1232 1931 2267 2157">
     <span class='ocr_line' id='line_1_88' title="bbox 1232 1931 2263 1983; baseline 0 -16"><span class='ocrx_word' id='word_1_601' title='bbox 1232 1947 1292 1973; x_wconf 87' lang='grc' dir='ltr'>τας</span> <span class='ocrx_word' id='word_1_602' title='bbox 1311 1931 1467 1974; x_wconf 85' lang='grc' dir='ltr'>πλίνθους</span> <span class='ocrx_word' id='word_1_603' title='bbox 1495 1933 1619 1970; x_wconf 81' lang='grc' dir='ltr'>επιπολ</span> <span class='ocrx_word' id='word_1_604' title='bbox 1624 1932 1713 1976; x_wconf 85' lang='grc' dir='ltr'>αζειν</span> <span class='ocrx_word' id='word_1_605' title='bbox 1742 1934 1775 1969; x_wconf 79' lang='grc' dir='ltr'>ἐν</span> <span class='ocrx_word' id='word_1_606' title='bbox 1801 1933 1854 1969; x_wconf 76' lang='grc' dir='ltr'>τοῖ</span> <span class='ocrx_word' id='word_1_607' title='bbox 1856 1949 1868 1975; x_wconf 90' lang='grc' dir='ltr'>ς</span> <span class='ocrx_word' id='word_1_608' title='bbox 1888 1932 1988 1969; x_wconf 80' lang='grc' dir='ltr'>ὕοασι</span> <span class='ocrx_word' id='word_1_609' title='bbox 1999 1931 2181 1983; x_wconf 76' lang='grc' dir='ltr'>,καθάπερ</span> <span class='ocrx_word' id='word_1_610' title='bbox 2205 1947 2263 1968; x_wconf 84' lang='grc' dir='ltr'>και</span> 
     </span>
     <span class='ocr_line' id='line_1_89' title="bbox 2076 1989 2264 2040; baseline -0.005 -13"><span class='ocrx_word' id='word_1_611' title='bbox 2076 1989 2264 2040; x_wconf 67' lang='grc' dir='ltr'>κουφοτέρα</span> 
     </span>
     <span class='ocr_line' id='line_1_90' title="bbox 1232 2043 2267 2099; baseline 0 -15"><span class='ocrx_word' id='word_1_612' title='bbox 1232 2047 1298 2098; x_wconf 89' lang='grc' dir='ltr'>γαρ</span> <span class='ocrx_word' id='word_1_613' title='bbox 1315 2051 1336 2093; x_wconf 74' lang='grc' dir='ltr'>ἡ</span> <span class='ocrx_word' id='word_1_614' title='bbox 1355 2052 1398 2096; x_wconf 79' lang='grc' dir='ltr'>γῆ</span> <span class='ocrx_word' id='word_1_615' title='bbox 1419 2064 1476 2085; x_wconf 80' lang='grc' dir='ltr'>του</span> <span class='ocrx_word' id='word_1_616' title='bbox 1497 2050 1553 2085; x_wconf 76' lang='grc' dir='ltr'>ἐπ’.</span> <span class='ocrx_word' id='word_1_617' title='bbox 1546 2048 1616 2085; x_wconf 88' lang='grc' dir='ltr'>’σου</span> <span class='ocrx_word' id='word_1_618' title='bbox 1633 2063 1735 2099; x_wconf 87' lang='grc' dir='ltr'>ογκου</span> <span class='ocrx_word' id='word_1_619' title='bbox 1755 2048 1876 2091; x_wconf 86' lang='grc' dir='ltr'>υοατός</span> <span class='ocrx_word' id='word_1_620' title='bbox 1899 2050 2002 2094; x_wconf 56' lang='grc' dir='ltr'>ἐτι-ιν,</span> <span class='ocrx_word' id='word_1_621' title='bbox 2031 2043 2112 2084; x_wconf 76' lang='grc' dir='ltr'>(1στ’</span> <span class='ocrx_word' id='word_1_622' title='bbox 2130 2050 2267 2098; x_wconf 79' lang='grc' dir='ltr'>ἐποχεῖ-</span> 
     </span>
     <span class='ocr_line' id='line_1_91' title="bbox 1232 2105 2260 2158; baseline 0 -16"><span class='ocrx_word' id='word_1_623' title='bbox 1232 2108 1324 2145; x_wconf 82' lang='grc' dir='ltr'>σθαι.</span> <span class='ocrx_word' id='word_1_624' title='bbox 1349 2105 1390 2144; x_wconf 78' lang='lat' dir='ltr'>’E</span> <span class='ocrx_word' id='word_1_625' title='bbox 1394 2122 1410 2142; x_wconf 93' lang='grc' dir='ltr'>ν</span> <span class='ocrx_word' id='word_1_626' title='bbox 1431 2106 1600 2157; x_wconf 78' lang='grc' dir='ltr'>Ἰοηρία</span> <span class='ocrx_word' id='word_1_627' title='bbox 1583 2106 1619 2143; x_wconf 85' lang='grc' dir='ltr'>οε</span> <span class='ocrx_word' id='word_1_628' title='bbox 1638 2122 1739 2158; x_wconf 71' lang='grc' dir='ltr'>φησιν</span> <span class='ocrx_word' id='word_1_629' title='bbox 1759 2108 1840 2143; x_wconf 79' lang='grc' dir='ltr'>ἰδεῖν</span> <span class='ocrx_word' id='word_1_630' title='bbox 1866 2105 2129 2147; x_wconf 73' lang='grc' dir='ltr'>Ποσειδι3νιος”</span> <span class='ocrx_word' id='word_1_631' title='bbox 2111 2121 2149 2143; x_wconf 88' lang='grc' dir='ltr'>εκ</span> <span class='ocrx_word' id='word_1_632' title='bbox 2171 2120 2260 2148; x_wconf 84' lang='grc' dir='ltr'>τινος</span> 
     </span>
    </p>
   </div>
   <div class='ocr_carea' id='block_1_23' title="bbox 1231 1990 2044 2042">
    <p class='ocr_par' dir='ltr' id='par_1_24' title="bbox 1231 1990 2044 2042">
     <span class='ocr_line' id='line_1_92' title="bbox 1231 1990 2044 2042; baseline 0.001 -16"><span class='ocrx_word' id='word_1_633' title='bbox 1231 1991 1265 2026; x_wconf 79' lang='grc' dir='ltr'>ἐν</span> <span class='ocrx_word' id='word_1_634' title='bbox 1292 1993 1333 2040; x_wconf 69' lang='grc' dir='ltr'>τῇ</span> <span class='ocrx_word' id='word_1_635' title='bbox 1354 1990 1531 2042; x_wconf 80' lang='grc' dir='ltr'>Ἰυρρηνία</span> <span class='ocrx_word' id='word_1_636' title='bbox 1561 1993 1607 2041; x_wconf 78' lang='grc' dir='ltr'>γῇ</span> <span class='ocrx_word' id='word_1_637' title='bbox 1635 2007 1684 2033; x_wconf 90' lang='grc' dir='ltr'>τις</span> <span class='ocrx_word' id='word_1_638' title='bbox 1717 1991 1846 2041; x_wconf 84' lang='grc' dir='ltr'>[τουτο]</span> <span class='ocrx_word' id='word_1_639' title='bbox 1879 1990 2044 2028; x_wconf 80' lang='grc' dir='ltr'>πέπονθε·</span> 
     </span>
    </p>
   </div>
   <div class='ocr_carea' id='block_1_24' title="bbox 1231 2162 2264 2271">
    <p class='ocr_par' dir='ltr' id='par_1_25' title="bbox 1231 2162 2264 2271">
     <span class='ocr_line' id='line_1_93' title="bbox 1231 2162 2264 2215; baseline 0.001 -17"><span class='ocrx_word' id='word_1_640' title='bbox 1231 2165 1292 2211; x_wconf 81' lang='grc' dir='ltr'>γ’ἧς</span> <span class='ocrx_word' id='word_1_641' title='bbox 1314 2164 1355 2213; x_wconf 86' lang='grc' dir='ltr'>ἀρ</span> <span class='ocrx_word' id='word_1_642' title='bbox 1359 2163 1540 2213; x_wconf 78' lang='grc' dir='ltr'>γιλώδους,</span> <span class='ocrx_word' id='word_1_643' title='bbox 1558 2168 1578 2214; x_wconf 78' lang='grc' dir='ltr'>ᾗ</span> <span class='ocrx_word' id='word_1_644' title='bbox 1597 2165 1645 2202; x_wconf 85' lang='grc' dir='ltr'>τὰ</span> <span class='ocrx_word' id='word_1_645' title='bbox 1666 2163 1898 2215; x_wconf 76' lang='grc' dir='ltr'>ἀργυρώματα</span> <span class='ocrx_word' id='word_1_646' title='bbox 1917 2163 2144 2212; x_wconf 75' lang='grc' dir='ltr'>ἐκματτεται,</span> <span class='ocrx_word' id='word_1_647' title='bbox 2163 2162 2264 2200; x_wconf 87' lang='grc' dir='ltr'>πλίν-</span> 
     </span>
     <span class='ocr_line' id='line_1_94' title="bbox 1233 2222 1879 2271; baseline 0 -13"><span class='ocrx_word' id='word_1_648' title='bbox 1233 2225 1308 2264; x_wconf 86' lang='grc' dir='ltr'>θους</span> <span class='ocrx_word' id='word_1_649' title='bbox 1328 2238 1375 2267; x_wconf 85' lang='grc' dir='ltr'>πη</span> <span class='ocrx_word' id='word_1_650' title='bbox 1379 2222 1547 2271; x_wconf 81' lang='grc' dir='ltr'>γνυυιένας</span> <span class='ocrx_word' id='word_1_651' title='bbox 1562 2238 1621 2259; x_wconf 87' lang='grc' dir='ltr'>και</span> <span class='ocrx_word' id='word_1_652' title='bbox 1637 2224 1743 2259; x_wconf 80' lang='grc' dir='ltr'>επιπλ</span> <span class='ocrx_word' id='word_1_653' title='bbox 1747 2222 1879 2264; x_wconf 80' lang='grc' dir='ltr'>εούσας.</span> 
     </span>
    </p>
   </div>
   <div class='ocr_carea' id='block_1_25' title="bbox 1231 2334 2263 2416">
    <p class='ocr_par' dir='ltr' id='par_1_26' title="bbox 1231 2334 2263 2416">
     <span class='ocr_line' id='line_1_95' title="bbox 1231 2334 2263 2375; baseline 0 -11"><span class='ocrx_word' id='word_1_654' title='bbox 1231 2344 1268 2365; x_wconf 83' lang='lat' dir='ltr'>eo</span> <span class='ocrx_word' id='word_1_655' title='bbox 1288 2334 1417 2366; x_wconf 86' lang='lat' dir='ltr'>adducti</span> <span class='ocrx_word' id='word_1_656' title='bbox 1434 2335 1592 2374; x_wconf 84' lang='lat' dir='ltr'>videntur,</span> <span class='ocrx_word' id='word_1_657' title='bbox 1608 2335 1692 2375; x_wconf 80' lang='lat' dir='ltr'>quod</span> <span class='ocrx_word' id='word_1_658' title='bbox 1709 2344 1840 2375; x_wconf 81' lang='lat' dir='ltr'>magnos</span> <span class='ocrx_word' id='word_1_659' title='bbox 1855 2339 1950 2375; x_wconf 76' lang='lat' dir='ltr'>pagos</span> <span class='ocrx_word' id='word_1_660' title='bbox 1963 2334 2089 2366; x_wconf 73' lang='lat' dir='ltr'>urbium</span> <span class='ocrx_word' id='word_1_661' title='bbox 2108 2334 2177 2365; x_wconf 92' lang='lat' dir='ltr'>loco</span> <span class='ocrx_word' id='word_1_662' title='bbox 2193 2341 2263 2365; x_wconf 81' lang='lat' dir='ltr'>cen-</span> 
     </span>
     <span class='ocr_line' id='line_1_96' title="bbox 1232 2387 1347 2416; baseline 0.01 -1"><span class='ocrx_word' id='word_1_663' title='bbox 1232 2387 1347 2416; x_wconf 73' lang='lat' dir='ltr'>serent.</span> 
     </span>
    </p>
   </div>
   <div class='ocr_carea' id='block_1_26' title="bbox 1232 2446 2265 3369">
    <p class='ocr_par' dir='ltr' id='par_1_27' title="bbox 1717 2446 1775 2478">
     <span class='ocr_line' id='line_1_97' title="bbox 1717 2446 1775 2478; baseline 0 0"><span class='ocrx_word' id='word_1_664' title='bbox 1717 2446 1775 2478; x_wconf 89' lang='grc'>51.</span> 
     </span>
    </p>

    <p class='ocr_par' dir='ltr' id='par_1_28' title="bbox 1232 2498 2265 3002">
     <span class='ocr_line' id='line_1_98' title="bbox 1273 2498 2265 2539; baseline -0.001 -10"><span class='ocrx_word' id='word_1_665' title='bbox 1273 2498 1382 2530; x_wconf 84' lang='lat' dir='ltr'>libros</span> <span class='ocrx_word' id='word_1_666' title='bbox 1408 2508 1462 2530; x_wconf 77' lang='lat' dir='ltr'>seu</span> <span class='ocrx_word' id='word_1_667' title='bbox 1486 2500 1626 2531; x_wconf 83' lang='lat' dir='ltr'>castores</span> <span class='ocrx_word' id='word_1_668' title='bbox 1648 2500 1829 2539; x_wconf 82' lang='lat' dir='ltr'>producunt</span> <span class='ocrx_word' id='word_1_669' title='bbox 1852 2500 1962 2538; x_wconf 74' lang='grc' dir='ltr'>Πωίἰς</span> <span class='ocrx_word' id='word_1_670' title='bbox 1984 2499 2039 2531; x_wconf 83' lang='lat' dir='ltr'>sed</span> <span class='ocrx_word' id='word_1_671' title='bbox 2062 2499 2265 2539; x_wconf 78' lang='lat' dir='ltr'>Hispanicum</span> 
     </span>
     <span class='ocr_line' id='line_1_99' title="bbox 1232 2549 2265 2582; baseline 0 -2"><span class='ocrx_word' id='word_1_672' title='bbox 1232 2550 1403 2581; x_wconf 84' lang='lat' dir='ltr'>castorium</span> <span class='ocrx_word' id='word_1_673' title='bbox 1417 2560 1479 2581; x_wconf 86' lang='lat' dir='ltr'>non</span> <span class='ocrx_word' id='word_1_674' title='bbox 1496 2551 1621 2582; x_wconf 82' lang='lat' dir='ltr'>easdem</span> <span class='ocrx_word' id='word_1_675' title='bbox 1635 2551 1730 2582; x_wconf 85' lang='lat' dir='ltr'>babet</span> <span class='ocrx_word' id='word_1_676' title='bbox 1743 2560 1816 2582; x_wconf 82' lang='lat' dir='ltr'>cnm</span> <span class='ocrx_word' id='word_1_677' title='bbox 1828 2551 1958 2582; x_wconf 87' lang='lat' dir='ltr'>Pontico</span> <span class='ocrx_word' id='word_1_678' title='bbox 1972 2551 2077 2582; x_wconf 77' lang='lat' dir='ltr'>vires.</span> <span class='ocrx_word' id='word_1_679' title='bbox 2093 2551 2167 2581; x_wconf 89' lang='lat' dir='ltr'>buic</span> <span class='ocrx_word' id='word_1_680' title='bbox 2179 2549 2265 2582; x_wconf 81' lang='lat' dir='ltr'>enim</span> 
     </span>
     <span class='ocr_line' id='line_1_100' title="bbox 1232 2601 2262 2641; baseline 0 -11"><span class='ocrx_word' id='word_1_681' title='bbox 1232 2601 1279 2630; x_wconf 69' lang='lat' dir='ltr'>vis</span> <span class='ocrx_word' id='word_1_682' title='bbox 1296 2601 1417 2632; x_wconf 83' lang='lat' dir='ltr'>medica</span> <span class='ocrx_word' id='word_1_683' title='bbox 1432 2602 1599 2640; x_wconf 86' lang='lat' dir='ltr'>peculiaris</span> <span class='ocrx_word' id='word_1_684' title='bbox 1615 2604 1661 2633; x_wconf 87' lang='lat' dir='ltr'>est</span> <span class='ocrx_word' id='word_1_685' title='bbox 1673 2626 1681 2641; x_wconf 89' lang='lat'>‚</span> <span class='ocrx_word' id='word_1_686' title='bbox 1699 2602 1971 2641; x_wconf 79' lang='lat' dir='ltr'>quemadmodum</span> <span class='ocrx_word' id='word_1_687' title='bbox 1992 2602 2023 2632; x_wconf 91' lang='grc'>111</span> <span class='ocrx_word' id='word_1_688' title='bbox 2046 2601 2113 2633; x_wconf 88' lang='lat' dir='ltr'>aliis</span> <span class='ocrx_word' id='word_1_689' title='bbox 2132 2609 2262 2641; x_wconf 82' lang='lat' dir='ltr'>quoque,</span> 
     </span>
     <span class='ocr_line' id='line_1_101' title="bbox 1233 2651 2263 2691; baseline -0.001 -9"><span class='ocrx_word' id='word_1_690' title='bbox 1233 2652 1326 2682; x_wconf 84' lang='lat' dir='ltr'>rebus</span> <span class='ocrx_word' id='word_1_691' title='bbox 1339 2652 1448 2683; x_wconf 85' lang='lat' dir='ltr'>multis</span> <span class='ocrx_word' id='word_1_692' title='bbox 1463 2652 1493 2683; x_wconf 89' lang='lat' dir='ltr'>id</span> <span class='ocrx_word' id='word_1_693' title='bbox 1507 2652 1614 2683; x_wconf 65' lang='lat' dir='ltr'>xidere</span> <span class='ocrx_word' id='word_1_694' title='bbox 1627 2654 1685 2684; x_wconf 86' lang='lat' dir='ltr'>est.</span> <span class='ocrx_word' id='word_1_695' title='bbox 1701 2656 1779 2684; x_wconf 82' lang='lat' dir='ltr'>Nam</span> <span class='ocrx_word' id='word_1_696' title='bbox 1793 2655 1824 2684; x_wconf 87' lang='lat' dir='ltr'>et</span> <span class='ocrx_word' id='word_1_697' title='bbox 1837 2652 2147 2691; x_wconf 73' lang='lat' dir='ltr'>Posidoniusresert,</span> <span class='ocrx_word' id='word_1_698' title='bbox 2161 2651 2263 2683; x_wconf 86' lang='lat' dir='ltr'>solum</span> 
     </span>
     <span class='ocr_line' id='line_1_102' title="bbox 1232 2705 2263 2745; baseline -0.001 -11"><span class='ocrx_word' id='word_1_699' title='bbox 1232 2705 1383 2744; x_wconf 76' lang='lat' dir='ltr'>Cyprium</span> <span class='ocrx_word' id='word_1_700' title='bbox 1394 2714 1441 2736; x_wconf 69' lang='lat' dir='ltr'>aes</span> <span class='ocrx_word' id='word_1_701' title='bbox 1459 2705 1538 2736; x_wconf 80' lang='lat' dir='ltr'>ferre</span> <span class='ocrx_word' id='word_1_702' title='bbox 1551 2706 1716 2737; x_wconf 85' lang='lat' dir='ltr'>cadmiam</span> <span class='ocrx_word' id='word_1_703' title='bbox 1730 2705 1883 2745; x_wconf 88' lang='lat' dir='ltr'>lapidem,</span> <span class='ocrx_word' id='word_1_704' title='bbox 1898 2706 1930 2737; x_wconf 86' lang='lat' dir='ltr'>et</span> <span class='ocrx_word' id='word_1_705' title='bbox 1947 2705 2127 2743; x_wconf 84' lang='lat' dir='ltr'>vitriolum‚</span> <span class='ocrx_word' id='word_1_706' title='bbox 2142 2705 2174 2735; x_wconf 84' lang='lat' dir='ltr'>et</span> <span class='ocrx_word' id='word_1_707' title='bbox 2189 2711 2263 2742; x_wconf 87' lang='lat' dir='ltr'>spo·</span> 
     </span>
     <span class='ocr_line' id='line_1_103' title="bbox 1232 2753 2262 2796; baseline -0.002 -10"><span class='ocrx_word' id='word_1_708' title='bbox 1232 2756 1332 2787; x_wconf 89' lang='lat' dir='ltr'>dium.</span> <span class='ocrx_word' id='word_1_709' title='bbox 1356 2756 1507 2796; x_wconf 82' lang='lat' dir='ltr'>Idemque</span> <span class='ocrx_word' id='word_1_710' title='bbox 1523 2756 1582 2787; x_wconf 85' lang='lat' dir='ltr'>boc</span> <span class='ocrx_word' id='word_1_711' title='bbox 1599 2757 1757 2796; x_wconf 81' lang='lat' dir='ltr'>Hispaniae</span> <span class='ocrx_word' id='word_1_712' title='bbox 1778 2757 1872 2787; x_wconf 87' lang='lat' dir='ltr'>tradit</span> <span class='ocrx_word' id='word_1_713' title='bbox 1897 2756 2056 2796; x_wconf 83' lang='lat' dir='ltr'>peculiare</span> <span class='ocrx_word' id='word_1_714' title='bbox 2072 2763 2139 2786; x_wconf 83' lang='lat' dir='ltr'>esse</span> <span class='ocrx_word' id='word_1_715' title='bbox 2151 2777 2159 2792; x_wconf 86' lang='lat'>‚</span> <span class='ocrx_word' id='word_1_716' title='bbox 2177 2753 2262 2793; x_wconf 86' lang='lat' dir='ltr'>quod</span> 
     </span>
     <span class='ocr_line' id='line_1_104' title="bbox 1233 2806 2263 2848; baseline -0.003 -11"><span class='ocrx_word' id='word_1_717' title='bbox 1233 2807 1375 2837; x_wconf 81' lang='lat' dir='ltr'>cornices</span> <span class='ocrx_word' id='word_1_718' title='bbox 1388 2816 1451 2837; x_wconf 89' lang='lat' dir='ltr'>non</span> <span class='ocrx_word' id='word_1_719' title='bbox 1466 2807 1561 2846; x_wconf 79' lang='lat' dir='ltr'>nigrae</span> <span class='ocrx_word' id='word_1_720' title='bbox 1574 2809 1666 2848; x_wconf 79' lang='lat' dir='ltr'>sunt3</span> <span class='ocrx_word' id='word_1_721' title='bbox 1680 2809 1711 2839; x_wconf 84' lang='lat' dir='ltr'>et</span> <span class='ocrx_word' id='word_1_722' title='bbox 1724 2807 1808 2847; x_wconf 81' lang='lat' dir='ltr'>quod</span> <span class='ocrx_word' id='word_1_723' title='bbox 1824 2807 2055 2839; x_wconf 86' lang='lat' dir='ltr'>Celtiberorum</span> <span class='ocrx_word' id='word_1_724' title='bbox 2066 2806 2150 2845; x_wconf 87' lang='lat' dir='ltr'>equi,</span> <span class='ocrx_word' id='word_1_725' title='bbox 2165 2813 2263 2844; x_wconf 87' lang='lat' dir='ltr'>quum</span> 
     </span>
     <span class='ocr_line' id='line_1_105' title="bbox 1233 2858 2263 2900; baseline -0.002 -11"><span class='ocrx_word' id='word_1_726' title='bbox 1233 2859 1293 2890; x_wconf 87' lang='lat' dir='ltr'>siut</span> <span class='ocrx_word' id='word_1_727' title='bbox 1306 2859 1385 2890; x_wconf 54' lang='lat' dir='ltr'>subt</span> <span class='ocrx_word' id='word_1_728' title='bbox 1388 2860 1528 2898; x_wconf 77' lang='lat' dir='ltr'>iriegati,</span> <span class='ocrx_word' id='word_1_729' title='bbox 1539 2860 1611 2890; x_wconf 71' lang='lat' dir='ltr'>ubi*</span> <span class='ocrx_word' id='word_1_730' title='bbox 1604 2869 1634 2891; x_wconf 89' lang='grc'>111</span> <span class='ocrx_word' id='word_1_731' title='bbox 1645 2860 1832 2891; x_wconf 82' lang='lat' dir='ltr'>exteriorem</span> <span class='ocrx_word' id='word_1_732' title='bbox 1846 2860 2026 2900; x_wconf 81' lang='lat' dir='ltr'>Hispaniam</span> <span class='ocrx_word' id='word_1_733' title='bbox 2038 2858 2263 2898; x_wconf 87' lang='lat' dir='ltr'>pervenerunt,</span> 
     </span>
     <span class='ocr_line' id='line_1_106' title="bbox 1233 2908 2262 2947; baseline -0.002 -7"><span class='ocrx_word' id='word_1_734' title='bbox 1233 2910 1369 2941; x_wconf 85' lang='lat' dir='ltr'>colorem</span> <span class='ocrx_word' id='word_1_735' title='bbox 1385 2912 1534 2942; x_wconf 82' lang='lat' dir='ltr'>mutant:</span> <span class='ocrx_word' id='word_1_736' title='bbox 1551 2919 1617 2942; x_wconf 80' lang='lat' dir='ltr'>esse</span> <span class='ocrx_word' id='word_1_737' title='bbox 1628 2912 1734 2942; x_wconf 86' lang='lat' dir='ltr'>autem</span> <span class='ocrx_word' id='word_1_738' title='bbox 1750 2919 1803 2942; x_wconf 86' lang='lat' dir='ltr'>eos</span> <span class='ocrx_word' id='word_1_739' title='bbox 1817 2910 2038 2942; x_wconf 78' lang='lat' dir='ltr'>Partliicornm</span> <span class='ocrx_word' id='word_1_740' title='bbox 2051 2908 2185 2947; x_wconf 85' lang='lat' dir='ltr'>similes,</span> <span class='ocrx_word' id='word_1_741' title='bbox 2207 2915 2262 2938; x_wconf 79' lang='lat' dir='ltr'>ce-</span> 
     </span>
     <span class='ocr_line' id='line_1_107' title="bbox 1234 2961 2108 3002; baseline -0.001 -10"><span class='ocrx_word' id='word_1_742' title='bbox 1234 2962 1261 2992; x_wconf 81' lang='lat' dir='ltr'>le</span> <span class='ocrx_word' id='word_1_743' title='bbox 1265 2962 1355 2993; x_wconf 83' lang='lat' dir='ltr'>ritate</span> <span class='ocrx_word' id='word_1_744' title='bbox 1369 2963 1400 2993; x_wconf 85' lang='lat' dir='ltr'>et</span> <span class='ocrx_word' id='word_1_745' title='bbox 1413 2971 1523 2994; x_wconf 82' lang='lat' dir='ltr'>cursus</span> <span class='ocrx_word' id='word_1_746' title='bbox 1536 2962 1723 2994; x_wconf 77' lang='lat' dir='ltr'>dexteritate</span> <span class='ocrx_word' id='word_1_747' title='bbox 1737 2962 1849 2994; x_wconf 84' lang='lat' dir='ltr'>ceteris</span> <span class='ocrx_word' id='word_1_748' title='bbox 1864 2961 2108 3002; x_wconf 66' lang='lat' dir='ltr'>praestantiores.</span> 
     </span>
    </p>

    <p class='ocr_par' dir='ltr' id='par_1_29' title="bbox 1714 3018 1772 3050">
     <span class='ocr_line' id='line_1_108' title="bbox 1714 3018 1772 3050; baseline -0.022 0"><span class='ocrx_word' id='word_1_749' title='bbox 1714 3018 1772 3050; x_wconf 81' lang='lat'>52.</span> 
     </span>
    </p>

    <p class='ocr_par' dir='ltr' id='par_1_30' title="bbox 1232 3067 2263 3369">
     <span class='ocr_line' id='line_1_109' title="bbox 1273 3067 2261 3111; baseline -0.004 -9"><span class='ocrx_word' id='word_1_750' title='bbox 1273 3071 1369 3102; x_wconf 87' lang='lat' dir='ltr'>Aiunt</span> <span class='ocrx_word' id='word_1_751' title='bbox 1378 3071 1461 3111; x_wconf 84' lang='lat' dir='ltr'>apud</span> <span class='ocrx_word' id='word_1_752' title='bbox 1473 3072 1616 3104; x_wconf 75' lang='lat' dir='ltr'>pitanam</span> <span class='ocrx_word' id='word_1_753' title='bbox 1630 3072 1743 3104; x_wconf 87' lang='lat' dir='ltr'>lateres</span> <span class='ocrx_word' id='word_1_754' title='bbox 1752 3071 1879 3103; x_wconf 89' lang='lat' dir='ltr'>coctos</span> <span class='ocrx_word' id='word_1_755' title='bbox 1871 3080 1903 3102; x_wconf 88' lang='grc'>111</span> <span class='ocrx_word' id='word_1_756' title='bbox 1913 3078 1995 3111; x_wconf 83' lang='lat' dir='ltr'>aqua</span> <span class='ocrx_word' id='word_1_757' title='bbox 2006 3077 2069 3100; x_wconf 93' lang='lat' dir='ltr'>non</span> <span class='ocrx_word' id='word_1_758' title='bbox 2081 3067 2259 3100; x_wconf 86' lang='lat' dir='ltr'>subsidere·</span> <span class='ocrx_word' id='word_1_759' title='bbox 2250 3090 2261 3106; x_wconf 86' lang='lat'>,</span> 
     </span>
     <span class='ocr_line' id='line_1_110' title="bbox 1232 3118 2263 3164; baseline -0.003 -11"><span class='ocrx_word' id='word_1_760' title='bbox 1232 3122 1323 3153; x_wconf 86' lang='lat' dir='ltr'>sicuti</span> <span class='ocrx_word' id='word_1_761' title='bbox 1343 3123 1374 3155; x_wconf 93' lang='lat' dir='ltr'>in</span> <span class='ocrx_word' id='word_1_762' title='bbox 1392 3123 1518 3154; x_wconf 88' lang='lat' dir='ltr'>Etruria</span> <span class='ocrx_word' id='word_1_763' title='bbox 1534 3133 1662 3164; x_wconf 82' lang='lat' dir='ltr'>queque</span> <span class='ocrx_word' id='word_1_764' title='bbox 1677 3126 1762 3155; x_wconf 88' lang='lat' dir='ltr'>terra</span> <span class='ocrx_word' id='word_1_765' title='bbox 1785 3123 1930 3163; x_wconf 83' lang='lat' dir='ltr'>quaedam</span> <span class='ocrx_word' id='word_1_766' title='bbox 1956 3120 2110 3161; x_wconf 86' lang='lat' dir='ltr'>ejusmodi</span> <span class='ocrx_word' id='word_1_767' title='bbox 2129 3120 2201 3151; x_wconf 87' lang='lat' dir='ltr'>est:</span> <span class='ocrx_word' id='word_1_768' title='bbox 2221 3118 2263 3150; x_wconf 90' lang='lat' dir='ltr'>le·</span> 
     </span>
     <span class='ocr_line' id='line_1_111' title="bbox 1233 3169 2260 3215; baseline -0.003 -12"><span class='ocrx_word' id='word_1_769' title='bbox 1233 3173 1302 3204; x_wconf 91' lang='lat' dir='ltr'>vior</span> <span class='ocrx_word' id='word_1_770' title='bbox 1313 3173 1395 3204; x_wconf 86' lang='lat' dir='ltr'>enim</span> <span class='ocrx_word' id='word_1_771' title='bbox 1407 3175 1454 3205; x_wconf 88' lang='lat' dir='ltr'>est</span> <span class='ocrx_word' id='word_1_772' title='bbox 1468 3175 1551 3205; x_wconf 88' lang='lat' dir='ltr'>terra</span> <span class='ocrx_word' id='word_1_773' title='bbox 1562 3183 1658 3214; x_wconf 89' lang='lat' dir='ltr'>quam</span> <span class='ocrx_word' id='word_1_774' title='bbox 1671 3183 1762 3215; x_wconf 61' lang='lat' dir='ltr'>aquae</span> <span class='ocrx_word' id='word_1_775' title='bbox 1775 3174 1865 3214; x_wconf 87' lang='lat' dir='ltr'>copia</span> <span class='ocrx_word' id='word_1_776' title='bbox 1876 3173 2018 3213; x_wconf 82' lang='lat' dir='ltr'>oequalis,</span> <span class='ocrx_word' id='word_1_777' title='bbox 2032 3171 2165 3210; x_wconf 85' lang='lat' dir='ltr'>ideoque</span> <span class='ocrx_word' id='word_1_778' title='bbox 2177 3169 2205 3202; x_wconf 89' lang='lat' dir='ltr'>ei</span> <span class='ocrx_word' id='word_1_779' title='bbox 2215 3169 2260 3200; x_wconf 90' lang='lat' dir='ltr'>in·</span> 
     </span>
     <span class='ocr_line' id='line_1_112' title="bbox 1232 3220 2258 3266; baseline -0.004 -11"><span class='ocrx_word' id='word_1_780' title='bbox 1232 3226 1331 3256; x_wconf 86' lang='lat' dir='ltr'>natat.</span> <span class='ocrx_word' id='word_1_781' title='bbox 1350 3225 1532 3257; x_wconf 84' lang='lat' dir='ltr'>Posidonius</span> <span class='ocrx_word' id='word_1_782' title='bbox 1549 3234 1581 3257; x_wconf 91' lang='lat' dir='ltr'>se</span> <span class='ocrx_word' id='word_1_783' title='bbox 1600 3225 1631 3257; x_wconf 91' lang='lat' dir='ltr'>in</span> <span class='ocrx_word' id='word_1_784' title='bbox 1645 3226 1795 3266; x_wconf 85' lang='lat' dir='ltr'>Hispania</span> <span class='ocrx_word' id='word_1_785' title='bbox 1809 3225 1924 3257; x_wconf 82' lang='lat' dir='ltr'>vidisse</span> <span class='ocrx_word' id='word_1_786' title='bbox 1938 3224 2076 3256; x_wconf 79' lang='lat' dir='ltr'>affirmat</span> <span class='ocrx_word' id='word_1_787' title='bbox 2091 3233 2109 3254; x_wconf 81' lang='lat' dir='ltr'>e</span> <span class='ocrx_word' id='word_1_788' title='bbox 2123 3220 2258 3262; x_wconf 87' lang='lat' dir='ltr'>quadam</span> 
     </span>
     <span class='ocr_line' id='line_1_113' title="bbox 1233 3275 2259 3318; baseline -0.002 -11"><span class='ocrx_word' id='word_1_789' title='bbox 1233 3277 1315 3307; x_wconf 86' lang='lat' dir='ltr'>terra</span> <span class='ocrx_word' id='word_1_790' title='bbox 1329 3278 1511 3317; x_wconf 81' lang='lat' dir='ltr'>argillacea,</span> <span class='ocrx_word' id='word_1_791' title='bbox 1525 3286 1587 3317; x_wconf 92' lang='lat' dir='ltr'>qua</span> <span class='ocrx_word' id='word_1_792' title='bbox 1599 3279 1745 3317; x_wconf 85' lang='lat' dir='ltr'>argentea</span> <span class='ocrx_word' id='word_1_793' title='bbox 1766 3278 1928 3318; x_wconf 81' lang='lat' dir='ltr'>detergent</span> <span class='ocrx_word' id='word_1_794' title='bbox 1942 3285 2034 3315; x_wconf 78' lang='lat' dir='ltr'>vasa,</span> <span class='ocrx_word' id='word_1_795' title='bbox 2056 3275 2169 3307; x_wconf 85' lang='lat' dir='ltr'>lateres</span> <span class='ocrx_word' id='word_1_796' title='bbox 2187 3284 2259 3307; x_wconf 87' lang='lat' dir='ltr'>con·</span> 
     </span>
     <span class='ocr_line' id='line_1_114' title="bbox 1233 3330 1686 3369; baseline 0.011 -12"><span class='ocrx_word' id='word_1_797' title='bbox 1233 3336 1249 3357; x_wconf 86' lang='grc'>(-</span> <span class='ocrx_word' id='word_1_798' title='bbox 1254 3330 1337 3359; x_wconf 78' lang='lat' dir='ltr'>retos</span> <span class='ocrx_word' id='word_1_799' title='bbox 1348 3331 1400 3361; x_wconf 82' lang='lat' dir='ltr'>et</span> <span class='ocrx_word' id='word_1_800' title='bbox 1393 3338 1484 3369; x_wconf 69' lang='lat' dir='ltr'>aqum</span> <span class='ocrx_word' id='word_1_801' title='bbox 1501 3330 1686 3362; x_wconf 79' lang='lat' dir='ltr'>innatantes.</span> 
     </span>
    </p>
   </div>
  </div>
 </body>
</html>
