2338 3765
151 136 232 192 ’434

155 239 211 275 τὸν
235 239 423 291 ἄνθρωπον,
444 242 496 279 ὁτι
515 245 654 294 Καῖσαρ
683 245 734 291 εἴη
756 261 815 283 του
836 247 950 297 γένους
974 251 1086 294 αὐτοῖς
1101 255 1184 304 ἠγε-

154 312 243 344 μων,
264 298 323 334 καὶ
350 301 410 344 τῆς
430 301 593 351 πατρίδος
614 303 846 360 προστάτης,
869 308 1054 356 συμπάσης
1070 326 1105 347 τε
1124 327 1185 357 της

152 352 378 402 Ἱ)ιι)μοιίιι’)ν
359 371 486 427 αρχῆς·
507 359 575 394 δεῖν
595 362 652 395 οὖν
670 362 714 403 ὡς
731 361 857 398 ἐκεῖνον
878 365 1038 413 βαδίζειν,
1057 368 1116 405 καὶ
1134 370 1182 406 δι-

149 410 288 448 δάσκειν
320 414 399 464 περὶ
429 430 489 460 της
523 417 739 466 συγγενείας,
772 419 832 456 καὶ
863 423 892 458 εἰ
928 422 990 470 μὲν
1022 425 1181 473 πείσειεν,

147 468 279 520 ὑπάρΛε
266 485 313 506 ειν
336 471 431 514 εὐθὺς
449 473 542 510 αὐτώ
562 489 620 511 και
642 482 730 527 σφᾶς
746 478 822 520 τούς
843 494 879 516 τε
900 480 943 518 ἄλ
947 483 1022 525 λους
1041 484 1182 528 οἰκείους

145 527 412 576 πεπεισμένους·
433 531 462 566 εἰ
480 530 514 567 δὲ
532 531 580 580 μὴ
593 561 603 580 ,
625 533 719 570 οὐδὲν
745 536 857 579 αὐτοῖς
875 540 961 574 εἶναι
981 540 1178 590 κοινώνημα

144 583 229 635 τειρὸς
249 585 368 622 αὐτόν·
390 588 423 624 ἐν
442 588 477 624 δὲ
497 605 545 625 τιι)
565 589 713 638 μεταξυ,
743 593 821 644 πρὶν
847 593 868 640 ἢ
894 596 1058 648 Καίσαρα
1078 602 1178 636 τοῦτο

142 644 288 691 γνῶναι,
306 659 330 693 μ
333 644 393 689 ἤτε
408 661 586 697 προσιεναι
597 648 681 699 πρὸς
695 651 806 698 αὐτὸν,
822 652 910 700 μήτε
925 656 970 697 ὡς
984 655 1079 707 παρὰ
1097 671 1137 693 συ
1140 673 1179 706 γ-

142 703 258 749 γενοῧς
275 717 307 738 τι
325 704 496 750 ἐπιζητεῖν
509 707 576 743 τῶν
588 707 742 748 δικαίων.
762 711 916 748 Ταῦτα’
901 712 1098 785 εμφρόνως
1090 715 1176 751 ἀπο-

142 759 339 809 κρινόμενον
355 761 414 798 καὶ
431 765 461 799 οἱ
478 765 715 816 συμπαρόντες
735 767 892 819 ἐπῃνουν,
908 770 1002 807 οὗδεν
1024 772 1058 808 3:
1075 776 1175 818 ἧτταν

144 818 161 852 ὁ
183 817 358 861 νεανίσκος
373 821 669 874 συμπροῦπευιψεν
689 825 789 862 αὐτὸν
807 826 888 877 ἄχρι
910 844 969 874 της
989 830 1112 872 οἰκίας.

189 876 271 913 XV.
304 875 369 920 ‘125
389 879 417 915 3'
434 884 496 926 ἧκε
499 895 515 915 ν
536 882 583 924 εἷς
604 881 760 932 Ἱ)ώμην,
781 885 927 935 κατάγει
947 886 1093 933 πλησίον
1112 903 1173 933 της

137 932 320 971 Φιλίππου
337 936 446 980 οἰκίας
463 938 522 976 καὶ
541 942 600 985 τῆς
623 941 768 992 μητρὸς,
785 942 844 979 καὶ
863 958 925 988 την
949 943 1083 981 δίαιταν
1101 948 1172 996 εἶχε

135 989 196 1027 σὺν
215 992 372 1040 ἐκείνοις,
393 1010 452 1032 και
480 997 541 1034 οὐκ
569 998 650 1035 ἄνευ
675 1000 802 1037 τούτων
829 1002 944 1049 διηγε,
964 1001 1054 1047 πλην
1072 1004 1100 1040 εἰ
1124 1003 1171 1052 μή

134 1063 217 1086 ποτε
237 1066 296 1088 και
320 1053 420 1096 αὐτὸς
441 1057 510 1091 τῶν
533 1057 726 1102 ἡλικιωτῶν
752 1074 846 1102 τινας
866 1061 1053 1111 βούλοιτο“
1039 1068 1172 1098 εστιᾶν·

133 1110 234 1145 τοῦτο
257 1108 292 1146 δὲ
319 1111 462 1149 σπάνιον
490 1117 546 1160 ἠν.
573 1116 770 1167 ΔιατρίίιιΝ
793 1117 821 1154 3’
847 1120 880 1155 ἐν
900 1122 942 1170 τῇ
961 1119 1076 1167 πόλει,
1106 1120 1171 1158 ὑπὸ

133 1168 194 1211 τῆς
215 1169 341 1217 βουλῆς
361 1170 603 1210 ἀποδείκνυται
624 1177 710 1211 εἰναι
729 1178 796 1212 τῶν
816 1177 1021 1228 πατρικίων.

183 1223 268 1263 (Ότι
299 1226 401 1279 ἔνηφε
430 1230 489 1266 καὶ
516 1233 691 1283 ἐγκρατῶς
720 1234 774 1279 διῆ
778 1249 834 1284 γεν
864 1237 881 1272 ὃ
912 1235 984 1278 νέος
1013 1238 1166 1288 Καῖσαρ.

130 1283 381 1332 Θαυμαστὸν
364 1286 400 1323 05¹
419 1303 452 1324 τι
477 1288 586 1326 mimo
604 1291 793 1342 συνῄδεσαν
819 1294 913 1331 αὐτιι)
933 1296 963 1331 οἱ
988 1294 1096 1346 φίλοι·
1116 1295 1168 1332 επ’

129 1341 282 1380 ἐνιαυτὸν
299 1343 365 1395 γαρ
385 1344 423 1382 3¹)
427 1362 462 1383 ον
477 1363 510 1384 εν
527 1351 641 1386 τοιοίδε
657 1350 794 1402 ἡλικίᾳ,
811 1367 844 1388 εν
860 1355 903 1402 ᾖ
898 1368 922 1388 υ
926 1352 1050 1390 άλιστα
1068 1368 1168 1405 σφρι-

127 1414 233 1447 γωσιν
257 1402 288 1438 οἱ
308 1417 397 1448 νεοι,
421 1418 480 1440 και
503 1406 632 1443 τούτων
657 1408 687 1444 3'
708 1407 757 1444 ἔτι
780 1410 910 1457 μᾶλλον
938 1411 969 1447 οἱ
989 1411 1165 1462 εὖτυγεις,

129 1459 375 1509 ἀφροδισίων
359 1461 546 1513 απείχετο,
566 1479 679 1516 φωνης
697 1465 771 1515 ἅμα
791 1467 849 1504 καὶ
865 1467 982 1519 ἰσχύος
997 1472 1163 1520 προνοῶν.

180 1517 237 1554 '15
223 1520 317 1560 λος
337 1521 411 1564 τῆς
432 1519 651 1572 Ιστορίας
671 1523 893 1562 Νικολάου
922 1529 1164 1575 Δαμασκη·

125 1577 196 1611 νοῦ
226 1576 401 1614 καὶτοῦ
432 1579 534 1616 Βίου
567 1581 786 1633 Καίσαρος
816 1597 891 1620 του
912 1584 1028 1624 νέου.
1058 1585 1164 1638 Περὶ

126 1636 279 1683 ἀρε-της
311 1635 386 1672 καὶ
415 1639 579 1681 κακίας.

604 1773 689 1797 101.

174 1865 220 1916 (E
225 1880 282 1904 xe.
305 1869 390 1903 De'
382 1881 450 1906 ms
462 1869 472 1918 )
504 1871 622 1905 XVI:
644 1867 730 1908 ζΌτι
748 1870 764 1906 ὃ
784 1870 857 1913 νέος
886 1873 1027 1924 Καῖσαρ
1049 1872 1160 1924 τρίτον

121 1922 212 1972 ἄγων
233 1925 266 1960 ἐν
288 1927 330 1975 τῇ
353 1923 477 1975 Ῥώμῃ
500 1928 592 1975 μῆνα
624 1927 779 1964 ἐνταυθοῖ
796 1928 915 1966 λοιπὸν
939 1930 965 1981 (1
956 1929 981 1979 1)
1001 1945 1157 1981 παρεπε-

121 1980 241 2029 δήμει,
258 1981 463 2032 ζηλούμενος
478 2000 518 2032 με
523 2000 539 2021 ν
555 1984 620 2021 ὑπὸ
635 2001 703 2022 των
723 1985 851 2031 ἡλίκων
865 2002 924 2023 και
942 1986 1062 2059 ceilam,
1080 1991 1157 2025 θαυ-

120 2039 308 2088 μαξάμενος
325 2040 359 2078 35
381 2041 446 2078 ὑπὸ
467 2058 532 2078 τιι)ν
553 2045 586 2080 ἐν
606 2059 648 2094 τῃ
665 2043 763 2081 πόλει
783 2044 934 2092 πάντων,
951 2046 1155 2095 επαινούμε·

117 2112 171 2140 νος
188 2098 215 2135 3’
232 2098 296 2136 ὑπὸ
318 2115 386 2137 των
403 2101 611 2140 παιδευτῶν.
633 2102 797 2154 Τετάρτι)
815 2103 849 2139 δὲ
865 2103 991 2152 μηνὶ2
964 2104 991 2153 (2
996 2105 1005 2153 )
1024 2106 1133 2150 ἧκεν’
1120 2121 1157 2142 εκ

117 2159 177 2202 τῆς
197 2157 360 2208 πατρίδος
378 2174 450 2195 πευ.
455 2158 573 2210 φθεις
562 2159 627 2197 υπὸ
644 2176 704 2206 της
725 2160 854 2212 μητρὸς
880 2163 924 2204 ὡς
946 2161 1046 2199 αὐτὸν
1066 2164 1155 2199 ἀπε-

115 2214 270 2266 λεύθερος
299 2216 572 2297 τεταραγμένος
589 2218 648 2254 καὶ
675 2219 806 2264 πολλης
837 2220 983 2268 αθυμίας
1014 2220 1155 2271 μεστὸς,

115 2273 298 2319 ἐπιστολὴν
316 2275 479 2323 κομίζων,
498 2292 532 2312 εν
548 2270 600 2327 ᾑ’
587 2291 640 2326 εγε
632 2275 776 2327 ’γραπτο
795 2276 862 2327 (3),
875 2280 919 2320 ὡς
940 2280 1076 2330 Καῖσαρ
1094 2295 1155 2328 μεν

116 2333 150 2368 ἔν
178 2334 220 2382 τῇ
249 2333 382 2382 συγκ)’
352 2349 434 2384 ητιι)
464 2334 629 2370 ἀποθάνοι
658 2333 724 2371 ὑπὸ
749 2335 788 2384 (4)
813 2351 879 2371 των
900 2351 941 2372 πε
929 2352 977 2387 ,ρι
1002 2336 1153 2374 Κάσσιον

114 2405 172 2426 και
192 2392 352 2440 Βρουτον.
371 2390 525 2434 Ἦξίου
508 2390 542 2428 οὲ
559 2391 615 2428 τὸν
632 2393 741 2428 παῖδα
760 2394 886 2430 ἐπανελ
890 2394 990 2430 θειν
972 2410 1026 2438 ως
1034 2394 1151 2440 αὐτήν·

115 2449 246 2496 ἀγνοεῖν
266 2448 331 2499 γὰρ
350 2448 413 2499 ἔφη
435 2448 546 2494 καύτὴ
561 2450 754 2486 τάποτουόε
771 2451 928 2500 ἐσόμενα·
947 2452 981 2488 35
983 2455 1015 2488 ῒν
1034 2451 1068 2488 δὲ
1086 2452 1152 2498 ἤδη

115 2505 222 2556 ἄνδρα
242 2506 435 2556 γίγνεσθαι,
457 2506 515 2543 καὶ
535 2507 656 2558 γ’νωμῃ
677 2522 713 2544 τε
744 2507 764 2544 ἃ
783 2509 850 2559 χρὴ
878 2510 906 2557 (5
909 2509 918 2558 )
942 2515 1074 2561 φρονεῖν
1095 2510 1152 2546 καὶ

116 2562 205 2615 ἔργῳ
224 2565 400 2615 πράττειν,
418 2563 583 2614 ἑπόμενον
606 2568 648 2615 τῇ
673 2564 762 2616 τύχῃ
783 2582 820 2603 τε
839 2566 897 2604 καὶ
918 2570 986 2610 τοῖς
1005 2573 1148 2619 καιροῖς.

114 2622 267 2658 Τοιαῦτα
282 2622 403 2667 ἐδήλου
418 2621 460 2659 τὰ
471 2621 566 2672 παρὰ
581 2625 642 2667 τῆς
655 2623 780 2674 μητρὸς
794 2624 1000 2675 γράμματα.
1013 2623 1149 2674 “Όμοια

114 2678 148 2715 δὲ
170 2678 227 2716 καὶ
247 2681 264 2715 ὃ
283 2683 391 2716 ταῦτα
409 2680 557 2729 κομίζων
579 2681 794 2731 ἀπήγγελλεν
812 2698 819 2705 ·
840 2682 903 2734 ἔφη
922 2698 958 2720 τε
978 2685 1023 2725 ὡς
1036 2698 1149 2734 παρα-

113 2739 234 2786 ·Λρῆμα
269 2736 444 2788 Καίσαρος
473 2737 706 2789 ἀναιρεθέντος
725 2741 895 2791 πεμφθείη
927 2739 984 2777 καὶ
1015 2741 1149 2788 οὐδαμῆ

114 2793 333 2845 διατρίψοιεν,
357 2797 400 2837 ὡς
429 2798 550 2832 θᾶττον
578 2795 650 2847 ἔχοι
671 2796 789 2845 μαθὼν
809 2797 851 2834 τὰ
873 2798 1037 2848 γενόμενα
1067 2801 1149 2848 βου-

112 2849 300 2888 λεύσασθαι
318 2852 397 2903 περὶ
419 2853 551 2889 αὐτῶν·
571 2853 679 2904 μέγαν
702 2854 745 2905 (o)
766 2856 793 2892 ’δ’
812 2850 897 2893 εἶναι
914 2855 971 2892 τὸν
995 2855 1147 2893 κίνδυνον

947 165 1151 205 NlCOLAl
1182 167 1213 206 D
1220 171 1474 212 AMASCENI

1248 262 1406 296 bominem
1421 265 1559 299 dimisit:
1577 269 1734 301 Czesarem
1753 272 1873 310 generis
1886 273 1934 304 sui
1948 274 1978 305 et
1992 275 2103 314 patriae
2117 277 2279 317 totiusque

1245 337 1366 376 imperii
1389 340 1520 370 Romani
1544 342 1717 382 principem
1743 352 1829 383 essc3
1848 346 1934 378 bunc
1958 348 2045 380 adire
2069 349 2161 390 eique
2181 361 2279 391 genus

1243 419 1336 442 suum
1361 413 1535 452 approbare
1560 415 1650 446 illum
1673 419 1836 458 oportere3
1859 421 1911 451 cui
1933 421 1958 453 si
1981 422 2010 453 id
2038 425 2276 467 approbaverit,

1243 481 1349 510 statim
1373 490 1405 511 se
1428 483 1459 513 et
1488 484 1610 515 ceteros
1630 486 1761 524 agnatos
1785 487 1853 526 ejiis
1876 491 2057 523 auctoritati
2079 501 2276 535 accessuros;

1240 547 1288 577 sin
1301 556 1392 579 secus
1403 573 1410 587 ,
1425 550 1502 582 nibil
1515 550 1574 582 sihi
1585 561 1656 583 cum
1672 554 1739 592 ipso
1755 563 1822 586 esse
1835 564 2006 591 commune
2021 569 2028 590 :
2044 560 2169 593 interim
2181 572 2274 604 vero,

1240 616 1421 657 priusquam
1442 622 1601 653 Caesarem
1614 623 1746 664 adierit,
1767 634 1807 658 ne
1825 635 1858 658 se
1877 630 2063 670 conveniat,
2079 640 2180 673 neve,
2200 635 2236 666 ut
2254 644 2273 666 a

1238 686 1430 725 necessario,
1451 688 1625 728 quidquam
1650 693 1801 732 requirat.
1820 697 1910 727 Hanc
1929 698 1998 737 ejus
2018 701 2272 743 responsionem,

1237 754 1431 795 quicumque
1450 757 1602 799 aderant,
1620 769 1809 803 magnopere
1828 764 2010 799 laudarunt.
2032 769 2091 800 Sed
2115 770 2273 804 nihilomi-

1236 831 1294 854 nus
1311 832 1382 855 eum
1395 824 1520 864 juvenis
1532 828 1664 860 domum
1680 839 1779 871 usque
1792 836 1978 872 prosecutus
1996 839 2056 869 est.

1275 899 1344 930 XV.
1368 901 1478 932 Romae
1495 910 1590 941 porro
1611 903 1740 936 divertit
1764 908 1916 940 Octavius
1933 910 2026 949 juxta
2042 912 2172 946 domum
2199 916 2271 946 Phi-

1238 967 1313 1007 lippi
1328 969 1359 999 et
1375 970 1484 1001 matris
1497 971 1610 1010 Attiae,
1624 973 1815 1013 quibuscum
1834 977 1869 1008 ut
1887 978 2060 1018 plurimum
2081 983 2192 1022 agebat
2205 993 2269 1016 coe-

1232 1036 1390 1078 nabatque
1406 1039 1482 1071 :nisi
1500 1040 1580 1073 forte
1592 1051 1693 1082 quum
1707 1043 1784 1076 alios
1794 1047 1965 1085 aequalium
1979 1049 2061 1089 apud
2076 1059 2109 1082 se
2122 1053 2270 1085 convivio

1231 1105 1376 1145 excipere
1394 1107 1509 1148 vellet,
1527 1110 1613 1149 quod
1631 1120 1759 1151 perraro
1782 1113 1926 1146 faciebat.
1946 1118 2028 1148 Dum
2050 1118 2082 1149 in
2102 1119 2178 1151 urbe
2201 1129 2268 1152 mo-

1231 1175 1330 1214 ratur,
1348 1177 1621 1211 senatusconsulto
1635 1181 1778 1220 patribus
1794 1183 1969 1224 adscriptus
1984 1187 2041 1217 est.

1270 1245 1346 1275 Erat
1363 1246 1457 1277 etiam
1474 1247 1643 1281 sobrietate
1656 1258 1693 1282 ac
1705 1251 1913 1291 temperantia
1928 1253 2100 1295 singulari3
2116 1257 2266 1298 quodque

1229 1299 1414 1333 admirabile
1428 1304 1493 1342 est,
1512 1313 1595 1336 anno
1612 1306 1752 1348 integro,
1773 1310 1809 1341 ut
1823 1310 1915 1342 amici
1931 1311 1997 1352 ejus
2011 1315 2104 1346 testes
2117 1318 2209 1356 sunt,
2233 1318 2265 1349 in

1228 1366 1264 1389 ea
1277 1361 1388 1399 aetate,
1403 1362 1434 1392 in
1449 1371 1512 1402 qua
1523 1363 1676 1402 Juvenum
1691 1375 1728 1397 ac
1744 1368 1883 1400 maxime
1898 1369 2074 1403 beatiorum
2092 1373 2264 1414 flagrantisw

1226 1416 1305 1448 sima
1319 1418 1415 1451 libido
1427 1429 1494 1452 esse
1512 1422 1610 1461 solet,
1627 1432 1645 1454 a
1659 1433 1773 1457 venere
1786 1426 1957 1469 abstinuit,
1983 1430 2053 1461 voci
2072 1431 2167 1464 simul
2186 1442 2262 1465 con-

1225 1475 1331 1507 sulens
1343 1485 1380 1508 ac
1399 1479 1516 1511 robori.

1266 1535 1363 1566 Finis
1373 1536 1600 1571 historiarum
1612 1541 1746 1573 Νἱοοῖαι·
1758 1545 1957 1576 Damasceni
1971 1547 2005 1577 et
2019 1545 2098 1578 libri
2109 1547 2259 1586 ejusdem

1225 1594 1272 1622 De
1285 1595 1357 1624 vica
1374 1595 1522 1628 Ccesaris
1543 1600 1706 1638 Auquscz',
1729 1601 1766 1632 in
1781 1603 1942 1642 Exerptz's
1959 1606 2008 1635 De
2025 1606 2210 1639 virtutibus
2229 1610 2262 1640 ec

1225 1652 1333 1682 viliis.

1705 1780 1784 1812 101.

1262 1887 1346 1917 XVI.
1371 1887 1594 1926 Caesar-junior
1611 1898 1717 1922 mense
1733 1891 1846 1930 tertio,
1864 1892 1937 1925 inde
1955 1902 1972 1925 a
1989 1904 2054 1935 quo
2071 1898 2179 1929 Romae
2190 1906 2257 1929 ver-

1220 1953 1361 1993 sabatur,
1377 1954 1440 1985 buc
1454 1954 1709 1996 (Apolloniam)
1729 1959 1893 1998 profectus
1906 1962 1974 2000 est,
1990 1962 2043 1993 ubi
2057 1972 2256 1996 commoran-

1218 2020 1284 2051 tem
1304 2021 1545 2052 aemulabantur*
1558 2023 1697 2062 aequales
1720 2026 1752 2055 et
1776 2025 1890 2064 amici,
1913 2026 2152 2061 admirabantur
2172 2031 2258 2062 urbis

1217 2087 1302 2117 cives
1319 2086 1474 2126 universi,
1503 2087 1676 2119 laudabant
1698 2090 1849 2129 magistri.
1877 2093 1998 2127 Quarto
2021 2095 2127 2125 autem
2150 2103 2257 2127 mense

1216 2161 1256 2184 ex
1269 2154 1370 2193 patria
1388 2154 1517 2187 advenit
1531 2156 1644 2187 missus
1660 2166 1678 2188 a
1694 2159 1795 2188 matre
1810 2157 1958 2198 libertus,
1974 2160 2028 2199 qui
2054 2162 2256 2201 perturbatus

1215 2223 1385 2262 animoque
1403 2223 1524 2262 deiecto
1544 2224 1651 2255 literas
1676 2224 1800 2264 attulit,
1824 2225 1856 2255 in
1881 2226 1997 2265 quibus
2011 2227 2164 2266 seriptum
2188 2229 2256 2260 erat

1214 2292 1372 2323 Caesarem
1388 2290 1421 2321 in
1433 2292 1544 2322 senatu
1564 2299 1582 2321 a
1597 2291 1705 2322 cassio
1719 2291 1751 2322 et
1766 2292 1866 2322 Bruto
1885 2299 2060 2332 eorumque
2074 2293 2170 2323 sociis
2188 2302 2255 2324 esse

1215 2354 1426 2385 interfectum.
1443 2354 1637 2385 liei-[abatur
1651 2354 1750 2386 lilium
1763 2356 1799 2385 ut
1809 2354 1848 2385 ad
1861 2363 1895 2385 se
1908 2357 2138 2394 reverteretur-3
2154 2356 2252 2396 ipsam

1214 2419 1298 2449 enim
1336 2418 1456 2449 nescire
1489 2426 1563 2458 quae
1597 2418 1744 2458 deinceps
1774 2420 1928 2450 eventura
1954 2419 2074 2457 essent3
2112 2427 2252 2451 neeessa-

1216 2482 1297 2513 rium
1313 2491 1388 2513 vero
1404 2491 1490 2521 esse,
1505 2484 1541 2513 ut
1557 2482 1661 2513 virum
1676 2483 1741 2522 jam
1755 2491 1788 2514 50
1809 2484 1951 2523 gereret,
1976 2485 2010 2514 ut
2023 2492 2096 2522 quae
2111 2483 2252 2515 facienda

1211 2545 1313 2575 essent
1340 2543 1470 2574 consilio
1501 2544 1672 2575 destinaret
1693 2546 1725 2575 et
1750 2553 1782 2575 re
1807 2547 2032 2585 exsequeretur
2054 2545 2250 2584 temporibus

1212 2607 1310 2639 fidens
1329 2616 1366 2639 ac
1380 2608 1528 2639 fortunae.
1547 2609 1621 2638 Haec
1636 2609 1738 2639 mater
1755 2608 1852 2639 literis
1865 2607 2039 2638 mandavit.
2058 2607 2176 2639 Similia
2193 2608 2248 2648 qui

1210 2679 1263 2701 eas
1288 2671 1438 2701 attulerat
1459 2670 1636 2709 nuntiavit,
1661 2671 1843 2711 addiditque
1865 2678 1899 2701 se
1920 2670 2028 2701 statim
2045 2673 2115 2710 post
2136 2679 2247 2702 necem

1211 2734 1345 2768 Caesaris
1360 2734 1540 2773 ablegatum
1563 2742 1621 2765 nec
1640 2742 1776 2773 usquam
1793 2734 1824 2764 in
1851 2733 1962 2765 itinere
1986 2735 2144 2764 moratum
2161 2741 2245 2773 esse,

1209 2807 1273 2838 quo
1287 2797 1379 2828 citius
1393 2797 1486 2828 rebus
1499 2797 1668 2836 compertis
1681 2796 1855 2828 deliberare
1868 2796 1907 2827 de
1919 2797 1956 2827 iis
1968 2798 2082 2835 posset.
2097 2798 2246 2835 Magnum

1211 2861 1375 2892 imminere
1409 2860 1605 2900 perieulum,
1636 2859 1722 2899 quod
1755 2860 1915 2900 quomodo
1945 2860 2137 2899 eflugeretur
2171 2862 2244 2891 ante

112 2961 148 2990 C.
168 2962 230 2996 ΙΙΙ,
246 2961 313 2991 init.
332 2963 368 2992 C.
387 2962 532 2993 Amnius
545 2963 693 2994 traditur
722 2967 814 2996 lorte
838 2966 914 3005 quia
939 2968 1089 2997 Graecum
1106 2966 1268 3006 ’νιῐρφῦου
1293 2974 1408 2997 nomen
1426 2966 1458 2996 in
1475 2966 1624 2997 Latinum
1642 2964 1777 3004 speciem
1794 2965 1985 2995 mutaveimat
2004 2963 2151 3002 Ejusdem
2173 2971 2241 2995 me-

111 3005 204 3037 minit
217 3006 386 3037 CiceroAd
401 3009 464 3038 Ait.
480 3010 572 3047 XlV,
590 3015 619 3041 (i.
635 3022 649 3037 ιι
670 3013 834 3042 Υιιιι,5ιι;5.
852 3032 893 3037 -
906 3017 935 3043 2.
951 3013 1128 3053 προσ-ἥκοι]
1145 3015 1310 3054 προσήκων
1330 3014 1401 3045 cod.

152 3054 211 3084 Fr.
230 3057 297 3084 101.
318 3053 392 3084 Cod.
410 3057 523 3087 Enscot
531 3055 598 3093 sol
615 3060 675 3095 91,
690 3059 753 3088 9ν.
771 3062 902 3096 -105,
917 3063 980 3090 3r.

153 3100 243 3133 xvi.
271 3102 296 3129 1.
315 3101 386 3130 Vox
405 3100 509 3131 ὶοιπὸν
523 3080 733 3141 suprascripta
746 3104 803 3134 est.
823 3105 965 3136 Nur·1ti0
979 3104 1097 3136 Nicolai
1116 3105 1203 3136 initio
1217 3106 1311 3145 hujus
1328 3105 1492 3143 fragmenti
1508 3105 1588 3136 male
1605 3104 1767 3135 eontracta
1781 3104 1839 3135 est.
1859 3103 2008 3134 Ceterum
2021 3110 2126 3133 nescio
2143 3110 2183 3133 an
2200 3111 2239 3134 ex

111 3147 220 3178 eadem
235 3155 266 3178 v.
281 3147 418 3178 ἐνταυθοῖ
431 3150 514 3180 recte
529 3150 655 3189 colligas
671 3150 833 3182 Nicolaum
851 3161 914 3191 quo
931 3154 1072 3192 tempore
1087 3153 1193 3184 Vitam
1212 3157 1288 3190 Aug.

110 3194 225 3231 quarto
239 3200 362 3230 mense,
377 3202 471 3232 quem
489 3195 663 3233 Apolloniae
677 3195 817 3234 degebat.
842 3197 1000 3236 Appianus
1019 3199 1054 3228 Β.
1081 3200 1114 3229 B.
1132 3201 1194 3238 lll,
1209 3203 1227 3230 9
1245 3212 1252 3230 ;

1310 3152 1433 3192 scripsit
1447 3151 1562 3183 vixisse
1579 3151 1762 3190 Apolloniae.
1778 3168 1816 3171 —
1831 3154 1860 3180 2.
1875 3149 2045 3189 τετάρτῳ
2059 3149 2098 3179 δὲ
2127 3148 2238 3205 μηνὶ]

1266 3199 1377 3229 ’Έκτον
1403 3197 1429 3228 3'
1452 3197 1551 3237 ἔχοντι
1573 3200 1652 3236 μῆνα
1671 3196 1701 3226 ἐν
1717 3199 1753 3235 τῇ
1771 3194 1954 3235 Ἀπολλωνίᾳ
1972 3195 2147 3234 ἀγγέλλεται
2168 3205 2237 3235 περι

111 3239 164 3275 τὴν
180 3239 309 3277 ἑσπέραν
335 3239 351 3269 ὁ
374 3241 495 3279 Καῖσαρ
509 3241 701 3280 ἀνῃρημένος.
719 3241 898 3273 Secundum
917 3243 984 3273 lunc
1001 3244 1151 3275 Octavius
1171 3245 1277 3275 statim
1295 3245 1363 3283 post
1383 3242 1522 3295 reditum
1536 3243 1567 3273 in
1591 3242 1713 3273 ltaliam
1739 3241 1936 3297 Apolloniam
1955 3241 2069 3293 missus
2087 3240 2178 3296 toret.
2196 3258 2237 3293 -'-

111 3288 142 3316 3.
160 3285 336 3326 ἐγέγραπτο)
350 3286 460 3318 codex.
477 3304 515 3308 -—
530 3290 558 3318 si.
577 3286 669 3327 ὑπὸ]
691 3288 764 3327 ὑπὲρ
787 3287 898 3320 codex.
916 3291 990 3321 Mox
1007 3288 1106 3321 codex
1125 3289 1238 3327 Κάσιος
1252 3292 1284 3322 et
1297 3290 1357 3321 boc
1379 3289 1448 3321 loco
1462 3290 1494 3321 et
1515 3297 1547 3321 ιιι
1557 3297 1645 3330 seqq.
1659 3305 1700 3311 —
1714 3293 1742 3320 5.
1759 3299 1780 3318 α
1801 3286 1895 3328 χρὴ]
1912 3287 2054 3327 supplevi
2077 3288 2108 3318 ἁ.
2131 3289 2235 3320 Ρο55ι5

113 3331 209 3362 etiam
228 3341 235 3362 :
252 3342 283 3362 τε
303 3335 423 3371 χρῆναι.
444 3351 482 3357 —
498 3338 526 3363 ὓ,
545 3334 662 3371 μέγαν
678 3332 686 3372 ]
710 3333 787 3372 μέγα
801 3333 869 3365 cod.
