2338 3765
607 173 1040 263 STRABO
1099 171 1740 260 AMASENSIS.

158 535 291 570 Strabo
333 533 537 568 Amasensis
575 539 773 578 antequam
805 531 852 566 ad
886 531 1136 578 Geographias

106 591 384 639 componendas
397 603 433 624 se
451 590 677 636 accingeret,
697 586 957 635 “Υπομνήματα
978 586 1134 637 ἱστορικὰ

107 652 312 697 scripserat.
330 650 433 694 Opus
446 648 517 681 hoc
535 647 773 694 peramplum
790 646 877 689 fuit,
896 647 949 680 uti
966 645 1137 680 discimus

104 721 147 742 ex
177 709 411 755 glossemate,
445 705 549 752 quod
584 705 683 751 apud
715 705 865 740 Suidam
896 716 933 740 v.
968 700 1137 743 Πολύὸιος

104 766 223 800 codex
244 768 285 801 A.
305 766 342 798 in
362 765 528 810 margine
543 763 712 807 exhibet,
735 763 854 797 codex
875 764 915 797 V.
937 762 1078 804 omisit,
1100 762 1137 795 in

105 824 254 871 reliquis
270 823 372 857 libris
386 835 469 856 cum
491 821 675 856 Suidianis
693 821 816 856 verbis
829 826 1040 855 contextum
1053 825 1103 854 est
1127 832 1134 853 z

105 879 231 916 Ἰστέον
250 878 300 915 ὅτι
319 878 513 928 διαδέχεται
529 876 589 922 τὴν
604 877 777 915 Πολυῧίου
793 877 943 927 ἱστορίαν
958 876 1137 913 Ποσειδώ-

103 952 170 980 νιος
184 935 450 980 Ὀλὸιοπολίτης
469 935 642 987 σοφιστής·
666 935 764 985 ἔγρα
777 937 825 985 ’ξιε
846 933 887 971 δὲ
908 933 981 970 καὶ
1002 931 1135 984 Στρά-

104 995 185 1031 &mv
214 993 432 1043 Ἀμασεὺς
460 994 509 1030 τὰ
541 992 645 1042 μετὰ
680 992 798 1031 Πολύ
813 991 904 1028 διον
937 992 970 1027 ἐν
993 989 1138 1040 βιόλίοις

106 1052 234 1103 (λόγοις
251 1053 335 1088 cod.
353 1054 413 1094 A.)
431 1051 504 1100 μγ’.
527 1053 582 1088 Ab
606 1054 685 1099 ipso
703 1059 825 1087 autem
842 1051 1023 1086 Strabone
1041 1050 1113 1099 (XI
1127 1076 1135 1092 ,

103 1125 143 1160 p.
164 1111 252 1157 755,
269 1125 305 1148 v.
325 1112 435 1159 infra)
452 1111 631 1146 docemur
644 1111 776 1145 librum
791 1110 952 1156 primum
967 1109 1033 1142 τῶν
1050 1106 1137 1154 μετὰ

110 1167 279 1206 nomem
295 1169 402 1203 fnisse
415 1165 661 1215 (111111111111τῶν
673 1164 956 1213 Ὓ’πομνημάτιι1ν
971 1165 1086 1201 :adeo
1098 1172 1138 1198 ut

109 1235 228 1262 totum
251 1239 345 1273 opus
367 1227 573 1261 constiterit
598 1226 701 1260 libris
722 1224 965 1271 quadraginta
983 1230 1135 1269 septem.

107 1288 329 1333 Fragmenta
343 1285 420 1330 ejus
440 1285 560 1318 multo
578 1285 720 1318 rariora
742 1296 853 1330 quam
873 1295 916 1319 ex
931 1289 1029 1316 tanta
1043 1282 1139 1315 mole

107 1343 387 1391 exspectaveris.
406 1342 574 1387 Quorum
590 1343 763 1375 ultimum
782 1354 897 1388 quum
918 1340 964 1375 ad
981 1352 1038 1374 res
1054 1340 1139 1373 anni

109 1401 156 1436 38
172 1414 202 1437 a.
219 1402 257 1436 C.
272 1401 471 1447 pertineat,
487 1407 587 1446 patet
605 1400 826 1434 Strabonem
842 1399 889 1434 ad
905 1410 1007 1433 suam
1028 1398 1140 1443 ipsius

107 1466 270 1502 aetatem,
300 1458 449 1492 fortasse
484 1470 601 1503 usque
629 1457 674 1491 ad
698 1470 835 1491 annum
857 1469 932 1503 quo
956 1458 1140 1502 Augustus

107 1518 267 1563 imperio
289 1516 429 1562 potitus
454 1522 524 1557 est,
556 1516 807 1549 narrationem
839 1513 1047 1548 deduxisse.
1077 1514 1138 1546 In-

106 1576 242 1608 certius
260 1581 313 1607 est
326 1573 424 1607 unde
447 1572 641 1606 exordium
672 1572 809 1607 feeerit.
830 1571 973 1617 Quodsi
998 1571 1141 1617 priores

107 1632 192 1665 libri
223 1638 401 1677 quattuor
423 1631 635 1664 narratione
666 1630 863 1673 continua,
884 1635 925 1662 ut
941 1628 1140 1674 probabile

105 1696 170 1731 est,
192 1689 427 1735 sequentibus
442 1688 568 1733 juncta
589 1694 711 1731 erant,
729 1687 875 1720 initium
892 1687 1051 1732 petitum
1069 1698 1140 1720 esse

106 1745 242 1780 dixeris
261 1746 306 1779 ab
324 1757 451 1779 everso
468 1757 580 1791 regno
598 1744 845 1778 Macedonum
858 1771 866 1787 ‚
885 1744 960 1778 sive
978 1743 1024 1778 ab
1041 1755 1139 1777 anno

111 1803 201 1846 168,
224 1816 335 1849 quem
355 1804 478 1849 primo
497 1803 650 1836 consilio
670 1802 846 1848 Polybius
863 1800 912 1850 (v.
939 1802 995 1835 III
1009 1828 1018 1844 ,
1046 1814 1079 1846 1,
1095 1801 1137 1847 9)

1015 1862 1062 1893 At
1093 1872 1139 1894 ne

107 1919 199 1964 quid
233 1918 480 1953 confidentius
520 1930 787 1965 asseveremus,
827 1919 900 1952 alio
950 1918 1141 1952 Strabonis

108 1977 228 2024 (11,p.
247 1978 311 2023 70)
326 1977 410 2011 1000
424 1976 662 2022 impedimur,
674 1977 740 2011 ubi
750 2004 760 2021 ,
772 1983 967 2024 postquam
982 1975 1140 2010 Indicon

108 1862 355 1895 Historiarum
387 1862 585 1895 terminum
620 1861 687 1894 sibi
719 1861 972 1894 constituerat.

105 2038 302 2084 scriptores
321 2037 367 2071 ad
391 2050 507 2071 unum
527 2049 651 2071 omnes
667 2037 750 2083 plus
769 2038 889 2070 minus
914 2035 1140 2085 ψευδολόγους

105 2107 180 2129 esse
200 2095 362 2139 dixerat,
392 2095 495 2129 addit
521 2107 528 2129 t
561 2093 619 2130 καὶ
639 2097 722 2142 ἡμῖν
755 2092 782 2129 δ’
813 2092 958 2142 ὑπῆρξεν
979 2093 1140 2129 ἐπιπλέον

105 2152 253 2187 κατιδεῖν
269 2155 389 2196 ταῦτα,
408 2153 486 2188 ὑπο
500 2167 581 2200 μνη
594 2153 751 2200 ματιζο
764 2150 838 2200 μέν
851 2165 867 2187 ο
880 2166 911 2192 ις
932 2148 1003 2192 τὰς
1023 2149 1062 2187 ’A
1075 2151 1138 2187 λε-

106 2208 289 2261 ξάνδρου
309 2209 493 2260 πράξεις.
513 2227 527 2242 «
550 2211 639 2257 Quae
656 2212 794 2254 nescio,
814 2211 1051 2246 Casaubonus
1068 2212 1137 2254 ait,

106 2280 152 2301 an
171 2270 217 2302 ita
234 2269 433 2304 debeamus
447 2270 634 2316 accipere,
651 2276 693 2303 ut
706 2269 811 2303 fuisse
828 2269 873 2303 ab
892 2281 935 2303 eo
950 2269 1139 2304 historiam

110 2326 310 2361 Alexandri
349 2329 597 2374 conscriptam
629 2328 887 2374 intelligamus.
925 2328 1009 2360 Non
1042 2328 1139 2361 enim

107 2384 193 2417 alibi
221 2384 352 2418 factam
390 2386 534 2430 reperio
563 2384 640 2430 ejus
669 2386 790 2432 operis
820 2385 1070 2427 mentionem3
1105 2393 1141 2419 et

108 2440 280 2475 videntur
298 2454 404 2487 posse
424 2443 485 2476 illa
504 2442 620 2487 accipi
642 2441 688 2475 (10
708 2443 771 2484 115,
801 2454 882 2487 quae
916 2454 1030 2487 quum
1053 2443 1139 2476 alibi

109 2499 231 2532 inultis
248 2499 337 2533 10015
350 2506 427 2532 111111
448 2500 604 2534 maxime
622 2499 726 2533 libris
746 2500 864 2533 tribus
880 2500 1076 2545 postremis
1094 2500 1140 2534 (10

110 2555 219 2589 rebus
238 2557 345 2601 gestis
366 2556 565 2590 Alexandri
589 2557 728 2590 scribit.
759 2574 772 2587 »
799 2578 849 2582 —
871 2574 884 2586 «ι
921 2557 993 2591 Sed
1025 2558 1136 2600 1111111,

110 2613 322 2647 Get-hardus
356 2615 503 2648 Vossius
533 2615 650 2660 inquit
665 2641 674 2657 ,
709 2615 823 2648 altera
854 2616 1032 2648 sententia
1064 2627 1138 2648 11011

111 2670 232 2703 minus
261 2672 466 2705 verisimilis
498 2684 574 2706 esse
608 2671 768 2708 videtur.
802 2689 815 2702 υ
846 2673 977 2707 Dicere
1007 2673 1141 2707 licebat

110 2739 189 2761 eam
204 2727 340 2772 absque
356 2728 589 2763 dubitatione
612 2730 880 2775 przel'ercndam
900 2742 986 2774 esse,
1005 2731 1139 2777 quippe

113 2796 221 2830 qnam
245 2785 357 2819 verba
378 2787 567 2821 Strabonis
581 2794 712 2833 sponte
729 2788 980 2834 suppeditent.
998 2788 1138 2833 Quodsi

111 2841 244 2875 Strabo
272 2842 308 2874 in
326 2842 421 2875 libro
451 2845 613 2878 secundo
639 2858 791 2879 monere
819 2847 991 2880 voluisset
1021 2846 1067 2880 de
1100 2847 1140 2881 iis

112 2912 193 2945 quae
212 2900 450 2944 sequentibus
479 2902 626 2936 deinum
650 2904 752 2937 libris
773 2904 819 2938 (10
849 2904 954 2938 India
986 2905 1139 2950 aliisque

113 2956 347 3003 regionibus,
378 2969 467 3003 quas
496 2960 696 2993 Alexandri
733 2963 915 2995 exercitus
936 2962 1136 3005 triverunt,

612 3065 643 3095 1.

152 3115 288 3145 Onmino
305 3117 412 3146 autem
428 3116 784 3147 hunccomum—niarium
799 3127 1000 3150 comnnmem
1018 3123 1142 3159 oportet

111 3176 196 3206 csse,
214 3169 245 3198 et
263 3167 408 3198 civilibus
431 3168 609 3199 110111111111115
624 3170 845 3207 connnodnm,
871 3173 903 3200 et
926 3171 955 3200 111
979 3172 1140 3210 publicum

112 3219 239 3257 utilem,
254 3219 523 3258 quemadmodum
541 3222 569 3250 et
585 3221 785 3259 scriptionem
804 3222 953 3252 hisloi-ian
975 3225 1076 3262 Atque.
1091 3224 1141 3254 1110

112 3270 235 3300 cix-item
255 3279 423 3308 vocamus,
442 3280 503 3303 non
526 3272 578 3309 (1111
599 3280 724 3309 prorsus
740 3272 776 3301 sit
795 3272 987 3309 ineruditus,
1012 3274 1063 3303 sed
1087 3275 1140 3312 (1111

114 3320 273 3360 disciplina
286 3322 429 3352 circulari
441 3323 469 3353 et
485 3314 710 3353 liberalibusac
726 3324 1016 3362 philos<›phantihus
1030 3326 1141 3356 usitata

1197 535 1447 576 exponuntur,
1463 539 1534 574 pro
1559 524 1619 561 καὶ
1635 527 1718 573 ἦμῖν
1737 525 1882 574 ὑπῆρξεν
1901 525 2047 561 dixisset
2061 524 2119 561 καὶ
2138 526 2222 572 ἡμῖν

1197 585 1293 622 ἔσται
1312 586 1385 621 κτλ.
1407 586 1543 620 Contra
1557 596 1647 618 vero
1666 583 1771 618 dubii
1787 584 1967 618 haeremus
1979 590 2105 618 utrum
2123 597 2224 619 com-

1197 644 1365 679 mentarii
1386 645 1441 678 De
1456 643 1565 676 rebus
1584 641 1785 676 Alexandri
1804 642 1990 688 peculiare
2016 654 2108 688 opus
2137 655 2226 677 con·

1196 702 1400 743 stituerint‚
1420 713 1463 734 an
1483 700 1584 734 libris
1603 700 1673 733 illis
1693 698 1939 746 quadraginta
1958 705 2116 745 septem,
2136 712 2229 746 quos

1198 772 1309 806 supra
1319 759 1492 804 vidimus,
1504 757 1761 804 comprehensi
1773 756 1909 791 fuerint
1919 785 1928 802 ,
1943 756 2037 791 adeo
2049 764 2089 791 ut
2099 765 2229 792 auctor

1198 830 1256 851 res
1267 816 1353 851 inde
1365 817 1410 851 ab
1422 815 1634 850 Alexandro
1643 827 1759 861 usque
1768 814 1816 849 ad
1824 815 2052 849 eversionem
2061 815 2229 850 Corinthi

1199 881 1314 921 gestas
1330 886 1393 920 per
1407 880 1584 919 quattuor
1598 872 1787 905 volumina
1797 872 1942 905 ratione
1954 872 2228 919 compendiaria

1199 942 1422 977 persequens
1437 930 1536 976 quasi
1553 927 1701 978 πρόναον
1717 927 1909 974 quoddam
1924 930 2090 974 posuerit
2104 941 2230 963 earum

1198 989 1434 1022 historiarum
1450 999 1540 1033 quas
1555 985 1746 1033 grandiori
1764 986 1858 1032 stylo
1876 986 2060 1022 condidit.
2081 1007 2134 1013 -—
2147 987 2230 1021 Uti-

1199 1058 1282 1080 nam
1304 1045 1562 1091 benigniorem
1593 1044 1778 1078 fortunam
1811 1054 1904 1088 opus
1935 1043 2008 1077 hoc
2036 1050 2229 1090 expertum

1199 1098 1306 1132 esset!
1329 1099 1421 1132 Nam
1441 1109 1550 1142 quam
1572 1097 1609 1129 in
1625 1095 1860 1143 geograpliiis
1874 1094 2066 1130 laudamus
2083 1096 2121 1130 in
2139 1108 2231 1130 con.-

1199 1154 1362 1200 gerenda
1391 1155 1544 1188 materia
1574 1153 1825 1200 diligentiam,
1856 1159 1892 1187 et
1920 1153 1957 1186 in
1985 1152 2232 1198 dijudicandis

1203 1214 1390 1247 variorum
1421 1212 1695 1247 narrationibus
1714 1222 1870 1245 acumen
1898 1218 1935 1245 et
1962 1212 2229 1254 sinceritatem,

1201 1271 1346 1305 easdem
1366 1271 1519 1304 virtutes
1550 1270 1662 1304 etiam
1693 1270 1731 1303 in
1754 1269 1926 1304 Historiis
1954 1270 2123 1304 enituisse
2143 1282 2232 1304 eon-

1199 1336 1413 1363 scntaneum
1429 1335 1480 1362 est
1496 1340 1536 1362 ac
1551 1326 1608 1362 vel
1627 1339 1671 1362 ex
1690 1327 1810 1374 parcis
1825 1338 1951 1361 earum
1966 1327 2132 1373 reliquiis
2149 1327 2233 1362 licet

1200 1387 1386 1433 augurari.
1415 1387 1474 1421 Sic
1493 1385 1623 1433 fragm.
1658 1385 1700 1419 13
1720 1385 1766 1419 de
1787 1385 1914 1420 eadem
1940 1397 1979 1419 re
1999 1385 2113 1419 Asinii
2142 1385 2232 1419 Pol-

1201 1445 1308 1478 lionis
1338 1451 1373 1478 et
1402 1443 1630 1490 Hypsicratis
1666 1444 1870 1477 testimonia
1902 1449 2033 1477 auctor
2064 1442 2231 1480 adducit.

1201 1504 1376 1537 Similiter
1390 1502 1518 1549 fragm.
1534 1515 1556 1549 9
1572 1502 1780 1548 Timagenis
1796 1502 2016 1536 auctoritate
2028 1502 2156 1535 utitur.
2174 1503 2234 1536 Di·

1202 1560 1390 1607 ligentiam
1418 1561 1454 1593 in
1473 1572 1516 1594 eo
1532 1572 1683 1605 quoque
1702 1560 1950 1605 agnoscimus,
1975 1559 2098 1605 quod,
2118 1571 2233 1604 quum

1201 1620 1239 1652 in
1258 1618 1429 1652 Historiis
1447 1617 1493 1651 de
1518 1617 1741 1651 Parthorum
1769 1618 1940 1651 institutis
1960 1618 2117 1663 loquens
2134 1629 2232 1662 quae-

1202 1676 1287 1710 dam
1309 1675 1356 1710 de
1383 1675 1556 1721 synedrio
1577 1675 1753 1709 Parthico
1780 1675 1836 1709 vel
1855 1676 2032 1710 omisisset
2051 1675 2109 1709 vel
2131 1675 2234 1709 aliter

1201 1742 1312 1780 atque
1351 1733 1573 1768 Posidonius
1607 1739 1811 1779 narrasset,
1846 1745 1887 1767 ea
1921 1734 1960 1766 in
1991 1733 2235 1779 Geographiis

1201 1792 1372 1827 addenda
1392 1804 1466 1826 esse
1485 1792 1626 1826 censuit
1646 1790 1711 1840 (fr.
1737 1790 1796 1838 2).
1826 1791 1996 1825 Ceterum
2015 1791 2234 1837 quibusnam

1202 1851 1402 1885 lectoribus
1421 1851 1605 1896 scripserit
1628 1856 1663 1884 et
1690 1849 1882 1895 quodnam
1914 1851 1948 1883 in
1968 1849 2235 1895 componendis

1201 1909 1482 1943 Commentariis
1496 1909 1690 1942 eonsilium
1704 1908 1841 1941 stoicus
1854 1915 1979 1942 noster
1993 1907 2235 1954 philosophus

1203 1973 1346 2001 secutus
1365 1968 1430 2010 sit,
1453 1967 1530 2013 ipse
1550 1979 1617 2001 nos
1637 1965 1748 2000 docet
1764 1966 1870 2013 loco,
1892 1978 2002 2012 quem
2019 1964 2094 2011 jam
2119 1964 2234 2010 subji-

1202 2037 1327 2060 cimus.

1559 2134 1868 2168 TESTIMONIA.

1709 2238 1736 2259 1.

1254 2325 1387 2360 Strabo
1403 2327 1436 2369 I,
1454 2338 1492 2372 p.
1516 2325 1557 2359 13
1569 2351 1577 2367 ,
1594 2324 1614 2371 ξ
1634 2336 1693 2367 22,
1709 2323 1755 2357 de
1771 2335 1884 2369 opere
1901 2335 1966 2357 suo
1983 2323 2234 2372 geographico

1203 2385 1358 2430 loquens
1377 2397 1384 2417 ι
1406 2381 1539 2422 Ἁπλῶς
1558 2380 1591 2416 δὲ
1609 2379 1719 2416 κοινὸν
1740 2373 1826 2415 εἶναι
1845 2378 1882 2415 τὸ
1903 2378 2115 2429 σύγγραμμα
2137 2382 2236 2415 τοῦτο

1202 2440 1250 2476 δεῖ
1277 2440 1335 2476 καὶ
1364 2438 1537 2475 πολιτικὸν
1559 2437 1616 2474 καὶ
1638 2435 1839 2484 δημωφελὲς
1867 2435 2011 2484 ὁμοίως,
2030 2433 2155 2486 ὥσπερ
2174 2435 2234 2480 τὴν

1201 2501 1260 2542 ’.ἧς
1279 2496 1428 2546 ἱστορίας
1452 2495 1601 2546 γραφήν.
1620 2495 1732 2532 Κάκεῖ
1748 2493 1782 2530 δὲ
1800 2494 1974 2530 πολιτικὸν
1996 2493 2138 2543 λέγομεν
2158 2493 2234 2544 οὐχὶ

1201 2555 1256 2590 τὀν
1276 2553 1497 2591 παντάπασιν
1520 2553 1739 2597 ἀπαίδευτον,
1758 2551 1846 2587 ἀλλὰ
1863 2551 1919 2588 τὸν
1942 2551 2160 2601 μετασχόντα
2176 2554 2236 2595 τῆς

1199 2628 1235 2649 τε
1256 2612 1433 2662 ἐγκυκλίου
1454 2611 1512 2648 καὶ
1534 2610 1695 2655 συνήθους
1724 2611 1860 2659 ἀγωγῆς
1877 2610 1944 2650 τοῖς
1971 2609 2154 2659 ἐλευθέροις
2177 2609 2235 2645 καὶ

1199 2677 1266 2712 τοῖς
1284 2673 1535 2723 φιλοσοφοῦσιν·
1552 2669 1628 2707 οὐδὲ
1645 2668 1709 2719 γὰρ
1728 2668 1769 2705 ἂν
1786 2667 1862 2705 οὔτε
1879 2667 1993 2719 ψέγειν
2016 2667 2152 2704 δύναιτο
2168 2683 2234 2704 κα-

1168 2689 1171 2769 1
1198 2731 1265 2772 λῶς
1289 2729 1358 2766 οὔτ’
1383 2729 1546 2774 ἐπαινεῖν,
1566 2726 1641 2765 οὐδὲ
1667 2726 1791 2778 κρίνειν
1812 2725 1875 2762 ὅσα
1904 2725 2042 2774 μνήμης
2068 2725 2144 2767 ἄξια
2167 2727 2234 2761 τῶν
2267 2765 2276 2777 ¹

1198 2786 1398 2835 γεγονότων,
1419 2783 1486 2836 ὅτῳ
1505 2784 1609 2832 μηδὲν
1632 2783 1797 2833 ἐμέλησεν
1819 2785 1940 2831 ἄρετ’ἧς
1965 2783 2023 2819 καὶ
2041 2781 2234 2834 φρονήσεως

1198 2845 1257 2880 καὶ
1275 2847 1341 2880 τῶν
1362 2845 1406 2885 εἷς
1428 2847 1536 2879 ταῦτα
1555 2842 1678 2892 λόγων.
1704 2841 1739 2890 [*
1757 2840 1877 2883 Οὕτως
1898 2840 1932 2877 δὲ
1951 2840 2008 2877 καὶ
2030 2843 2060 2877 οἱ
2085 2839 2161 2882 τοὺς
2182 2841 2232 2876 λι-

1200 2902 1301 2950 μένας
1315 2901 1373 2938 καὶ
1389 2901 1463 2942 τοὺς
1475 2901 1658 2952 περίπλους
1673 2899 1904 2947 καλουμένους
1917 2897 2233 2949 πραγματευθέντες

1168 2931 1172 3007 i
1199 2962 1302 3004 ἀτελῆ
1326 2958 1386 3003 τὴν
1412 2959 1590 3009 ἐπίσκεψιν
1613 2962 1810 3006 ποιοῦνται,
1839 2956 1886 3005 μὴ
1915 2955 2150 3006 προστιθέντες
2171 2955 2233 2991 ὅσα

1168 3089 1171 3112 t
1201 3076 1239 3105 sit
1257 3074 1428 3105 institutus.
1443 3076 1522 3105 Nam
1540 3074 1594 3113 (1111
1615 3074 1738 3104 11111111111
1755 3073 1861 3103 virtuti
1878 3080 1913 3102 ac
1930 3071 2123 3111 prudentiae,
2141 3074 2236 3110 atquc

1205 3126 1240 3156 iis
1255 3126 1371 3164 ‹pnhus
1388 3125 1445 3155 ista
1463 3126 1686 3164 comparantur
1703 3123 1855 3153 doctrinis
1867 3122 2005 3152 studium
2027 3122 2195 3160 impendit,
2212 3123 2235 3152 is

1206 3186 1306 3216 neque
1323 3177 1499 3216 vituperare
1522 3177 1692 3215 quicquam
1717 3177 1819 3213 recte,
1843 3183 1946 3213 neque
1971 3174 2114 3212 laudare,
2134 3183 2234 3213 neque

1201 3227 1340 3265 judicare
1355 3229 1473 3266 potest,
1489 3236 1636 3265 quaenam
1656 3227 1736 3256 sacta
1753 3226 1814 3256 sint
1830 3225 1922 3263 digna
1940 3225 2104 3255 memoria.
2124 3224 2190 3262 (Sic
2215 3225 2233 3254 11

1203 3278 1257 3316 qni
1278 3281 1387 3315 portas
1404 3280 1431 3307 et
1451 3276 1787 3315 circuinnavigationes
1805 3285 1884 3314 quas
1899 3277 2009 3305 vocant
2026 3275 2232 3314 descripsere,

1203 3328 1417 3366 imperfectam
1434 3328 1651 3358 tractationem
1676 3327 1887 3365 reliquerunt,
1904 3335 1964 3356 non
1984 3326 2140 3364 adjunctis
2158 3335 2231 3364 (11110,

1150 3389 1197 3409 ἰἶΝΙ
