2338 3765
921 180 1246 218 FRAGMENTA.

287 286 554 324 ψΟΙΝΙΚΙΚΙΙ
592 284 804 321 ΙΣἸὈΙἾΑ.

531 404 559 426 1.

212 484 241 520 F„
274 480 523 519 PROOEMIO
554 481 688 519 LIBRI
725 481 878 518 PRtMi.

83 575 258 611 Eusebius
279 576 337 611 l‘r.
360 576 424 610 Ev.
442 575 458 608 Ι
471 602 481 621 ‚
500 588 537 621 9,
556 586 595 621 p.
621 574 681 620 30,
703 576 734 609 D
756 575 809 620 (p.
828 573 876 607 66
895 572 1021 622 Gst'd.)
1046 585 1054 610 :

29 632 175 683 Ἱστορεῖ
193 630 228 668 δὲ
248 634 358 667 ταῦτα
380 631 454 680 (sc.
475 631 517 667 τὰ
539 630 748 679 Φοινικικὰ)
771 630 1057 680 Σαγχουνιάθιιη,

29 689 114 740 ἀνὴρ
134 688 364 730 παλαιότατος
378 687 436 725 καὶ
452 689 517 724 τῶν
534 689 701 738 Τρωικῶν
719 689 850 739 χρόνων
863 717 871 733 ,
888 687 931 729 ὥς
948 703 1030 738 φασι
1046 718 1055 735 ‚

28 746 275 798 πρεσὸύτερος,
304 744 339 783 ὃν
368 745 426 782 καὶ
457 745 510 782 ἐπ’
544 746 703 796 ἀκριὸείᾳ
737 746 795 783 καὶ
822 746 965 796 ἀληθείᾳ
998 748 1057 790 τῆς

30 806 233 848 Φοινικικῆς
249 803 397 854 ἱστορίας
414 804 648 853 ἀποδεχθῆναι
665 807 886 854 μαρτυροῦσι.
913 803 1056 842 Φίλων

29 863 63 899 δὲ
81 862 201 899 τούτου
223 867 339 898 πᾶσαν
358 860 420 907 τὴν
442 861 673 912 συγγραφὴνὸ
696 861 856 907 Βύὸλιος,
877 863 940 911 οὐχ
963 864 980 897 ὁ
1000 861 1055 899 Ἑ-

29 921 160 970 Εραῖος,
177 918 386 969 μεταὸαλὼν
401 918 470 956 ἀπὸ
487 922 546 964 τῆς
564 918 737 956 Φοινίκων
750 918 908 966 γλώσσης
923 918 978 955 ἐπὶ
994 918 1056 965 τὴν

29 978 185 1016 Ἑλλάδα
202 976 315 1028 φωνὴν
330 977 485 1020 ἐξέδωκε.
504 978 688 1026 Μέμνηται
703 976 830 1014 τούτων
847 979 864 1013 ὃ
879 977 953 1014 καθ’
968 979 1059 1025 ἡμᾶς

29 1036 90 1081 τὴν
110 1036 186 1073 καθ’
205 1037 304 1083 ἡμῶν
325 1034 556 1082 πεποιημένος
577 1033 745 1080 συσκευῆν
767 1036 800 1071 ἐν
820 1035 973 1085 τετάρτῳ
999 1037 1059 1079 τῆς

28 1096 109 1147 πρὸς
119 1098 211 1145 ἡμᾶς
221 1089 497 1141 ὑ·ποθέσειι)ς,ίῖ)δε
507 1096 555 1146 τῷ
567 1094 661 1145 ἀνδρὶ
674 1095 854 1144 μαρτυρῶν
864 1092 1056 1144 πρὸςλέξιν·

79 1167 108 1190 2.
145 1172 159 1186 «ι
182 1153 324 1204 Ἱστορεῖ
343 1152 377 1189 δὲ
400 1153 445 1203 (*)
473 1151 515 1189 τὰ
532 1152 609 1203 περὶ
630 1150 802 1190 Ἰουδαίων
824 1150 1058 1197 ἀληθέστατα,

26 1211 77 1248 ὅτι
93 1211 150 1248 καὶ
170 1210 237 1253 τοῖς
253 1213 368 1254 τόποις
382 1210 440 1247 καὶ
457 1210 525 1252 τοῖς
545 1209 708 1258 ὀνόμασιν
725 1211 836 1246 αὐτῶν
851 1208 894 1245 τὰ
915 1223 1056 1260 συμφω-

27 1268 150 1306 νότατα
161 1300 168 1314 ,
183 1267 447 1318 Σαγχουνιάθων
462 1269 479 1304 ὁ
495 1267 678 1318 Βηρύτιος,
694 1266 840 1318 εἰληφὼς
851 1265 893 1303 τὰ
907 1265 1055 1314 ὑπομνή-

27 1341 121 1374 ματα
145 1325 241 1376 παρὰ
264 1325 491 1376 Ἱερομὸοίλου
518 1328 577 1362 τοῦ
598 1324 714 1376 ἱερέως
740 1326 832 1363 Θεοῦ
855 1327 914 1360 τοῦ
940 1322 1057 1361 'leud-

27 1383 62 1426 ὃς
82 1383 281 1434 Ἀὅελὸάλῳ
314 1383 370 1432 (**)
399 1384 448 1434 τῷ
471 1383 608 1433 βασιλεῖ
626 1381 802 1433 Βηρυτίων
825 1380 887 1426 τὴν
907 1382 1059 1433 ἱστορίαν

27 1436 158 1478 ἀναθεὶς
172 1465 181 1481 ,
201 1437 256 1472 ὑπ’
274 1435 401 1472 ἐκείνου
422 1435 479 1472 καὶ
496 1437 563 1472 τῶν
581 1437 658 1472 κατ’
677 1435 777 1472 αὐτὸν
796 1434 982 1478 ἐξεταστῶν
1000 1436 1059 1479 τ’ῆς

27 1493 189 1539 ἀληθείας
207 1493 417 1544 παρεδέχθη.
439 1494 484 1532 Οἱ
503 1493 537 1530 δὲ
555 1493 685 1530 τούτων
704 1492 820 1544 χρόνοι
837 1494 895 1530 καὶ
912 1492 978 1543 πρὸ
992 1494 1058 1529 τῶν

27 1553 194 1602 Τρωικῶν
222 1552 386 1589 πίπτουσι
405 1550 560 1603 χρόνων,
581 1550 639 1588 καὶ
665 1551 786 1601 σχεδὸν
810 1551 877 1593 τοῖς
906 1550 1060 1592 Μωσέως

28 1610 273 1655 πλησιάζουσιν
285 1640 295 1658 ,
314 1612 359 1652 ὡς
379 1611 413 1646 αἱ
430 1611 497 1646 τῶν
512 1609 687 1648 Φοινίκων
705 1608 875 1659 βασιλέων
894 1608 1060 1657 μηνύουσι

29 1667 198 1719 διαδοχαί.
228 1667 498 1719 Σαγχουνιάθων
520 1667 555 1704 δὲ
581 1667 671 1705 κατὰ
691 1666 752 1712 τὴν
775 1667 949 1705 Φοινίκων
981 1666 1057 1703 διοί-

68 1792 110 1831 (*)
132 1792 236 1824 Verba
255 1795 367 1833 ἱστορεῖ
388 1793 457 1824 δὲ...

27 1840 73 1871 nit
90 1840 205 1871 Euseb.
221 1849 252 1880 p.
270 1843 329 1872 485
346 1842 380 1872 B.

66 1887 122 1925 (**)
136 1888 185 1918 Sic
197 1892 214 1918 5
228 1887 319 1918 codd·
332 1898 341 1926 ;
353 1896 381 1926 p,
399 1889 471 1926 485,
484 1889 519 1925 B,
532 1889 579 1918 est
592 1887 760 1927 Ἀῧελὸαλῷ
770 1898 779 1925 ;
791 1887 884 1926 vulgo
897 1886 1041 1927 Ἀὃιὸάλῳ
1051 1910 1059 1924 ,

26 1933 110 1972 quod
127 1933 211 1972 Tyrii
229 1934 309 1972 regis
322 1942 437 1964 nomen
456 1934 550 1964 affert
567 1933 663 1964 etiam
683 1934 837 1972 Josephus
857 1938 891 1964 Α.
913 1935 942 1963 J.
962 1935 1033 1963 Vlll
1046 1957 1054 1970 ‚

29 1985 65 2018 5,
83 1984 111 2011 3.
134 1981 247 2019 c.Ap.
271 1982 302 2017 1,
325 1983 437 2011 17.18.

476 1793 642 1834 Ἀσσυρίων
665 1793 820 1832 βασιλίδος
835 1793 949 1823 iterum
966 1801 1058 1832 appo-

252 2081 541 2119 PHOENICUM
577 2082 830 2119 HISTORIA.

530 2165 558 2195 1.

69 2224 129 2254 Res
141 2224 247 2254 autem
261 2223 335 2254 istas
347 2224 584 2255 Sanchuniatho
595 2223 723 2263 quidam
738 2223 898 2254 memoriae
911 2223 1057 2263 prodidit,

27 2274 76 2305 vir
90 2274 338 2314 antiquissimuS,
349 2283 507 2315 quemque
517 2276 590 2305 ante
600 2276 735 2313 Trojana
750 2276 891 2314 tempora
907 2274 1058 2311 floruisse,

27 2333 213 2365 summaque
228 2334 300 2356 cum
317 2325 484 2365 diligentiae
500 2327 569 2356 tum
593 2325 735 2357 veritatis
756 2325 848 2357 laude
874 2325 1058 2356 Phoenicum

29 2376 192 2407 historiam
221 2376 380 2416 scripsisse
403 2378 571 2407 testantur.
602 2375 703 2415 Hujus
731 2376 930 2416 scriptionem
958 2377 1059 2407 totam

28 2427 117 2458 Philo
126 2451 135 2466 ,
146 2436 208 2458 non
220 2426 370 2458 Hebraeus
379 2427 447 2465 ille,
459 2427 512 2459 sed
527 2427 656 2467 Byblius
666 2436 704 2458 ex
720 2427 901 2459 Phoenicum
913 2426 1060 2458 idiomate

28 2479 171 2509 Graecam
190 2478 222 2509 in
238 2478 376 2518 linguam
392 2487 576 2510 conversam
594 2479 744 2519 vulgavit.
766 2478 912 2518 Ejusdem
934 2487 1060 2518 quoque

29 2529 171 2561 meminit
193 2529 234 2567 is,
254 2529 308 2569 qui
329 2531 436 2560 nostra
456 2531 607 2561 memoria
622 2540 700 2570 opus
719 2530 796 2561 illud
815 2529 981 2561 adversum
1004 2538 1061 2560 nos

29 2581 199 2613 mendaciis
229 2581 455 2621 fraudibusque
476 2583 598 2612 textum
626 2583 855 2614 consarcinavit
884 2582 1059 2622 (Porphy—

29 2632 122 2670 rius)
133 2655 141 2671 ‚
159 2631 235 2663 dum
251 2631 331 2662 libro
347 2634 461 2671 quarto
475 2632 577 2672 ipsum
595 2632 689 2671 hujus
701 2634 873 2664 testimonii
887 2633 934 2664 sui
949 2633 1059 2673 praedi·

31 2682 156 2714 catione
172 2681 384 2713 commendat.

72 2738 101 2765 2.
127 2746 143 2760 ιι
160 2735 296 2772 Rerum,
314 2733 434 2773 inquit,
457 2733 496 2764 ad
509 2733 637 2765 Judaeos
659 2734 880 2774 pertinentium
899 2734 1060 2766 historiam

31 2785 265 2818 sancliuniatho
279 2785 421 2826 Berytius
436 2794 560 2816 summa
575 2785 634 2817 fide
647 2785 830 2826 conscripsit
839 2810 847 2825 ,
859 2787 975 2826 quippe
987 2796 1060 2826 quae

32 2845 105 2867 cum
116 2845 225 2868 eorum
237 2837 313 2868 locis
322 2838 417 2876 atque
427 2836 606 2867 nominibus
615 2837 755 2876 apprime
766 2837 953 2875 consentiat,
962 2847 1061 2877 quum

32 2887 273 2919 commentarios
294 2887 332 2918 de
354 2887 445 2918 rebus
463 2887 647 2919 Judaeorum
670 2888 840 2927 accepisset
860 2887 899 2918 ab
917 2888 1060 2919 Hierom-

33 2941 104 2972 balo
119 2941 129 2980 (
142 2940 303 2980 theone)
320 2941 449 2972 Jehovae
463 2941 639 2979 sacerdote,
657 2941 712 2981 qui
730 2941 890 2972 historiam
907 2951 996 2973 suam
1010 2943 1061 2975 de·

33 2993 193 3023 dicaverat
210 2992 358 3023 Abelbalo
379 2993 421 3031 (s.
443 2992 615 3031 Abtbalo),
634 2993 730 3031 atque
745 2993 813 3023 tum
830 2992 869 3023 ab
885 2993 951 3032 ipso
971 3002 1061 3033 rege,

35 3046 102 3074 tum
130 3042 170 3074 ab
187 3043 223 3074 iis
240 3052 377 3083 quorum
392 3042 477 3082 apud
495 3043 594 3082 ipsum
614 3043 681 3073 erat
698 3042 737 3073 de
751 3043 913 3083 scripturae
932 3045 1063 3076 veritate

35 3097 237 3134 cognoscere,
254 3095 405 3133 tanquam
422 3102 516 3124 verus
537 3095 669 3133 scriptor
688 3094 885 3125 collaudatus
898 3096 955 3126 est.
977 3097 1064 3126 AEtas

37 3153 112 3176 vero
126 3141 237 3175 hor‘um
249 3144 388 3175 virorum
400 3147 424 3175 T
428 3145 541 3183 rojanis
553 3145 745 3184 temporibus
755 3145 911 3184 antiquior
921 3147 1064 3185 proxime

37 3196 77 3226 ad
91 3198 195 3227 Mosen
208 3196 310 3236 ipsum
324 3196 457 3235 accedit,
470 3198 503 3227 ut
515 3206 553 3227 ex
569 3197 735 3228 Phoeniciae
750 3206 856 3237 regum
871 3198 948 3229 serie
960 3199 1064 3238 quivis

37 3247 158 3278 auferre
178 3248 289 3286 potest.
314 3247 550 3278 Sanchuniatho
573 3249 699 3286 autem,
713 3248 768 3287 qui
790 3248 946 3279 Phoenicia
962 3249 1065 3289 lingua

39 3301 175 3330 veterem
200 3299 361 3330 historiam
387 3300 500 3339 partim
525 3309 563 3331 ex
589 3301 793 3340 singularium
819 3300 944 3331 urbium
970 3304 1064 3341 actis,

40 3350 152 3388 partim
172 3359 210 3380 ex
233 3351 421 3390 templorum
442 3352 654 3383 monumentis
671 3352 835 3384 collectam
851 3356 878 3384 et
898 3363 1064 3394 coagmen-

2069 192 2086 219 ἶ)
2097 193 2117 220 (ἶ
2127 194 2141 219 3

1119 272 1234 306 λεκτον
1260 271 1454 320 φιλαλήθιιις
1494 275 1538 321 (¹)
1562 272 1620 317 τὴν
1654 274 1804 309 παλαιὰν
1835 274 1983 324 ἱστορίαν
2007 276 2041 310 ἔκ
2076 279 2138 311 τῶν

1119 327 1206 363 κατὰ
1227 329 1324 364 πόλιν
1343 331 1598 378 ὑπομνημάτιι)ν
1622 332 1678 367 καὶ
1700 334 1764 368 τῶν
1786 335 1817 368 ἐν
1846 338 1911 374 τοῖς
1939 334 2038 382 ἱεροῖς
2057 337 2118 369 ἀνα

1118 387 1255 434 γραφῶν
1274 386 1473 435 συναγαγὼν
1490 387 1529 432 δὴ
1546 388 1601 424 καὶ
1618 390 1816 439 συγγράψας
1837 390 1891 426 ἐπὶ
1914 391 2139 440 Σεμιράμειιις

1119 440 1160 489 γε’
1160 456 1235 490 γονε
1253 444 1311 485 τῆς
1331 442 1512 493 ΛσσυρίιιΝ
1537 445 1768 493 βασιλίδος,
1749 451 1769 490 ἠ
1792 462 1856 496 προ
1873 463 1938 483 των
1960 447 2141 495 ’Urunt-'iv

1120 497 1141 542 ἢ
1160 498 1237 533 κατ’
1258 514 1379 541 αυτους
1397 516 1434 549 γε
1452 517 1526 543 τους
1542 503 1679 552 χρόνους
1696 519 1731 551 -εγ
1736 520 1768 540 νε
1756 504 1850 540 έσΟοιι
1871 506 1973 554 ἀναγέ
1978 521 2138 556 γραπται

1120 555 1175 594 Τὰ
1192 555 1226 593 δὲ
1240 560 1298 593 τοῦ
1316 559 1616 607 ..αγχιουνιάΟιινος
1634 563 1677 602 εἷς
1693 561 1734 598 ‘F
1739 562 1846 598 λλάδα
1862 563 1928 611 γλιι
1925 578 2020 599 ισσαν
2035 579 2106 611 ηρυ.
2110 565 2143 608 r'-

1118 628 1151 649 νε
1156 628 1213 650 υσε
1233 614 1383 651 Φίλων
1371 630 1387 651 ο
1406 616 1595 658 nomm.»

1173 683 1203 709 3.
1225 673 1346 709 Ταῦτα
1368 672 1429 721 μὲν
1454 676 1470 709 ὃ
1491 675 1671 720 δηλωΟεὶς,
1692 676 1852 721 αλήΟειοιν
1883 680 1967 725 ὁμοῦ
1988 679 2043 714 καὶ
2067 694 2141 714 'trat-

1120 728 1291 774 λαιότητα
1316 731 1364 779 τῷ
1390 729 1429 774 δὴ
1455 731 1601 781 Οεολόγῳ
1620 733 1853 782 μαρτυρήσας.
1879 734 1921 771 ‘0
1943 735 1976 771 δὲ
1992 736 2117 785 προϊὼν
2134 767 2142 778 ,

1121 787 1158 822 οὖ
1178 786 1235 823 τὸν
1259 786 1314 823 ἐπι
1332 786 1469 823 πάντων
1488 788 1533 824 Οε
1510 803 1580 833 ε,ον
1600 790 1673 825 ουδὲ
1694 807 1718 838 υ.
1721 807 1760 834 ην
1783 795 1816 827 ee
1820 807 1874 833 ους
1893 807 1968 833 τους
1987 795 2062 829 κατ’
2082 796 2128 829 ου-

1125 859 1244 893 ρανον,
1264 844 1402 889 θνητους
1423 845 1457 881 δὲ
1480 846 1603 895 ἄνδρας
1624 862 1681 882 και
1696 854 1877 896 γυναῖκας,
1896 849 1969 886 ουδὲ
1989 866 2044 886 τον
2064 852 2139 900 τρό

1124 916 1187 937 πον
1205 901 1375 946 ἀστείους,
1396 918 1483 944 οιους
1504 903 1543 939 δι’
1563 904 1684 954 ἀρετην
1705 905 1741 947 d}
1748 920 1793 941 ιον
1815 909 1900 942 εἶναι
1919 909 2021 943 <2⁷:032
2016 907 2143 950 ξασθαι

1122 958 1144 1004 ἢ
1166 960 1321 1005 ζηλωσαι
1343 976 1402 1005 της
1422 961 1620 1012 φιλοσοφίας
1634 991 1641 1005 ,
1662 963 1872 1012 φαυλότητος
1890 963 1999 1000 δὲκαὶ
2019 970 2145 1015 μοχθη-

1125 1018 1198 1069 ρίας
1220 1018 1358 1064 ἁπάσης
1390 1019 1513 1056 κακίαν
1548 1020 1719 1070 περιῧείῗλ·
1704 1021 1855 1069 ηιιένους
1885 1024 2043 1092 Οεολογέῖ
2076 1026 2143 1061 Im

1125 1082 1339 1127 μαρτυρεῖγε
1357 1092 1493 1118 τουτους
1521 1092 1641 1118 αυτους
1661 1078 1805 1120 εκείνους
1823 1084 1906 1115 εἰναι
1919 1095 2019 1124 ,τους
2045 1082 2113 1117 eto-³

1121 1134 1180 1170 καὶ
1200 1150 1258 1171 νυν
1287 1133 1381 1176 θεους
1400 1150 1495 1185 παρα
1522 1138 1575 1171 τοῖ
1565 1152 1590 1176 ,ς
1616 1141 1700 1171 πᾶσι
1723 1151 1904 1184 νενομεισμ
1897 1137 1979 1179 ’νους
2001 1139 2087 1174 κατά
2113 1155 2144 1173 τ

1122 1192 1180 1234 τὰς
1197 1193 1313 1235 πόλεις
1330 1192 1387 1229 καὶ
1408 1191 1467 1234 τὰς
1486 1191 1611 1243 χώρας.
1632 1191 1742 1242 Δέχου
1762 1193 1795 1229 δὲ
1814 1194 1871 1229 καὶ
1886 1194 2011 1230 τούτων
2028 1196 2064 1230 ἐκ
2082 1198 2145 1231 τῶν

1122 1250 1300 1301 ἐγγράφων
1322 1249 1382 1292 τὰς
1411 1249 1609 1293 ἀποδείξεις.
1630 1250 1674 1288 ‘O
1698 1250 1737 1295 δὴ
1761 1251 1893 1296 Φίλων,
1915 1253 1958 1293 εἷς
1979 1252 2072 1288 ἐννέα
2097 1254 2144 1302 pi·

1125 1307 1224 1350 ὅλους
1253 1307 1314 1352 τὴν
1343 1313 1460 1345 πᾶσαν
1492 1312 1550 1345 τοῦ
1581 1308 1885 1358 Σαγχουνιάθωνος
1914 1310 2149 1359 πραγματεία]

1121 1365 1260 1414 διελὼν,
1292 1365 1399 1402 κατὰ
1427 1366 1470 1402 τὸ
1499 1366 1722 1417 προοίμιον
1754 1369 1825 1403 τοῦ
1854 1366 2025 1417 πρώτου
2055 1383 2149 1415 συγ-

1119 1424 1375 1474 γράμματος
1406 1425 1520 1465 αὐτοῖς
1549 1424 1679 1476 ῥήμασι
1700 1423 1857 1475 προλέγει
1878 1424 1955 1474 περὶ
1973 1428 2029 1460 τοῦ
2053 1426 2145 1473 Σαγ-

1119 1482 1344 1533 χουνιάθωνος
1363 1485 1490 1518 ταῦτα·

1180 1552 1210 1577 4.
1234 1557 1248 1572 «
1271 1539 1410 1577 Τούτων
1429 1539 1535 1580 οὕτως
1552 1539 1699 1589 εγόντων
1726 1543 1742 1575 ὁ
1762 1542 1813 1577 Eo(
1817 1540 2048 1590 γ’]ουνιαῡων7
2068 1556 2151 1589 ανηρ

1122 1595 1326 1644 πολυμαθὴς
1358 1596 1417 1632 καὶ
1451 1596 1708 1647 πολυπράγυων
1742 1597 1920 1646 γενόμενος
1952 1598 2010 1634 καὶ
2044 1598 2085 1633 τὰ
2116 1598 2147 1639 ἐξ

1122 1654 1251 1704 ἀρχης,
1272 1655 1328 1705 ἀφ’
1349 1669 1387 1690 ου
1411 1653 1453 1689 τὰ
1478 1654 1588 1690 πάντα
1615 1654 1777 1700 συνέστη,
1798 1655 1892 1705 παρὰ
1912 1656 2050 1692 πάντων
2072 1658 2137 1692 εἶδέ

1122 1726 1176 1747 ναι
1192 1713 1325 1757 ποθων,
1347 1712 1432 1748 πολυ
1455 1727 1697 1763 φροντιστικως
1715 1713 1882 1758 εμάστευε
1904 1712 1946 1749 τὰ
1966 1713 2145 1756 Γααυτου

1123 1767 1217 1811 εἰδὼς
1238 1767 1289 1806 ὅτι
1310 1771 1377 1805 τῶν
1404 1772 1458 1820 ὑφ’
1477 1770 1565 1820 ἡλίῳ
1583 1769 1768 1819 γεγονότων
1787 1770 1919 1820 πρῶτός
1937 1773 2008 1808 ἐστι
2024 1771 2145 1808 Totam

1121 1842 1174 1868 τος
1187 1856 1196 1874 ,
1215 1829 1232 1863 ὃ
1249 1829 1314 1864 τῶν
1332 1827 1548 1878 γραμμάτων
1565 1827 1627 1872 τὴν
1646 1827 1776 1878 εὕρεσιν
1797 1827 1998 1873 ἐπινοήσας,
2017 1828 2074 1865 καὶ
2090 1831 2149 1872 τῆς

1163 1936 1205 1973 (⁴¹)
1230 1935 1446 1966 Theodoretus
1467 1936 1558 1967 Ther.
1579 1946 1607 1975 p.
1635 1942 1691 1974 Qs,
1716 1938 1769 1975 qui
1795 1938 1879 1967 hunc
1900 1938 2003 1967 locum
2029 1938 2147 1967 exscri-

1121 1982 1199 2020 psit,
1222 1981 1316 2012 habet
1331 1983 1347 2012 ὁ
1367 1982 1446 2012 κατὰ
1461 1983 1515 2017 τὴν
1532 1985 1573 2013 Φ,
1594 1983 1619 2012 δ.
1638 1983 1810 2022 φιλαλήθης.

1120 2081 1216 2111 tatam
1227 2105 1235 2119 ‚
1249 2081 1398 2119 singulari
1422 2082 1563 2113 veritatis
1579 2082 1684 2113 studio
1703 2083 1898 2122 perscripsit,
1924 2083 2130 2113 Semiramide
2141 2107 2148 2118 ‚

1120 2140 1216 2170 quam
1230 2132 1332 2162 Iliacis
1345 2132 1541 2171 temporilms
1554 2134 1601 2164 vel
1613 2133 1822 2172 antiquiorem
1834 2134 1882 2164 vel
1895 2135 2048 2173 aequalem
2061 2134 2152 2164 fuisse

1120 2185 1314 2221 memorant,
1335 2183 1419 2222 apud
1438 2184 1580 2223 Assyrios
1600 2187 1767 2223 regnanto,
1787 2185 1877 2216 vixit.
1899 2185 2152 2224 Ejusdemporro

1121 2233 1404 2264 Sanchuniathonis
1419 2243 1514 2273 opera
1537 2235 1624 2266 Philo
1645 2235 1772 2274 Byblius
1791 2237 1902 2266 Graeco
1927 2244 2071 2266 sermone
2093 2235 2151 2264 do-

1121 2285 1218 2315 navit.
1242 2297 1256 2310 ι»

1162 2339 1192 2366 3.
1214 2337 1289 2366 Haec
1305 2335 1375 2374 ille,
1393 2335 1507 2375 quibus
1525 2337 1611 2366 istius
1631 2337 1765 2375 theologi
1785 2346 1858 2367 cum
1877 2337 1906 2367 in
1922 2337 2085 2367 scribendo
2103 2345 2151 2366 ve-

1122 2386 1266 2424 ritatem,
1284 2387 1353 2417 tum
1369 2387 1463 2417 etiam
1478 2388 1667 2418 vetustatem
1679 2388 1768 2418 nobis
1781 2388 1925 2418 testatam
1941 2387 2076 2427 reliquit.
2096 2390 2149 2418 ve·

1122 2446 1192 2468 rum
1207 2437 1237 2468 in
1257 2437 1360 2477 operis
1383 2437 1520 2477 suscepti
1547 2446 1708 2477 progressu
1739 2447 1801 2469 non
1820 2439 1885 2477 jam
1902 2438 1996 2469 deum
2015 2439 2149 2469 universi

1121 2488 1370 2528 moderatorem,
1395 2490 1492 2520 immo
1515 2499 1553 2521 ne
1580 2490 1650 2520 coeli
1677 2490 1803 2529 quidem
1828 2490 1962 2528 incolas,
1988 2490 2040 2521 sed
2069 2491 2151 2520 viros

1121 2540 1275 2579 quosdam
1297 2549 1334 2570 ac
1361 2540 1563 2571 mulierculas
1585 2541 1678 2572 morti
1704 2541 1875 2579 obnoxiOS,
1896 2550 2011 2580 eosque
2032 2550 2094 2571 non
2117 2550 2151 2571 ea

1122 2599 1247 2621 morum
1261 2591 1441 2630 honestate,
1461 2593 1495 2622 ut
1521 2594 1647 2630 propter
1665 2592 1814 2623 virtutem
1835 2593 1950 2631 suscipi
1968 2601 2006 2622 ac
2028 2592 2150 2631 probari

1121 2644 1313 2680 mereantur,
1329 2645 1385 2674 aut
1397 2653 1434 2674 ea
1450 2643 1598 2683 prreditos
1617 2644 1785 2683 sapientia,
1800 2653 1871 2683 qufe
1885 2653 1941 2674 nos
1961 2644 1998 2674 ad
2015 2644 2150 2683 ipsorum

1122 2694 1356 2725 aemulationem
1382 2695 1513 2733 invitet,
1539 2694 1591 2725 sed
1614 2695 1761 2725 omnibus
1783 2694 1908 2733 flagitiis
1934 2697 1965 2725 et
1985 2695 2152 2726 sceleribus

1121 2748 1286 2786 coopertos
1308 2747 1398 2777 nobis
1417 2755 1473 2786 pro
1490 2746 1549 2777 diis
1568 2746 1727 2785 obtrudit,
1753 2756 1790 2777 ac
1806 2747 1898 2777 simul
1914 2756 1966 2777 eos
1985 2747 2065 2785 ipsos
2087 2756 2151 2777 esse

1122 2797 1306 2835 confirmat,
1324 2798 1377 2836 qui
1392 2797 1506 2837 passim
1526 2797 1700 2827 etiamnum
1717 2797 1864 2828 omnibus
1878 2798 1907 2828 in
1922 2798 2042 2837 oppidis
2058 2799 2152 2836 atqu:-

1123 2848 1299 2887 regionibus
1326 2849 1458 2879 deorum
1484 2850 1553 2879 loco
1571 2849 1779 2880 celebrantur.
1825 2852 1967 2886 Quarum
1994 2851 2027 2879 tu
2049 2858 2150 2880 rerum

1122 2901 1223 2929 certas
1245 2899 1339 2930 etiam
1356 2909 1394 2929 ex
1419 2900 1544 2930 illorum
1567 2900 1692 2939 scriptis
1714 2900 1821 2939 accipe
1839 2901 2047 2939 probationes.
2065 2900 2150 2930 Philo

1122 2950 1227 2988 igitur,
1242 2950 1294 2989 qui
1306 2950 1592 2981 Sanchuniathonis
1602 2959 1681 2990 opus
1696 2952 1876 2982 universum
1888 2960 2000 2981 novem
2017 2951 2045 2980 iu
2058 2951 2151 2981 libro<

1123 3001 1300 3038 distribuit,
1315 3001 1380 3040 ipso
1394 3001 1500 3031 statIm
1517 3001 1607 3040 primi
1625 3001 1694 3032 libri
1713 3002 1862 3041 procerum
1877 3002 1945 3032 haec
1962 3001 1998 3031 ad
2019 3001 2149 3031 verbum

1123 3051 1162 3082 de
1181 3051 1290 3082 eodem
1308 3052 1438 3082 auctore
1453 3052 1604 3091 praefatur
1621 3065 1626 3082 :

1165 3104 1196 3132 4.
1213 3114 1226 3127 ιι
1247 3103 1322 3132 Haec
1332 3111 1431 3141 quum
1445 3102 1487 3132 ita
1501 3111 1533 3133 se
1544 3102 1712 3140 haberent,
1728 3103 1974 3139 Sanchuuiatho,
1992 3102 2037 3131 vir
2050 3102 2078 3131 in
2091 3102 2149 3139 pri-

1125 3153 1183 3183 mis
1207 3152 1366 3189 eruditus,
1383 3161 1480 3192 quum
1498 3162 1626 3192 operam
1641 3154 1671 3183 in
1694 3162 1798 3184 rerum
1818 3154 2022 3192 plurimarum
2049 3151 2150 3180 studio

1126 3203 1292 3242 posuisset,
1311 3212 1474 3243 quumque
1487 3204 1627 3242 gentium
1640 3205 1783 3234 omnium
1799 3204 1959 3234 historiam
1976 3203 2038 3240 jam
2053 3209 2150 3240 usque

1125 3263 1142 3284 a
1159 3254 1258 3293 prima
1272 3254 1406 3285 universi
1424 3254 1585 3285 molitione
1601 3263 1691 3285 nosse
1705 3255 1904 3285 vehementr-r
1917 3254 2056 3291 optaret,
2074 3261 2148 3290 prae-

1125 3305 1250 3344 cipuam
1265 3305 1422 3343 quandam
1444 3305 1473 3335 in
1489 3305 1732 3345 pervestigandis
1753 3306 1861 3336 Taauti
1877 3303 1999 3341 scriptis
2020 3302 2147 3338 diligen-

1128 3356 1203 3386 tiam
1235 3355 1395 3394 adhibuit,
1427 3356 1504 3385 bcne
1532 3365 1663 3393 guarus,
1690 3356 1830 3385 omnium
1864 3354 1916 3392 qui
1944 3354 2043 3383 lucrm
2071 3353 2148 3383 hanc

1936 3427 1979 3451 36.
