2289 3728
166 174 231 203 114

250 284 486 319 l‘RELLERI
517 284 580 317 DE
617 281 864 317 DOCTRINA
893 284 951 317 ET
981 284 1093 318 FIDE

367 350 641 385 POLEMOMS
670 350 970 388 DISPUJATIO.

211 485 223 497 «
245 467 334 501 Satis
351 467 541 511 quaesitum
563 465 608 500 de
626 465 726 500 libris
747 467 956 501 Polemonis
975 480 980 500 :
1000 468 1184 514 reliquum

154 532 205 559 est
220 532 259 558 ut
273 524 393 558 dicam
408 523 453 558 de
467 524 637 558 doctrina
652 523 728 569 ejus
742 536 782 558 ac
797 523 884 567 fide,
901 524 1022 571 deque
1037 525 1183 560 dicendi

154 594 301 629 genere.
321 582 500 616 Doctrina
521 588 658 627 quanta
677 581 787 616 fuerit
807 589 842 615 et
863 594 973 628 quam
991 584 1183 629 multiplex

155 641 228 685 ipse
250 640 441 686 cognoris,
469 639 498 673 si
523 639 705 685 placuerit
728 638 931 687 fragmenta
948 652 1179 686 percurrere.

154 698 214 731 Est
231 703 353 731 autem
369 697 464 731 ratio
489 696 565 742 ejus
580 697 810 743 potissimum
830 697 966 744 duplex
978 725 987 741 ,
1009 711 1123 744 quum
1149 706 1183 732 et

153 756 191 788 in
206 755 334 789 litteris
351 762 442 789 esset
457 754 701 799 doctissimus,
719 756 831 802 inque
845 763 1054 802 poetarum,
1071 757 1182 791 histo-

152 813 338 855 ricorum,
366 813 694 859 grammaticorum
715 814 873 848 lectione
905 815 1180 858 versatissinms,

153 876 187 904 et
208 871 301 905 hanc
315 871 429 917 ipsam
449 870 656 905 doctrinam
673 870 826 905 mirifice
842 872 995 905 auxisset
1014 874 1181 919 peregri-

152 928 277 963 nando
300 934 615 975 monumentaque
645 936 680 963 et
709 930 965 975 inscriptiones
985 942 1099 975 usque
1125 942 1181 964 se-

153 985 300 1020 ctando.
330 987 384 1020 De
416 986 620 1021 litterarum
653 988 798 1032 quantis
818 988 1033 1021 excelluerit
1055 987 1183 1022 studiis

154 1043 262 1077 velim
283 1042 391 1077 adeas
407 1043 452 1080 fr.
478 1042 545 1086 45,
568 1044 671 1090 quod
691 1051 743 1078 est
771 1044 816 1078 de
845 1045 1086 1090 scriptoribus
1116 1058 1183 1091 pa-

153 1100 360 1144 rodiarum,
383 1102 421 1135 in
436 1114 511 1148 quo
537 1101 651 1136 ferme
678 1103 795 1135 omnis
815 1115 912 1136 nunc
934 1102 979 1136 de
996 1103 1067 1137 hoc
1087 1104 1182 1139 litte—

152 1170 277 1192 rarum
308 1171 442 1206 genere
472 1161 622 1205 quaestio
663 1160 851 1203 innititur,
884 1167 918 1193 ct
953 1160 998 1196 sr.
1040 1160 1101 1207 88,
1137 1162 1182 1197 de

151 1217 397 1262 parasitorum
430 1217 752 1261 denominatione,
775 1230 883 1263 quam
906 1230 981 1252 non
1000 1220 1119 1254 solum
1139 1233 1183 1255 ex

152 1274 472 1320 inscriptionibus,
490 1287 619 1309 verum
637 1276 745 1309 etiam
761 1287 803 1309 ex
815 1277 964 1310 comicis
980 1277 1182 1313 historicis-

153 1343 226 1377 que
247 1344 444 1377 sancquam
467 1333 612 1379 egregia
645 1332 814 1367 doctrina
843 1333 1051 1368 illustravit.
1077 1336 1183 1370 Adde

153 1400 233 1434 quae
252 1389 448 1436 disputavit
475 1389 646 1425 adversus
663 1391 859 1435 Timaeum,
882 1392 1179 1438 Eratosthenem,

152 1447 355 1481 Neanthem
367 1475 376 1491 ,
395 1449 527 1482 Istrum
539 1476 547 1491 ,
562 1449 715 1483 Adaeum
731 1456 763 1483 et
780 1450 1025 1497 Antigonum,
1047 1460 1083 1486 et
1100 1466 1181 1499 quae

155 1512 422 1539 commentatus
441 1514 492 1539 est
511 1506 557 1541 de
574 1506 657 1541 loco
676 1508 940 1554 Xenophontis
958 1510 993 1542 in
1015 1512 1182 1557 Agesilao

156 1561 223 1609 (fr.
251 1562 320 1610 86)
343 1570 378 1597 et
408 1563 453 1597 de
474 1565 546 1598 alio
564 1565 792 1611 Thucydidis
812 1565 878 1612 (fr.
902 1566 950 1612 83)
965 1566 973 1613 )
988 1596 996 1610 ‚
1025 1575 1059 1601 et
1080 1569 1182 1615 quod

153 1620 357 1655 Aristotelis
378 1622 484 1656 etiam
507 1622 724 1658 testimoniis
745 1623 946 1659 identidem
968 1626 1080 1660 utitur
1112 1625 1179 1673 (ef.

151 1678 198 1714 fr.
218 1677 278 1714 88.
297 1677 357 1725 59.
380 1678 465 1725 85),
484 1681 615 1714 summi
639 1681 677 1714 in
694 1693 817 1716 rerum
836 1683 1056 1717 naturahum
1074 1692 1184 1731 atque

154 1736 316 1770 civilium
334 1736 525 1784 disciplina
542 1739 713 1773 auctoris.
728 1740 780 1773 Ex
797 1739 932 1785 quibus
946 1742 1118 1778 omnibus
1134 1745 1184 1778 in-

154 1793 279 1828 timam
300 1805 384 1828 eum
404 1807 487 1828 cum
511 1795 639 1829 litteris
658 1796 942 1843 quibuscunque
962 1801 1183 1836 contraxisse

152 1850 435 1886 familiaritatem
465 1853 694 1900 intelligitur.
731 1855 802 1889 Sed
835 1856 1000 1902 inprimis
1030 1860 1184 1896 coluisse

151 1908 300 1943 videtur
316 1911 495 1954 comicos,
512 1910 558 1944 ad
576 1923 670 1957 quos
687 1924 727 1946 ea
744 1919 847 1948 aetate
865 1926 974 1949 omne
988 1915 1102 1951 ferme
1118 1931 1184 1953 an-

155 1966 367 2012 tiquitatum
399 1968 605 2002 Atticarum
635 1969 797 2004 studium
824 1974 992 2008 revocari
1022 1976 1181 2021 solebat,

152 2024 252 2058 velut
283 2025 322 2059 in
361 2025 406 2060 fr.
447 2025 495 2060 86
526 2027 686 2061 citantur
718 2027 887 2065 Cratinus
920 2029 953 2065 ἐν
995 2030 1181 2079 Πλούτοις,

153 2083 305 2128 Eupolis
322 2082 353 2118 ἐν
376 2081 522 2128 Εἵλωσι,
543 2085 785 2131 Epicharmus
811 2086 844 2121 ἐν
866 2085 1023 2134 Ἐλπίδι,
1053 2090 1086 2125 ἐν
1115 2092 1184 2128 Πε-

154 2137 300 2188 ριάλλῳ,
319 2148 353 2175 et
381 2154 460 2187 quae
481 2143 766 2188 exquisitissimae
786 2145 823 2179 in
842 2146 914 2180 hoc
935 2159 1068 2194 genere
1089 2150 1184 2186 doc—

153 2197 256 2230 trinae
286 2199 485 2244 specimina
516 2206 657 2233 exstant
684 2201 720 2234 in
752 2202 830 2236 aliis
858 2202 1070 2250 fragmentis
1102 2209 1182 2244 alia.

152 2255 280 2303 Neque
305 2255 459 2290 dubium
481 2258 570 2302 quin
594 2258 797 2293 multorum
817 2261 1046 2297 comicorum
1084 2267 1185 2300 testi—

152 2312 276 2344 monia
289 2338 297 2354 ,
329 2313 462 2358 quibus
487 2326 585 2348 nunc
604 2315 784 2361 gloriatur
805 2318 1001 2353 Athenaeus
1014 2348 1022 2363 ,
1045 2333 1088 2356 ex
1108 2325 1181 2357 Po-

154 2369 307 2403 lemonis
331 2370 378 2404 ad
406 2371 505 2405 hunc
535 2375 808 2409 commentariis
835 2378 1062 2422 transierint,
1084 2382 1184 2416 velut

155 2427 190 2459 in
210 2426 464 2463 dissertatione
486 2429 531 2463 de
548 2431 714 2476 parasitis
738 2430 805 2479 (sr.
827 2433 871 2478 87
891 2431 914 2482 ).
934 2436 1067 2471 Itinera
1092 2446 1184 2484 quot

154 2483 282 2517 fecerit
293 2491 329 2518 et
346 2497 455 2530 quam
471 2485 610 2521 dissitas
624 2495 737 2523 terras
750 2490 878 2526 studiis
891 2493 962 2527 suis
979 2494 1183 2541 obsequens

153 2543 423 2587 peragraverit,
441 2550 476 2577 et
502 2556 545 2578 ex
571 2546 764 2581 titulorum
784 2548 906 2583 indice
924 2558 958 2583 et
975 2563 1017 2584 cx
1038 2565 1180 2599 cogno-

154 2599 313 2633 minibus
342 2613 422 2646 quae
451 2602 580 2637 habuit
599 2605 798 2650 gentilibus
820 2608 1015 2643 existimari
1045 2619 1179 2656 potest.

154 2658 301 2703 Optime
320 2660 452 2704 procul
474 2660 590 2694 dubio
608 2670 768 2698 versatus
797 2673 873 2700 erat
895 2667 930 2699 in
950 2667 1099 2703 Graeciae
1119 2683 1183 2704 ur-

154 2714 280 2757 bibus,
312 2717 467 2750 maxime
490 2718 638 2752 Athenis
658 2722 872 2768 Atticaque,
897 2723 998 2769 cujus
1017 2727 1181 2774 antiqui—

155 2777 242 2805 tates
261 2780 394 2818 praeter
414 2774 528 2808 libros
550 2774 635 2826 Περὶ
655 2778 714 2820 τῆς
741 2776 916 2823 Ἀθήνησιν
948 2772 1181 2830 ἀκροπόλεως,

157 2827 242 2876 Περὶ
265 2830 330 2864 τῶν
350 2831 382 2865 ἐν
400 2836 467 2871 τοῖς
491 2832 719 2882 Προπυλαίοις
739 2834 890 2872 πινάκων
916 2847 985 2874 etc.
1017 2842 1183 2889 inprimis

155 2887 260 2919 etiam
283 2899 375 2933 opus
395 2889 567 2924 adversus
587 2893 863 2930 Eratosthenem
889 2898 1028 2932 editum
1051 2906 1180 2935 tracta-

155 2942 236 2987 bat3
256 2955 290 2978 v.
315 2956 395 2989 quae
416 2947 451 2979 in
468 2947 683 2992 praefatione
702 2951 811 2997 hujus
831 2953 914 2987 libri
933 2955 1178 3001 disputantur.

157 3001 272 3033 Porro
290 3002 371 3035 visit
386 3005 520 3049 ArgOS,
544 3006 738 3052 Sicyonem
752 3036 760 3051 ,
778 3011 944 3056 Spartam
957 3039 966 3055 ,
985 3026 1094 3059 quam
1112 3016 1183 3049 suis

156 3058 271 3091 oeulis
287 3070 368 3093 eum
385 3058 551 3096 lustrasse
568 3070 668 3109 patet
685 3078 726 3099 ex
745 3067 788 3102 fr.
816 3081 827 3102 1
839 3081 874 3112 7,
895 3070 1114 3115 Phliuntem,
1136 3074 1180 3107 cf.

155 3114 200 3147 fr.
233 3114 299 3159 583
326 3117 550 3164 Olympiam,
571 3121 731 3166 Thebas,
752 3126 927 3171 Delphos,
950 3129 1179 3173 Thessaliam,

155 3172 202 3207 ef.
226 3172 271 3208 fr.
297 3178 358 3217 44,
381 3176 593 3214 Dodonam.
625 3181 768 3216 Deinde
797 3195 859 3217 eos
880 3197 1030 3232 campos
1053 3188 1180 3222 sedulo

155 3231 381 3276 perquisivit,
395 3233 430 3266 in
445 3234 580 3279 quibus
593 3236 666 3282 ipse
681 3245 785 3273 natus
800 3248 877 3274 erat
891 3249 924 3275 et
939 3242 1079 3287 juvenis
1093 3245 1180 3279 ado-

159 3288 312 3334 leverat,
331 3291 630 3327 celebratissimos
651 3296 730 3328 illos
748 3304 798 3330 tot
823 3300 1010 3344 epicorum
1035 3302 1180 3336 lumini-

948 163 1241 202 POLEMOMS
1274 163 1484 201 lLlliNSlS

1250 251 1338 293 bus,
1361 250 1407 285 de
1425 250 1559 296 quibus
1579 249 1747 295 exposuit
1767 249 1884 282 tribus
1908 249 2010 282 libris
2029 247 2274 297 Περιηγήσεως

1247 305 1368 351 Ἴλίου;
1390 308 1551 352 itemque
1573 306 1750 352 Bithyniae
1771 313 1807 340 et
1825 307 1937 341 Cariae
1957 307 2068 341 urbes
2088 307 2201 352 obiit,
2226 308 2273 342 ef.

1248 365 1292 400 fr.
1318 364 1363 406 34
1385 378 1465 411 sqq.
1490 366 1607 399 Etiam
1626 364 1672 399 ad
1692 364 1825 398 insulas
1842 363 1983 409 trajecit
2003 371 2040 398 et
2064 365 2257 399 Samothra

1247 433 1333 468 cen,
1353 423 1516 456 nobilem
1543 422 1642 464 illam
1669 421 1789 467 prisca
1820 420 2043 456 Cabirorum
2071 422 2275 469 religione,

1246 480 1398 526 propria
1418 480 1620 526 scriptione
1638 479 1957 522 circumvectavit3
1977 478 2023 514 cf.
2048 478 2094 515 fr.
2119 479 2181 514 36.
2203 480 2278 514 Ne-

1246 548 1318 582 que
1343 538 1474 571 Chium
1498 537 1747 583 Erythrasque
1766 537 1902 570 vicinas
1930 544 1965 570 et
1991 535 2171 572 Rhodum
2198 549 2276 571 non

1247 595 1422 638 visitavit,
1440 608 1478 630 v,
1501 595 1543 629 fr.
1562 594 1610 629 80
1623 622 1631 637 ,
1650 601 1760 640 atque
1776 594 1872 628 Sami
1886 593 1980 628 adeo
2001 601 2163 629 versatus
2178 591 2275 637 erat,

1246 661 1285 687 ut
1312 652 1442 699 Σάμιος
1468 654 1669 699 aequalibus
1695 653 1963 699 appellaretur;
1989 665 2022 688 v,
2051 654 2185 689 Athen.
2210 654 2275 698 VI,

1247 723 1282 756 p.
1309 710 1397 757 234,
1417 713 1463 747 D.
1483 712 1527 745 In
1546 710 1649 756 cujus
1672 711 1796 744 insulae
1817 710 2066 757 descriptione
2094 722 2136 745 ea
2155 711 2278 758 expli—

1247 769 1423 803 catissime
1444 781 1463 802 a
1484 769 1686 803 Polemone
1716 775 1868 802 tractata
1894 780 1969 803 esse
1987 774 2101 815 puto,
2125 768 2173 802 ad
2198 779 2279 814 quae

1245 827 1371 872 paucis
1381 826 1501 860 verbis
1512 825 1785 861 alluditStrabo
1796 826 1938 872 X1v‚p.
1955 826 2025 872 169
2037 836 2045 861 :
2056 823 2275 874 ΤὸἩραῖον,

1246 883 1388 932 ἀρχαῖον
1405 881 1509 932 ἱερὸν,
1531 881 1590 918 καὶ
1609 881 1689 923 νεὼς
1704 880 1828 931 μέγας,
1846 880 1880 923 ὃς
1894 885 1950 918 νῦν
1966 881 2178 927 πινακοθήκη
2195 883 2277 918 ἐστί·

1246 938 1352 989 χωρὶς
1373 937 1407 975 δὲ
1433 942 1492 976 τοῦ
1513 937 1662 983 πλήθους
1687 941 1754 974 τῶν
1775 939 1919 975 ἐνταῦθα
1939 938 2104 988 κειμένων
2123 939 2277 976 πινάκων

1246 995 1348 1033 ἄλλαι
1366 999 1596 1040 πινακοθῆκαι
1616 995 1674 1032 καὶ
1691 993 1826 1032 ναΐσκοι
1845 994 1932 1038 τινές
1949 997 2033 1042 εἶσι,
2049 995 2192 1047 πλήρεις
2209 998 2276 1032 τῶν

1248 1054 1401 1104 ἀρχαίων
1428 1057 1577 1105 τεχνῶν·
1601 1054 1639 1091 τό
1659 1069 1694 1090 τε
1724 1051 1888 1104 ὕπαιθρον
1909 1052 2034 1102 ὁμοίως
2060 1053 2184 1102 μεστόν
2207 1055 2278 1091 ἐστι

1246 1114 1311 1148 τῶν
1333 1111 1480 1164 ἀρίστων
1509 1111 1719 1163 ἀνδριάντων
1739 1113 1815 1150 κτλ.
1846 1135 1897 1140 -
1921 1114 2090 1149 Perrexit
2110 1114 2218 1149 etiam
2239 1115 2278 1148 in

1246 1172 1388 1206 Italiam
1410 1172 1665 1218 Siciliamque,
1695 1171 1742 1206 cf.
1770 1171 1815 1207 fr.
1840 1170 1884 1216 37
1916 1184 2019 1218 sqq.,
2047 1178 2083 1207 et
2110 1173 2278 1218 inprimis

1245 1229 1429 1275 Syracusis
1441 1230 1594 1263 multam
1615 1241 1741 1264 curam
1759 1229 1888 1264 tribuit
1901 1256 1910 1273 ,
1930 1230 2069 1276 quippe
2085 1230 2208 1277 signis,
2225 1229 2276 1264 fa-

1246 1286 1356 1331 bulis,
1378 1288 1496 1322 omnis
1517 1287 1678 1334 denique
1697 1288 1841 1335 generis
1869 1288 2094 1322 ornamentis
2118 1289 2277 1323 maxime

1246 1350 1331 1379 tunc
1354 1345 1647 1389 abundantibus3
1669 1358 1749 1391 quae
1767 1357 1854 1380 eura
1875 1352 1990 1379 exstat
2009 1345 2045 1378 in
2067 1344 2278 1392 fragmentis

1246 1404 1369 1451 operis
1389 1404 1562 1440 adversus
1579 1405 1757 1439 Timaeum
1775 1403 1940 1439 Siculum
1954 1403 2065 1448 editi,
2082 1402 2132 1440 cf.
2151 1403 2193 1439 fr.
2214 1402 2274 1450 39.

1248 1466 1308 1503 44.
1340 1462 1400 1504 45.
1421 1463 1468 1504 46
1485 1490 1494 1505 ,
1514 1464 1603 1497 etin
1625 1463 1836 1511 fragmentis
1863 1463 2025 1509 epistolae
2044 1462 2091 1497 ad
2119 1462 2278 1509 Diophi-

1246 1521 1319 1554 lum
1335 1522 1500 1567 scriptae3
1523 1521 1568 1555 fr.
1596 1520 1642 1565 73
1663 1534 1744 1567 sqq.
1769 1521 1987 1567 Carthagine
2002 1532 2153 1566 quoque
2168 1520 2277 1555 Pole-

1245 1590 1393 1613 monem
1422 1580 1685 1627 aliquantisper
1705 1585 1977 1613 commoratum
1998 1590 2073 1613 esse
2091 1585 2194 1624 patet
2213 1577 2248 1627 (Ρ
2265 1577 2272 1624 l

1245 1647 1288 1670 ex
1319 1635 1361 1671 fr.
1392 1635 1438 1671 85
1453 1664 1463 1683 ,
1493 1649 1614 1683 neque
1644 1637 1713 1670 hoc
1733 1637 1890 1681 mirum,
1914 1648 2029 1682 quum
2060 1635 2278 1682 splendidis—

1244 1694 1376 1727 simum
1401 1694 1495 1729 illud
1515 1694 1646 1729 Africae
1667 1701 1777 1741 caput
1795 1694 1929 1729 Graeeis
1948 1694 2018 1727 illis
2047 1693 2278 1739 temporibus

1245 1751 1581 1797 frequentissimum
1601 1752 1708 1786 fuisse
1727 1752 1809 1786 satis
1837 1758 1992 1787 constet.
2013 1751 2277 1786 Alexandriam

1245 1807 1405 1855 denique
1419 1817 1588 1844 nostrum
1602 1821 1704 1855 aeque
1718 1809 1814 1843 bene
1825 1815 1932 1855 atque
1945 1809 2101 1855 patriam
2115 1815 2150 1843 et
2162 1809 2276 1844 Athe-

1244 1878 1307 1900 nas
1321 1867 1465 1901 novisse
1486 1866 1725 1910 crediderim3
1740 1879 1807 1914 per
1822 1867 1946 1901 omnia
1956 1867 2086 1901 itinera
2104 1873 2226 1902 autem
2242 1873 2277 1902 et

1244 1923 1459 1971 ubicunque
1472 1931 1678 1960 versaretur
1691 1926 1755 1959 uni
1773 1925 1969 1971 eidemque
1986 1925 2110 1960 studio
2125 1937 2210 1959 eum
2223 1925 2276 1959 in-

1247 1987 1388 2016 tentum
1406 1981 1512 2017 fuisse
1529 1982 1729 2017 tenendum
1743 2010 1753 2029 ,
1771 1989 1812 2016 ut
1834 1989 2074 2017 monumenta
2091 1983 2274 2025 locorum,

1244 2045 1286 2072 ut
1304 2040 1424 2087 signa,
1450 2040 1591 2075 tabulas
1609 2042 1723 2087 pietas
1754 2040 1813 2088 (V.
1831 2040 1935 2087 praef,
1962 2041 2083 2087 operis
2102 2040 2278 2075 adversus

1246 2096 1398 2131 Adaeum
1419 2105 1454 2131 et
1474 2099 1702 2145 Antigonum
1725 2099 1931 2145 inseripti),
1952 2105 1992 2132 ut
2021 2099 2277 2145 inscriptiones

1245 2155 1476 2201 investigaret
1496 2164 1531 2190 et
1549 2157 1677 2191 litteris
1693 2157 1972 2203 antiquariaque
1989 2156 2069 2199 illa,
2089 2168 2161 2202 qua
2180 2157 2275 2190 sole·

1245 2211 1333 2245 bant
1350 2213 1414 2246 ista
1436 2214 1583 2247 tractari
1599 2240 1607 2256 ,
1632 2214 1802 2248 doctrina
1822 2214 2042 2259 explicaret;
2059 2213 2159 2248 unde
2174 2221 2276 2261 egre-

1244 2270 1293 2315 gii
1321 2281 1448 2304 rursus
1477 2270 1524 2304 ad
1554 2272 1678 2306 omnia
1711 2272 1919 2306 litterarum
1939 2272 2275 2317 antiquitatumque

1243 2321 1363 2361 stu'dia
1384 2327 1523 2362 fructus
1539 2329 1810 2364 redundarunt.
1830 2330 1960 2375 Neque
1977 2335 2101 2364 tamen
2119 2331 2275 2364 mortuis

1244 2385 1502 2419 tantummodo
1518 2386 1587 2420 illis
1601 2386 1759 2420 fontium
1780 2386 2012 2422 documentis
2029 2398 2114 2421 usus
2129 2393 2197 2431 est,
2210 2388 2274 2422 sed

1243 2442 1344 2476 vivos
1359 2443 1467 2477 etiam
1485 2444 1713 2478 consultabat
1726 2471 1735 2487 ,
1756 2444 1954 2490 populares
1969 2444 2196 2491 singularum
2214 2456 2275 2479 re-

1243 2500 1395 2545 gionum
1414 2502 1643 2535 narrationes
1659 2513 1699 2535 ac
1714 2501 1855 2536 fabulas
1870 2507 2099 2536 consectatus
2116 2507 2151 2535 et
2170 2502 2272 2536 inco-

1244 2556 1293 2590 las
1321 2557 1366 2591 de
1386 2559 1554 2592 moribus
1574 2559 1780 2605 ritibusque
1811 2560 1981 2593 locorum
2010 2565 2270 2605 percontatus;

1243 2613 1289 2649 de
1304 2627 1376 2661 qua
1390 2628 1429 2649 re
1444 2624 1584 2650 constat
1597 2629 1640 2651 ex
1656 2618 1831 2652 Athenaeo
1850 2617 1916 2661 IV,
1932 2629 1969 2663 p.
1990 2630 2003 2651 1
2015 2616 2075 2660 38,
2092 2618 2136 2662 F,
2149 2617 2192 2652 fr.
2208 2616 2270 2659 86,

1244 2672 1307 2705 ubi
1325 2673 1437 2707 verba
1454 2673 1490 2708 οὐ
1511 2672 1610 2721 μόνον
1628 2672 1704 2715 τοὺς
1724 2675 1766 2710 ἐκ
1786 2676 1857 2718 τ’ἧς
1872 2676 1893 2718 ἡ
1905 2674 2094 2722 μεδαπῆς
2111 2675 2273 2724 ἀφικνου-

1244 2727 1362 2775 μένους
1388 2730 1462 2767 κτλ.
1490 2732 1684 2767 refercnda
1714 2741 1798 2767 sunt
1829 2733 1876 2768 ad
1908 2734 2148 2780 Spartanum,
2171 2732 2273 2778 cujus

1243 2789 1380 2822 mentio
1393 2789 1552 2835 excidit,
1568 2802 1678 2836 quem
1695 2790 1741 2825 de
1760 2803 1822 2825 sua
1840 2791 1959 2837 patria
1974 2790 2043 2825 sibi
2062 2797 2270 2825 narrantem

1243 2845 1439 2881 induxerat
1450 2848 1587 2881 scilicet
1599 2849 1764 2891 Polemo,
1780 2848 1883 2894 quod
1894 2847 1987 2895 fugit
1998 2847 2269 2890 Casaubonwu,

1243 2904 1305 2948 qui
1326 2904 1411 2938 inde
1429 2905 1553 2950 colligi
1573 2906 1716 2947 statuit,
1740 2906 1977 2940 Polemonem
1994 2906 2144 2939 natione
2161 2905 2271 2950 Spar-

1243 2966 1368 2995 tanum
1403 2962 1522 2997 fuisse.
1552 2962 1694 2997 Eodem
1725 2964 1886 3009 pertinet
1916 2961 2020 3009 quod
2048 2962 2269 3009 religionum

1243 3018 1351 3052 etiam
1373 3019 1626 3066 festorumque
1654 3028 1689 3054 et
1710 3021 2004 3055 eaerimoniarum
2023 3031 2091 3066 per
2112 3019 2271 3067 singulas

1243 3076 1404 3111 civitates
1422 3078 1628 3113 solennium
1655 3078 1820 3113 sedulam
1840 3091 1966 3113 curam
1994 3077 2142 3120 habuit;
2169 3077 2269 3112 unde

1242 3134 1364 3168 multae
1385 3135 1430 3168 ab
1448 3135 1519 3170 hoe
1544 3135 1589 3170 de
1606 3135 1738 3170 talibus
1754 3135 1864 3170 rebus
1879 3135 2087 3169 notationes
2101 3135 2270 3181 gravissi-

1243 3203 1308 3224 mze
1325 3198 1488 3234 exstant,
1512 3192 1559 3228 cf.
1578 3191 1622 3228 sr.
1647 3196 1689 3233 41
1712 3204 1768 3238 sq.
1786 3196 1846 3239 [09.
1863 3191 1926 3226 86.

1299 3265 1312 3276 <1
1338 3249 1451 3282 Tanta
1473 3248 1643 3283 doctrina
1662 3255 1838 3295 tantaque
1858 3248 2048 3296 diligentia
2065 3247 2206 3290 effecit,
2228 3254 2267 3281 ut

1243 3305 1369 3349 insigni
1387 3318 1468 3339 eum
1488 3313 1518 3339 et
1539 3307 1692 3352 aequales
1710 3313 1742 3340 et
1760 3307 1982 3352 posteriores
1996 3316 2265 3352 prosequeren-
