2338 3765
132 215 203 247 584

131 294 184 344 γοὶ
204 293 324 345 σχεδὸν
345 293 468 336 πάντες
489 293 688 331 ἁλίσκονται
709 294 767 332 δύο
796 294 915 340 ἥπατα
938 295 1094 346 ἔχοντες,
1120 299 1164 340 ὡς

132 352 339 402 Θεόπομπος
359 351 430 402 ἔχει
450 351 507 389 καὶ
525 352 744 402 Φαδιυρῒνος.

619 456 681 498 45.

186 549 237 584 St.
265 550 306 585 Β.
332 562 340 583 :
377 546 642 598 Κρεμμύων,
676 547 778 597 κώμη
810 549 988 600 Κορίνθου.
1023 550 1167 594 Εὔδοξος

135 605 224 656 ἕκτῳ
247 607 316 651 Γῆς
345 604 516 655 περιόδου.
554 603 598 642 ‘O
627 605 768 652 πολίτης
805 606 1065 658 Κρεμμυώνιος.
1107 607 1166 645 Ἔν

135 657 158 712 ᾗ
181 662 364 711 μυθεύουσι
383 661 427 698 τὰ
451 662 529 714 περὶ
545 661 606 707 τὴν
623 664 877 713 Κρεμμυωνίαν
897 659 950 710 gv,
971 665 1013 710 ἣν
1035 665 1167 716 μητέρα

134 722 192 756 τοῦ
226 718 449 757 Καλυδωνίου
477 719 611 770 κάπρου
638 720 722 771 φασὶ
749 721 808 757 καὶ
837 720 896 758 ἕνα
925 724 992 759 τῶν
1023 723 1168 768 Θησέως

135 776 263 816 ἄθλων.
296 777 503 828 (Ι)αὸο)ρῖνος
535 777 570 814 δὲ
601 776 653 814 ὅτι
683 781 742 815 τοῦ
771 777 999 830 Ἐρυμανθίου
1019 779 1077 816 καὶ
1106 781 1165 816 τοῦ

136 833 360 871 Καλυδωνίου
378 834 493 886 μήτηρ
508 829 564 880 ἦν.
586 834 639 874 Τὸ
656 834 691 872 δὲ
710 834 824 886 κύριον
841 835 948 886 ὄνομα
963 838 1067 882 αὐτῆς
1087 838 1168 873 ἐκα-

135 891 226 930 λεῖτο
246 893 361 931 Φαῖα.

619 988 680 1028 46.

187 1077 242 1116 St.
256 1080 295 1114 Β.
309 1090 317 1115 :
335 1078 423 1128 Σφα
434 1092 537 1128 κτηρ
551 1075 754 1116 ία....”Εστι
768 1078 826 1115 καὶ
841 1081 938 1124 νῆσος
951 1079 1168 1130 Σφακτηρία,

133 1129 173 1179 ἧς
187 1134 392 1183 μνημονεύει
410 1135 610 1178 Παυσανίας
622 1136 655 1171 ἐν
669 1134 772 1187 τρίτῳ
788 1135 1031 1187 Περιηγήσεως
1043 1135 1170 1174 Ἑλλά-

136 1193 189 1235 δος
208 1193 302 1242 (III,
324 1192 358 1240 5,
387 1192 446 1242 5).
470 1192 655 1231 Ἐκαλεῖτο
679 1193 738 1230 καὶ
770 1194 929 1244 Σφαγία,
959 1196 1004 1237 ὡς
1031 1194 1169 1233 (baffio)-

137 1266 236 1301 ρινος.

621 1332 683 1372 ιτ·

191 1425 247 1461 St.
269 1426 308 1460 B.
331 1438 338 1459 :
366 1422 557 1461 Χελιδόν
571 1438 578 1458 ι
592 1437 651 1469 οι,
670 1422 759 1464 ἔθνος
776 1421 1007 1472 Ἰλλυρικόν...
1030 1421 1095 1458 εἰσὶ
1113 1421 1171 1458 καὶ

140 1478 338 1519 Χελιδόνιαι
356 1480 502 1532 πέτραι,
523 1474 569 1517 ὧν
597 1479 763 1522 πολλάκις
789 1479 1023 1528 ἐμνήσθημεν.
1045 1478 1116 1516 Δύο
1137 1477 1174 1515 δέ

138 1541 203 1576 εἱσι
219 1538 442 1587 κεκλημέναι,
464 1541 485 1583 ἡ
509 1537 569 1587 μὲν
588 1537 766 1588 Κορύδελα
781 1566 792 1585 ,
813 1540 834 1582 ἡ
856 1536 890 1574 δὲ
908 1536 1171 1583 Μελανίππεια,

135 1599 180 1639 ὡς
195 1596 400 1647 Φαὲωρῒνος
417 1597 450 1633 ἐν
467 1598 541 1638 ταῖς
557 1595 812 1638 Παντοδαπαῖς.

622 1718 683 1759 48.

190 1813 242 1849 St.
273 1813 315 1848 B.
347 1823 355 1847 ἰ
378 1808 622 1855 Ὠκεανὸς,
646 1812 664 1846 ὁ
692 1808 848 1858 ποταμὸς
873 1812 891 1846 ὁ
919 1809 1086 1861 περιέχων
1111 1807 1172 1855 τὴν

137 1871 200 1918 γῆν
223 1867 429 1920 (baffi->pixita
443 1868 476 1905 ἐν
491 1872 563 1910 ταῖς
572 1867 819 1909 Παντοδαπαῖς
830 1866 1009 1919 ἱστορίαις·
1027 1884 1042 1901 «
1058 1869 1173 1919 Προσ-

138 1925 339 1977 αγορεύουσι
371 1924 406 1963 δὲ
432 1924 493 1970 τὴν
523 1923 587 1969 ἔξω
615 1924 789 1962 θάλατταν
819 1925 890 1962 ἐκεῖ
915 1924 978 1975 μὲν
1002 1926 1032 1963 οἱ
1053 1924 1174 1963 πολλοὶ

138 1986 204 2021 τῶν
236 1983 420 2035 βαρὸάρων
445 1982 630 2030 Ὠκεανὸν,
659 1984 690 2020 οἱ
719 1982 835 2029 δὲτὴν
862 1982 978 2021 Ἀσίαν
1008 1985 1175 2026 οἰκοῦντες

144 2041 311 2091 Μεγάλην
331 2041 518 2088 θάλατταν,
536 2042 567 2079 οἱ
587 2043 617 2078 δ’
636 2040 807 2087 υΕλληνες
831 2040 1049 2079 Ἀτλαντικὸν
1067 2041 1173 2078 πέλα.

138 2114 209 2150 γος.
239 2116 254 2133 »
275 2099 430 2146 Ἐκλήθη
455 2100 484 2136 δ’
509 2099 599 2137 οὕτω
624 2098 720 2150 παρὰ
745 2098 784 2136 τὸ
804 2098 920 2142 ὠκέως
937 2099 1044 2147 νάειν,
1065 2098 1086 2136 ὅ
1101 2101 1173 2137 ἐστι

141 2154 222 2203 ῥεῖν.

628 2244 688 2288 49.

191 2334 310 2368 Julius
328 2333 489 2370 Valerius
508 2335 561 2369 De
580 2332 662 2370 reb.
683 2333 787 2368 Alex.
808 2333 844 2378 1,
877 2344 908 2368 e.
934 2332 992 2375 13,
1011 2333 1048 2366 in
1065 2333 1177 2366 Pseu-

141 2450 232 2482 pores
245 2443 308 2473 sere
320 2450 430 2473 omnes
442 2441 505 2472 duo
518 2441 636 2472 habent
646 2440 752 2480 jecora
761 2463 770 2479 ,
784 2441 821 2471 ut
833 2439 1056 2479 Theopompus
1068 2440 1175 2471 narrat

141 2495 173 2525 et
190 2495 373 2526 Favorinus.

625 2548 683 2579 45.

184 2605 375 2643 Cremmyon
385 2627 395 2642 ‚
409 2603 497 2633 vicus
510 2602 665 2634 Corinthi.
678 2602 828 2633 Eudoxus
841 2601 930 2632 sexto
942 2601 1076 2632 Periodi.
1091 2602 1176 2634 Civis

142 2654 393 2694 Cremmyonius.
413 2655 472 2685 Hic
485 2653 537 2684 illa
550 2653 589 2684 de
605 2661 660 2684 sue
683 2652 906 2692 cremmyonia
924 2652 1089 2692 contigisse
1104 2661 1175 2692 per-

143 2705 269 2744 hibent,
286 2712 384 2744 quam
398 2705 530 2735 matrem
544 2704 610 2743 apri
624 2703 788 2743 calydonii
802 2704 963 2742 statuunt,
980 2704 1011 2734 et
1028 2712 1126 2734 unum
1136 2713 1175 2735 ex

142 2757 252 2789 Thesei
269 2756 502 2787 certaminibus.
519 2755 629 2787 Tradit
644 2764 718 2786 vcro
735 2755 908 2787 Favorinus
920 2779 928 2794 ‚
942 2764 1011 2786 eam
1027 2758 1174 2795 Eryman-

143 2808 201 2840 thii
218 2809 249 2839 et
262 2805 426 2847 calydonii
442 2807 510 2846 apri
528 2808 661 2838 matrem
677 2807 770 2838 fuisse
783 2830 792 2846 ,
814 2816 886 2846 quae
900 2807 1027 2838 nomine
1049 2807 1175 2847 proprio

144 2859 240 2892 Pliaea
256 2859 297 2891 sit
308 2858 473 2898 appellata.

636 2913 693 2944 46.

188 2966 370 3005 Spliacteria
391 2965 486 2998 etiam
513 2964 615 2995 iusula
640 2965 707 3003 est,
726 2965 816 3003 cujus
840 2964 984 2996 meminit
1007 2963 1176 2995 Pausanias

146 3017 238 3048 tertio
266 3017 460 3055 Periegeseos
486 3015 627 3047 Graeeiae.
648 3015 828 3046 Vocabatur
853 3015 946 3046 etiam
973 3014 1124 3054 Spliagia,
1141 3015 1177 3045 ut

148 3067 320 3100 Favorinus
333 3066 437 3098 tradit.

634 3119 691 3150 47.

187 3176 381 3214 Chelidonii,
396 3183 470 3215 gens
487 3174 620 3214 Illyrica.
641 3175 719 3206 Sunt
732 3174 826 3204 etiam
849 3173 1042 3205 Chelidoniae
1061 3174 1176 3212 petrae,

148 3237 284 3268 quarum
305 3227 419 3267 saepius
437 3225 649 3257 meminimus.
668 3227 747 3256 Duae
769 3226 860 3263 sunt;
886 3225 983 3255 altera
1006 3224 1177 3263 Corydela,

150 3282 247 3313 altera
263 3280 450 3320 Melanippia
468 3279 612 3316 vocatur,
631 3278 855 3352 gtSFavorinus
873 3277 902 3307 in
922 3276 1113 3315 Onmigenis.

193 3381 336 3410 Oceanus
380 3377 493 3408 fluvius
511 3377 626 3408 terram
652 3375 802 3407 ambiens.
822 3374 992 3406 Favorinus
1017 3374 1047 3404 in
1073 3373 1178 3404 Omni·

717 210 963 249 FAVORINI
988 212 1328 252 ARELATENSIS
1357 214 1686 252 FRAGMENTA.

1227 301 1483 338 docallisthen.
1504 302 1563 338 ed.
1581 301 1711 338 Didot.
1733 313 1740 336 :
1758 303 1813 336 De
1826 314 1870 336 ea
1887 300 1958 351 (sc.
1978 304 2024 337 de
2041 305 2261 338 institutione

1228 360 1437 393 Alexandri
1460 357 1544 407 M.)
1568 362 1601 393 si
1632 360 1724 405 quid
1743 362 1925 406 inquirere
1944 364 2116 395 curiosius
2135 362 2252 403 voles,

1228 424 1288 450 sat
1311 417 1394 459 tibi,
1427 417 1546 458 lector,
1579 407 1712 451 habebo
1730 429 1892 465 groecum
1912 419 2083 453 Favorini
2107 419 2236 453 librum
2250 445 2260 463 ,

1227 477 1290 520 qui
1318 474 1439 508 Omni
1475 485 1609 519 genere
1648 473 1815 509 historice
1848 476 2137 521 superscrIbitur.
2176 477 2262 510 Illic

1228 534 1337 565 etiam
1352 536 1498 577 genens
1518 532 1727 566 Alexandri
1753 536 1928 567 inveneris
1946 536 2094 576 seriem,
2118 537 2176 568 cni
2189 545 2256 580 ge·

1227 592 1325 622 neris
1342 591 1569 635 principium
1603 591 1817 635 praestitisse
1839 587 1974 634 serunt
2012 590 2197 625 Oceanum
2228 598 2265 625 et

1234 645 1440 688 Thaidem,
1463 645 1783 693 exinqueflu'xisse
1794 660 1865 695 per
1876 650 2054 682 Acrisium
2076 648 2263 682 Danaum-

1236 714 1303 749 que
1323 711 1433 750 atque
1450 704 1586 738 Persea
1602 704 1802 750 multosque
1816 705 1911 740 alios
1927 708 1970 739 ia
1980 705 2171 740 Perdiccae
2186 717 2258 751 ge-

1228 772 1317 794 nera
1335 762 1402 795 vel
1411 760 1680 808 Philipporum.
1699 762 1800 797 Nam
1816 774 1862 796 ne
1880 762 2094 810 Olympiadi
2111 763 2258 809 quidem

1227 830 1328 853 secus
1355 831 1522 866 propago
1549 831 1730 865 generosa
1754 827 1810 854 est
1840 833 1852 853 :
1881 823 1938 854 cui
1967 822 2159 867 diligentia
2180 824 2264 868 pari

1229 889 1253 910 a
1275 877 1399 910 mundi
1412 880 1597 923 principio
1610 889 1681 924 per
1695 876 1892 912 Saturnum
1909 886 2019 925 atque
2033 879 2256 925 Neptunum,

1230 941 1303 968 tum
1329 937 1439 969 etiam
1465 935 1667 969 Telamona
1693 938 1821 970 seriem
1839 939 1981 983 generis
2010 939 2184 980 attexuit,
2211 937 2264 970 ad

1229 995 1442 1039 tertiumque
1484 992 1763 1040 Neoptolemum
1806 994 1911 1029 docet
1945 997 2157 1042 prosapiam
2196 994 2264 1029 de-

1217 1049 1391 1095 fluxisse,
1408 1054 1508 1095 cujus
1526 1049 1649 1099 [uxor]
1675 1052 1859 1098 Anasafi'a
1890 1050 1965 1100 (sic)
1989 1059 2106 1086 mater
2132 1052 2264 1097 Olym-

1224 1108 1353 1154 piadis
1372 1109 1471 1143 cluit.
1494 1108 1549 1144 Cf.
1572 1108 1671 1144 idem
1691 1110 1722 1154 Ι,
1744 1113 1813 1154 42;
1832 1110 2025 1145 Pausanias
2042 1111 2074 1158 1,
2096 1122 2111 1144 1
2124 1122 2155 1145 1.

1718 1200 1778 1238 50.

1285 1283 1415 1338 Etym.⁴
1431 1293 1481 1327 M.
1498 1305 1534 1339 p.
1565 1305 1655 1337 711,
1689 1293 1735 1334 48
1765 1307 1771 1328 :
1800 1291 2026 1337 Σητάνειοι...
2057 1291 2263 1344 Φαὸωρῖνος

1237 1346 1271 1383 δὲ
1290 1347 1377 1398 Περὶ
1394 1349 1613 1394 παντοδαπῆς
1633 1347 1715 1394 ὅλης
1735 1348 1856 1392 οὕτως·
1876 1367 1890 1381 «
1909 1348 2096 1395 Τητάνειος
2117 1349 2224 1392 σῖτος·
2244 1366 2258 1381 υ

1233 1405 1330 1451 δηλοῖ
1350 1406 1384 1442 δὲ
1401 1409 1422 1451 ἡ
1443 1404 1530 1449 λέξις
1549 1407 1606 1443 τὸν
1635 1406 1783 1458 καθαρόν
1797 1422 1804 1430 ·
1826 1406 1885 1444 καὶ
1906 1405 2262 1458 σητανείουςπυροὺς,

1233 1462 1401 1505 ἐπετείους
1415 1478 1422 1485 ·
1439 1457 1561 1514 Ἷὶρος.

1624 1545 1691 1582 ΕΠ
1697 1544 1870 1582 ΙΤΟΜΗ.

1521 1638 1548 1671 Ε
1577 1638 1724 1672 LIBRO
1753 1637 1967 1683 QUARTO.

1721 1739 1780 1775 51.

1288 1833 1339 1869 St.
1362 1833 1402 1869 B.
1427 1843 1435 1868 :
1456 1829 1595 1872 Ῥοπεῒς
1608 1859 1618 1877 ,
1635 1829 1743 1877 ἔθνος,
1763 1824 1800 1867 οὗ
1821 1831 1993 1878 μέμνηται
2013 1828 2217 1879 Φαὸωρῒνος
2234 1829 2267 1864 ἐν

1234 1888 1411 1941 Ἐπιτομῇ
1433 1887 1598 1940 τετάρτῃ,
1617 1891 1676 1935 τ’ἧς
1695 1887 1918 1940 Παμφυλίας.

1720 1979 1780 2015 52.

1370 2071 1512 2120 (ΠΕΡΙ
1543 2061 1873 2109 ΚΥΡΗΝΑῙΚΗΣ
1903 2070 2136 2119 nollens.)

1287 2160 1337 2195 St.
1356 2160 1397 2196 B.
1416 2172 1451 2194 V.
1481 2157 1727 2209 Ἀλεξάνδρεια.
1745 2157 1796 2196 Τὸ
1815 2157 1944 2195 ἐθνικὸν
1969 2156 2268 2208 Ἀλεξανδρεύς....

1234 2215 1384 2264 Δίδυμος
1402 2215 1436 2252 δὲ
1460 2215 1688 2267 παρατίθεται
1714 2218 1837 2267 χρῆσιν
1874 2214 1907 2258 ἐξ
1938 2213 2202 2266 Ἐρατοσθένους
2227 2214 2268 2251 τὸ

1236 2272 1501 2325 Ἀλεξανδρίτης.
1529 2273 1734 2324 Φαὸωρῖνος
1754 2274 1788 2311 δὲ
1807 2274 1840 2310 ἐν
1855 2275 1904 2324 τῷ
1925 2272 2014 2323 Περὶ
2043 2274 2266 2323 Κυρηναϊκῆς

1236 2330 1367 2373 πόλεως
1383 2330 1688 2383 Ἀλεξανδρειώτην
1703 2330 1801 2382 φησί.

1235 2449 1315 2480 gena
1333 2441 1463 2472 historia
1487 2454 1495 2472 ι
1522 2454 1538 2469 α
1563 2441 1732 2481 Appellant
1756 2444 1862 2472 autem
1878 2441 2046 2472 externum
2070 2448 2157 2471 mare
2178 2438 2270 2470 multi

1235 2491 1364 2531 quidem
1383 2501 1420 2523 ex
1440 2491 1581 2528 barbaris
1598 2494 1780 2531 Oceanum3
1805 2492 1859 2531 qui
1882 2500 1958 2523 vero
1983 2491 2089 2522 Asiam
2105 2490 2268 2528 incolunt,

1236 2544 1384 2581 Magnum
1401 2552 1508 2583 mare;
1526 2544 1626 2575 Graeci
1644 2543 1780 2582 denique
1792 2566 1801 2582 ‚
1819 2543 2013 2574 Atlanticum
2025 2542 2162 2583 pelagus.
2186 2555 2202 2570 υ
2219 2541 2270 2573 sic

1235 2594 1341 2624 autem
1359 2595 1507 2625 vocatum
1522 2594 1583 2625 fuit
1598 2593 1685 2633 quod
1704 2593 1847 2625 celeriter
1862 2593 1948 2624 ssuat.

1724 2683 1784 2715 50.

1278 2755 1449 2787 Favorinus
1461 2755 1493 2787 in
1505 2755 1680 2795 omnigena
1692 2753 1788 2785 silva:
1800 2766 1814 2781 «
1827 2755 1970 2785 Hornum
1984 2753 2190 2784 frumentum.
2210 2765 2224 2779 υ

1632 2844 1869 2882 ΕΡΙΤΟΜΕ.

1724 2927 1784 2958 51.

1280 2992 1478 3030 Rhopenses,
1507 2991 1698 3030 Pamphyliae
1714 2999 1789 3030 gens
1801 3015 1809 3030 ,
1824 2990 1914 3030 cujus
1932 2989 2074 3021 meminit
2095 2988 2269 3020 Favorinus

1236 3042 1315 3073 libro
1329 3043 1441 3081 quarto
1456 3043 1621 3081 Epitomes.

1447 3117 1531 3165 (DE
1561 3116 1727 3154 CYREN
1736 3115 1851 3154 AlCA
1882 3115 1910 3153 U
1920 3114 2054 3162 RBE.)

1723 3197 1781 3229 52.

1279 3269 1475 3300 Alexandria.
1492 3268 1615 3300 Gentile
1634 3266 1856 3298 Alexandreus.
1876 3265 2030 3305 Didymus
2045 3272 2117 3295 vero
2136 3273 2173 3294 ex
2196 3266 2265 3294 Era-

1239 3321 1379 3351 tosthene
1393 3320 1468 3351 citat
1482 3320 1613 3350 sormam
1632 3317 1882 3350 Alexandrum.
1903 3316 2076 3349 Favorinus
2090 3316 2196 3347 autem
2220 3316 2265 3346 De

1239 3371 1406 3411 Cyrenaica
1421 3370 1498 3402 urbe
1511 3368 1770 3402 Alexandrioces
1788 3368 1872 3399 dicit.
