2289 3728
975 90 1303 127 FRAGMENTA.
2145 93 2194 124 55)

133 193 178 218 2⁶.
196 197 209 211 «
230 178 381 216 Διέκειτο
393 176 426 213 δὲ
441 176 495 213 ἐπὶ
510 175 570 226 μὲν
585 178 650 212 τῶν
664 177 722 220 τῆς
737 177 862 218 σκηνῆς
876 173 1104 223 παραστάδων

80 239 148 286 ζῶα
169 234 367 287 μαρμάρινα
388 237 453 271 τῶν
479 234 622 285 πρώτων
649 234 810 283 τεχνιτῶν
836 231 969 269 ἑκατόν,
995 231 1052 268 Ἑν
1072 231 1106 267 δὲ

80 295 151 336 ταῖς
169 292 233 329 ἀνὰ
249 293 350 341 μέσον
367 291 495 342 χώραις
511 291 649 332 πίνακες
663 291 729 326 τῶν
747 290 964 326 Σικυωνικῶν
980 286 1107 338 ζωγρά-

79 365 163 398 φων,
192 349 335 392 ἐναλλὰξ
356 349 383 385 δ’
409 348 578 385 ἐπίλεκτοι
604 346 753 383 εἰκασίαι
773 350 950 390 παντοῖαι,
971 344 1029 381 καὶ
1050 359 1108 394 χι-

78 394 179 443 τῶνες
205 403 424 452 χρυσοϋφεῖς,
445 398 624 450 ἐφαπτίδες
654 413 690 434 τε
719 397 920 442 κάλλισται,
943 395 1027 438 τινὲς
1048 395 1108 444 μὲν

79 459 209 502 εἰκόνας
229 459 369 509 ἔχουσαι
389 459 456 494 τῶν
475 455 644 507 βασιλέων
662 454 916 503 ἐνυφασμένας,
938 455 972 490 αἱ
990 453 1023 490 δὲ
1045 469 1109 502 μυ-

78 516 174 558 θικὰς
188 515 365 557 διαθέσεις.
383 513 563 565 ’Υπεράνω
583 512 617 549 δὲ
634 513 762 550 τούτων
777 512 886 563 θυρεοὶ
902 511 1110 562 περιέκειντο

78 574 239 619 ἐναλλὰξ,
261 576 400 624 ἀργυροῖ
419 587 455 608 τε
475 571 532 609 καὶ
559 576 694 621 χρυσοῖ.

78 632 205 669 τούτων
224 630 372 682 χώραις,
394 629 508 671 οὔσαις
528 628 775 679 ὀκταπήχεσιν,
798 628 903 678 ἄντρα
921 626 1111 664 κατεσκεύ-

752 570 814 608 Ἐν
837 570 871 606 δὲ
893 575 967 611 ταῖς
994 568 1110 606 ἐπάνω

79 704 182 736 αστο,
216 687 304 724 κατὰ
326 687 386 736 μὲν
414 686 453 723 τὸ
480 689 588 735 μ’ἧκος
615 688 673 730 τῆς
694 689 820 731 σκηνῆς
839 684 872 728 ἓξ
902 687 934 721 ἐν
966 685 1110 735 ἑκατέρᾳ

77 748 232 797 πλευρᾷ,
254 744 345 783 κατὰ
364 744 493 786 πλάτος
513 744 548 781 δὲ
569 743 734 794 τέτταρα·
757 742 934 792 συμπόσιά
954 758 991 779 τε
1014 742 1111 779 ἀντία

77 804 236 849 ἀλλήλων
256 805 289 840 ἐν
320 804 432 845 αὐτοῖς
451 804 622 853 τραγικῶν
642 818 679 838 τε
698 801 757 838 καὶ
776 803 939 850 κωμικῶν
967 799 1025 837 καὶ
1045 815 1112 837 σα-

78 865 221 913 τυρικῶν
238 860 332 913 ζῴων
352 860 568 911 (προσώπων
586 862 750 908 Preller.)
762 889 771 905 ,
792 858 947 905 ἀληθινὸν
966 857 1112 908 ἐχόντων

311 913 331 920 Ν
1012 915 1112 953 Κατὰ

80 975 182 1025 μέσον
201 975 235 1012 δὲ
255 978 321 1012 τῶν
340 974 470 1025 ὀίντρων
487 974 617 1025 νύμφαι
632 974 847 1025 ἐλείφθησαν,
863 974 896 1009 ἐν
918 968 970 1016 αἷς
985 972 1113 1010 ἔκειντο

79 1033 239 1086 Δελφικοὶ
253 1033 376 1084 χρυσοῖ
391 1032 563 1083 τρίποδες,
585 1032 803 1081 ὑποστήματ’
822 1031 966 1081 ἔχοντες.
1013 1031 1113 1069 Κατὰ

79 1092 112 1128 δὲ
133 1093 190 1128 τὸν
210 1091 422 1142 ὑψηλότατον
437 1089 539 1126 τόπον
554 1092 613 1135 τῆς
630 1091 753 1141 ὀροφῆς
769 1089 860 1125 ἀετοὶ
874 1088 964 1125 κατὰ
979 1088 1114 1139 πρόσω-

77 918 277 966 ἷματισμὸν,
297 922 346 961 οἷς
361 918 544 968 παρέκειτο
563 918 621 954 καὶ
637 918 786 968 ποτήρια
807 922 935 967 χρυσᾶ.

79 1165 142 1186 πον
162 1144 251 1195 ἦσαν
268 1147 427 1194 ἀλλήλων
447 1147 588 1198 χρυσοῖ,
605 1146 976 1197 πεντεκαιδεκαπήχεις
992 1146 1030 1183 τὸ
1054 1146 1114 1195 με’-

79 1209 189 1255 γεθος.
247 1205 407 1244 ’Έκειντο
436 1204 469 1242 δὲ
495 1205 607 1241 κλῖναι
628 1204 855 1255 σφιγγόποδες
883 1205 916 1240 ἐν
944 1204 1018 1245 ταῖς
1039 1203 1115 1240 δυσὶ

80 1265 242 1315 πλευραῖς
256 1263 376 1301 ἑκατόν
386 1278 394 1286 ·
409 1266 429 1308 ἡ
444 1262 509 1313 γὰρ
524 1262 613 1299 κατὰ
628 1262 811 1313 πρόσωπον
826 1261 900 1312 ὄψις
913 1263 1021 1313 ἀφεῖτ’
1038 1263 1116 1298 ἀνα-

81 1320 298 1369 πεπταμένη.
315 1318 466 1362 Ταύταις
479 1321 506 1356 ’δ’
523 1320 714 1372 ἀμφίταποι
729 1319 906 1370 ἁλουργεῖς
919 1318 1116 1370 ὑπέστρων-

80 1395 119 1416 το
134 1382 194 1424 τῆς
210 1378 348 1429 πρώτης
369 1379 483 1428 ἐρέας,
505 1377 563 1414 καὶ
579 1376 849 1429 περιστρώματα
865 1376 1023 1422 ποικίλα,
1041 1377 1113 1413 δια-

81 1439 195 1487 πρεπῆ
222 1441 295 1478 ταῖς
313 1435 470 1485 τέχναις,
498 1437 597 1480 ἐπῆν.
656 1434 774 1473 ιΓιλαὶ
795 1434 830 1470 δὲ
863 1434 1034 1485 Περσικαὶ
1053 1434 1115 1480 τὴν

82 1493 147 1530 ἀνὰ
167 1492 270 1541 μέσον
290 1495 357 1529 τῶν
389 1493 502 1528 ποδῶν
531 1491 647 1542 χώραν
669 1491 876 1539 ἐκάλυπτον,
899 1491 1025 1543 ἀκριέἧ
1056 1491 1117 1537 τὴν

82 1551 298 1602 εὐγραμμίαν
318 1553 384 1587 τῶν
403 1550 642 1600 ἐνυφασμένων
665 1549 806 1600 ἔχουσαι
828 1550 968 1600 ζῳδίων.
995 1552 1117 1600 Παρε-

82 1608 227 1654 τέθησαν
245 1606 279 1644 δὲ
296 1607 355 1645 καὶ
372 1607 526 1658 τρίποδες
541 1612 609 1649 τοῖς
625 1607 882 1656 κατακειμένοις
897 1609 1032 1658 χρυσοῖ,
1049 1609 1119 1644 δια-

81 1667 190 1703 κόσιοι
220 1666 277 1703 τὸν
307 1665 464 1717 ἀριθμὸν,
487 1665 570 1702 ὥστ’
600 1660 684 1702 εῖναι
708 1665 766 1702 δύο
791 1665 880 1701 κατὰ
908 1665 1040 1711 κλίνην,
1062 1665 1116 1702 ἐπ’

82 1725 236 1775 ἀργυρῶν
258 1722 408 1774 διέδρων.
431 1722 495 1760 Ἐκ
516 1722 549 1759 δὲ
566 1725 632 1758 τῶν
653 1722 790 1760 ὄπισθεν
808 1723 890 1773 πρὸς
909 1723 970 1768 τὴν
989 1723 1115 1773 ἄποψιν

82 1835 278 1866 tabernaculi
300 1835 403 1865 solum
429 1836 519 1865 tanta
539 1835 720 1874 profusione
739 1835 837 1874 sparsi
853 1837 962 1874 erant,
983 1837 1019 1865 ut
1041 1834 1117 1865 illud
1146 1839 1149 1844 ’

82 1895 155 1918 vere
168 1886 266 1917 divini
283 1886 446 1925 cujusdam
464 1886 544 1925 prati
557 1887 693 1925 speciem
708 1886 874 1926 praeberet.

126 1950 140 1963 κ
175 1937 224 1968 Ad
248 1938 352 1977 postes
378 1937 471 1976 (sive
496 1937 698 1976 columellas)
722 1937 804 1968 circa
830 1938 937 1968 totum
969 1937 1118 1968 taberna-

83 1988 191 2019 culum
222 1988 373 2027 disposita
397 1989 487 2018 erant
508 1997 686 2018 marmorea
713 1988 800 2027 signa
825 1990 973 2027 centum,
1002 1989 1120 2027 prima-

83 2040 202 2070 riorum
224 2038 381 2069 artificum
399 2048 516 2078 opera:
540 2041 573 2069 et
594 2039 705 2069 mediis
730 2040 810 2069 inter
833 2040 901 2070 illas
919 2040 1026 2079 spatiis
1050 2048 1119 2070 sus-

85 2099 188 2130 pensae
208 2089 323 2120 tabulae
346 2089 438 2129 pictae
457 2089 559 2129 operis
584 2090 738 2129 Sicyonii,
761 2091 1003 2129 alternatimque
1026 2090 1120 2120 variae

84 2142 233 2181 imagines
251 2142 289 2173 ad
312 2142 421 2172 vivum
437 2150 613 2181 expressae,
636 2144 667 2172 et
683 2142 802 2173 tunicae
819 2152 896 2173 auro
920 2143 1050 2173 intextae
1062 2165 1070 2179 ‚
1089 2144 1120 2172 et

84 2193 308 2233 paludamenta
335 2193 524 2232 pulcerrima
537 2218 545 2232 ,
565 2202 702 2232 quorum
726 2194 794 2224 aliis
813 2194 944 2224 intextae
961 2195 1050 2224 erant
1069 2202 1119 2224 re-

86 2254 162 2284 gum
183 2244 333 2283 imagines
347 2268 356 2283 ,
382 2244 449 2275 aliis
474 2245 660 2283 argumenta
676 2253 692 2275 e
710 2245 823 2276 sabulis
845 2245 1042 2284 deprompta.
1059 2246 1119 2275 Su-

89 2304 184 2336 perne
201 2304 294 2334 super
309 2295 355 2325 his
372 2296 462 2325 scuta
480 2304 632 2335 suspensa
654 2297 760 2334 erant,
775 2296 956 2326 alternatim
974 2299 1121 2334 argentea

87 2349 118 2377 et
133 2355 239 2377 aurea.
284 2348 382 2376 Porro
397 2346 473 2377 locis
489 2346 704 2386 superioribus
716 2371 724 2385 ,
742 2347 773 2377 in
787 2348 859 2377 octo
877 2346 1002 2377 cubitos
1018 2348 1123 2386 paten-

87 2399 172 2429 tibus
185 2422 193 2437 ‚
208 2399 299 2428 antra
313 2399 494 2429 constructa
505 2400 595 2430 erant
606 2424 615 2438 ,
633 2408 688 2430 sex
701 2400 741 2430 ab
758 2400 892 2438 utraque
905 2400 994 2438 parte
1008 2399 1038 2429 in
1052 2400 1120 2430 lon-

90 2449 264 2490 gitudinem
286 2449 498 2488 tabernaculi,
519 2452 759 2489 quattuorvero
786 2450 817 2480 in
843 2450 1042 2480 latitudinem
1068 2450 1123 2481 :in

90 2501 197 2540 eisque
213 2499 375 2537 convivia,
396 2508 437 2530 ex
456 2500 589 2532 adverso
613 2502 747 2532 alterum
765 2502 911 2540 alterius,
931 2501 1122 2539 tragicarum

89 2554 121 2582 et
149 2551 342 2581 comicarum
361 2553 392 2581 et
412 2552 618 2590 satyricarum
634 2561 857 2592 personarum,
874 2561 948 2583 vero
963 2553 1050 2583 cultu
1066 2553 1123 2583 ha-

89 2603 220 2642 bituque
238 2602 443 2641 vestitarum,
464 2603 581 2642 quihus
602 2613 697 2635 aurea
720 2604 862 2644 apposita
890 2606 979 2635 erant
996 2605 1121 2644 pocula.

89 2654 192 2685 Medio
214 2653 332 2693 spatio,
353 2653 439 2692 quod
466 2654 548 2685 inter
567 2656 658 2685 antra
683 2655 932 2694 relinquebatur,
954 2656 1122 2695 nymphzea

92 2706 205 2743 erant,
225 2705 255 2734 in
275 2703 391 2743 quibus
406 2705 499 2743 positi
515 2706 604 2736 aurei
625 2706 766 2745 tripodes
788 2706 951 2746 Delphici,
966 2707 1029 2737 suis
1046 2706 1123 2737 hasi-

91 2755 149 2786 bus
171 2755 360 2785 insistentes.
416 2757 452 2786 In
479 2764 625 2794 supremo
650 2756 724 2787 tecti
752 2757 871 2796 fastigio
896 2757 1011 2796 aquilae
1036 2758 1125 2788 erant

93 2814 219 2844 aurem,
251 2806 363 2836 mutuo
393 2814 460 2836 sese
496 2807 713 2846 respicientes,
738 2808 917 2846 quindecim
945 2809 1124 2839 cubitorum

92 2856 319 2896 magnitudine.
373 2856 552 2887 Secundum
579 2857 643 2888 duo
670 2858 866 2889 tabernaculi
897 2859 995 2890 latera
1025 2859 1122 2899 positi

92 2910 181 2938 erant
204 2909 331 2938 centum
352 2907 424 2937 lecti
453 2908 560 2946 aurei,
585 2908 718 2947 pedibus
744 2910 776 2939 in
797 2910 963 2949 sphingum
992 2911 1125 2940 sormam

92 2958 205 2989 effictis
225 2971 231 2988 :
247 2967 319 2988 nam
335 2958 418 2989 latus
433 2959 610 2998 oppositum
627 2959 719 2990 fronti
732 2960 874 2990 relietum
891 2962 956 2991 erat
967 2963 1121 3000 apertum.

94 3009 150 3041 His
165 3009 324 3040 substrata
341 3010 431 3039 crant
455 3010 572 3049 tapetia
592 3019 768 3049 purpurea,
786 3011 949 3050 utrimque
966 3012 1092 3051 villosa,
1107 3021 1124 3042 e

95 3061 166 3091 lana
181 3059 438 3099 praestantissima
454 3073 461 3091 2
482 3063 676 3100 superstrata
695 3062 798 3092 aulaea
813 3062 969 3101 variegata
980 3086 989 3101 ‚
1009 3064 1125 3094 eximia

96 3113 162 3153 arte
187 3110 328 3149 insignia.
374 3111 483 3142 Glabri
511 3114 631 3151 tapetes
660 3113 775 3143 Persici
798 3114 937 3144 medium
966 3115 1122 3153 spatium,

97 3161 182 3201 quod
204 3162 333 3200 pedibus
352 3154 684 3202 calcatur,tegebaut,
700 3166 848 3196 accurate
862 3166 1033 3197 delineatas
1050 3167 1122 3197 ani-

97 3212 227 3243 malium
246 3212 362 3243 formas
380 3213 520 3252 aliasque
540 3214 653 3253 figuras
672 3214 858 3247 intertextas
876 3216 1036 3248 habentes.
1058 3217 1124 3248 Dis-

98 3263 471 3303 eumbentilmsappositae
479 3266 568 3296 crant
579 3274 694 3296 mensae
706 3266 841 3306 tripodes
850 3275 953 3298 aureae
963 3267 1119 3307 ducentae,

1165 174 1283 210 ἑκατὸν
1308 176 1452 224 ἀργυραῖ
1471 174 1630 219 λεκάναι,
1655 173 1712 210 καὶ
1733 173 1947 222 καταχύσηις
1962 171 2055 216 ἴσαι,
2083 172 2193 222 παρέ-

1168 246 1287 269 κειντο.
1347 232 1538 282 Ἰἰπεπήγει
1556 232 1589 268 δὲ
1616 234 1674 268 τοῦ
1703 229 1893 279 συμποσίου
1910 228 2115 280 καταντικρὺ
2135 230 2195 266 καὶ

1168 287 1266 339 ἑτέρα
1287 288 1382 334 κλίνη
1399 290 1481 339 πρὸς
1501 288 1561 333 τὴν
1582 291 1647 325 τῶν
1666 288 1843 325 κυλικείων
1861 286 1919 323 καὶ
1936 287 2108 338 ποτηρίων
2127 290 2194 324 τῶν

1167 359 1203 380 τε
1219 345 1345 381 λοιπῶν
1371 348 1435 381 τῶν
1457 345 1538 396 πρὸς
1554 345 1615 391 τὴν
1635 349 1757 397 χρῆσιν
1778 345 1971 390 ἀνηκόντων
1992 359 2194 381 κατασκευ-

1169 401 1333 449 ασμάτων
1348 401 1488 438 ἔκθεσιν·
1507 402 1527 438 ἂ
1546 403 1586 448 δὴ
1606 403 1718 439 πάντα
1738 408 1850 455 χρυσᾶ
1867 417 1903 438 τε
1919 396 1961 447 ἦν
1977 401 2035 438 καὶ
2048 401 2196 448 διάλιθα,
2217 427 2224 432 -

1169 458 1350 506 θαυμαστὰ
1369 461 1442 500 ταῖς
1457 458 1602 508 τέχναις.
1624 460 1763 497 Τούτων
1785 459 1818 495 δὲ
1836 458 1897 503 τὴν
1913 459 1973 507 μὲν
1991 457 2080 495 κατὰ
2097 457 2198 508 μέρος

1169 515 1385 559 κατασκευὴν
1399 516 1457 551 καὶ
1472 516 1514 552 τὰ
1531 516 1610 564 γένη
1629 516 1757 567 μακρὸν
1776 515 1975 567 ἐπεφαίνετό
1993 530 2049 564 μοι
2061 516 2194 560 δηλοῦν·

1169 570 1208 609 τὸ
1236 571 1271 608 δὲ
1291 575 1348 608 τοῦ
1370 576 1522 620 σταθμοῦ
1543 574 1669 617 πλῆθος
1689 576 1732 614 εἷς
1761 573 1865 623 μύρια
1883 573 2021 610 τάλαντ’
2038 572 2197 625 ἀργυρίου

1169 628 1230 675 τὴν
1250 629 1436 679 σύμπασαν
1456 624 1525 680 εῖχε
1545 630 1774 675 κατασκευήν.

1223 700 1268 725 27.
1292 705 1306 719 «
1327 686 1447 735 Ἡμεῖς
1465 687 1517 731 δὲ,
1533 686 1648 731 ἐπειδὴ
1666 686 1707 722 τὰ
1721 688 1808 724 κατὰ
1824 688 1884 733 τὴν
1900 687 2027 734 σκηνὴν
2042 688 2199 734 διεληλύ-

1171 747 1294 793 θαμεν,
1322 744 1535 792 ποιησόμεθα
1562 744 1621 779 καὶ
1647 746 1706 788 τῆς
1734 748 1874 791 πομπῆς
1899 745 2076 794 ἐξήγησιν·
2098 745 2200 794 ἤγετο

1171 801 1237 852 γὰρ
1256 800 1310 837 διὰ
1327 805 1384 839 τοῦ
1402 801 1491 838 κατὰ
1511 800 1573 846 τὴν
1592 801 1690 837 πόλιν
1709 801 1860 840 σταδίου.
1886 802 2011 849 Πρώτη
2033 802 2060 838 δ’
2080 802 2200 839 ἐὸάδι-

1172 861 1224 902 ζεν
1242 858 1459 911 (Εωσφόροψ
1481 858 1539 894 καὶ
1554 857 1620 908 γὰρ
1638 858 1747 908 ἀρχὴν
1766 852 1853 908 εῖχεν
1871 862 1891 904 ἡ
1912 859 2048 906 πομπὴ,
2070 861 2144 896 καθ’
2164 860 2200 896 ὃν

1173 919 1190 953 ὅ
1215 916 1457 968 προειρημένος
1478 915 1587 968 ἀστὴρ
1610 915 1766 967 φαίνεται
1784 915 1918 966 χρόνον.
1937 915 2073 953 Ἔπειθ’
2092 920 2112 962 ἡ
2133 918 2203 958 τοῖς

1172 977 1239 1011 τῶν
1262 973 1431 1025 βασιλέων
1449 976 1584 1022 γονεῦσι
1609 973 1921 1022 κατωνομασμένη.
1946 973 2043 1011 Μετὰ
2061 973 2095 1010 δὲ
2115 974 2203 1010 ταύ-

1171 1048 1232 1074 τας
1259 1034 1292 1069 αἱ
1312 1034 1378 1068 τῶν
1398 1033 1482 1068 θεῶν
1511 1031 1684 1074 ἁπάντων,
1713 1030 1839 1067 οἰκείαν
1869 1030 2008 1080 ἔχουσαι
2035 1034 2095 1075 τῆς
2125 1031 2205 1082 περὶ

1173 1090 1327 1127 ἑκάστων
1349 1091 1460 1126 αὐτῶν
1474 1088 1625 1139 ἱστορίας
1642 1088 1841 1132 διασκευήν.
1860 1087 1934 1133 Τὴν
1955 1087 1989 1124 δὲ
2008 1089 2203 1125 τελευταίαν

1175 1147 1346 1199 Ἑσπέρου
1373 1146 1569 1184 συνέὸαινεν
1591 1139 1694 1191 εἶναι,
1713 1149 1772 1191 τῆς
1793 1145 1882 1196 ὥρας
1905 1147 1950 1187 εἷς
1969 1149 2066 1182 τοῦτο
2094 1161 2206 1182 συνα-

1174 1205 1300 1256 γούσης
1319 1205 1375 1241 τὸν
1398 1204 1530 1256 καιρόν.
1554 1203 1610 1242 Τὰ
1632 1202 1665 1240 δὲ
1685 1203 1773 1240 κατὰ
1794 1203 1892 1253 μέρος
1911 1205 2021 1240 αὐτῶν
2042 1202 2073 1239 εἴ
2091 1219 2138 1243 τις
2159 1205 2205 1240 εἷ-

1176 1263 1269 1300 δέναι
1292 1262 1471 1313 βούλεται,
1491 1261 1549 1303 τὰς
1564 1264 1629 1298 τῶν
1646 1261 1893 1312 πεντετηρίδων
1913 1259 2044 1311 γραφὰς
2062 1260 2205 1308 λαμῧά-

1174 1337 1239 1358 νων
1266 1319 1507 1357 ἐπισκοπείτω.
1531 1321 1602 1364 Τῆς
1623 1318 1656 1355 δὲ
1676 1321 1901 1363 Διονυσιακῆς
1920 1320 2059 1366 πομπῆς
2078 1320 2206 1368 πρῶτοι

1177 1377 1237 1426 μὲν
1254 1377 1428 1429 προῄεσαν
1447 1378 1476 1413 οἱ
1497 1375 1552 1412 τὸν
1572 1376 1673 1427 ὄχλον
1691 1375 1899 1426 ἀνείργοντες
1919 1373 2094 1420 Σειληνοὶ,
2117 1389 2207 1424 πορ-

1178 1442 1283 1488 φυρᾶς
1295 1433 1493 1485 χλαμύδας,
1509 1434 1588 1470 οἶδὲ
1607 1433 1803 1485 φοινικίδας,
1817 1432 2054 1484 ἠμφιεσμένοι.
2068 1431 2208 1472 Τούτοις

1179 1494 1206 1530 δ’
1238 1491 1487 1538 ἐπηκολούθουν
1520 1491 1690 1542 Σάτυροι,
1718 1491 1792 1528 καθ’
1825 1491 1968 1528 ἕκαστον
1987 1494 2045 1527 τοῦ
2070 1489 2209 1527 σταδίου

1180 1550 1278 1601 μέρος
1297 1551 1422 1595 εἴκοσι,
1441 1550 1628 1599 λαμπάδας
1645 1549 1800 1601 φέροντες
1816 1549 1969 1592 κισσίνας
1989 1547 2205 1599 διαχρύσους.

1180 1610 1266 1646 Μεθ’
1288 1608 1341 1650 οὒς
1362 1610 1490 1654 Νῖκαι,
1512 1613 1642 1658 χρυσᾶς
1662 1606 1802 1658 ἔχουσαι
1820 1607 2003 1658 πτέρυγας.
2060 1605 2209 1656 Ἔφερον

1176 1668 1204 1703 δ’
1225 1661 1326 1703 αῧται
1346 1664 1554 1716 θυμιατήρια
1572 1664 1750 1714 ἑξαπήχη,
1771 1664 1932 1706 κισσίνοις
1945 1664 2084 1715 χρυσοῖς
2099 1662 2208 1700 κλωσὶ

1177 1723 1499 1773 διακεκοσμημένα,
1525 1723 1677 1774 ζῳωτοὺς
1698 1723 1906 1758 ἐνδεδυκυῖαι
1922 1724 2087 1771 χιτῶνας,
2108 1722 2209 1758 αὐταὶ

1174 1836 1209 1864 ut
1232 1837 1334 1865 essent
1362 1835 1434 1865 duae
1452 1844 1508 1874 pro
1532 1844 1659 1874 quoque
1676 1835 1811 1872 lectulo,
1835 1834 1989 1873 argenteis
2014 1832 2205 1872 repositoriis

1181 1885 1308 1916 innixae.
1351 1889 1375 1917 A
1390 1887 1478 1924 parte
1494 1885 1657 1924 posteriori
1672 1909 1680 1923 ,
1700 1893 1772 1924 quae
1788 1893 1804 1915 c
1820 1885 1989 1923 conspectu
2003 1885 2124 1914 remota
2136 1888 2182 1915 ost
2199 1907 2208 1921 ‚

1175 1938 1304 1967 centum
1328 1937 1434 1976 pelves
1452 1936 1561 1975 positae
1581 1937 1670 1967 erant
1689 1937 1859 1975 argenteae,
1881 1935 2077 1974 totidemque
2097 1935 2204 1966 labra.

1178 1988 1400 2018 Fabresactum
1429 1996 1504 2017 vero
1527 1987 1621 2018 etiam
1643 1988 1710 2017 erat
1730 1987 1760 2016 in
1783 1988 1872 2025 parte
1893 1986 2025 2016 adversa
2052 1986 2209 2016 coenaculi

1174 2038 1262 2068 aliud
1285 2038 1505 2077 repositorium
1520 2062 1528 2076 ,
1544 2038 1575 2068 in
1599 2046 1661 2076 quo
1687 2037 1800 2067 calices
1819 2038 1850 2067 et
1869 2037 1982 2076 pocula
1995 2060 2004 2075 ,
2026 2036 2148 2076 aliaque
2164 2036 2206 2067 ad

1176 2099 1267 2120 usum
1282 2090 1411 2129 idonea,
1428 2091 1459 2120 et
1476 2097 1550 2120 vasa
1563 2089 1696 2120 diversae
1718 2089 1845 2120 fabricae
1861 2089 2118 2128 exponebantur3
2135 2097 2208 2128 quae

1175 2143 1265 2172 erant
1286 2150 1382 2172 aurea
1404 2141 1528 2180 omnia,
1551 2141 1582 2171 et
1607 2140 1738 2179 gemmis
1760 2140 1905 2171 distincta
1919 2165 1926 2178 ‚
1945 2140 2121 2170 admirabili
2139 2142 2209 2170 arte

1175 2193 1356 2223 fabrefacta.
1373 2194 1517 2228 Quorum
1530 2192 1724 2230 singulorum
1736 2193 1940 2230 structuram,
1953 2192 1982 2221 et
1994 2191 2079 2221 varia
2097 2200 2210 2229 genera

1175 2231 1341 2282 enarrare,
1356 2243 1483 2281 longum
1498 2242 1574 2272 mihi
1588 2242 1690 2273 visum
1702 2244 1759 2272 est.
1804 2242 1864 2273 Sed
1878 2242 2000 2281 pondus
2014 2244 2206 2272 cunctorum

1176 2293 1302 2324 illorum
1319 2302 1484 2331 vasorum,
1499 2294 1530 2323 in
1545 2301 1641 2323 unam
1658 2301 1814 2323 summam
1832 2293 1982 2323 collatum
1995 2316 2003 2331 ,
2018 2292 2127 2323 decem
2145 2292 2209 2323 sere

1176 2344 1308 2375 millium
1326 2345 1384 2375 suit
1398 2345 1590 2374 talentorum
1603 2344 1733 2382 argenti.

1219 2410 1233 2423 τι
1252 2400 1354 2433 Nunc,
1367 2398 1534 2436 postquam
1549 2405 1620 2435 quae
1635 2396 1672 2426 ad
1689 2396 1931 2427 tabernaculum
1944 2395 2101 2435 pertinent
2115 2404 2212 2434 expo-

1176 2448 1315 2486 suimus,
1329 2456 1487 2487 pompam
1508 2447 1602 2478 etiam
1616 2447 1715 2486 ipsam
1736 2447 1965 2479 enarrabimus.
2024 2445 2207 2477 Ducebatur

1176 2499 1269 2538 igitur
1283 2499 1335 2530 illa
1348 2508 1403 2538 per
1414 2498 1549 2529 stadium
1574 2498 1657 2537 quod
1675 2499 1722 2528 est
1736 2497 1944 2529 Alexandriae.
1965 2498 2004 2529 Et
2025 2497 2129 2536 prima
2142 2496 2209 2536 qui-

1177 2551 1249 2582 dem
1264 2550 1522 2591 progrediebatur
1539 2550 1676 2582 Luciferi
1698 2558 1813 2590 pompa
1833 2563 1839 2580 2
1861 2549 1976 2580 etenim
1993 2549 2119 2579 initium
2142 2550 2210 2579 tota

1178 2611 1292 2641 pompa
1307 2601 1471 2641 capiebat,
1490 2610 1553 2640 quo
1575 2603 1718 2640 tempore
1733 2601 1823 2631 stella
1843 2600 1897 2631 illa
1916 2600 2085 2631 oriebatur.
2129 2601 2209 2630 Tum

1179 2653 1368 2693 procedebat
1381 2662 1429 2692 ea,
1441 2661 1514 2692 quae
1528 2651 1709 2691 parent-ibus
1725 2660 1831 2690 regum
1845 2653 1913 2682 erat
1923 2653 2114 2681 consecrata.
2132 2651 2207 2680 Post

1178 2707 1278 2744 lianc,
1299 2706 1429 2736 deorum
1449 2704 1589 2735 omnium
1612 2704 1808 2743 dearumque
1828 2712 1972 2743 pompae;
1996 2703 2146 2742 quaelibet
2160 2712 2213 2740 νος

1182 2757 1242 2788 luis
1264 2756 1412 2787 omnibus
1437 2755 1591 2786 instructa
1606 2756 1798 2794 ornataque,
1817 2763 1888 2793 quae
1908 2754 1947 2784 ad
1964 2754 2209 2792 uniuscujusque

1178 2809 1316 2840 numinis
1335 2808 1497 2839 historiam
1511 2808 1664 2846 spectant.
1682 2809 1842 2846 Postrema
1857 2815 1972 2846 pompa
1988 2806 2114 2845 Hesperi
2129 2806 2207 2843 erat,

1180 2860 1330 2899 quoniam
1345 2859 1418 2889 anni
1432 2859 1603 2897 tempestas
1620 2858 1662 2888 ita
1682 2858 1890 2888 contrahebat
1901 2859 2026 2896 tempus
2036 2880 2045 2895 ,
2060 2858 2096 2886 ut
2110 2855 2148 2885 ad
2162 2864 2194 2885 se

1181 2920 1248 2941 ram
1273 2918 1374 2948 usque
1390 2917 1552 2948 vesperam
1569 2908 1714 2939 universa
1736 2917 1850 2948 pompa
1866 2909 2022 2947 ageretur.
2067 2908 2211 2942 Quarum

1182 2970 1370 3001 pomparum
1390 2960 1414 2991 si
1434 2960 1505 2999 quis
1524 2960 1718 2999 singularum
1744 2959 1956 2999 particulatim
1985 2959 2136 2989 rationem
2159 2965 2208 2987 co-

1183 3020 1330 3052 gnoscere
1343 3011 1447 3050 cupit,
1465 3010 1490 3041 is
1507 3010 1792 3049 Quinquennalium
1808 3010 1954 3042 ludorum
1971 3008 2209 3047 descriptionem

1187 3065 1313 3102 sumat,
1329 3065 1360 3094 et
1372 3063 1437 3102 ipse
1456 3062 1556 3092 oculis
1572 3062 1636 3093 suis
1654 3063 1778 3093 lustret.
1823 3064 1857 3093 ln
1875 3061 2043 3093 Bacchica
2063 3066 2205 3098 pompa,

1184 3116 1274 3155 primi
1297 3114 1484 3146 incedebant
1515 3113 1641 3144 turbam
1675 3115 1858 3144 amoventes
1883 3113 2008 3149 Sileni,
2036 3118 2208 3149 purpureas

1184 3168 1299 3206 laenas,
1311 3169 1362 3199 alii
1381 3168 1531 3207 puniceas
1551 3168 1663 3198 induti.
1707 3169 1771 3198 Hos
1790 3166 2002 3204 sequebantur
2021 3163 2131 3200 Satyri
2145 3185 2152 3198 ‚
2168 3161 2209 3190 ah

1185 3220 1320 3258 utraque
1342 3219 1432 3250 stadii
1460 3221 1549 3258 parte
1575 3218 1700 3257 viginti,
1727 3216 1889 3255 lampadas
1910 3215 2063 3253 gestantes
2082 3212 2207 3242 hederae

1185 3270 1265 3301 soliis
1281 3270 1448 3301 obvolutas
1462 3279 1539 3301 auro
1553 3269 1754 3308 fulgentibus.
1770 3267 1889 3299 Deinde
1911 3266 2081 3302 Vielore'ce,
2098 3271 2208 3295 aureas
