2289 3728
937 155 1260 194 FRAGMENTA.

46 240 185 287 αὐτοὺς,
205 239 236 276 τί
253 240 394 276 καλοῦσι
416 242 524 275 τοῦτο.
545 239 622 275 Τῶν
640 238 666 273 δ’
686 236 846 273 εἰπόντων
865 236 963 288 ῥόαν,
977 238 1067 274 Ἀλλ’

45 301 159 346 ἡμεῖς,
179 290 270 341 εἶπε,
293 296 403 332 σίδαν.
429 295 473 332 ‘O
493 294 527 332 δὲ
545 295 643 337 τόπος
662 297 752 331 τοῦτ’
773 293 843 344 ἔχει
861 294 899 330 τὸ
918 294 1019 345 φυτὸν
1035 296 1068 331 ἐν

44 357 134 405 αὑτῷ
152 356 324 397 πλεῖστον,
348 355 405 404 ἀφ’
423 347 461 390 οὗ
485 353 547 397 τὴν
565 352 599 395 ἐξ
628 353 737 402 ἀρχῆς
755 350 872 402 εἴληφε
896 367 1070 402 προσηγο-

42 411 129 462 ρίαν,
147 410 204 448 καὶ
220 411 367 456 ἐνίκησε.
384 428 397 443 ›1
412 414 465 447 De
480 412 565 446 Sida
584 412 731 446 Boeotia·
751 412 903 457 regione
920 412 1069 446 aliunde

41 484 117 505 non
150 478 310 513 constat,
341 478 517 516 quantum
552 470 675 505 sciam.
718 471 772 503 De
804 469 873 503 alia
909 469 1066 514 quadani

40 530 163 575 planta
177 555 186 571 ,
208 529 346 574 punico
367 528 463 562 malo
483 527 610 569 simili,
633 538 714 572 quae
735 527 823 560 item
842 527 923 560 sida,
942 528 1067 560 nonii—

40 593 148 620 natur
167 592 201 619 et
222 586 257 619 in
277 584 410 631 palude
427 584 523 618 circa
540 584 816 618 Orchomenum
836 584 1010 627 nascitur,
1030 596 1064 617 v.

39 643 278 689 Theophrast.
308 655 367 689 ap.
401 641 536 677 Athen.
568 641 592 676 l.
627 641 652 675 l.
686 641 813 687 ibique
833 641 1065 687 interpretes,

37 701 167 734 Sidam
179 700 347 733 Laconiae
363 697 585 744 oppidulum
602 704 783 732 memorat
795 699 987 732 Pausanias
1001 699 1068 741 ΙΙΙ,

41 769 102 793 22.
127 757 293 792 Ceterum
315 755 603 802 Agatharchides
630 768 705 789 rein
733 754 778 789 ad
803 755 1069 801 Epaminondae

39 821 207 860 tempora
229 815 474 860 pertinentem
496 812 580 847 data
601 813 794 847 occasione
813 813 972 847 attulisse
995 825 1068 859 pu—

41 872 172 906 tandus
189 880 254 908 est.
280 873 409 906 Sermo
430 870 580 905 fortasse
600 878 678 905 erat
695 870 740 905 de
757 871 875 917 Oropi
890 871 1043 918 regione
1057 897 1066 914 ,

39 929 85 963 de
116 941 187 974 qua
217 930 324 963 toties
345 929 441 963 inter
460 929 608 962 Boeotos
629 935 665 962 et
684 927 918 962 Athenienses
946 927 1066 961 disce-

39 993 182 1033 ptatum
199 993 262 1022 est.

538 1064 573 1099 5.

194 1158 222 1193 E
250 1158 396 1193 LIBRO
425 1157 653 1193 VICESIMO
676 1157 908 1192 SECUNDO.

87 1249 192 1284 Idem
202 1250 266 1295 Vl,
279 1262 317 1296 p.
333 1248 421 1293 246,
436 1250 464 1283 E
477 1261 485 1282 τ
497 1246 744 1297 Ἀγαθαρχίδης
761 1245 821 1282 δ’ὁ
838 1247 969 1289 Κνίδιος
980 1247 1012 1283 ἐν
1025 1249 1066 1297 τῇ

39 1305 180 1356 δευτέρᾳ
204 1305 263 1342 καὶ
292 1306 428 1353 εἰκοστῇ
449 1306 515 1340 τῶν
540 1305 791 1355 Εὐρωπιακῶν,
816 1303 1067 1355 Ἀριστομάχου

36 1367 94 1400 τοῦ
116 1362 273 1413 Ἀργείων
293 1360 456 1411 τυράννου
473 1360 665 1412 παράσιτον
685 1362 840 1410 γενέσθαι
866 1361 966 1412 φησὶν
995 1361 1067 1399 Ἀν-

38 1420 235 1470 θεμόκριτον
252 1418 308 1456 τὸν
329 1419 628 1470 παγκρατιαστήν.

87 1483 172 1516 1)υο
202 1480 351 1515 fuerunt
375 1480 637 1522 Aristomachi,
662 1481 886 1527 Argivorum
905 1480 1064 1526 tyranni.

37 1539 122 1575 Post
142 1539 437 1573 Aristomachum
466 1539 483 1572 Ι
511 1536 573 1586 (v.
593 1536 782 1572 Plutarch.
807 1540 907 1573 Arat.
929 1549 960 1573 c,
991 1535 1037 1571 25
1056 1537 1065 1584 )

38 1596 234 1644 tyrannide
255 1597 398 1642 potitur
426 1596 654 1642 Aristippus,
686 1603 721 1629 et
741 1608 827 1630 mox
857 1602 941 1642 post
961 1594 1070 1640 hujus

37 1656 183 1690 obitum
210 1655 485 1690 Aristomachus
505 1654 541 1688 ΙΙ
570 1653 628 1701 (ν.
652 1654 749 1689 Plut.
780 1652 805 1688 l.
833 1654 857 1688 l.
883 1653 976 1700 29),
1004 1654 1066 1699 qni

36 1713 171 1748 deinde
190 1712 245 1760 (a.
265 1712 351 1759 226)
371 1712 589 1746 Achaeornm
609 1711 739 1745 foederi
754 1723 790 1746 se
807 1710 976 1756 adjunxit
994 1711 1066 1758 (id,

36 1773 85 1806 ib.
108 1771 153 1806 35
170 1783 249 1817 sqq.
263 1768 287 1818 ).
303 1770 356 1805 Cf.
373 1770 419 1804 de
432 1770 503 1804 hoc
518 1769 646 1816 Polyb.
662 1770 712 1803 ΙΙ.
735 1773 797 1810 44.
817 1767 878 1815 59.
900 1769 963 1812 6ο,
980 1769 1070 1803 Pau-

37 1829 152 1863 sanias
174 1830 229 1872 ΙΙ,
258 1828 298 1872 δ’,
316 1828 351 1861 6.
371 1828 576 1873 Quemnam
591 1828 726 1861 Noster
744 1827 979 1871 intellexerit,
994 1838 1070 1860 non

38 1887 166 1932 liquet.

533 1960 567 1994 (5.
598 1981 605 1989 ,

196 2052 223 2085 Ε
252 2051 396 2085 LIBRO
425 2051 649 2086 VICESIMO
679 2051 897 2086 SEPTIMO.

90 2144 193 2178 Idem
211 2144 305 2187 XII,
324 2155 361 2190 p.
389 2141 486 2190 550,
506 2144 532 2177 B
565 2154 573 2178 t
596 2140 699 2192 Παρὰ
721 2141 755 2177 δὲ
779 2142 1064 2190 Λακεδαιμονίοις

39 2203 55 2236 ὁ
77 2199 173 2241 αὐτὸς
201 2198 493 2251 (Ἀγαθαρχίδης)
524 2200 653 2250 ἱστορεῖ
676 2198 731 2235 διὰ
756 2203 816 2244 τῆς
839 2198 987 2247 ἓὲδόμης
1006 2199 1065 2236 καὶ

39 2259 192 2302 εἰκοστῆς
203 2258 240 2294 οὖ
257 2259 317 2302 τῆς
334 2256 501 2307 τυχούσης
516 2256 648 2299 ἀδοξίας
664 2256 873 2305 νομίζεσθαι,
892 2255 922 2293 εἴ
936 2272 985 2298 τις
997 2255 1018 2301 ἢ
1032 2256 1070 2292 τὸ

2087 172 2095 201 l
2109 173 2153 202 93

1131 244 1251 290 σχῆμα
1276 245 1516 295 ἀνανδρότερον
1539 251 1642 295 ἔχων,
1664 246 1685 291 ἢ
1716 247 1769 283 τὸν
1791 247 1890 296 ὄγκον
1921 252 1978 285 τοῦ
1999 249 2158 298 σώματος

1130 297 1302 348 προπετὴς
1323 301 1494 350 ἐφαίνετο,
1519 305 1655 351 γυμνῶν
1681 305 1769 341 κατὰ
1790 306 1870 342 δέκα
1898 307 2030 358 ἡμέρας
2053 323 2156 359 παρι-

1129 354 1306 403 σταμένων
1320 362 1387 399 τοῖς
1402 359 1529 409 ἐφόροις
1542 363 1607 396 τῶν
1622 361 1720 400 νέων.
1777 363 1970 416 Καθεώρων
1987 364 2021 402 δὲ
2036 367 2065 403 οἱ
2085 366 2161 416 ἔφο-

1131 427 1180 463 ροι
1201 412 1259 449 καὶ
1279 417 1354 450 καθ’
1374 415 1521 460 ἑκάστην
1549 418 1679 469 ἡμέραν
1704 421 1761 456 καὶ
1781 420 1823 458 τὰ
1846 422 1923 473 περὶ
1942 422 2002 467 τὴν
2024 423 2156 461 ἔνδυσιν

1130 470 1187 507 καὶ
1206 470 1268 514 τὴν
1294 472 1474 521 στρωμνὴν
1493 477 1559 510 τῶν
1578 476 1677 511 νέων·
1699 478 1848 521 εἰκότως.
1909 480 1978 517 Καὶ
1995 481 2059 532 γὰρ
2076 483 2157 532 ὀψο·

1129 527 1220 564 ποιοὶ
1235 523 1322 574 ἦσαν
1340 529 1434 580 παρὰ
1450 533 1732 580 Λακεδαιμονίοις
1749 536 1852 585 κρέως
1869 538 2074 587 σκευασίας,
2098 538 2158 575 ἄλ-

1129 587 1188 622 λου
1210 586 1237 622 δ’
1255 587 1397 630 οὐδενός.
1456 590 1529 626 Κάν
1551 592 1591 640 τῇ
1609 590 1638 626 δ’
1655 591 1783 641 ἑὸδόμη
1802 595 1936 645 εἰκοστῇ
1957 597 1973 631 ὁ
1992 595 2158 648 Ἀγαθαρ-

1129 643 1228 694 χίδης
1243 643 1305 692 ἔφη
1318 674 1328 693 ,
1345 645 1608 694 Λακεδαιμόνιοι
1624 649 1839 695 Ναυκλείδην
1853 652 1908 687 τὸν
1927 653 2156 700 Πολυίῗιάδου,

1130 703 1307 744 παντελῶς
1327 704 1607 754 ὑπερσαρκοῦντα
1635 707 1684 756 τῷ
1702 707 1853 754 σώματι,
1880 710 1937 746 καὶ
1961 710 2075 761 παχὺν
2101 710 2157 748 διὰ

1131 758 1260 809 τρυφὴν
1279 759 1473 809 γενόμενον,
1498 761 1794 805 καταὸιὸοίσαντες
1813 766 1857 806 εἷς
1888 765 1994 813 μέσην
2014 767 2074 813 τὴν
2095 770 2155 805 ἐκ-

1129 816 1287 863 κλησίαν,
1300 818 1357 854 καὶ
1370 819 1569 871 Λυσάνδρου
1581 820 1692 858 πολλὰ
1707 822 1927 866 ὀνειδίσαντος
1939 826 1972 860 ἐν
1985 828 2031 877 τῷ
2043 829 2159 879 κοινῷ,

1129 876 1175 916 ὡς
1199 877 1389 926 τρυφῶντι,
1419 877 1500 927 παρ’
1528 877 1641 928 ὀλίγον
1667 878 1828 922 ἐξέὸαλον
1856 882 1893 917 ἐκ
1922 885 1981 927 τῆς
2005 884 2156 932 πόλεως,

1132 931 1380 977 ἀπειλήσαντες
1400 937 1498 971 τοῦτο
1516 934 1693 984 ποιήσειν,
1715 938 1743 972 εἷ
1770 936 1818 985 μὴ
1842 936 1898 974 τὸν
1927 938 1997 988 βίον
2019 942 2160 992 ἐπανορ-

1129 988 1288 1028 θώσαιτο.
1309 990 1472 1034 Εἰπόντος
1487 996 1547 1029 τοῦ
1565 993 1785 1045 Λυσάνδρου,
1801 994 1853 1032 ὅτι
1870 996 1928 1032 καὶ
1943 996 2160 1047 Ἀγησίλαος,

1129 1047 1184 1084 ὅτε
1205 1048 1350 1100 διέτριόε
1366 1049 1443 1100 περὶ
1457 1050 1514 1087 τὸν
1531 1050 1789 1097 <Ελλησποντον
1804 1055 1963 1103 πολεμῶν
1980 1056 2047 1097 τοῖς
2075 1059 2157 1107 βαρ-

1099 1113 1102 1125 ·
1131 1106 1266 1157 ὃάροις,
1285 1109 1372 1158 ὁρῶν
1392 1108 1468 1152 τοὺς
1489 1109 1694 1160 Ἀσιαγενεῖς
1720 1117 1793 1152 ταῖς
1816 1111 1878 1160 μὲν
1900 1113 2036 1155 στολαῖς
2056 1115 2163 1150 πολυ-

1129 1166 1234 1207 τελῶς
1253 1167 1488 1216 ἠσκημένους,
1509 1173 1578 1210 τοῖς
1597 1168 1736 1217 σώμασι
1757 1169 1786 1206 δ’
1808 1168 1913 1211 οὕτως
1936 1171 2092 1222 ἀχρείους
2110 1172 2164 1209 ὄν-

1130 1238 1189 1264 τας
1203 1252 1212 1270 ,
1231 1222 1376 1272 γυμνοὺς
1395 1224 1524 1267 πάντας
1551 1224 1707 1263 ἐκέλευσε
1736 1225 1813 1269 τοὺς
1839 1227 2083 1278 ἁλισκομένους
2104 1229 2160 1267 ε’πὶ

1131 1279 1188 1316 τὸν
1210 1280 1343 1332 κήρυκα
1364 1281 1473 1332 ἄγειν,
1495 1282 1553 1320 καὶ
1575 1283 1680 1335 χωρὶς
1699 1285 1827 1321 πωλεῖν
1847 1285 1904 1323 τὸν
1928 1286 2056 1324 τούτων
2081 1289 2162 1337 ἱμα-

1130 1337 1264 1392 τισμὸχ,
1292 1338 1383 1382 ὅπως
1410 1343 1440 1378 οἱ
1474 1340 1652 1393 σύμμαχοι
1681 1342 1944 1392 γιγνώσκοντες,
1969 1344 2053 1381 διότι
2081 1346 2164 1397 πρὸς

1131 1389 1191 1439 μὲν
1225 1392 1312 1428 ἀθλοι
1340 1392 1499 1444 μεγάλα,
1535 1393 1617 1444 πρὸς
1648 1394 1675 1430 δ’
1704 1394 1828 1447 ἄνδρας
1857 1397 2000 1439 εὐτελεῖς
2028 1399 2045 1433 ὁ
2074 1397 2163 1446 ἀγὼν

1131 1447 1317 1493 συνέστηκε
1327 1479 1335 1495 ,
1347 1450 1598 1501 προθυμότερον
1616 1457 1690 1494 ταῖς
1703 1454 1830 1504 ψυχαῖς
1843 1455 1993 1504 ὁρμῶσιν
2012 1455 2068 1492 ἐπὶ
2086 1455 2161 1499 τοὺς

1132 1505 1315 1549 ἐναντίους.
1336 1510 1380 1543 In
1399 1510 1515 1545 altero
1536 1511 1621 1546 libri
1646 1524 1803 1548 numero
1825 1521 1987 1548 erratum
2008 1527 2082 1550 esse
2108 1516 2160 1549 vi-

1133 1565 1266 1611 detur3
1296 1567 1447 1603 fortasse
1473 1581 1542 1604 scr.
1562 1571 1625 1605 κάν
1646 1572 1688 1620 τῇ
1712 1569 1740 1606 δ’
1760 1569 1861 1621 ὀγδόῃ
1882 1571 1971 1618 εἷκ.;
2004 1580 2104 1608 certe
2142 1585 2161 1608 e

1133 1624 1228 1659 libro
1259 1625 1306 1660 28
1337 1626 1500 1671 ejusdem
1516 1629 1626 1674 plane
1647 1631 1855 1677 argumenti
1873 1631 1975 1665 locus
1995 1632 2159 1666 affertur.

1133 1683 1275 1729 Agebat
1294 1685 1332 1718 in
1348 1685 1403 1719 his
1419 1686 1522 1720 libris
1534 1687 1823 1733 Agatharchides
1843 1688 1889 1723 de
1910 1689 1951 1723 iis
1971 1691 2160 1736 tempori-

1132 1739 1218 1784 bus,
1237 1742 1383 1787 ,quibus
1411 1750 1574 1778 veterem
1591 1746 1752 1791 Lycurgi
1776 1747 2042 1792 rempublicam
2073 1748 2158 1793 Agizs

1133 1804 1167 1831 et
1187 1799 1400 1835 Cleomenes
1420 1802 1611 1836 restituere
1631 1809 1832 1839 tentarunt.

1630 1908 1661 1938 7.

1303 1987 1330 2020 Ε
1359 1987 1504 2022 LIBRO
1535 1988 1758 2023 VICESIMO
1788 1989 1989 2024 OCTAVO.

1184 2083 1287 2118 Idem
1300 2085 1361 2127 IV,
1375 2097 1413 2131 p.
1434 2084 1515 2129 168,
1529 2087 1559 2120 D
1572 2099 1579 2119 :
1592 2056 1838 2136 Ἀγαόαρχίδης
1851 2086 1878 2122 δ’
1892 2089 1908 2122 ὃ
1925 2087 2058 2130 Κνίδιος
2075 2091 2107 2125 ἐν
2117 2092 2159 2140 τῇ

1130 2140 1231 2190 ὀγδόη
1253 2140 1336 2192 πρὸς
1355 2146 1427 2182 ταῖς
1447 2141 1553 2178 εἴκοσι
1570 2145 1636 2179 τῶν
1656 2144 1906 2194 Εὐρωπιακῶν,
1927 2145 2159 2184 «Γνώσιππον

1134 2198 1278 2250 (φησὶν)
1311 2198 1443 2235 ἄσωτον
1463 2200 1642 2249 γενόμενον
1672 2203 1704 2237 ἐν
1725 2204 1766 2251 τῇ
1796 2202 1942 2253 Σπάρτῃ
1962 2204 2109 2241 ἕκώλυῦν
2131 2208 2160 2242 Οἳ

1133 2256 1244 2308 ἔφοροι
1265 2257 1548 2308 συνοιναστρῑωτῆἕῑν
1570 2264 1637 2301 τοῖς
1656 2258 1749 2301 νέως·
1774 2278 1786 2292 ”
1806 2264 1862 2297 De
1879 2263 2091 2311 Gnosippo,
2112 2266 2161 2299 Sl*

37 2369 106 2398 tum
125 2368 288 2405 tenuerat,
312 2376 439 2398 sumens
460 2367 692 2407 ostendensque
702 2392 710 2406 ‚
734 2367 881 2407 quaesivit
905 2377 945 2398 ex
969 2368 1066 2398 Athe·
1094 2377 1099 2395 ι

38 2418 213 2456 mensibus,
227 2426 291 2457 quo
305 2418 431 2449 nomine
445 2418 504 2448 hoc
518 2420 691 2449 vocarent?
706 2421 876 2457 Quumque
886 2418 929 2448 illi
945 2427 1066 2457 respon-

38 2468 156 2499 dissent
169 2469 265 2509 ῥόαν;
287 2481 301 2494 «
319 2470 356 2499 At
376 2477 451 2508 nos,
465 2469 584 2508 inquit,
608 2469 719 2500 sidam.
742 2482 756 2495 υ
801 2470 902 2500 Habet
917 2471 1022 2500 autem
1045 2469 1069 2500 is

38 2519 128 2550 locus
142 2520 294 2559 plurimas
307 2519 338 2550 id
352 2528 450 2558 genus
463 2519 631 2559 arborum,
646 2519 728 2551 unde
743 2520 896 2559 principio
912 2528 1027 2550 nomen
1042 2519 1068 2550 ei

39 2573 85 2603 est
101 2572 246 2603 inditum.
263 2573 366 2611 Atque
379 2573 423 2603 ita
437 2580 564 2603 eausam
580 2572 809 2612 Epaminondas
823 2572 969 2602 obtinuit.
990 2586 1003 2597 1·

536 2638 570 2668 5.

81 2709 325 2749 Agatharchides
351 2709 498 2747 Cnidius,
518 2709 598 2740 libro
617 2709 766 2740 vicesimo
793 2709 931 2740 secundo
955 2711 1069 2740 Rerum

41 2763 286 2801 Europaearum,
307 2761 582 2792 Anthemoeritum
608 2761 839 2800 pancratiasten
865 2761 1071 2792 Aristomachi

42 2812 230 2851 Argivorum
247 2811 371 2850 tyranni
388 2811 559 2850 parasitum
576 2812 669 2842 l'uisse
684 2812 789 2842 refert.

543 2876 574 2906 6.

84 2939 174 2979 Apud
192 2938 462 2977 Lacedaemonios,
478 2941 513 2969 ut
534 2939 616 2970 idem
636 2939 880 2978 Agatharchides
899 2939 979 2970 libro
993 2940 1072 2970 vice-

44 2990 123 3021 simo
143 2990 276 3029 septimo
299 2989 416 3027 tradit,
440 2989 558 3028 insigne
580 2989 731 3028 probrum
754 2989 942 3028 habebatur,
960 2991 985 3021 si
1003 2990 1074 3029 quis

45 3043 100 3073 aut
119 3041 226 3072 habitu
242 3040 381 3080 corporis
395 3049 507 3080 parum
524 3040 627 3079 virili,
644 3042 698 3072 aut
713 3041 795 3071 mole
812 3041 928 3072 ventris
941 3042 1073 3072 nimium

46 3093 242 3132 prominente
267 3092 565 3132 deprehenderetur,
593 3101 693 3132 quum
721 3092 844 3123 decimo
872 3102 999 3132 quoque
1024 3093 1073 3124 die

47 3144 148 3175 nudos
169 3152 201 3175 se
213 3143 344 3182 iuvenes
356 3143 481 3182 ephoris
504 3143 713 3182 inspiciendos
726 3143 914 3183 praeberent.
958 3144 1074 3175 Obser-

48 3196 165 3226 vabant
182 3195 278 3226 etiam
293 3195 435 3234 quotidie
454 3195 562 3234 ephori
584 3204 684 3234 quum
701 3195 849 3226 vestitum
871 3197 941 3226 tum
958 3196 1073 3227 cubilia

47 3246 216 3285 juvenum3
235 3247 266 3276 et
281 3246 393 3276 merito
409 3245 535 3285 quidem
554 3258 560 3275 :
579 3254 651 3276 nam
670 3247 701 3276 et
717 3246 811 3285 coqui
824 3246 908 3286 apud
926 3247 1072 3277 Lacedae.-

50 3296 171 3327 monios
193 3296 269 3326 nulli
292 3297 399 3334 erant,
416 3296 473 3326 nisi
488 3296 573 3327 carni
587 3296 796 3336 apparandae;
814 3305 870 3327 nee
885 3297 955 3327 ullis
972 3297 1001 3327 in
1022 3306 1073 3327 cu·

193 3359 376 3380 rnimnzsizx
401 3360 522 3381 uis'ror..
545 3360 596 3381 un.
620 3369 652 3373 —
673 3360 742 3381 voi„
764 3360 807 3381 ui.

1128 2367 1232 2406 pediis.
1247 2376 1298 2399 ars
1321 2376 1430 2399 eorum
1454 2369 1646 2400 versabatur.
1683 2372 1779 2401 Porro
1799 2370 1831 2402 in
1856 2371 2001 2403 vicesimo
2029 2376 2160 2414 septimo

1129 2418 1257 2458 [octavo
1268 2418 1304 2457 9]
1327 2419 1406 2450 libro
1420 2420 1501 2451 idem
1530 2421 1774 2460 Agatharchides
1790 2422 1849 2461 ait,
1865 2424 2048 2455 Nauclidem
2070 2428 2160 2466 Poly-

1129 2470 1227 2501 biadis
1250 2470 1366 2509 tilium,
1381 2480 1479 2510 quum
1502 2472 1542 2502 ob
1561 2472 1634 2503 vitae
1653 2473 1814 2504 mollitiem
1832 2476 2071 2514 supramodum
2091 2487 2160 2509 eor-

1129 2523 1274 2562 pulentus
1289 2523 1465 2563 obesusque
1478 2525 1579 2563 esset,
1598 2534 1616 2555 a
1632 2525 1877 2557 Lacedaemoniis
1890 2527 1920 2557 in
1935 2528 2070 2560 mediam
2085 2539 2160 2561 con—

1130 2574 1253 2604 cionem
1279 2574 1373 2605 fuisse
1392 2575 1601 2615 productum3
1626 2578 1657 2607 et
1678 2576 1801 2616 publiCe
1823 2586 1841 2607 a
1863 2579 2021 2617 Lysandro
2050 2582 2161 2612 acerbe

1130 2624 1331 2663 objurgatum
1354 2627 1389 2656 ut
1405 2626 1531 2657 mollem
1555 2629 1587 2657 et
1611 2627 1844 2666 voluptarium,
1869 2631 2096 2668 propemodum
2121 2642 2160 2664 ex

1131 2676 1209 2706 urbe
1222 2676 1315 2707 fuisse
1328 2677 1482 2715 eJeetum;
1498 2676 1591 2716 idque
1605 2677 1748 2708 futurum
1764 2679 1922 2711 minitatos
1938 2681 1965 2711 ei
1980 2690 2046 2713 esse
2059 2683 2159 2722 cives,

1131 2726 1163 2756 ni
1176 2726 1273 2757 vitam
1289 2727 1467 2766 corrigeret.
1500 2729 1569 2763 Qua
1583 2727 1748 2760 occasione
1762 2733 2022 2763 commemoravit
2042 2735 2160 2773 Lysan-

1130 2776 1199 2813 der,
1217 2777 1394 2816 Agesilaum
1408 2802 1416 2816 ‚
1430 2786 1529 2816 quum
1546 2778 1686 2810 barbaris
1708 2779 1826 2811 bellum
1850 2781 1965 2813 faceret
1986 2784 2025 2814 ad
2040 2786 2160 2816 Helles-

1132 2831 1283 2869 pontum,
1304 2830 1487 2869 videretque
1514 2830 1666 2862 Asiaticos
1688 2832 1830 2864 homines
1855 2836 2047 2874 sumptuosis
2074 2838 2161 2869 stolis

1132 2881 1291 2920 excultos,
1315 2881 1499 2920 corporibus
1520 2890 1594 2912 vero
1613 2881 1692 2913 adeo
1708 2882 1850 2915 imbelles
1874 2887 1906 2916 et
1926 2886 2053 2918 inutiles
2073 2897 2137 2919 esse
2151 2912 2159 2926 ,

1133 2933 1274 2972 captivos
1292 2942 1402 2964 omnes
1415 2933 1454 2964 ad
1468 2942 1645 2973 praeconem
1658 2935 1761 2966 nudos
1777 2935 1850 2966 duci
1863 2938 1991 2976 Jussisse
2001 2963 2008 2976 ,
2023 2941 2054 2970 et
2070 2941 2160 2971 vesti·

1133 2986 1238 3016 menta
1252 2994 1360 3016 eornm
1374 2986 1542 3025 separatim
1556 2986 1649 3017 vendi
1666 3000 1672 3017 ε
1688 2996 1752 3026 quo
1766 2988 1840 3019 socii
1855 2989 2063 3029 intelligentes
2078 3001 2159 3031 prre-

1133 3036 1268 3066 miornm
1282 3036 1386 3075 ampla
1400 3045 1453 3075 spe
1465 3036 1614 3067 adversus
1628 3037 1703 3069 viles
1717 3038 1858 3070 homines
1872 3040 1989 3072 bellum
2003 3043 2066 3079 geri
2077 3066 2085 3081 ‚
2098 3044 2159 3075 ala-

1133 3086 1287 3117 crioribus
1300 3087 1411 3117 animis
1424 3096 1496 3118 cnm
1512 3087 1654 3119 hostibus
1668 3091 1853 3128 pugnarent.

1630 3144 1645 3171 7
1655 3166 1662 3172 .

1173 3194 1416 3232 Agatharchides
1442 3194 1588 3233 Cnidius,
1610 3195 1759 3226 vicesimo
1782 3198 1895 3227 octavo
1921 3199 2037 3228 Rerum
2063 3201 2157 3229 Euro-

1134 3254 1273 3284 panarum
1288 3259 1293 3277 :
1308 3259 1322 3272 «
1335 3246 1528 3285 Gnosippum
1543 3248 1674 3286 Spartae,
1689 3248 1743 3286 ait,
1758 3258 1856 3287 quum
1869 3249 2049 3280 luxuriosus
2060 3253 2137 3281 esset
2149 3276 2156 3288 ,

1134 3298 1261 3328 vetuere
1274 3298 1381 3338 ephori
1398 3307 1469 3328 cuin
1482 3298 1651 3336 juvenibus
1664 3301 1850 3330 conversari.

1971 3358 2001 3383 13
