2289 3728
929 143 1246 181 FRAGMENTA.

16 248 77 281 γην
90 247 146 268 και
162 230 380 278 αυτὴνσφοιιρ
384 242 416 263 05
423 228 474 271 ιδί,
491 241 597 262 καιπε
606 239 774 294 ptorxouu':
762 239 851 268 ν.ην.
871 223 927 272 (ιιι)
944 217 1041 260 Εἶναι

17 289 126 326 δὲκαὶ
147 287 328 328 ἀντίποδας
348 302 405 322 και
422 285 463 322 τὰ
484 287 565 333 ημῖν
584 284 677 320 κάτω
695 298 747 319 ε>ιε
753 282 829 324 ίνοις
847 281 930 319 ἄνω.
951 282 1038 318 Ἰσό-

17 347 118 396 μοιρά
135 348 165 382 τ’
186 349 271 382 εἰναι
289 347 321 381 ἐν
339 361 386 380 τιι)
401 343 521 394 κόσμιι)
537 357 606 393 φως
620 356 677 377 και
695 340 829 384 σκότος,
844 340 900 376 καὶ
919 339 1040 389 Οεριιὸν

16 403 73 440 καὶ
93 402 239 454 ψυχρὸν,
262 417 319 438 και
336 400 433 452 ξηρὸν
451 400 509 436 καὶ
531 398 646 449 υγρόν·
667 401 713 434 ὧν
728 398 804 433 κατ’
825 396 1042 447 ἐπικράτειαν

16 464 137 511 θερμοῦ
156 459 196 510 μὲ
183 476 216 497 ν
236 459 328 510 θέρος
342 458 512 508 γίνεσθαι,
533 456 701 525 4⁴07*pr
684 455 718 491 οὲ
739 469 917 504 χειμωνα,
943 453 1041 504 ξηροῦ

16 519 47 555 δ’
70 517 149 569 ἔαρ,
170 519 227 554 καὶ
248 519 348 567 ὑγροῦ
374 515 597 565 φθινόπωρον.
622 512 706 551 Ἰῖὲιν
731 512 764 548 δὲ
795 513 976 563 ἰσοιιοιρῃ,
1000 511 1043 548 τὰ

15 575 183 612 κάλλιστοι
201 579 285 611 εἰναι
307 577 366 610 τοῦ
389 573 502 616 ἔτους,
525 575 562 608 οὓ
583 570 619 607 τὸ
637 569 679 618 μὲ
683 587 697 605 ν
716 569 873 607 θάλλον
855 585 916 622 εαρ
937 572 1008 619 ὑγιε
996 586 1042 606 55-

13 633 85 678 νὸν,
106 632 143 669 τὸ
169 632 202 668 δὲ
223 631 334 683 φθίνον
351 628 564 702 φθινόπωρον
591 643 665 665 νοσε
653 627 741 678 ερον.
773 625 877 664 Αλλὰ
908 643 966 664 και
987 630 1046 672 τῆς

13 690 150 742 ’ἡμέρας
166 689 300 726 θάλλειν
322 704 382 737 μεν
402 687 462 733 τὴν
493 686 557 734 ἔω,
589 685 752 737 φθίνειν
735 701 770 722 οε
795 684 858 730 τὴν
882 684 1045 735 εσπέραν·

15 749 88 784 ὅθεν
107 747 166 784 καὶ
182 744 412 796 νοσερωτέραν
441 747 541 781 εἰναι.
564 743 634 780 'lov
654 758 689 779 τε
712 742 790 793 περὶ
808 757 868 787 την
883 744 947 791 γ·7,ν
961 741 1045 792 ἀέρα

18 805 174 842 ἄσειστον
202 819 261 840 και
289 802 423 851 νοσερὸν
445 801 503 838 καὶ
534 800 577 837 τὰ
609 802 642 837 ἐν
675 801 767 836 αὐτι)
791 800 903 836 πάντα
924 798 1045 844 θνητά·

17 862 74 900 τὸν
104 860 138 898 δὲ
168 860 334 898 ἀνωτάτω
359 858 547 904 ἀεικίνητόν
575 860 600 894 τ’
629 851 715 894 εἶναι
737 856 795 893 καὶ
823 855 972 906 καθαρὸν
988 854 1047 892 καὶ

18 923 97 968 ὑγιᾶ
130 918 188 955 καὶ
208 917 319 954 πάντα
348 917 390 954 τὰ
415 918 448 953 ἐν
481 917 573 966 αὐτῷ
598 915 750 952 ἀθάνατα
779 914 838 951 καὶ
870 912 925 950 διὰ
949 916 1048 949 τοῦτο

18 981 104 1016 θεῖα.
130 977 187 1026 (27)
204 975 328 1013 ἽΙλιόν
345 990 381 1011 τε
401 974 458 1012 καὶ
478 973 621 1019 σελήνην
640 970 789 1014 καὶτοὺς
806 972 928 1013 ἄλλους
947 969 1048 1007 ἀστέ-

19 1050 109 1106 ραςς
97 1028 183 1070 εἶναι
203 1031 312 1074 θεούς·
337 1033 530 1082 ἐπικρατεῖν
550 1030 615 1081 γὰρ
633 1029 671 1066 τὸ
699 1029 822 1080 θερμὸν
851 1030 884 1066 ἐν
911 1028 1044 1077 αὐτοῖς,

19 1091 102 1142 ὅπερ
131 1090 202 1128 ἐστι
220 1093 307 1136 ζωῆς
328 1089 449 1127 αἴτιον.
504 1088 577 1133 Τήν
607 1102 643 1124 τε
672 1087 818 1133 σελήνην
848 1086 1048 1135 λάμπεσθαι

19 1151 74 1201 ὕφ’
100 1150 210 1194 ἡλίου.
272 1147 341 1185 Καὶ
370 1145 558 1198 ἀνθρώποις
582 1149 668 1183 εἶναι
698 1144 782 1196 πρὸς
802 1144 895 1186 θεους
926 1143 1050 1193 συγγέ-

19 1221 122 1252 νειαν,
141 1206 228 1244 κατὰ
243 1206 280 1242 τὸ
298 1204 452 1256 μετέχειν
471 1204 646 1251 ἄνθρωπον
664 1205 805 1254 θερμοῦ·
825 1201 875 1239 διο
892 1201 949 1238 καὶ
966 1216 1046 1252 προ

21 1266 168 1300 νοεῖσθαι
190 1259 246 1298 τὸν
276 1262 348 1300 θεὸν
368 1265 480 1312 ἡμῶν.
540 1260 765 1312 Εἱμαρμένην
795 1275 831 1297 τε
864 1261 929 1296 τῶν
961 1257 1047 1296 ὅλων

21 1321 79 1358 καὶ
100 1320 188 1358 κατὰ
208 1319 306 1371 μέρος
327 1320 438 1357 αἰτίαν
458 1315 543 1359 εἰναι
562 1323 621 1365 τῆς
642 1318 853 1364 διοικήσεως.
909 1317 1049 1363 Διήκειν

21 1379 49 1415 τ’
71 1379 139 1415 ἀπὸ
156 1382 213 1415 τοῦ
232 1378 330 1424 ἡλίου
351 1379 470 1415 ἀκτῖνα
489 1377 543 1414 διὰ
557 1380 615 1414 τοῦ
636 1375 765 1428 αἰθέρος
784 1379 843 1412 τοῦ
862 1390 897 1413 τε
918 1376 1049 1426 ψυχροῦ

23 1440 81 1472 καὶ
100 1434 241 1485 παχέος.
281 1437 432 1472 Καλοῦσι
450 1434 484 1472 δὲ
502 1434 558 1471 τὸν
576 1432 637 1483 μὲν
659 1432 742 1485 ἀέρα
760 1432 891 1485 ψυχρὸν
913 1433 1048 1484 αἰθέρα,

21 1492 83 1538 τὴν
104 1492 138 1530 δὲ
152 1492 328 1532 θάλασσαν
347 1494 404 1529 καὶ
430 1492 468 1530 τὸ
487 1491 586 1543 ὑγρὸν
607 1491 722 1542 παχὺν
747 1491 879 1543 αἰθέρα.
908 1490 1048 1536 Ταύτην

23 1549 56 1587 δὲ
77 1549 137 1596 τὴν
159 1552 276 1587 ἀκτῖνα
297 1550 355 1588 καὶ
375 1553 421 1593 εἰς
447 1549 491 1587 τὰ
513 1549 612 1601 βένθη
634 1550 772 1587 δύεσθαι
797 1549 855 1587 καὶ
877 1548 932 1586 διὰ
953 1552 1050 1586 τοῦτο

23 1610 198 1652 ζωοποιεῖν
217 1608 343 1646 πάντα.
403 1609 460 1658 (28)
481 1608 553 1646 Καὶ
570 1610 629 1654 ζῆν
648 1607 709 1656 μὲν
732 1607 834 1644 πάνθ’
859 1605 922 1643 ὅσα
944 1606 1045 1654 μετέ-

356 1665 485 1703 διὸκαὶ
516 1665 559 1702 τὰ
585 1664 673 1716 φυτὰ
701 1667 770 1716 ζῷα
800 1659 906 1701 εἶναι·
935 1664 1048 1716 ψυχὴν

25 1721 138 1770 μέντοι
160 1722 207 1771 μὴ
238 1723 328 1773 ἔχειν
354 1724 481 1761 πάντα.
539 1717 641 1761 Εἶναι
665 1722 699 1759 δὲ
732 1722 794 1768 τὴν
816 1721 929 1773 ψυχὴν
963 1721 1050 1758 ἀπό·

24 1795 170 1829 σπασμα
195 1780 325 1831 αἰθέρος
351 1781 409 1817 καὶ
435 1784 493 1818 τοῦ
514 1784 638 1832 θερμοῦ
663 1780 721 1817 καὶ
743 1783 800 1817 τοῦ
826 1782 979 1831 ψυχροῦ,
1002 1781 1051 1831 τῷ

22 1838 249 1889 συμμετέχειν
282 1840 414 1890 ψυχροῦ
453 1838 592 1890 αἰθέρος.
648 1837 829 1889 Διαφέρειν
860 1853 896 1874 τε
933 1837 1047 1888 ψυχὴν

22 1681 77 1716 χει
101 1669 160 1702 τοῦ
180 1669 323 1717 θερμοῦ·

22 1948 112 1979 nobis
128 1948 234 1979 intima
255 1950 340 1979 sunt.
386 1949 496 1988 AEquis
523 1949 618 1979 etiam
639 1948 783 1988 partibus
808 1947 927 1979 mundo
955 1947 1053 1978 inesse

23 1999 126 2029 lucem
144 2008 181 2030 ac
194 2000 359 2038 tenebras,
378 2000 579 2040 calidumque
600 2001 632 2032 et
652 2000 797 2039 frigidum
809 2023 817 2037 ‚
835 2000 866 2030 et
882 2000 999 2030 siccum
1023 2000 1054 2029 et

24 2049 189 2081 lnnnidum
207 2064 212 2080 2
232 2060 270 2081 ex
287 2050 321 2081 iis
334 2050 410 2081 dum
424 2051 509 2082 calor
524 2052 664 2090 superat,
679 2051 840 2089 aestatenu
855 2050 930 2081 dum
946 2050 1053 2089 frigus,

24 2102 267 2142 liiemem3dum
280 2103 407 2142 humor,
431 2103 577 2134 brumam
595 2103 671 2134 fieri.
693 2106 736 2134 Ea
759 2103 834 2133 dum
853 2103 950 2142 aequis
961 2103 1054 2142 parti-

24 2152 83 2183 bus
96 2154 188 2192 sunt,
204 2154 323 2192 optima
343 2154 416 2184 anni
430 2155 572 2193 tempora
586 2153 698 2185 confici
715 2167 721 2185 :
737 2163 874 2193 namque
901 2154 1056 2184 virescens

23 2205 70 2234 est
84 2204 165 2234 veris
180 2206 267 2243 grata
288 2204 486 2244 salubrisque
503 2206 690 2244 temperies;
716 2205 863 2236 occidens
892 2214 967 2236 vero
995 2214 1054 2235 an-

25 2257 127 2287 tnmni
149 2258 319 2296 tempestas
339 2257 496 2288 morbosa.
541 2257 608 2288 Diei
636 2266 762 2297 quoque
788 2258 941 2289 virescere
962 2267 1055 2289 anro-

26 2316 104 2345 ram‚
116 2316 276 2347 vesperam
291 2307 434 2339 occidere
450 2310 617 2348 :quocirca
630 2308 870 2340 insalubriorem
883 2318 960 2340 esse.
976 2312 1055 2339 Eum

26 2359 100 2389 item
116 2358 171 2398 qui
202 2360 319 2389 terram
349 2360 570 2398 complectitur
580 2368 651 2391 aera
675 2359 841 2391 immotum
867 2369 904 2391 ac
927 2361 1055 2391 morbo-

26 2419 116 2448 sum,
131 2410 162 2441 et
175 2419 247 2449 qnae
265 2410 296 2440 in
312 2410 366 2441 illo
383 2412 456 2443 sunt
474 2411 580 2442 omnia
603 2420 669 2442 esse
688 2412 843 2442 mortalia.
888 2414 1056 2443 Summum

28 2467 102 2490 vero
116 2459 235 2490 aethera
251 2468 374 2499 semper
386 2460 505 2492 moveri
522 2463 554 2492 et
570 2470 636 2492 esse
658 2461 901 2500 liquidissimum
918 2471 955 2492 ac
970 2463 1055 2493 salu-

30 2509 203 2543 berrimum
228 2511 258 2541 et
278 2519 350 2549 quae
373 2511 404 2541 in
418 2520 454 2542 eo
471 2513 544 2542 sunt
565 2512 757 2543 immortalia
777 2513 882 2543 omnia
895 2514 990 2553 atque
1008 2513 1057 2544 id-

27 2560 111 2591 circo
125 2560 244 2592 divina.
290 2562 353 2602 (27)
372 2562 476 2593 Solem
499 2563 573 2594 item
594 2563 625 2594 et
646 2564 754 2594 lunam
768 2564 799 2594 et
815 2564 935 2604 reliqua
956 2564 1058 2595 sidera

28 2611 104 2642 deos
121 2620 212 2642 esse:
236 2612 352 2652 quippe
369 2613 473 2644 inillis
496 2622 643 2653 superare
669 2615 824 2653 calorem,
847 2616 902 2655 qui
927 2616 966 2647 sit
983 2616 1058 2647 vitre

28 2663 151 2695 auctor.
198 2664 319 2693 Lunam
345 2665 452 2694 autem
484 2672 502 2694 a
521 2665 587 2695 sole
613 2665 776 2696 illustrari.
807 2666 1059 2706 Hominibusque

29 2722 96 2745 esse
115 2722 189 2744 cum
215 2713 274 2744 diis
302 2715 540 2754 cognationem,
566 2716 651 2755 qnod
668 2717 763 2747 homo
795 2726 924 2757 quoque
947 2719 1059 2750 caloris

30 2766 184 2804 particeps
211 2766 251 2796 sit
276 2776 283 2796 z
309 2766 393 2797 unde
415 2768 446 2798 et
461 2767 556 2798 deum
573 2769 672 2799 nostri
687 2769 915 2808 providentiam
938 2779 1056 2810 gerere.

32 2818 208 2856 Fatumque
228 2817 447 2848 universorum
465 2819 496 2849 et
519 2818 715 2859 singulorum
736 2821 1057 2853 administrandorum

32 2875 161 2899 causam
180 2876 258 2899 esse.
284 2870 453 2899 penetrare
472 2869 547 2900 item
561 2878 579 2900 a
592 2870 657 2901 sole
672 2871 793 2902 radium
806 2881 860 2911 per
875 2873 993 2904 {ethera
1004 2874 1058 2904 sri-

32 2917 139 2956 gidum
153 2919 184 2949 et
200 2920 396 2951 concretum.
441 2921 564 2951 Vocant
578 2922 684 2952 antem
703 2930 807 2953 aerem
823 2923 950 2962 quidem
978 2925 1058 2964 frigi-

32 2968 109 3001 dum
126 2969 246 3000 aethera
256 2981 264 3008 ;
275 2979 362 3001 mare
373 2971 478 3003 autem
496 2972 527 3002 et
538 2971 716 3012 humorem,
731 2976 914 3005 concretum
927 2976 1056 3007 aethera.

34 3020 126 3051 Hunc
145 3029 219 3051 vero
239 3020 363 3053 radium
389 3022 484 3053 etlam
504 3023 659 3061 profunda
678 3026 842 3062 penetrare
867 3027 963 3065 atque
990 3027 1061 3058 ideo

35 3069 193 3102 vivificare
223 3072 340 3102 omnia.
385 3072 450 3111 (28)
480 3073 594 3104 Vivere
621 3073 698 3104 item
721 3075 827 3106 omnia
850 3084 921 3115 quae
950 3078 1062 3110 caloris

35 3120 198 3160 participia
211 3123 302 3160 sunt,
317 3123 412 3162 atque
431 3123 502 3155 ideo
516 3125 547 3155 et
561 3124 683 3164 plantas
695 3134 762 3157 esse
775 3127 951 3158 animantes
973 3141 978 3159 :
996 3130 1060 3159 ani·

36 3180 120 3203 mam
135 3174 242 3204 tamen
264 3183 328 3205 non
351 3175 466 3207 habere
477 3184 598 3208 omnes.
616 3177 760 3208 Animam
783 3187 850 3210 esse
874 3180 1059 3218 particulam

36 3232 76 3254 ex
88 3224 204 3256 aethere
216 3226 358 3257 avulsam
378 3229 410 3258 et
425 3227 526 3258 calido
542 3230 573 3259 et
590 3229 720 3268 frigido,
745 3239 781 3260 eo
800 3231 885 3269 quod
907 3231 946 3262 sit
968 3233 1061 3264 simul

40 3275 193 3315 particeps
221 3276 319 3315 frigidi
345 3277 480 3309 retheris.
500 3279 635 3311 Differre
651 3281 755 3311 autem
785 3290 801 3311 a
823 3281 887 3312 vita
905 3282 1060 3323 animam,

183 3345 367 3367 rammam
385 3346 461 3367 msr.
478 3347 529 3368 cn.
547 3355 578 3360 -
595 3348 661 3370 vor„
685 3349 728 3370 ιιι.

2049 149 2117 181 ‘241

1105 226 1207 267 Coi<-
1238 222 1404 258 οιθοίνατον
1431 223 1454 258 τ’
1478 230 1563 258 είνιι
1590 223 1707 270 αυτηὶν
1735 224 1790 259 ἐπε
1797 222 1916 273 ιδὴπερ
1937 238 1994 259 και
2016 239 2052 259 το
2072 222 2128 273 ἀφ’

1769 280 1833 294 *Nx

1730 283 1784 317 'la
1803 295 1836 317 05
1861 283 1929 332 <om
1950 284 2129 330 γεννᾶσθαι

1103 336 1135 378 ἐξ
1153 336 1311 380 ἀλληλιι)ν
1331 336 1397 372 ἀπο
1414 337 1633 386 σπερμάτων,
1654 339 1748 382 τὴν
1732 340 1759 374 0'
1776 341 1836 375 ἐκ
1835 341 1887 387 (ἧς
1901 338 2030 388 γένεσιν
2046 337 2129 374 ἀδυ-

1104 295 1143 315 ου
1170 282 1234 314 ἀπε
1239 294 1389 314 σπασται
1407 280 1600 315 ἀθάνατον
1588 295 1671 317 εστι

1104 408 1203 430 νατον
1225 393 1442 444 ὑφίστασθαι.
1473 394 1523 431 Τὸ
1552 395 1587 430 65
1606 410 1667 430 σπε
1655 394 1742 445 ζριια
1761 399 1846 432 εἰναι
1865 395 2012 444 σταγόνα
2034 397 2128 465 ἐγκε-

1105 450 1213 522 φρίλου
1239 450 1465 501 περιέχουσαν
1496 453 1528 487 ἐν
1558 453 1660 501 ἑαυτῆ
1693 454 1815 521 θερμὸν
1848 452 1972 501 ἀτμόν·
1999 469 2128 499 ταυτην

1107 509 1140 545 δὲ
1171 523 1301 559 προσφε
1306 506 1450 558 ρομένην
1471 523 1511 556 τῃ
1534 523 1557 555 μ
1561 524 1647 558 ητρα
1677 509 1743 545 ἀπὸ
1772 510 1812 558 μὲ
1816 526 1832 546 ν
1859 514 1916 546 τοῦ
1930 511 2128 568 ἐγκεφάλου

1107 567 1215 617 ἰγι)ρα
1236 565 1293 602 καὶ
1319 565 1419 615 υγρὸν
1449 565 1509 601 καὶ
1535 569 1622 613 αἱμα
1643 545 1842 616 προίεσθαι,
1868 566 1900 610 ἐξ
1926 571 1973 603 ὡν
2002 567 2132 617 σάρκας

1107 638 1142 659 τε
1162 622 1220 659 καὶ
1235 627 1337 674 νεῦρα
1359 638 1417 659 και
1438 623 1523 658 ὀστᾶ
1544 637 1601 658 και
1621 638 1740 673 τρι-[μς
1756 639 1813 660 και
1827 624 1863 660 τὸ
1882 624 1957 661 ὅλον
1976 625 2131 662 συνίστα-

1108 684 1186 718 σθαι
1207 683 1326 729 σῶμα·
1362 679 1430 717 ἀπὸ
1454 678 1488 716 δὲ
1515 682 1574 716 τοῦ
1603 681 1712 728 ἀτμοῦ
1732 680 1843 732 ψυχὴν
1867 682 1925 718 καὶ
1954 681 2126 728 αἴσθησιν.

1110 739 1171 788 (29)
1191 739 1417 789 Μορφοῦσθαι
1436 735 1471 774 δὲ
1490 736 1528 773 τὸ
1550 736 1610 784 μὲν
1638 739 1771 787 πρῶτον
1793 738 1901 788 παγὲν
1931 740 1964 775 ἐν
1990 739 2133 791 ἡμέραις

1109 795 1386 845 τεσσαράκοντα,
1417 793 1506 831 κατὰ
1535 794 1569 830 δὲ
1594 794 1671 836 τοὺς
1690 797 1749 839 τῆς
1773 795 1935 845 ἁρμονίας
1957 796 2074 845 λόγους
2099 799 2132 833 ἐν

1108 851 1195 889 ἑπτὰ
1214 851 1236 897 ἢ
1254 851 1349 889 ἐννέα
1368 851 1389 896 ἢ
1415 851 1496 888 δέκα
1519 851 1557 888 τὸ
1579 853 1737 889 πλεῖστον
1759 853 1844 901 μησὶ
1866 854 2004 890 τελεωθε
2010 871 2024 890 ν
2043 856 2133 891 ἀπο-

1109 909 1310 947 κυΐσκεσθαι
1333 909 1371 947 τὸ
1392 909 1532 961 βρέφος·
1562 908 1652 959 ἔχειν
1673 911 1701 946 δ’
1732 911 1766 946 ἐν
1796 925 1888 946 αυτιο
1908 926 2037 953 παν-,ας
2055 927 2132 953 τους

1109 967 1228 1017 λόγους
1243 970 1302 1012 τῆς
1332 970 1436 1014 ζωῆς,
1462 971 1508 1004 ὡν
1528 967 1710 1019 εἰρομένων
1735 966 1937 1018 συνέχεσθαι
1955 984 2042 1005 κατα
2062 985 2136 1011 τους

1109 1042 1169 1071 της
1199 1025 1363 1076 ἁρμονίας
1389 1025 1526 1076 λόγους,
1544 1025 1696 1062 ἑκαστων
1718 1027 1750 1063 ἐν
1772 1041 1868 1062 τετα·
1864 1025 1989 1074 ιιένοις
2009 1030 2137 1076 καιροῖς

1109 1083 1366 1155 ἐπιγινομένων.
1405 1083 1480 1129 Ἰην
1505 1086 1534 1120 τ’
1557 1082 1715 1128 αἴσθησιν
1735 1085 1852 1125 κοινως
1880 1099 1938 1119 και
1960 1083 2035 1120 κατ’
2054 1079 2137 1127 εἶδος

1109 1140 1170 1186 τὴν
1191 1143 1308 1192 ὅρασιν
1340 1140 1449 1189 ἀτμόν
1477 1140 1538 1177 τιν’
1567 1144 1652 1177 εἰναι
1673 1139 1759 1212 ἄγαν
1781 1140 1916 1190 θερμόν.
1979 1142 2047 1179 Καὶ
2080 1142 2134 1178 διὰ

1109 1202 1207 1236 τοῦτο
1224 1199 1362 1250 λέγεται
1378 1200 1420 1237 δι’
1439 1198 1536 1251 ἀέρος
1552 1202 1634 1250 ὁρᾶν
1652 1199 1710 1236 καὶ
1731 1200 1772 1236 δι’
1789 1198 1925 1241 υδατος·
1948 1200 2136 1252 ἀντερείδε·

1111 1260 1188 1295 σθαι
1207 1256 1272 1308 γὰρ
1287 1257 1324 1294 τὸ
1342 1257 1464 1309 θερμὸν
1489 1257 1556 1294 ἀπὸ
1571 1261 1629 1295 τοῦ
1658 1259 1805 1309 ψυχροῦ.
1841 1257 1943 1295 Ἐπεί
1959 1274 2009 1295 τοι
2030 1260 2058 1295 εἰ
2079 1261 2140 1310 ψυ-

1111 1314 1191 1366 χρὸς
1214 1331 1254 1361 ην
1275 1318 1292 1352 ὁ
1320 1316 1353 1352 ἐν
1372 1331 1441 1357 τοις
1460 1314 1612 1364 ὄιιμασιν
1641 1316 1764 1364 ἀτμὸς,
1786 1315 1968 1361 διειστηκει
1994 1316 2034 1353 ἂν
2058 1319 2140 1367 πρὸς

1111 1373 1167 1410 τὸν
1194 1372 1309 1421 ὅμοιον
1334 1372 1439 1425 ἀέρα·
1467 1376 1524 1410 νῦν
1554 1372 1625 1410 65*
1630 1372 1756 1410 ἔστιν
1783 1374 1815 1409 ἐν
1840 1376 1888 1416 οἷς
1909 1373 2003 1419 ἡλίου
2031 1374 2140 1416 πυλας

1112 1431 1210 1468 καλεῖ
1226 1430 1302 1473 τοὺς
1319 1430 1524 1481 ὄφθαλμους.
1555 1430 1610 1469 Τὰ
1639 1431 1667 1467 6
1687 1430 1774 1468 αὐτὰ
1795 1431 1852 1468 καὶ
1868 1446 1944 1482 περι
1960 1447 2020 1477 της
2037 1434 2140 1477 &xo-Rc

1933 1490 1970 1539 (³¹
1970 1491 1992 1539 )
2014 1488 2087 1536 Τὴν
2109 1491 2142 1527 δ’

1110 1546 1290 1596 ἀνθρωπου
1323 1545 1437 1598 ψυχὴν
1472 1548 1577 1596 διαιρε
1579 1548 1673 1584 ισθαι
1704 1562 1827 1597 τρι-γη,
1854 1563 1881 1584 ει
1886 1565 1899 1590 ς
1925 1564 1960 1584 τε
1989 1551 2065 1584 νοῦν
2085 1563 2142 1585 και

1111 1620 1171 1675 φρε
1159 1620 1233 1647 ,νας
1256 1604 1314 1641 καὶ
1340 1603 1458 1655 θυμόν.
1489 1606 1579 1643 Νοῦν
1607 1621 1648 1654 με
1651 1621 1667 1641 ν
1689 1608 1744 1642 οὖν
1771 1620 1828 1641 και
1850 1606 1955 1643 θυιιον
1980 1610 2064 1642 εἰναι
2085 1606 2142 1642 καὶ

1114 1665 1147 1699 ἐν
1178 1668 1246 1705 τοῖς
1271 1662 1385 1705 ἄλλοις
1405 1662 1522 1714 ζωοις,
1551 1662 1673 1714 φρένας
1707 1663 1740 1699 δὲ
1771 1662 1871 1712 ιιόνον
1897 1665 1930 1700 5v
1960 1663 2138 1715 ἀνθρώπω.

1116 1714 1218 1758 Εἶναι
1236 1720 1269 1757 δε
1290 1720 1351 1766 τὴν
1368 1720 1480 1791 ἀρχὴν
1500 1723 1558 1766 τ’ἦς
1574 1722 1723 1774 ψυγῆς
1706 1736 1773 1757 απο
1787 1721 1927 1770 καρδιας
1948 1737 1989 1770 με
1983 1721 2099 1772 ’χριςε
2088 1724 2143 1753 31-

1114 1778 1279 1829 κεφάλου·
1298 1793 1356 1816 και
1375 1793 1413 1814 το
1435 1794 1495 1828 μεν
1517 1779 1550 1814 ἐν
1568 1781 1610 1829 τῆ·
1637 1778 1761 1828 καρδίᾳ
1785 1795 1826 1826 με
1832 1795 1885 1829 ρος
1905 1781 2009 1824 αυτ·7,ς
2030 1780 2138 1816 emir

2104 1803 2138 1830 Υ

1111 1851 1185 1885 χειν
1212 1836 1329 1884 θυμὸν,
1360 1836 1482 1888 φρένας
1512 1834 1546 1873 δὲ
1575 1836 1633 1873 καὶ
1649 1815 1726 1874 νοῦν
1755 1836 1797 1873 τὰ
1821 1838 1854 1873 ἐν
1883 1840 1931 1885 τῷ
1947 1838 2142 1889 ἐγκεφάλῳ·

1109 1504 1169 1526 και
1198 1504 1265 1525 των
1293 1490 1420 1526 λοιπων
1451 1488 1641 1534 αἰσθησεων
1664 1488 1871 1538 δογματίζει.

1114 1955 1248 1985 eamque
1265 1955 1330 1977 esse
1343 1946 1565 1985 immortalem,
1577 1946 1831 1985 quandoquidem
1845 1947 1876 1977 et
1888 1946 1919 1977 id
1933 1956 2023 1986 aquo
2037 1947 2144 1977 avulsa

1115 1998 1162 2029 est
1176 1996 1355 2028 immortale
1378 1998 1428 2028 sit.
1453 2000 1547 2028 Porro
1564 1997 1710 2027 animalia
1727 2006 1766 2028 ex
1788 2005 1820 2027 se
1844 1997 1981 2028 invicem
2006 1998 2090 2028 nasci
2106 2007 2145 2028 ex

1114 2048 1307 2085 seminibus;
1335 2057 1407 2088 quae
1421 2057 1495 2079 vero
1518 2058 1535 2079 e
1558 2051 1642 2079 terra
1657 2048 1710 2079 tiat
1727 2050 1960 2087 generationem
1980 2058 2042 2080 non
2059 2059 2147 2089 posse».

1114 2100 1295 2131 subsistere.
1314 2102 1426 2131 Semen
1448 2102 1553 2130 autem
1577 2108 1645 2131 esse
1669 2100 1789 2130 cerebri
1815 2101 1948 2138 stillam,
1966 2109 2039 2140 qliae
2061 2101 2091 2131 in
2114 2110 2147 2131 se

1114 2153 1251 2183 calidum
1280 2153 1439 2183 contineat
1463 2161 1612 2191 vaporem
1630 2164 1636 2180 τ
1663 2152 1732 2182 llaec
1764 2161 1839 2183 vero
1867 2153 1943 2185 dnm
1970 2153 2146 2184 infunditur

1115 2205 1220 2235 vulvae
1231 2228 1239 2242 ‚
1254 2213 1292 2234 ex
1310 2204 1438 2235 cerebro
1455 2204 1583 2244 quidem
1596 2204 1715 2235 saniem
1733 2206 1764 2235 et
1775 2205 1939 2235 humorem
1950 2204 2147 2243 sanguinem-

1113 2266 1175 2297 que
1191 2257 1345 2296 profluere
1356 2280 1364 2294 ,
1380 2266 1417 2287 ex
1436 2257 1553 2296 quibus
1567 2266 1640 2287 caro
1651 2281 1659 2295 ,
1685 2257 1790 2293 nervi,
1808 2265 1895 2295 ossa,
1912 2257 1962 2296 pili
1979 2258 2147 2296 totumque

1115 2309 1264 2339 consistat
1277 2317 1410 2347 corpus;
1436 2317 1453 2339 e
1476 2317 1592 2348 vapore
1614 2310 1720 2339 autem
1736 2309 1872 2339 animam
1890 2311 1985 2347 atque
2006 2318 2144 2340 sensum.

1116 2361 1180 2400 (29)
1196 2361 1338 2392 Formari
1353 2363 1460 2391 autem
1485 2362 1586 2400 primo
1614 2360 1742 2400 quidem
1761 2362 1943 2392 concretum
1966 2362 1997 2391 et
2017 2369 2145 2400 compa-

1114 2413 1201 2443 ctum
1219 2412 1299 2442 intra
1316 2411 1381 2442 dies
1391 2411 1598 2451 quadraginta
1609 2436 1617 2449 ‚
1632 2411 1806 2442 secundum
1821 2421 1895 2443 vero
1911 2412 2065 2443 rationem
2078 2412 2147 2443 har-

1115 2465 1230 2494 moniae
1252 2463 1334 2493 intra
1352 2463 1472 2502 septem
1491 2464 1545 2493 aut
1570 2472 1684 2493 novem
1701 2465 1757 2493 aut
1778 2463 1888 2494 decem
1912 2464 1957 2494 uti
1975 2464 2147 2503 plurimum

1117 2523 1240 2545 menses
1265 2515 1520 2545 consummatum
1545 2515 1642 2554 atque
1661 2515 1835 2554 perfectum
1868 2515 2020 2546 infantem
2040 2515 2089 2546 edi
2116 2514 2147 2545 in

1115 2566 1228 2597 lucem.
1252 2565 1373 2597 Habere
1389 2567 1496 2597 autem
1519 2565 1551 2596 in
1577 2575 1610 2597 se
1631 2574 1741 2598 omnes
1766 2568 1841 2598 vitae
1861 2568 2014 2606 rationes,
2032 2567 2148 2607 quibus

1115 2626 1172 2648 sua
1185 2618 1264 2649 serie
1281 2617 1432 2648 connexis
1444 2617 1598 2649 contineri
1619 2618 1794 2649 secundum
1811 2620 2025 2659 congruentiae
2051 2619 2146 2649 ratio-

1116 2677 1190 2707 nes,
1211 2678 1310 2709 quum
1326 2669 1446 2708 singula
1467 2669 1593 2700 statutis
1605 2670 1800 2709 temporibus
1825 2671 1987 2702 accedant.
2015 2673 2146 2701 Sensum

1117 2721 1328 2753 communiter
1345 2721 1474 2762 quidem
1493 2730 1620 2753 omnem
1637 2731 1674 2753 ac
1689 2724 1852 2763 speciatim
1874 2724 1974 2755 visum
1999 2732 2147 2762 vaporem

1116 2781 1182 2804 esse
1192 2773 1348 2813 quendam
1363 2773 1454 2804 valde
1467 2773 1615 2804 calidum.
1631 2775 1732 2813 Atque
1748 2775 1817 2805 ideo
1832 2784 1885 2814 per
1898 2784 2002 2806 aerem
2016 2784 2147 2815 aquam-

1116 2832 1178 2863 que
1185 2824 1291 2855 videre
1303 2824 1417 2855 dicitur
1427 2833 1433 2854 z
1443 2823 1534 2863 affligi
1544 2824 1627 2854 enim
1637 2825 1773 2855 calidum
1782 2835 1799 2856 a
1810 2826 1929 2864 frigido.
1943 2829 2022 2857 Nam
2033 2827 2057 2857 si
2069 2829 2149 2858 esset

1117 2875 1244 2915 frigidus
1253 2876 1304 2907 ille
1316 2877 1348 2906 in
1362 2876 1460 2906 oculis
1473 2885 1581 2915 vapor,
1596 2877 1724 2907 distaret
1736 2877 1875 2917 profecto
1886 2878 2035 2909 adversus
2045 2887 2148 2909 aerem

1119 2926 1253 2957 similem
1270 2939 1277 2957 ι
1296 2935 1382 2957 nunc
1394 2935 1469 2957 vero
1486 2927 1519 2942 *³*
1536 2927 1650 2957 alicubi
1665 2928 1774 2958 oculos
1787 2929 1861 2959 solis
1878 2931 1984 2968 portas
1997 2929 2143 2969 appellat.

1118 2979 1236 3010 Eadem
1255 2980 1286 3010 et
1302 2979 1340 3010 de
1361 2979 1470 3010 auditu
1485 2980 1593 3010 statuit
1608 2989 1644 3011 ac
1661 2981 1803 3011 sensibus
1821 2982 1957 3020 reliquis.
1979 2982 2041 3021 (30)
2053 2983 2150 3013 Porro

1118 3033 1258 3062 mentem
1272 3033 1302 3062 et
1315 3032 1452 3062 animam
1468 3032 1639 3063 humanam
1654 3033 1805 3064 trifariam
1817 3033 1968 3072 dividere,
1980 3034 2012 3064 in
2027 3034 2148 3069 intelle-

1119 3084 1207 3113 ctum
1228 3084 1259 3113 et
1279 3084 1417 3113 mentem
1432 3084 1463 3113 et
1478 3083 1630 3114 animum.
1649 3085 1845 3115 Intellectum
1859 3086 1965 3115 autem
1982 3084 2150 3125 atqueani-

1121 3141 1206 3162 mum
1220 3129 1319 3163 inesse
1332 3132 1426 3163 etiam
1444 3133 1570 3172 reliquis
1585 3134 1772 3166 animalibus
1783 3159 1790 3172 ,
1811 3135 1864 3166 sed
1881 3137 2019 3166 mentem
2035 3135 2064 3165 in
2083 3134 2149 3166 solo

1122 3183 1257 3214 homine.
1281 3186 1352 3215 Esse
1368 3186 1474 3216 autem
1495 3186 1702 3226 principatum
1714 3188 1827 3218 animae
1846 3197 1864 3218 a
1878 3187 1972 3218 eorde
1989 3195 2088 3226 usque
2110 3186 2148 3218 ad

1122 3234 1286 3265 cerebrum
1298 3258 1306 3273 ,
1322 3236 1352 3266 et
1366 3244 1435 3266 eam
1452 3236 1579 3275 quidem
1593 3245 1665 3276 quae
1678 3238 1718 3268 sit
1736 3239 1765 3268 in
1789 3238 1883 3269 corde
1908 3239 2003 3277 ipsius
2029 3238 2148 3276 partem

1121 3287 1261 3317 animum
1276 3295 1359 3327 esse,
1375 3290 1513 3318 mentem
1532 3297 1605 3319 vero
1626 3291 1657 3319 et
1674 3290 1867 3320 intellectum
1885 3298 1955 3329 quae
1971 3290 2042 3319 sunt
2057 3288 2086 3319 in
2102 3296 2137 3316 <aa

1963 3350 1991 3373 {G
