2289 3728
47 2946 68 2956 u-

1003 85 1322 126 FRAGMENTA.
1474 140 1480 146 ·
2177 99 2204 134 9

91 175 133 209 tis
153 172 382 208 commerciis
406 178 442 206 ct
466 172 635 205 luctuoso
648 171 754 217 pueri
778 183 797 205 a
822 183 884 205 5110
904 171 1115 218 interempti

89 244 171 267 casu
197 231 370 279 (Pausan.
392 230 482 273 VII,
517 241 558 273 17
575 256 584 273 ,
617 227 663 275 5)
684 229 760 262 sine
789 228 906 262 dubio
932 231 1117 263 enarravit

88 289 268 324 Neanthes
284 300 328 322 00
351 288 432 321 1000
446 314 455 330 ,
471 299 546 332 quo
562 299 668 321 suum
686 285 848 333 facinora
861 287 1116 322 memorabilia

87 347 233 393 collegit
250 345 406 393 (Athen.
421 356 460 390 p.
480 343 568 390 375,
585 343 631 390 F)
654 360 669 373 »
691 345 854 380 LossEcK.
875 344 1056 390 Aglaoph.
1075 345 1091 378 I
1104 371 1114 388 ‚

86 416 124 451 p.
149 402 212 438 151
230 431 239 448 ‚
259 404 393 437 citante
413 401 643 448 Marquardt.
667 401 691 437 l.
715 401 740 437 1.

571 504 633 537 27.

136 587 248 622 Clem.
269 586 328 622 Al.
346 586 484 622 Strom.
518 587 560 631 V,
580 596 618 631 p.
641 583 714 625 243
729 613 737 628 ‚
758 596 806 618 20
827 584 927 630 Sylb.
954 583 1014 632 (p.
1037 583 1112 629 673

85 644 202 691 Pott.)
223 656 231 678 :
252 640 487 691 Συνομόλογος
505 642 564 685 τ’ῆς
580 642 716 677 τοιᾶσδε
734 639 829 685 δόξης
850 639 908 676 καὶ
925 642 942 676 ὃ
960 642 1113 684 Κυζικη-

84 699 137 741 νὸς
167 698 336 743 Νεάνθης,
356 698 497 749 γράφων
521 696 597 739 τοὺς
619 697 829 735 Μακεδόνων
856 699 955 748 ἱερεῖς
981 698 1014 733 ἐν
1039 702 1114 738 ταῖς

84 757 266 807 κατευχαῖς
294 755 396 806 βέδυ
422 756 630 792 κατακαλεῖν
658 754 740 792 ἵλεω
767 755 878 797 αὐτοῖς
902 770 939 791 τε
967 754 1025 791 καὶ
1047 757 1115 796 τοῖς

83 814 231 863 τέκνοις,
247 813 330 864 ὅπερ
347 811 589 863 ἑρμηνεύουσιν
607 812 705 864 ἀέρα.

134 873 329 908 Antecedit
342 874 445 907 100115
461 872 618 918 Philyllii
633 872 777 915 comici,
793 884 869 918 quo
887 868 967 918 βέδυ
983 883 1114 905 vocem

84 929 168 980 ἀέρα
184 930 388 976 significare
401 930 593 976 probatur.
612 929 824 963 Secundum
844 930 953 973 alios,
976 929 1108 963 eodem

84 976 269 1024 Clemente
289 995 460 1026 testante,
492 984 571 1035 βέδυ
604 1000 680 1022 11011
700 984 765 1037 ἀὴρ
785 987 849 1021 5011
883 983 974 1036 ὕδωρ
997 987 1112 1032 Phry-

83 1059 169 1095 gum
186 1058 354 1081 sermone
371 1045 518 1081 dicitur.
536 1045 648 1079 Aliud
667 1057 770 1091 aquae
787 1057 923 1079 nomen
943 1045 1114 1080 sacerdo-

83 1105 152 1140 tale
163 1104 247 1138 vide
261 1116 319 1150 ap.
337 1104 529 1149 Ephorum
541 1102 583 1138 fr.
597 1115 656 1147 27.
670 1103 724 1139 Cf.
740 1102 906 1137 Lobeck.
925 1103 1112 1150 Aglaoph.

81 1175 121 1209 p.
142 1161 214 1196 883
227 1189 236 1204 ,
259 1162 405 1197 Miiller.
426 1162 514 1198 Dor,
534 1162 551 1195 I
564 1188 573 1205 ‚
597 1160 634 1197 8.
655 1183 707 1190 v
725 1162 862 1196 Praeter
877 1161 984 1195 allata
1004 1161 1051 1195 ad
1069 1162 1114 1196 li-

82 1219 189 1254 brum
209 1217 295 1270 Περὶ
312 1217 455 1253 τελετῶν
477 1218 615 1253 referre
635 1219 721 1253 licet
740 1218 785 1255 fr.
810 1219 871 1255 36.

272 1312 336 1349 TA
368 1311 500 1348 ΚΑΤΑ
531 1312 687 1348 ΠΟΛΙΝ
717 1311 923 1351 ΜΥΘΙΚΑ,

363 1398 392 1434 Ε
419 1399 565 1434 LIBRO
594 1399 826 1434 SECUNDO.

563 1473 626 1510 28.

132 1561 348 1596 Parthenius
360 1562 463 1596 Erot.
482 1573 513 1596 e.
529 1559 588 1604 33,
602 1573 641 1607 p.
671 1573 741 1607 179
754 1562 950 1597 WVesterm.
972 1572 980 1597 :
1002 1557 1111 1609 Περὶ

82 1616 257 1656 Ἀσσάον
270 1633 324 1659 ος.
352 1616 518 1669 (Ἱστορεῖ
534 1616 666 1658 Ξάνθος
683 1618 866 1659 Λυδιακοῖς
883 1617 940 1654 καὶ
960 1615 1113 1662 Νεάνθης

80 1675 250 1725 (Νέανθος
266 1674 377 1725 cod.)
402 1675 433 1726 β’
455 1675 512 1712 καὶ
533 1674 688 1723 Σιμμίας
705 1677 722 1710 ὃ
744 1674 887 1717 Ῥόδιος.
905 1676 914 1723 )
935 1674 1113 1725 Διαφόρως

81 1733 116 1770 δὲ
135 1732 193 1770 καὶ
212 1739 280 1775 τοῖς
296 1734 434 1775 πολλοῖς
456 1734 642 1783 ἱστορεῖται
667 1732 726 1769 καὶ
750 1732 794 1769 τὰ
822 1736 882 1778 τ’ῆς
904 1732 1051 1777 Νιόῧης·
1075 1733 1111 1769 οὐ

79 1790 145 1841 γὰρ
171 1790 352 1828 Ταντάλου
378 1789 479 1841 φασὶν
505 1789 608 1834 αὐτὴν
629 1789 804 1839 γενέσθαι,
831 1791 907 1827 ἀλλ’
933 1788 1113 1832 Ἀσσάονος

81 1847 143 1897 μὲν
162 1847 351 1897 θυγατέρα,
377 1849 550 1885 Φιλόττου
570 1847 604 1883 δὲ
627 1848 793 1896 γυναῖκα·
818 1848 864 1890 εἷς
890 1848 958 1897 ἔριν
978 1848 1012 1884 δὲ
1034 1850 1111 1899 ἀφι-

79 1904 228 1950 κομένην
263 1908 372 1950 Λητοῖ
411 1904 489 1955 περὶ
526 1905 783 1954 καλλιτεκνίας,
826 1906 987 1955 ὑποσχεῖν
1026 1906 1111 1943 τίσιν

79 1962 228 1999 τοιάνδε·
258 1963 315 1998 τὸν
342 1962 403 2010 μὲν
431 1962 600 1999 Φίλοττον
630 1963 662 1998 ἐν
689 1962 834 2013 κυνηγίᾳ
863 1963 1109 2013 διαφθαρῆναι,

80 2019 134 2056 τὸν
156 2019 190 2056 δὲ
211 2018 377 2056 Ἀσσάονα
404 2021 464 2064 τῆς
491 2019 655 2070 θυγατρὸς
681 2019 776 2070 πόθῳ
808 2018 975 2069 σχόμενον
1004 2020 1109 2064 αὐτὴν

81 2078 171 2128 αὑτῷ
195 2075 391 2125 γήμασθαι·
419 2076 466 2125 μὴ
493 2074 687 2122 ἐνδιδούσης
713 2077 747 2113 δὲ
774 2080 835 2122 τῆς
862 2077 1009 2122 Νιόὸης,
1036 2077 1111 2119 τοὺς

80 2135 206 2176 παῖδας
223 2135 328 2179 αὐτῆς
348 2136 395 2177 εἷς
416 2133 561 2184 εὐωχίαν
578 2133 773 2171 καλέσαντα
790 2137 1032 2185 καταπρῆσαι·
1053 2134 1110 2171 καὶ

1175 173 1236 217 τὴν
1257 174 1297 222 μὲ
1301 190 1317 209 ν
1338 174 1393 211 διὰ
1410 176 1536 221 ταύτην
1554 177 1615 221 τὴν
1641 177 1817 229 συμφορὰν
1839 178 1908 216 ἀπὸ
1927 178 2052 231 πέτρας
2072 182 2202 253 ὑψηλο-

1175 231 1280 277 τάτης
1300 232 1404 277 αὑτὴν
1426 236 1460 284 ῥῒ
1460 237 1541 284 ραι·
1563 235 1690 272 ἔννοιαν
1717 237 1750 273 δὲ
1779 236 1928 274 λαὸόντα
1947 241 2014 275 τῶν
2035 254 2209 291 σφετερων

1177 289 1438 340 ἁμαρτημάτων
1457 293 1709 344 διαχρήσασθαι
1729 295 1786 331 τὸν
1802 295 2001 333 Ἀσσάοναὲ
1988 297 2117 335 εαυτόν.

1482 399 1510 431 Ε
1538 400 1685 435 LIBRO
1713 402 1902 437 TERTIO.

1659 509 1721 544 29.

1228 594 1445 628 Ammonius
1467 606 1502 640 p.
1534 593 1594 629 33.
1615 597 1789 634 v·11‹kcn.
1823 612 1830 632 :
1863 597 2017 640 Ἰδίως
1999 615 2034 636 οε
2054 599 2209 646 Νεάνθης

1176 650 1192 684 ὁ
1210 649 1424 694 Κυζικηνος’
1410 666 1444 686 εν
1460 649 1562 701 τρίτι)
1578 666 1615 687 τι
1616 667 1644 687 1ν
1664 652 1764 688 Κατὰ
1780 654 1878 691 πόλιν
1896 656 2031 706 βωμους
2042 660 2125 695 θεῶν
2142 674 2207 710 φη-

1176 721 1240 752 σιν,
1257 707 1406 758 ἐσχάρας
1422 707 1451 743 δ’
1469 707 1604 758 ἡρώων.

1229 766 1541 814 Valckena1iusp
1564 773 1629 815 49,
1647 769 1719 803 loci
1736 770 1943 807 Plutarchei
1963 772 2029 820 (fr.
2055 773 2155 824 32)
2147 789 2209 810 un-

1175 837 1331 870 memol,
1346 826 1457 860 5011111
1473 826 1622 860 voluit'
1609 840 1642 862 εν
1657 825 1760 876 τρίτι)
1772 828 1928 864 Τελετων
1944 831 2120 867 καταπολυ
2140 836 2209 882 βω-

1177 879 1260 928 μοὺς
1276 852 1349 917 κτλ.
1363 907 1414 916 -.
1427 899 1441 913 «
1455 885 1510 918 De
1525 884 1634 918 1111101
1637 886 1734 919 entia
1748 898 1881 920 vocum
1897 886 2027 937 ἐσχάρα
2043 898 2078 924 ct
2095 890 2209 939 βωμός

1175 940 1220 975 cf
1238 940 1402 978 Eustath
1423 941 1470 975 ad
1489 940 1916 989 Ο(1.ζ’,305,11.15(1’[,,
1940 946 1987 979 28
1999 948 2109 984 Rom
2129 949 2209 997 [ubi

1175 997 1304 1032 eadem
1328 1010 1372 1032 ex
1392 999 1558 1033 Neanthe
1578 999 1711 1048 affert]
1734 1008 1769 1035 et
1792 1001 1886 1046 1575
1903 1030 1911 1046 ‚
1932 1001 1976 1050 53
1998 1005 2111 1042 Bekk.
2137 1009 2205 1041 An.

1175 1056 1238 1090 Gr.
1260 1068 1299 1102 p.
1322 1054 1411 1099 256,
1433 1056 1499 1100 323
1520 1058 1637 1092 Vales.
1658 1058 1703 1092 ad
1722 1059 1909 1106 Ilarpoer.
1932 1073 1969 1106 p.
1996 1062 2094 1110 [1683
2116 1065 2210 1097 Pau—

1175 1125 1250 1149 san.
1272 1115 1316 1159 V,
1341 1113 1382 1148 13
1397 1141 1406 1158 ,
1432 1113 1466 1150 8.
1488 1116 1609 1162 Bergl.
1633 1116 1680 1150 ad
1702 1117 1870 1164 Alciphr.
1890 1131 1927 1165 p.
1954 1118 2042 1166 239.
2067 1137 2081 1151 υ
2098 1122 2211 1156 MAa-

1176 1183 1339 1212 QUARDT.

1480 1269 1508 1303 E
1538 1270 1686 1305 LIBRO
1715 1271 1910 1316 QUINTO.

1663 1351 1723 1388 30.

1227 1442 1410 1489 Potphyi
1401 1455 1455 1477 1115
1477 1444 1550 1478 Vit.
1573 1444 1694 1490 Pyth.,
1716 1445 1795 1482 init.
1822 1446 1895 1482 :Oi
1916 1444 1976 1493 μὲν
1997 1445 2063 1497 γὰρ
2078 1447 2210 1497 Σάμιον

1175 1498 1276 1535 αὐτὸν
1296 1499 1546 1551 (Πυθαγόραν)
1567 1503 1652 1537 εἰναι
1668 1516 1769 1551 φασι·
1788 1503 1963 1549 Κλεάνθης
1983 1506 2074 1553 (scr.
2094 1506 2209 1543 Νεάν-

1174 1559 1232 1601 θης
1247 1558 1323 1594 vid
1344 1559 1430 1595 s1.1
1442 1558 1516 1607 7)
1499 1557 1533 1593 οε
1551 1560 1584 1594 ἐν
1601 1574 1748 1610 πεμπτῳ
1765 1576 1831 1596 των
1848 1564 2024 1609 Μυθικῶν,
2042 1561 2152 1612 Σύρον
2169 1565 2207 1600 ἐκ

1174 1616 1288 1667 Τύρου
1317 1619 1377 1661 τῆς
1409 1617 1548 1667 Συρίας.
1572 1618 1747 1659 Σιτοδείας
1779 1616 1814 1654 δὲ
1842 1619 2106 1666 καταλαὲούσης
2135 1620 2211 1664 τοὺς

1175 1673 1348 1722 Σαμίους,
1371 1674 1662 1724 προσπλεύσαντα
1683 1674 1740 1711 τὸν
1766 1675 1981 1727 Μνήσαρχον
2002 1678 2077 1715 κατ’
2097 1681 2209 1727 ἐμπο-

1175 1731 1247 1782 ρίαν
1268 1730 1356 1780 μετὰ
1378 1732 1473 1769 σίτου
1498 1734 1540 1782 τῇ
1561 1732 1675 1783 νήσῳ,
1698 1732 1756 1768 καὶ
1784 1733 2006 1783 ἀποδόμενον,
2023 1740 2210 1783 τιμηθῆναι

1173 1789 1339 1837 πολιτείᾳ.
1367 1789 1571 1841 Πυθαγόρου
1592 1789 1622 1826 δ’
1643 1792 1679 1826 ἐκ
1700 1790 1832 1827 παίδων
1854 1793 1900 1835 εἷς
1920 1799 2036 1830 πᾶσαν
2058 1795 2206 1843 μάθησιν

1172 1846 1265 1888 ὄντος
1296 1849 1454 1898 εὐφυοῦς,
1480 1847 1535 1884 τὸν
1564 1847 1778 1898 Μνήσαρχον
1805 1850 1998 1900 ἀπαγαγεῖν
2031 1852 2131 1889 αὐτὸν
2161 1855 2207 1895 εἷς

1172 1904 1304 1954 Τύρον,
1337 1905 1406 1940 ἐκεῖ
1445 1902 1479 1940 δὲ
1510 1907 1580 1947 τοῖς
1606 1905 1792 1948 Χαλδαίοις
1816 1906 1986 1944 συστάντα
2020 1915 2205 1959 μετασχεῖν

1171 1962 1298 1999 τούτων
1313 1963 1486 1999 επιπλεῖον
1501 1965 1657 2008 ποιῆσαι.
1676 1962 1972 2002 ΗΕπανελθόντα’
1944 1982 1960 2002 ο
1992 1968 2037 2008 εἷς
2053 1965 2113 2012 τὴν
2129 1967 2204 2004 Ἰω-

1171 2019 1243 2056 νίαν
1265 2021 1413 2056 εντευθεν
1430 2035 1486 2056 τον
1507 2021 1713 2072 Πυθαγόραν
1731 2024 1864 2072 πρῶτον
1883 2023 1943 2071 μὲν
1961 2024 2140 2076 Φερεκύδῃ
2157 2027 2206 2062 τΓ)

1172 2077 1287 2129 Συρίω
1309 2079 1489 2127 ὁμιλῆσαι·
1510 2078 1665 2129 δεύτερον
1681 2080 1710 2115 δ’
1727 2079 1991 2130 <Ερμοδάμαντι
2017 2084 2065 2118 τΓ)
2088 2085 2207 2133 Κρεο-

1173 2135 1252 2186 φυλ
1244 2152 1303 2187 ιιι,)
1324 2138 1357 2172 ἐν
1375 2135 1486 2187 Σάμω
1503 2135 1569 2181 ἤδη
1585 2136 1807 2187 γηράσκοντι
1831 2138 1933 2188 Λέγει
1949 2138 1982 2176 δὲ
1998 2142 2015 2176 ὁ
2030 2121 2208 2186 Κλεάνθης

80 2244 187 2275 Matris
208 2244 351 2276 deorum.
370 2245 509 2285 Exponit
524 2245 563 2276 de
589 2254 626 2276 eo
653 2246 822 2277 Neanthes.
847 2245 978 2285 Mystica
1000 2254 1108 2276 narra-

80 2295 124 2325 tio
140 2295 199 2326 est.

565 2357 624 2389 27.

120 2445 305 2483 congruunt
321 2443 394 2475 cu'm
418 2445 478 2476 hac
503 2445 649 2484 opinione
667 2454 740 2485 quae
757 2445 915 2476 Neanthes
939 2445 1111 2485 Cyzicenus

81 2495 205 2534 scribit,
223 2496 431 2526 Macedonum
448 2496 627 2527 sacerdotes
646 2496 677 2526 in
693 2497 835 2535 precibus
853 2498 923 2536 βέδυ
943 2498 1089 2528 invocare
1101 2522 1109 2536 ‚

82 2547 115 2576 ut
132 2547 300 2586 propitium
326 2547 365 2578 sit
390 2549 524 2588 ipsisque
542 2550 574 2580 et
598 2549 703 2580 liberis
726 2550 808 2590 51115,
840 2560 974 2590 eamque
1002 2560 1110 2581 vocem

81 2596 276 2637 interpretari
289 2606 415 2630 aerem.

81 2683 146 2721 DE
166 2684 497 2724 SINGULARUM
526 2688 816 2726 CIVITATUM
838 2690 1110 2728 NARRATlO-

365 2757 512 2794 NIBUS
541 2758 829 2796 FABULOSIS.

565 2846 627 2878 28.

123 2930 167 2958 De
182 2932 325 2961 Assaone.
340 2931 464 2970 (Narrat
478 2934 620 2964 Xanthus
632 2934 662 2964 in
676 2933 757 2965 libro
770 2937 817 2966 De
831 2936 922 2967 rebus
936 2936 1109 2976 Lydorum,

82 2979 235 3015 Neanthes
265 2980 344 3011 libro
373 2983 528 3022 secundo,
557 2985 588 3014 et
619 2984 765 3016 Simmias
789 2986 953 3027 Rhodius.)
982 2988 1111 3019 Diverso

84 3029 190 3061 multis
207 3034 353 3063 narratur
375 3034 470 3065 etiam
495 3035 602 3066 Niobae
627 3036 767 3067 historia.
785 3039 854 3069 Non
880 3039 964 3069 enim
989 3040 1111 3070 Tantali

83 3080 191 3114 dicunt
213 3084 265 3114 sed
293 3086 438 3116 Assaonis
464 3087 557 3118 fuisse
574 3088 667 3118 filiam
681 3112 690 3127 ‚
713 3098 845 3120 uxorein
868 3099 943 3121 vero
963 3092 1109 3129 Philotti;

83 3141 154 3171 quae
177 3135 249 3173 quia
274 3145 346 3167 cum
369 3139 487 3169 Latona
508 3139 547 3169 de
563 3140 659 3178 prolis
676 3141 907 3179 pulchritudine
924 3144 1111 3175 contendere

84 3191 156 3213 ausa
170 3187 264 3223 esset,
279 3187 360 3217 hanc
378 3189 519 3219 subiisset
534 3199 670 3229 pomam.
686 3193 802 3230 Nempe
819 3193 989 3224 Philottum
1005 3195 1034 3224 in
1057 3204 1110 3225 ve-

85 3234 208 3269 natione
237 3237 440 3270 dilaceratum
472 3249 554 3279 0550,
582 3244 748 3272 Assaonem
779 3252 869 3282 vero,
897 3244 969 3275 tillir
1004 3254 1110 3277 amore

1170 2249 1297 2285 captum
1307 2271 1316 2283 ,
1329 2246 1486 2277 connubio
1500 2246 1636 2277 voluisse
1650 2256 1718 2278 eam
1732 2248 1790 2279 sibi
1805 2249 1933 2288 jungere
1943 2275 1951 2289 ,
1966 2251 1997 2281 et
2010 2260 2071 2281 non
2085 2252 2206 2282 obtem-

1168 2300 1298 2338 perante
1320 2298 1437 2337 Nioba,
1456 2299 1536 2329 tilios
1552 2300 1620 2338 eJ'us
1641 2299 1672 2330 in
1696 2302 1876 2331 convivium
1894 2310 2083 2333 convocasse
2110 2305 2207 2343 atque

1169 2358 1395 2381 concremasse.
1404 2352 1491 2381 Hanc
1502 2350 1542 2380 ob
1553 2351 1764 2382 calamitatem
1776 2352 1906 2383 Niobam
1917 2353 1956 2384 de
1966 2363 2044 2393 rupe
2054 2355 2206 2387 altissima

1170 2403 1362 2442 praecipitem
1376 2411 1408 2433 se
1420 2403 1558 2442 dedisse,
1575 2406 1745 2435 Assaonem
1759 2414 1834 2436 vero
1843 2429 1851 2444 ,
1867 2406 1982 2437 scelere
1995 2414 2052 2437 suo
2063 2407 2186 2446 cognito
2195 2432 2204 2447 ‚

1169 2463 1300 2485 manum
1313 2455 1371 2486 sibi
1385 2455 1538 2488 intulisse.

1656 2523 1714 2554 29.

1213 2590 1363 2621 peculiari
1380 2591 1474 2621 modo
1490 2592 1647 2623 Neanthes
1660 2593 1833 2632 Cyzicenus
1846 2593 1925 2624 libro
1938 2594 2030 2625 tertio
2043 2596 2203 2630 Narratio-

1170 2651 1246 2672 num
1272 2643 1486 2673 fabulosarum
1497 2668 1505 2682 ,
1532 2653 1603 2683 quae
1630 2645 1662 2674 in
1686 2645 1814 2684 singulis
1836 2646 2016 2677 civitatibus
2041 2647 2202 2687 obtinent,

1173 2695 1294 2733 βωμοὺς
1308 2695 1351 2726 ait
1367 2695 1516 2735 deorum,
1531 2696 1663 2736 ἐσχάρας
1677 2706 1752 2727 vero
1767 2697 1896 2727 heroum
1912 2706 1988 2729 esse.

1651 2768 1709 2799 30.

1211 2837 1368 2868 Neantlies
1384 2837 1464 2868 libro
1479 2838 1588 2877 quinto
1606 2840 1722 2869 Rerum
1749 2839 1963 2870 fabulosarum
1990 2841 2198 2880 Pythagoram

1170 2891 1283 2927 Syrum
1300 2889 1392 2920 fuisse
1409 2890 1511 2929 prodit
1524 2900 1563 2921 ex
1576 2893 1658 2929 Tyro
1677 2891 1775 2931 Syriae
1794 2892 1881 2923 urbe.
1902 2892 1961 2923 Sed
1988 2894 2068 2923 fame
2091 2902 2201 2932 magna
2237 2904 2244 2912 ¹

1170 2942 1280 2970 exorta
1301 2940 1332 2970 in
1351 2943 1464 2979 Samo,
1483 2942 1702 2972 Mnesarehum
1726 2944 1914 2973 mercaturae
1939 2952 2031 2973 (eausa
2047 2944 2201 2982 appulisse

1170 2990 1199 3020 in
1214 2990 1345 3021 insulam
1364 2992 1394 3022 et
1410 2992 1527 3030 przemii
1544 2992 1613 3022 loeo
1636 2992 1761 3023 civitate
1779 2993 1931 3023 ‹louatum
1949 3002 2025 3024 esse.
2046 2994 2199 3032 Pythago-

1171 3052 1237 3073 ram
1255 3044 1379 3081 antem,
1399 3044 1449 3073 cui
1474 3053 1492 3074 a
1514 3045 1618 3083 pueris
1643 3045 1800 3083 ingenium
1826 3045 1865 3075 ad
1892 3054 2000 3076 omnes
2023 3045 2199 3084 disciplinas

1170 3094 1364 3132 aptissimum
1379 3095 1496 3132 inerat,
1511 3097 1628 3133 Tyrum
1646 3097 1753 3134 postea
1767 3096 1858 3126 fuisse
1874 3096 2043 3126 abductum
2058 3097 2089 3125 et
2102 3095 2197 3125 Chal-

1168 3144 1245 3174 dmis
1268 3145 1382 3174 ibidem
1408 3146 1681 3183 eommomlatum,
1710 3155 1846 3185 quorum
1869 3146 2010 3176 doctrina
2034 3146 2129 3175 imbui
2152 3146 2197 3176 iu·

1170 3195 1277 3234 primis
1290 3195 1447 3234 cupiebat.
1464 3198 1634 3226 Reversuin
1650 3198 1755 3227 autem
1773 3197 1844 3226 inde
1858 3197 1887 3226 iu
1905 3197 2020 3226 louiann
2040 3196 2193 3234 Pythago-

1169 3256 1236 3277 ram
1267 3247 1401 3287 primum
1433 3248 1602 3287 Pherecydi
1637 3251 1672 3287 S>
1682 3249 1726 3278 rio
1752 3258 1783 3279 50
1817 3248 2013 3287 adjunxisse,
2051 3246 2196 3289 dcinvrps
