2338 3765
1083 177 1140 213 fn
1151 178 1209 212 .th
1220 177 1255 213 M
1265 176 1405 212 ENl'a.

544 266 602 303 18.

106 383 194 417 Exe.
218 382 272 415 De
291 385 500 424 strategem.
521 391 553 412 c.
577 379 624 413 IV
648 375 719 412 Ἐκ
738 375 822 411 τῶν
845 372 1086 416 Δεξίππου.

56 435 300 489 Πολιορκία
320 435 764 487 Μαρκιανουπόλειι)ς.

108 493 433 546 Μαρκιανούπολιν,
450 493 489 531 τὸ
521 492 555 530 δὲ
586 493 694 541 ὄνομα
714 493 888 543 Τραϊανοῦ
908 493 968 528 τοῦ
992 493 1087 541 βασι-

54 554 137 596 λέως
156 552 217 598 τὴν
247 553 305 589 ἀοε
309 551 398 603 λιρὴν
428 553 497 588 ἐνδε
487 550 649 588 ςδιι)κε’ναι
672 553 713 600 τῇ
745 549 843 586 πόλει
869 549 1026 598 λέγουσιν
1059 551 1089 586 οἱ

54 612 233 664 ἐγχωρῑοῑ·

54 687 143 708 κατα
173 669 295 720 κράτος
317 667 493 716 ἁλωσῑμον
519 671 606 704 Εἶναι
623 667 842 716 νομίσαντες,
864 668 1007 717 ἀπὶῒχῡν
1029 666 1070 716 μὲ
1057 682 1090 703 ..V

268 610 397 656 ταύτην
430 609 469 655 δὴ
507 614 564 647 οὖν
584 609 645 655 τὴν
663 609 762 646 πόλιν
789 610 818 645 οἳ
838 607 969 646 Σκύθαι
990 610 1034 650 ὡς
1050 607 1089 653 δη

53 731 112 773 τῆς
129 727 205 765 εὖθυ
226 726 403 778 προσοολ
374 743 442 773 ης,
460 726 572 768 λίθους
595 725 630 763 δὲ
663 725 714 762 ότι
735 725 914 766 πλείστους
934 723 1090 776 παρεφό-

55 802 130 838 ρουν
151 785 218 838 πρὸ
238 789 298 823 τοῦ
319 785 564 836 τειχίσματος,
578 787 624 827 ὡς
647 784 756 835 χύδην
773 783 833 821 καὶ
854 783 1008 833 σωρηδὸν
1029 799 1090 820 κα-

53 844 291 894 τανενημένοις
312 844 463 896 ἀφθόνως
479 844 648 895 ὑπάρχειν
667 846 840 894 χρησθαιή
854 842 893 892 (2)
905 841 1012 894 ᾤοντο
1025 841 1091 894 γὰρ

57 903 156 955 φόνον
192 919 227 940 τε
252 902 359 940 πολὺν
382 902 437 940 ἐπὶ
471 906 529 939 τοῦ
558 902 691 953 τείχους
710 901 799 939 οὕτω
827 901 1090 950 συμβήσεσθαι,

55 961 113 998 καὶ
133 964 199 998 τῶν
220 961 397 1010 πολεμίων
419 962 452 998 ἐν
469 963 518 1013 τῷ
537 960 772 1011 φυλάσσεσθαι
798 962 928 1010 μᾶλλον
952 959 974 1005 ἢ
993 961 1026 997 ἐν
1044 963 1092 1012 τῷ

55 1020 237 1071 ἐπιχειρεῖν
255 1019 378 1069 ὅντιι·,)ι
398 1019 554 1072 ῥαστώνῃ
574 1019 635 1066 τὴν
647 1020 745 1057 πόλιν
764 1019 931 1070 αἱρήσειν.
955 1019 993 1069 (3)
1013 1021 1092 1062 Τοῖς

56 1077 138 1116 δὲέν
154 1094 202 1130 τῳ
218 1078 314 1115 ἄστει
337 1078 448 1116 πάλαι
469 1094 505 1115 τε
525 1077 790 1145 παρεσκεύαστο
806 1077 870 1115 ὅσα
889 1079 934 1120 εἷς
954 1079 1091 1128 πολιορ·

55 1133 132 1168 κίαν
162 1130 301 1176 επιτήοε
288 1147 365 1180 ια,
402 1147 460 1168 και
498 1130 676 1180 Μάξιμος,
707 1129 791 1181 ἀνηρ
823 1130 945 1179 γένος
940 1129 1001 1166 ιιὲν
1026 1145 1092 1167 των

57 1189 194 1242 ἀπόρων
215 1189 403 1238 μετοιίῗου”ι
435 1189 618 1242 φιλοσοφίᾳ
648 1188 683 1226 δε
702 1189 769 1240 ἄρα
788 1190 910 1234 συζων,
938 1204 974 1225 ου
992 1187 1093 1235 μόνον

57 1251 275 1297 στρατηγοῦ,
300 1247 388 1285 ἀλλὰ
418 1248 476 1285 καὶ
505 1248 716 1298 στρατιώτου
739 1248 866 1296 ἀγαθοῦ
884 1245 968 1298 ἔργα
988 1248 1021 1283 ἐν
1046 1248 1094 1298 τῷ

56 1307 131 1345 τότε
152 1306 287 1354 ἕτοιμος
307 1304 353 1343 ὢν
374 1306 637 1353 ἐπιδείκνυσθαι,
656 1304 863 1356 ε’πεθάρρυνέ
879 1320 916 1342 τε
930 1304 1095 1348 ἑκάστους

56 1365 114 1402 καὶ
143 1365 313 1418 παρῄνει,
341 1365 382 1417 (4)
405 1364 461 1402 ὅτε
493 1364 533 1410 δὴ
555 1365 594 1401 ἐκ
623 1363 735 1415 χειρὸς
762 1363 1038 1416 ἀκροὸολίζοιντο
1064 1366 1095 1401 οἳ

58 1424 236 1473 πολέμιοι,
253 1427 312 1461 τοῦ
331 1422 522 1473 ἀμύνεσθαι
548 1422 782 1474 ἀπεχομένους
812 1421 876 1459 ὑπὸ
897 1424 971 1465 ταῖς
988 1421 1096 1460 ἐπάλ-

57 1482 144 1526 ξεσιν
168 1481 376 1531 ἱσταμένους
405 1481 496 1532 ἔχειν
527 1483 620 1533 σφῶν
642 1483 753 1519 αὐτῶν
785 1479 955 1532 φυλακὴν,
978 1479 1038 1523 τάς
1060 1496 1095 1517 τε

58 1540 205 1584 ἀσπίδας
222 1539 497 1592 προϊσχομένους
528 1539 586 1577 καὶ
609 1540 674 1577 ὅσα
700 1539 843 1577 δύναται
875 1538 1005 1589 στέγειν
1037 1555 1097 1576 και

60 1597 316 1650 ἀποκρούεσθαι
336 1597 397 1640 τὰς
418 1600 485 1635 τῶν
505 1597 665 1635 ἐναντίων
689 1597 808 1648 βολάς.
830 1598 858 1647 (5
844 1596 872 1648 5)
896 1596 986 1639 Ως
969 1596 1003 1633 οὲ
1021 1597 1096 1634 ἱκα-

59 1660 120 1700 νῶς
141 1657 231 1708 ἔχειν
253 1656 362 1693 ἐδόκει
381 1656 451 1698 τοῖς
484 1656 670 1708 βαρὸάροις
690 1659 750 1702 τ’ἧς
773 1658 839 1693 τῶν
859 1655 961 1692 λίθων
980 1670 1095 1706 παρα-

60 1717 201 1761 σκευῆς,
221 1714 336 1767 ἇθρόοι
367 1713 607 1766 περιχυθέντες
634 1716 667 1752 ἐν
700 1714 816 1765 κύκλῳ
837 1713 875 1751 τὸ
905 1719 1036 1764 τεῖχος,
1067 1715 1096 1751 οἱ

61 1773 122 1822 μὲν
137 1773 279 1810 ἀκόντια
302 1773 477 1822 μεθίεσαν,
498 1775 527 1810 οἱ
550 1772 584 1809 δὲ
605 1773 708 1813 λίθοις
738 1772 1001 1823 ἠκροὸολίζοντο
1021 1771 1097 1815 τοὺς

58 1832 113 1870 ἐπὶ
133 1834 200 1869 τῶν
214 1830 403 1877 ἐπάλξεων,
424 1830 482 1868 καὶ
501 1829 660 1882 συνεχείᾳ
679 1829 876 1883 [ἐχρῶντο]
896 1832 963 1866 τῶν
982 1833 1086 1879 μεθιε-

307 1939 374 1976 DE
400 1939 561 1976 BELLO
585 1938 745 1976 SCYTH
755 1938 849 1975 [CO.

554 2034 606 2066 18.

141 2126 198 2156 Ex
216 2126 362 2165 Dexippi
385 2127 554 2157 Historiis.
581 2124 713 2157 Obsidio
736 2125 1015 2164 Marcianopolis.

99 2200 324 2240 Marcianopoli
351 2201 421 2232 urbi
447 2210 465 2232 a
487 2201 613 2241 Trajani
640 2201 839 2241 imperatoris
865 2209 972 2232 sorore
1002 2203 1098 2233 Mar-

59 2253 113 2284 cia
130 2260 247 2282 nomen
259 2251 395 2282 inditum
409 2261 475 2284 esse
492 2252 646 2292 indigenae
658 2253 779 2284 dicunt.
826 2253 915 2283 Hanc
936 2253 1028 2292 igitur
1047 2262 1101 2283 ur-

61 2303 131 2334 bem
148 2311 248 2342 quum
268 2302 298 2333 vi
323 2304 390 2343 capi
417 2313 506 2344 posse
531 2305 656 2344 Scythae
672 2304 681 2343 (
697 2306 720 2335 ι’.
736 2313 763 2335 e.
795 2304 892 2336 Gothi
907 2304 918 2342 )
931 2306 1080 2344 putarent
1093 2330 1102 2344 ‚

61 2363 124 2386 non
140 2354 291 2385 continuo
316 2356 423 2387 tamen
439 2356 471 2387 in
497 2365 606 2387 muros
628 2356 781 2395 impetum
805 2356 966 2395 fecerunt,
990 2365 1103 2388 verum

61 2407 179 2448 lapides
200 2407 454 2449 quamplurimos
478 2408 551 2439 ante
582 2408 697 2438 moenia
715 2407 942 2447 contulerunt,
960 2408 1014 2447 qui
1037 2417 1103 2448 pas·

62 2459 119 2490 sim
134 2460 371 2500 acervatimque
385 2459 539 2490 cumulati
553 2459 672 2499 largam
689 2459 798 2490 usibus
814 2459 937 2498 copiam
954 2461 1103 2500 suppedi-

62 2513 173 2545 tarent.
221 2514 265 2554 (2)
281 2513 404 2545 Etenim
421 2512 633 2552 opinabantur
647 2513 678 2543 et
692 2511 811 2543 caedem
824 2512 854 2542 in
871 2513 1028 2544 moenibus
1042 2513 1105 2544 eol-

63 2564 239 2596 locatorum
254 2565 411 2604 ingentem
426 2572 463 2594 eo
475 2563 569 2594 modo
586 2564 744 2602 futuram,
759 2565 791 2595 et
806 2564 950 2595 hostibus
961 2564 1000 2595 ad
1016 2567 1105 2596 tuen-

63 2617 139 2648 dum
173 2626 205 2648 se
230 2617 315 2657 ipsos
345 2616 444 2656 magis
468 2624 565 2655 quam
593 2616 631 2646 ad
660 2616 905 2656 aggrediendum
928 2617 1106 2649 obsessores

64 2669 209 2709 intentis,
246 2669 359 2700 urbem
393 2677 426 2700 se
467 2669 550 2699 sacili
584 2669 709 2708 negotio
750 2670 986 2708 expugnaturos
1026 2678 1104 2701 esse.

68 2720 109 2760 (3)
136 2720 291 2760 Oppidani
317 2728 392 2750 vero
412 2719 477 2758 Jam
495 2720 587 2750 antea
604 2727 817 2758 quaecumque
845 2718 884 2749 ad
909 2718 1105 2750 obsidionem

67 2771 282 2803 sustinendam
310 2771 484 2802 necessaria
506 2772 609 2801 essent
630 2770 878 2810 apparaverunt,
893 2772 989 2808 atque
1002 2771 1104 2801 Maxi-

68 2831 156 2860 mus.
174 2824 222 2854 vir
238 2831 351 2863 genere
365 2822 494 2862 quidem
517 2830 534 2852 e
554 2830 729 2861 pauperum
748 2822 785 2860 (ξ’)
801 2821 917 2851 familia
933 2821 1100 2861 oriundus,

68 2875 177 2906 studiis
201 2883 278 2905 vero
297 2874 504 2913 philosophiae
521 2873 706 2911 innutritus,
725 2881 790 2903 non
806 2872 909 2903 solum
927 2871 1017 2903 ducis
1033 2882 1105 2904 mu·

67 2935 157 2966 nere,
171 2926 225 2957 sed
243 2927 337 2957 etiam
363 2926 472 2956 militis
495 2924 607 2964 egregii
635 2924 741 2955 officio
756 2924 842 2963 fungi
863 2926 942 2956 tunc
957 2927 1104 2966 paratus,

66 2980 187 3010 animos
200 2978 395 3018 singulorum
410 2979 549 3018 erigebat
569 2980 600 3010 et
619 2977 830 3009 confirmabat
841 3002 850 3017 ,
868 2987 985 3018 eosque
1001 2979 1103 3010 horta-

67 3030 172 3070 batur,
185 3031 227 3070 (4)
241 3031 289 3069 ut,
301 3031 377 3061 dum
392 3031 515 3062 eminus
525 3030 630 3061 hostes
640 3031 868 3069 jacularentur,
884 3029 940 3069 ipsi
954 3038 972 3061 a
989 3039 1106 3071 propu-

67 3083 190 3121 gnando
199 3081 406 3118 abstinerent,
424 3081 478 3112 sed
494 3083 660 3112 tuerentur
677 3090 709 3112 se
727 3081 829 3121 pinnis
843 3090 1010 3112 murorum
1037 3091 1105 3113 seu-

67 3134 170 3174 ti'sque
183 3136 356 3175 praetentis,
368 3137 399 3167 et
413 3136 437 3166 si
451 3135 567 3175 quibus
580 3135 649 3166 aliis
661 3135 778 3166 muniri
791 3143 924 3175 corpora
931 3143 967 3165 ac
981 3135 1105 3165 retundi

69 3184 207 3216 bostium
223 3186 352 3218 missilia
369 3187 503 3226 possent.
524 3187 569 3226 (5)
584 3188 655 3218 Jam
670 3186 723 3217 ubi
736 3186 877 3226 lapidum
894 3186 1017 3226 copiam
1035 3187 1102 3216 sus-

70 3235 226 3268 sicientem
252 3246 453 3269 coacervasse
476 3238 533 3269 sibi
550 3238 677 3277 Scythae
706 3238 906 3278 videbantur,
939 3237 1104 3268 confertim

69 3287 150 3318 circa
162 3289 279 3320 moenia
291 3289 474 3331 circumfusi
487 3290 601 3329 partim
613 3289 725 3328 jaculis
739 3290 852 3329 partim
866 3289 1022 3329 lapidibus
1038 3291 1104 3320 eol-

72 3338 188 3369 loralos
201 3339 231 3369 in
248 3340 490 3379 propugnaculis
506 3341 652 3380 petebant
666 3365 674 3380 ‚
690 3342 842 3381 tantaque
860 3341 1025 3371 missilium
1041 3334 1113 3371 cre-¹

1129 2264 1137 2997 ffl—w-——ff—

2110 176 2183 207 673

1153 255 1277 304 μένων,
1293 256 1336 296 ὡς
1357 253 1491 304 χαλάζῃ
1512 256 1552 303 τῇ
1575 253 1771 302 πυκνοτάτῃ
1787 250 2023 303 προσεοικέναι
2043 249 2130 287 κατὰ
2150 250 2186 286 τὸ

1152 313 1343 358 ἐπάλληλον
1365 315 1423 356 τῆς
1448 317 1565 362 φορᾶς.
1628 312 1666 359 (ιι)
1690 312 1734 349 Οἳ
1752 310 1785 347 δέ
1808 326 1844 360 γε
1857 310 1938 347 εἴσω
1956 312 2015 346 τοῦ
2034 308 2182 356 ἄστεως,

1151 371 1237 420 σφάς
1257 386 1291 407 τε
1310 368 1430 412 αὐτοὺς
1447 369 1536 407 κατὰ
1552 370 1587 406 τὸ
1610 369 1750 406 δυνατὸν
1769 369 1826 405 καὶ
1849 368 1887 405 τὸ
1906 374 2018 419 τεῖχος
2039 368 2187 420 ἐφύλασ-

1151 445 1227 466 σον·
1256 430 1399 479 ἀπεῖχον
1421 428 1454 465 δὲ
1476 431 1535 465 τοῦ
1567 428 1779 478 ἀμύνεσθαι,
1805 422 1893 478 ᾗπερ
1920 428 2034 469 αὐτοῖς
2063 442 2189 477 προσε-

1151 487 1309 525 τέτακτο.
1336 488 1374 537 (7)
1400 486 1465 529 Ὡς
1487 486 1520 523 ’δὲ
1550 488 1606 524 ἐπ’
1630 485 1740 522 οὐδενὶ
1755 486 1842 537 ἔργῳ
1860 486 2013 537 λαμπρῷ
2030 484 2052 530 ἦ
2068 501 2104 522 τε
2121 487 2188 522 τῶν

1152 546 1254 582 λίθων
1281 544 1428 591 ἐκενώθη
1449 552 1517 587 τοῖς
1536 544 1721 596 βαρὸάροις
1740 543 1965 595 παρασκευὴ,
1998 543 2056 581 καὶ
2073 543 2136 581 ὅσα
2152 546 2190 580 ἐκ

1151 603 1263 655 χειρὸς
1280 601 1301 647 ἢ
1317 603 1385 640 ἀπὸ
1402 604 1498 648 τόξου
1518 603 1681 649 ἀκόντια,
1700 603 1722 648 ἥ
1741 618 1776 640 τε
1796 601 1892 644 ἐλπὶς
1910 605 2023 645 αὐτοῖς
2049 606 2108 639 τοῦ
2130 602 2189 639 σὺν

1154 662 1263 700 οὐδενὶ
1286 661 1381 713 πόνῳ
1398 662 1460 708 τὴν
1489 663 1588 699 πόλιν
1611 661 1765 713 αἱρήσειν
1796 661 1970 707 ἀνάλωτο,
2001 661 2127 713 ἀθυμίᾳ
2149 662 2189 707 δὴ

1153 720 1306 771 είγοντο,

1155 794 1231 824 σαν,
1247 781 1284 816 οὐ
1300 779 1417 831 πόρρω
1439 782 1499 824 τῆς
1512 780 1643 821 πόλεως
1664 778 1725 824 τὴν
1742 777 2036 851 στρατοπεδείαν
2027 779 2170 816 ποιούυιε
2176 803 2194 808 -

1153 853 1220 874 νοι·
1242 853 1300 874 και
1316 837 1381 888 γὰρ
1399 840 1438 881 ἠν
1454 853 1514 882 της
1534 835 1625 907 (Σύροις
1646 836 1732 888 ἀμφι
1759 836 1897 881 ἧλιου
1880 836 2025 885 ουσυάς.
2049 839 2078 887 (a
2080 839 2088 886 )
2107 840 2191 875 Δια-

1152 895 1353 938 λιπόντεςδὲ
1371 894 1439 943 iu
1426 910 1503 945 ερας
1517 909 1552 931 ου
1573 894 1668 942 μάλα
1690 910 1819 944 συγνας
1838 910 1896 931 και
1919 894 2116 938 επελθόντες
2134 890 2193 932 αὖ·

1342 737 1402 758 Χαῑ
1421 737 1488 758 των
1518 736 1721 773 στραῖηγων
1751 720 2039 757 ἀνακαΛΞσάντων
2076 720 2191 771 ἀπηε-

1154 956 1201 995 θις
1218 969 1277 990 και
1297 951 1515 1004 περιστάντες
1536 968 1569 988 εν
1590 951 1707 988 κύκλω
1725 968 1763 988 το
1783 955 1894 1002 τεῖχος
1914 953 2192 1004 ηκροὸολίζοντο·

1154 1010 1210 1048 ο’τε
1225 1011 1266 1057 δὴ
1290 1011 1450 1060 Μάξιμος
1470 1015 1537 1051 τοῖς
1557 1011 1591 1046 ἐν
1610 1026 1657 1046 τω
1682 1010 1778 1047 άστει
1800 1026 1918 1061 καιρον
1932 1014 2019 1048 εἰναι
2044 1015 2103 1057 τῆς
2120 1015 2194 1050 ἐπι·

1155 1069 1280 1112 θεσεως
1300 1069 1543 1119 ἐπηγγελλετο.
1604 1049 1645 1118 (9)
1671 1067 1847 1106 Ιίνεται
1830 1068 1870 1114 οὴ
1889 1068 1999 1106 ούτω·
2021 1084 2080 1106 και
2108 1070 2196 1106 ἀνα-

1157 1128 1394 1179 θαρρήσαντες
1427 1126 1483 1164 δια
1516 1125 1579 1172 την
1612 1128 1646 1164 ἐν
1680 1128 1722 1174 τῇ
1746 1126 1897 1178 προτέρα
1922 1129 1988 1164 τῶν
2012 1127 2196 1179 βαρὸάρων

1158 1186 1336 1258 ἄπρακτον
1349 1184 1599 1259 ἀναχώρησιν,
1635 1184 1717 1235 βοήν
1745 1200 1780 1222 τε
1814 1189 1900 1235 ἠραν
1922 1201 1980 1222 και
2009 1186 2119 1229 λίθους
2139 1201 2198 1223 και

1157 1245 1298 1282 ἀκόντια
1313 1248 1386 1295 ,ὡς
1406 1248 1513 1295 εἱγον,
1529 1243 1703 1294 μεθίεσαν·
1727 1244 1786 1294 (ιο)
1810 1245 1970 1289 οιαοηοῧν
1988 1247 2125 1282 πυκνῶν
2139 1246 2198 1282 ἀλ-

1154 1303 1271 1349 λήλοις
1288 1303 1527 1356 ἐφεστηκότων
1544 1305 1611 1340 τῶν
1633 1301 1822 1354 βαρῧάρων
1844 1302 1903 1339 καὶ
1921 1301 1977 1340 διὰ
1993 1303 2032 1340 τὸ
2067 1305 2198 1355 ἀπροσ-

1158 1362 1300 1408 δόκητον
1319 1366 1378 1399 τοῦ
1396 1362 1585 1400 ἀντίπαλον
1602 1361 1642 1399 ἂν
1661 1361 1776 1414 σφίσιν
1798 1361 1926 1399 ἄνωθέν
1943 1377 1974 1399 τι
1996 1363 2200 1409 ἀπαντῆσαι

1157 1421 1218 1458 οὐκ
1244 1422 1276 1464 ἐς
1293 1421 1332 1459 τὸ
1350 1423 1430 1474 ἀκρι
1443 1420 1490 1464 »ἐς
1510 1420 1776 1473 πεφραγμένων,
1793 1420 1899 1472 [πρὸς
1925 1420 1960 1458 δὲ
1986 1420 2044 1458 καὶ
2064 1421 2200 1473 ἀθρόαις

1158 1481 1233 1523 ταῖς
1272 1481 1410 1530 βολαῖς,
1445 1479 1505 1517 καὶ
1529 1483 1637 1517 ταῦτα
1666 1481 1704 1517 ἐκ
1736 1479 1908 1532 μετεώρου
1938 1480 2198 1530 βαλλομένιι)ν,]

1157 1537 1216 1575 καὶ
1252 1537 1307 1576 διὰ
1328 1538 1368 1576 τὸ
1399 1539 1528 1584 πλῆθος
1554 1541 1620 1576 τῶν
1644 1538 1819 1584 ἐναντίων,
1851 1537 1928 1575 οὐδὲ
1952 1538 2128 1581 ἐθέλοντας
2159 1533 2201 1584 ἦν

1158 1597 1328 1648 ἁμαρτεῖν
1347 1596 1425 1639 τοὺς
1442 1596 1512 1634 ἀπὸ
1533 1595 1674 1639 ἄστεως.
1733 1597 1790 1646 (11)
1813 1596 2017 1645 Βιαζόμενοι
2038 1595 2078 1643 δὴ
2094 1591 2151 1634 οὖν
2170 1598 2201 1633 οἱ

1159 1654 1292 1693 Σκύθαι
1312 1654 1371 1692 καὶ
1389 1654 1438 1705 μὴ
1466 1655 1630 1706 ἀντιδραν
1650 1654 1783 1705 ἔχοντες
1803 1671 1905 1698 τουςι
1898 1654 2058 1701 Μυσοὺς,
2086 1654 2142 1692 διά
2166 1670 2202 1692 τε

1158 1713 1219 1756 τὰς
1243 1713 1400 1757 ἐπάλξεις
1428 1713 1487 1750 καὶ
1517 1712 1578 1758 τὴν
1610 1715 1649 1750 ἐκ
1687 1728 1753 1749 των
1782 1715 1891 1764 θυρων
1920 1712 2201 1786 καιροερυλακὴν,

1160 1771 1430 1824 οιπαγορεύοντες
1453 1771 1536 1822 πρὸς
1554 1787 1615 1814 τας
1634 1772 1705 1816 πλκΙ
1710 1771 1791 1820 γὰς,
1811 1771 1870 1808 καὶ
1887 1772 1932 1814 ὡς
1952 1773 2012 1809 οὐκ
2027 1775 2069 1818 ἠν
2090 1773 2203 1813 αὐτοις

1160 1830 1352 1882 περαιτέρω
1370 1831 1562 1881 καρτερεῖν,
1581 1831 1638 1866 ανε
1626 1845 1807 1880 χωρησαν
1827 1829 2013 1880 ἄπρακτοι.

1162 1941 1258 1973 britas
1283 1943 1351 1973 erat
1378 1943 1409 1973 et
1437 1942 1650 1982 continuitas,
1676 1943 1712 1972 ut
1739 1941 1882 1980 grandini
1907 1941 2100 1971 densissimae
2124 1942 2201 1971 foret

1161 1993 1397 2033 aequiparanda.
1446 1994 1489 2033 (6)
1508 1993 1664 2033 Oppidani
1681 2001 1756 2023 vero
1785 1993 1817 2023 et
1839 2000 1965 2023 murum
1986 1994 2017 2022 et
2045 2001 2078 2022 se
2104 1992 2202 2032 ipsos,

1160 2046 1317 2085 quantum
1343 2045 1411 2084 ejus
1435 2044 1500 2076 fieri
1521 2045 1663 2084 poterat,
1690 2044 1794 2075 salvos
1818 2043 2028 2083 praestabant,
2046 2052 2064 2074 a
2086 2052 2203 2083 propu-

1161 2096 1286 2135 gnando
1300 2097 1407 2127 autem
1420 2120 1428 2135 ,
1452 2096 1558 2136 prouti
1569 2095 1693 2135 jussum
1707 2096 1787 2133 erat,
1799 2095 1998 2125 abstinebant
2011 2103 2055 2125 se.
2079 2095 2122 2134 (7)
2143 2098 2203 2126 Ita-

1162 2157 1224 2188 que
1239 2157 1341 2187 quum
1365 2148 1486 2187 absque
1508 2147 1574 2178 ullo
1596 2146 1812 2178 emolumento
1831 2146 1970 2186 lapidum
1987 2148 2158 2185 apparatus
2174 2150 2205 2177 et

1162 2200 1358 2240 reliquorum
1385 2200 1476 2239 copia
1509 2200 1645 2230 telorum
1660 2223 1668 2238 ,
1686 2208 1759 2239 quae
1782 2207 1880 2229 manu
1903 2199 1950 2230 vel
1963 2208 2038 2230 arcu
2051 2199 2203 2231 emittun-

1162 2254 1226 2292 tur,
1249 2254 1405 2285 exhausta
1422 2252 1548 2293 Scythis
1562 2253 1683 2291 essent,
1695 2254 1792 2292 atque
1806 2261 1876 2292 spes
1890 2252 1975 2283 urbis
1994 2253 2083 2283 nullo
2098 2253 2206 2283 labore

1163 2306 1324 2345 capiendae
1343 2306 1534 2344 evanuisset,
1551 2305 1747 2345 despondere
1763 2304 1886 2337 animos
1906 2307 2082 2345 coeperunt.
2101 2308 2206 2343 Quare

1162 2366 1179 2387 a
1194 2357 1328 2389 ducibus
1342 2357 1478 2388 revocati
1495 2357 1660 2396 abierunt,
1676 2365 1733 2387 nec
1747 2357 1855 2396 procul
1872 2356 1912 2388 ab
1931 2357 2009 2388 urbe
2022 2359 2124 2388 castra
2137 2366 2205 2388 me-

1163 2409 1219 2440 tati
1235 2410 1309 2440 sunt
1323 2410 1405 2448 :jam
1422 2409 1506 2440 enim
1520 2408 1559 2439 ad
1576 2408 1672 2439 linem
1683 2408 1749 2439 dies
1765 2408 1935 2447 vergebat,
1948 2409 2014 2440 sole
2027 2409 2202 2441 occidente.

1166 2464 1210 2500 (8)
1236 2462 1426 2493 Intermissis
1444 2461 1559 2493 deinde
1585 2461 1697 2493 diebus
1725 2460 1810 2492 haud
1834 2462 1878 2492 ita
1912 2462 2041 2501 multis,
2066 2462 2106 2493 de
2121 2471 2206 2493 novo

1163 2514 1297 2555 aggressi
1311 2523 1347 2545 ac
1374 2523 1501 2545 murum
1526 2514 1668 2554 undique
1693 2513 1972 2552 circumsistentes,
1991 2514 2206 2546 velitationem

1164 2567 1390 2598 instaurarunt.
1408 2569 1489 2598 Tum
1510 2575 1586 2597 vero
1611 2566 1767 2598 Maximus
1784 2566 1891 2597 adesse
1908 2566 2072 2606 oppidanis
2082 2568 2209 2598 nuntiat

1165 2619 1380 2659 propugnandi
1410 2619 1507 2649 bostis
1540 2619 1826 2658 opportunitatem.
1865 2619 1909 2657 (0)
1929 2619 2026 2657 Igitur
2052 2619 2207 2659 impetum

1166 2671 1287 2702 iaciunt
1299 2695 1307 2710 ,
1322 2680 1359 2702 ac
1377 2671 1525 2701 fiduciam
1545 2673 1741 2702 assumentes
1755 2680 1794 2702 ex
1809 2680 1845 2702 eo
1860 2695 1867 2709 ‚
1886 2671 1970 2710 quod
1991 2671 2021 2701 in
2037 2670 2136 2711 priori
2150 2680 2206 2710 ag-

1164 2724 1322 2761 gressione
1341 2724 1466 2754 barbari
1495 2733 1527 2754 re
1556 2723 1670 2754 infecta
1688 2724 1900 2762 recesserant,
1928 2723 2055 2754 sublato
2069 2723 2209 2754 clamore

1167 2775 1290 2813 bellico,
1308 2775 1427 2814 lapides
1444 2776 1476 2805 et
1494 2774 1600 2813 jacula
1629 2776 1724 2813 prout
1741 2775 1876 2814 quisque
1898 2776 2022 2814 poterat
2041 2776 2159 2806 temere
2176 2777 2207 2805 in

1166 2826 1288 2857 hostem
1302 2827 1495 2865 intorquent.
1516 2826 1579 2864 (¹0)
1604 2825 1758 2857 Videlicet
1770 2835 1869 2865 quum
1884 2826 2017 2857 conserti
2036 2828 2068 2857 et
2084 2826 2207 2865 congio-

1165 2878 1229 2909 bati
1244 2878 1326 2908 inter
1339 2886 1372 2908 se
1385 2877 1511 2908 barbari
1534 2877 1706 2917 adstarent,
1725 2878 1756 2909 et
1779 2878 1957 2918 propterea,
1975 2878 2059 2918 quod
2073 2878 2207 2917 desuper

1165 2931 1277 2961 hostile
1302 2929 1453 2970 quiddam
1477 2929 1512 2961 iis
1528 2932 1698 2961 venturum
1724 2930 1854 2961 minime
1872 2930 2119 2970 exspectabant,
2138 2939 2202 2960 non

1165 2982 1240 3012 satis
1254 2989 1386 3020 corpora
1400 2981 1600 3016 muniissent,
1614 2981 1777 3023 [praeterea
1787 2981 1882 3012 etiam
1897 2981 2017 3012 crebris
2035 2981 2150 3012 ictibus
2175 2983 2207 3010 et

1165 3032 1293 3072 quidem
1311 3031 1446 3071 desuper
1465 3030 1680 3071 peterentur,]
1697 3031 1833 3070 denique
1846 3031 1953 3071 ingens
1976 3032 2056 3062 esset
2069 3030 2206 3061 hostium

1166 3082 1338 3114 multitudo
1355 3095 1361 3113 :
1390 3082 1457 3113 fieri
1488 3082 1618 3112 omnino
1631 3091 1694 3112 non
1715 3083 1830 3122 poluit,
1851 3085 1884 3113 ut
1900 3083 1948 3113 vel
1969 3082 2106 3113 volentes
2117 3082 2206 3120 oppi-

1165 3135 1238 3166 dani
1254 3134 1377 3165 irritum
1390 3134 1490 3165 telum
1503 3133 1631 3173 aliquod
1647 3134 1838 3165 emitterent.
1873 3135 1938 3173 (11)
1958 3135 2005 3164 lta
2017 3142 2117 3173 quum
2133 3135 2206 3173 Scy-

1165 3187 1230 3217 thae
1260 3185 1514 3225 opprimerentur
1536 3187 1568 3216 et
1595 3194 1651 3225 par
1676 3185 1742 3225 pari
1776 3186 1871 3224 Mysis
1898 3185 2013 3216 referre
2037 3184 2206 3224 nequirent

1166 3237 1294 3276 propter
1321 3235 1488 3275 pinnarum
1513 3235 1670 3266 tutamina
1691 3237 1920 3275 scutorumque
1936 3234 2079 3275 praesidia
2091 3243 2205 3275 oppor-

1165 3292 1253 3326 tuna,
1264 3288 1398 3319 fatentes
1408 3297 1440 3318 se
1453 3288 1572 3319 diutius
1584 3297 1646 3319 non
1663 3297 1750 3327 posse
1765 3288 1844 3318 irtus
1855 3288 2009 3318 sustinere
2021 3311 2029 3325 ‚
2043 3296 2076 3317 re
2090 3287 2205 3318 inferia

1165 3341 1392 3371 abscesserunt.

2049 3401 2090 3424 ¹13.
