2338 3765
132 167 207 200 478

134 250 208 291 len,
241 248 390 286 Paloin,
428 245 587 285 Primin,
624 243 791 288 Nupsin,
822 242 994 284 Daselin,
1026 242 1162 285 Patin‚

134 306 359 344 Gamla-eves,
378 303 571 349 illagasen,
590 300 819 348 Segasmala,
838 299 1003 343 Cranda,
1015 300 1155 340 Denna,

133 364 334 403 Cadeuma,
361 360 508 403 Thena,
527 358 665 402 Eadm,
683 359 822 399 Alana,
846 358 998 391 Macum
1011 384 1020 400 ,
1036 357 1162 391 Scam-

132 433 221 463 mos,
247 421 380 454 Coram
397 421 432 451 in
452 417 571 451 insula
588 429 599 449 .·
617 417 664 450 ab
681 419 727 450 iis
743 416 886 458 Abala,
909 416 1157 457 Andron-alon,

131 479 243 513 Sei-en
251 505 258 520 ,
286 478 329 510 M
329 478 369 510 al
371 477 404 510 lo
409 489 423 509 ς
431 503 438 517 ,
465 477 499 508 A
500 486 627 520 goren.

185 536 246 569 Ex
279 532 423 578 Africoe
448 534 561 566 latere
594 531 734 566 tradita
761 537 847 564 sunt
872 531 997 565 eodem
1023 533 1169 564 nomine

138 594 354 639 Tacompsos
372 591 499 631 altera,
521 593 594 623 sive
609 601 699 636 pars
712 591 861 636 prioris,
880 589 1050 634 Magora,
1077 588 1161 629 Sea,

133 651 274 691 Edosa,
323 649 541 689 Pelenaria,
578 647 739 692 Pyndis,
780 647 963 691 sthzgusa,
999 647 1162 687 Bauma,

134 712 326 749 Linitima,
356 707 544 753 Spintum,
578 705 762 752 Sydopta,
800 706 977 746 Gensora,
1010 704 1171 738 I’indici-

136 776 229 807 tora,
252 768 395 813 Agugo,
417 765 578 806 Orsima,
596 764 715 797 Suasa
731 790 740 806 ,
756 764 1003 803 Maurum-um,
1030 762 1168 802 Urbim,

135 827 266 860 sslulou
279 851 287 865 ‚
308 824 405 870 quod
421 822 594 869 oppidum
622 822 741 856 Groeci
759 822 931 867 Hypaton
954 826 1132 853 vocarunt
1160 831 1170 850 :

136 884 378 929 Pagoaiga.s·‚
412 881 591 922 Zamnes,
626 880 720 913 uncle
743 878 931 926 elephanti
956 879 1134 923 incipiant
1162 889 1173 909 .·

136 942 343 983 ssIamblia,
375 939 545 981 Bet-resa,
589 938 751 973 Cetuma.
789 936 900 985 (Fuit
928 936 1108 982 quondam
1142 942 1176 967 et

138 1001 228 1047 Epis
266 999 437 1046 oppidum
476 1005 601 1031 contra
639 997 805 1038 Illeroen,
852 1003 1046 1041 antequam
1085 994 1176 1027 Bion

137 1058 324 1099 scriberet,
352 1057 521 1090 deletum.
533 1054 543 1103 )

632 1132 692 1175 43.

195 1231 334 1266 Plinius
352 1230 399 1266 H.
418 1230 464 1263 N.
485 1229 524 1271 V,
539 1239 567 1261 s.
590 1239 652 1271 10,
669 1238 708 1273 p.
727 1225 800 1261 316
821 1238 829 1259 :
847 1226 1008 1259 Ditionis
1029 1225 1179 1270 AEgrpti

145 1288 290 1337 (Nilus)
309 1300 385 1322 esse
404 1290 530 1333 incipit
539 1298 562 1320 a
572 1286 650 1330 fine
670 1284 872 1331 AEtlziopioe
889 1284 1006 1328 &ene
1022 1294 1033 1314 :
1053 1285 1102 1315 ita
1119 1293 1178 1315 vo-

144 1356 249 1382 catur
253 1347 449 1394 peninsula
460 1346 561 1379 mille
568 1356 741 1392 passuum
751 1340 902 1383 ambitu,
917 1344 1035 1387 inqua
1049 1339 1180 1374 Castra

144 1413 228 1439 sunt
239 1407 352 1439 latere
368 1406 443 1437 Ara
450 1401 520 1436 bsoe
534 1415 545 1435 .·
561 1409 595 1435 et
609 1413 656 1434 ear
667 1401 815 1433 adverso
827 1399 958 1433 insidoe
969 1399 1028 1431 JV
1038 1397 1172 1438 Plziloe,

148 1464 214 1499 DC
240 1464 295 1497 M.
327 1473 499 1509 passuum
530 1473 555 1494 a
586 1460 666 1494 Nili
686 1458 841 1505 fissura,
879 1457 974 1490 unde
996 1456 1182 1503 appellari

146 1524 306 1556 diximus
317 1521 441 1555 Delta.
462 1521 540 1553 Hoc
552 1520 710 1564 spatium
729 1516 847 1549 edidit
862 1515 1122 1553 Artemidorus,
1148 1524 1182 1546 et

148 1583 185 1614 ia
213 1592 254 1613 eo
286 1578 381 1613 CCL
402 1576 540 1623 oppida
549 1573 670 1620 fuisse
697 1586 705 1607 :
743 1573 837 1606 Juba
860 1571 990 1606 CCCC
1014 1572 1070 1605 M.
1094 1582 1182 1617 pas-

145 1650 259 1672 suum.

635 1711 653 1747 i.
662 1711 680 1748 ί.
690 1733 696 1740 .

202 1803 307 1838 Idem
340 1802 405 1844 VI,
439 1812 500 1843 27,
529 1811 555 1833 s.
592 1797 653 1841 31,
681 1809 720 1844 p.
748 1795 820 1841 377
855 1806 864 1831 2
894 1795 1047 1830 Charax
1078 1797 1183 1841 oppi-

148 1864 233 1896 dum
264 1861 401 1895 Persici
427 1861 527 1892 sinus
558 1859 741 1897 intimum,
780 1867 805 1888 a
834 1866 908 1900 (sua
939 1853 1081 1888 Arabia
1111 1853 1186 1886 Eu-

148 1922 292 1955 doemon
321 1919 579 1964 cognominata
610 1915 781 1954 excurrit,
817 1911 1006 1946 habitatur
1031 1914 1067 1944 in
1095 1911 1187 1944 colle

151 1975 379 2022 manufacto
398 1979 494 2008 inter
509 1972 741 2019 confluentes,
768 1971 901 2004 dextra
924 1971 1064 2015 Tigrin,
1094 1970 1186 2002 loem

152 2039 341 2077 Eulceum,
369 2035 441 2068 III
465 2033 556 2068 mill.
579 2042 757 2078 passuum
789 2030 958 2065 laxitate.
993 2028 1187 2062 Conditum

152 2104 205 2131 est
226 2099 388 2142 primum
408 2092 455 2126 ab
474 2093 509 2125 A
513 2090 691 2124 lea‘andro
711 2089 854 2133 [Hagno
872 2099 883 2120 :
902 2090 964 2133 qui
984 2087 1122 2120 colonis
1141 2099 1189 2120 em

155 2152 242 2188 urbe
258 2155 363 2198 regia
380 2152 519 2184 Durine
538 2148 643 2195 (quoe
660 2155 732 2182 tum
747 2146 904 2191 interiit)
923 2145 1095 2186 deductis,
1119 2148 1190 2178 mi-

137 2214 325 2258 'litumque
345 2208 532 2243 inutilibus
552 2207 601 2240 ibi
635 2207 787 2246 relictiS,
826 2203 1097 2237 Alexandriam
1118 2215 1189 2249 ap-

153 2271 290 2317 pellari
308 2272 472 2313 jusserat
503 2278 513 2299 .·
543 2275 754 2312 pagumque
782 2262 979 2303 PeHoewu,
1018 2273 1043 2294 a
1065 2265 1191 2307 patria

154 2340 239 2370 sua,
266 2338 370 2373 quem
388 2327 536 2371 proprie
562 2322 811 2357 Macedonum
830 2317 991 2363 jecerat.
1015 2320 1190 2353 Flumina

157 2387 198 2420 id
218 2385 389 2432 oppidum
416 2392 685 2430 efpugnawere.
710 2380 842 2413 Postea
866 2376 1065 2410 Antiochus
1083 2380 1191 2411 resti—

157 2447 240 2485 tuit,
262 2446 406 2489 quintus
424 2452 564 2487 regum,
592 2446 627 2472 et
645 2450 706 2471 suo
723 2439 870 2470 nomine
885 2436 1095 2482 appellavit.
1114 2437 1141 2469 I
1141 2443 1190 2469 te-

159 2513 308 2547 rumqne
337 2498 549 2542 infi²statum
571 2497 725 2530 Pasines
743 2494 952 2541 Sogdonaci
966 2493 1088 2539 filius,
1127 2506 1193 2527 reoe

148 2560 393 2606 finitimorum
410 2556 583 2596 Arabum,
606 2565 710 2599 quem
722 2553 750 2586 J
749 2553 819 2586 uba
832 2559 1004 2597 satrapen
1020 2551 1194 2585 Antiochi

149 2613 385 2662 juissefliLsc
406 2614 536 2655 tradit,
561 2614 733 2658 oppositis
751 2610 905 2644 molibus
920 2612 1075 2643 restituit
1098 2623 1109 2643 .·
1127 2623 1194 2644 no—

161 2686 314 2720 menque
332 2685 432 2705 suum
447 2672 568 2712 (ledit,
589 2682 609 2704 e
623 2672 760 2703 niunito
779 2671 849 2701 situ
862 2672 990 2712 juata,
1018 2671 1054 2701 in
1076 2669 1195 2714 longi—

164 2734 324 2767 tudinem
349 2732 421 2764 III
444 2731 535 2766 mill,
547 2740 740 2775 passumn,
765 2730 800 2760 in
835 2727 1063 2760 latititdinem
1077 2728 1195 2773 paulo

164 2794 295 2826 minus.
325 2790 432 2823 Prius
442 2786 525 2831 suit
548 2800 572 2820 a
593 2788 694 2821 litore
713 2786 840 2819 stadiis
862 2785 1004 2826 (levem,
1031 2792 1065 2818 ct
1082 2788 1194 2818 muri-

165 2853 291 2895 timum
312 2849 419 2880 eliam
443 2849 523 2891 ipsa
544 2845 628 2878 inde
647 2851 793 2890 portum
817 2842 944 2876 habuit
966 2855 977 2875 .·
995 2843 1092 2876 suba
1109 2855 1196 2877 vero

162 2905 352 2952 prodente,
378 2905 406 2937 L
421 2903 470 2937 M
475 2914 576 2948 pass.
591 2902 699 2936 Nunc
715 2902 839 2935 abesse
854 2912 878 2934 a
900 2901 1002 2934 litore
1017 2901 1133 2935 CXX
1143 2901 1195 2935 M.

170 2965 284 3010 legati
317 2962 479 2995 Arabum
510 2962 691 3005 nostrique
727 2961 981 3003 negotiatores,
1021 2961 1081 3004 qui
1113 2959 1198 2992 inde

167 3032 316 3061 venere,
341 3016 548 3064 affirmant.
570 3017 648 3051 Nec
674 3018 752 3050 ulla
773 3020 810 3050 in
832 3024 940 3063 parte
952 3017 1041 3062 plus
1056 3024 1119 3050 aut
1135 3028 1197 3049 ce—

170 3082 279 3113 lerius
302 3075 492 3124 projecere
521 3084 626 3109 terrie
634 3075 852 3119 fluminibus
880 3078 1041 3108 invecta’.
1071 3075 1199 3120 fllagis

170 3139 211 3171 id
228 3139 357 3171 mirum
385 3142 452 3175 est,
480 3141 570 3167 (estu
598 3134 703 3180 longe
723 3133 820 3166 ultra
849 3133 889 3165 icl
915 3133 1107 3166 accedente
1127 3145 1198 3167 non

170 3205 406 3241 repercussas.
429 3193 504 3227 Hoc
525 3195 562 3225 in
585 3192 660 3225 loco
679 3192 836 3237 genitum
855 3202 930 3223 esse
960 3191 1189 3235 Dionysium,

172 3262 348 3287 terrarum
368 3251 464 3285 orbis
483 3253 572 3283 situs
588 3251 870 3283 recentissimum
891 3255 1070 3281 auctorem
1082 3275 1091 3291 ,
1113 3260 1198 3282 con-

171 3319 257 3351 stat,
293 3321 396 3356 quem
418 3309 471 3342 ad
495 3307 773 3343 commentanda
801 3308 922 3340 omnia
951 3309 988 3338 in
1014 3304 1198 3341 Orientem
1226 3326 1229 3330 >

972 154 1112 192 JUBAE
1141 152 1432 191 MAURlTANl

1223 242 1410 287 proemisit
1432 240 1543 272 Divus
1564 239 1764 283 Augustus,
1796 239 1886 272 ituro
1906 239 1941 270 in
1971 238 2185 271 Armeniam
2208 239 2260 272 cul

1231 297 1424 333 Parthicas
1447 296 1694 341 Arabicasque
1721 306 1778 328 res
1800 298 1937 339 majore
1956 294 2059 341 filio.
2092 295 2175 330 Non
2202 308 2260 330 me

1227 358 1414 402 prceterit,
1438 365 1503 387 nec
1521 365 1599 386 sum
1618 352 1765 393 oblitus,
1792 355 1849 385 sui
1876 363 2051 398 quemque
2068 356 2156 386 situs
2173 353 2258 387 dili·

1229 416 1481 459 gentis-simum
1496 419 1678 445 auctorem
1693 412 1810 444 visum
1825 408 1929 444 nobis
1943 413 1980 444 in
1995 413 2141 444 introitu
2154 410 2262 455 hujus

1231 474 1358 518 operis.
1378 472 1426 504 In
1457 468 1528 503 hac
1548 476 1669 502 tamen
1690 475 1800 514 parte
1827 479 1934 501 arma
1961 469 2129 502 Romana
2159 471 2262 514 sequi

1226 530 1353 576 placet
1369 528 1491 574 nobis,
1509 527 1717 572 Jubamque
1735 537 1871 573 regem,
1893 526 1946 559 ad
1959 527 2111 560 cundem
2130 526 2262 561 Caium

1232 592 1416 626 Cazvarem
1432 591 1575 636 scriptis
1597 588 1846 623 voluminibus
1874 589 1920 622 de
1949 589 2079 622 eadem
2108 589 2261 635 expedi-

1232 652 1325 683 tione
1344 648 1520 682 ,Arabica-

1285 707 1339 740 De
1350 704 1529 750 Dionysio
1544 703 1615 737 hoc
1630 703 1843 738 Characeno
1859 703 2008 738 aliunde
2023 716 2157 750 parum
2173 715 2265 738 con-

1233 770 1312 799 stat.
1329 765 1371 799 V.
1390 760 1619 807 Bernhardy.
1640 760 1688 795 ad
1702 761 1854 808 Dionys.
1874 762 2019 808 Pcrieg.
2037 773 2075 808 p.
2097 761 2184 808 495.

1719 851 1779 895 45.

1288 948 1392 983 Idem
1406 948 1468 991 VI,
1484 960 1512 984 S.
1532 947 1551 982 3
1562 960 1593 992 1,
1607 959 1646 994 p.
1667 945 1741 982 380
1760 959 1767 981 ε
1787 948 1918 981 Insula
1931 947 2100 993 Aegium
2114 954 2241 992 gentes
2255 960 2267 981 .-

1240 1006 1410 1048 Noclzeti‚
1438 1005 1599 1040 Zuraelti
1607 1031 1618 1048 ,
1645 1006 1820 1052 Borgodi,
1852 1005 2036 1048 Cataroei,
2070 1006 2268 1041 Nomades.

1242 1066 1396 1100 Flumen
1420 1065 1548 1110 CJnos.
1574 1065 1681 1099 Ultra
1706 1067 1975 1111 navigationem
2009 1067 2270 1111 incompertam

1238 1124 1286 1157 ab
1305 1136 1346 1157 eo
1365 1124 1478 1157 latere
1490 1131 1642 1173 propter
1657 1124 1821 1170 scopulos
1846 1122 1960 1156 tradit
1975 1122 2001 1156 J
2001 1119 2072 1155 uba
2084 1148 2093 1165 ,
2115 1129 2272 1169 proeter-

1242 1185 1353 1215 missa
1374 1184 1552 1215 mentione
1567 1181 1693 1228 oppidi
1713 1180 1935 1215 Omanorum
1949 1179 2214 1222 Batrasabbes,
2237 1186 2274 1212 et,

1242 1241 1414 1281 Omanoe,
1443 1240 1542 1286 quod
1557 1243 1697 1287 priores
1712 1239 1887 1273 celebrem
1901 1245 2044 1284 portum
2062 1236 2274 1272 Carmaniae

1243 1296 1384 1340 fecere,·
1412 1301 1496 1331 item
1519 1297 1651 1331 Omnce
1667 1305 1705 1331 et
1729 1295 1894 1330 Atlmnoe
1911 1308 1995 1342 quce
2013 1307 2109 1329 nunc
2135 1295 2273 1342 oppida

1243 1359 1405 1390 maxime
1421 1356 1600 1390 celebrari
1617 1367 1641 1389 a
1664 1356 1813 1390 Persico
1830 1357 1924 1388 mari
1943 1356 2054 1388 nostri
2069 1357 2275 1399 negotiato-

1242 1426 1298 1448 res
1317 1414 1451 1448 dicunt.
1469 1417 1502 1448 A
1509 1413 1669 1459 flumine
1691 1413 1818 1454 Canis,
1845 1421 1886 1446 ut
1901 1413 1929 1447 J
1928 1413 1998 1446 uba
2017 1413 2144 1454 tradit,
2174 1423 2276 1445 mons

1243 1473 1371 1505 adusto
1388 1472 1535 1506 similis.
1552 1472 1684 1506 Gentes
1698 1472 1729 1505 E
1722 1473 1970 1517 pimaranitoe
1979 1483 1992 1512 ;
2010 1482 2096 1504 mox
2106 1468 2276 1515 Ichthyo-

1239 1529 1371 1576 pliagi.

1298 1588 1511 1633 Sequuntur
1529 1599 1608 1633 (111ae
1635 1586 1681 1621 de
1699 1586 1936 1630 animalibus,
1955 1586 2108 1632 plantis,
2125 1585 2277 1633 gemmis

1244 1646 1376 1680 harum
1393 1646 1589 1692 regionum
1603 1656 1647 1679 ex
1662 1644 1766 1679 Jubae
1784 1644 2036 1678 voluminibus
2049 1645 2220 1678 citantur.

1733 1736 1793 1778 46.

1299 1831 1403 1866 Idem
1422 1831 1591 1873 XXXII,
1613 1843 1640 1866 s.
1662 1834 1698 1873 4,
1722 1842 1760 1876 p.
1785 1828 1856 1874 317
1882 1840 1890 1865 τ
1911 1829 2009 1863 Juba
2029 1833 2064 1863 in
2081 1828 2139 1863 lzis
2172 1829 2278 1864 ‘volu-

1247 1903 1280 1924 m
1286 1893 1337 1924 ini
1340 1891 1411 1931 bus,
1427 1902 1510 1936 quse
1522 1892 1662 1936 scripsit
1672 1890 1725 1923 acl
1735 1889 1774 1924 C.
1794 1889 1824 1924 C
1826 1900 1980 1923 cesarem
1993 1890 2149 1935 Augusti
2155 1887 2279 1934 filium

1246 1949 1292 1982 de
1302 1946 1463 1989 Arabia,
1487 1948 1599 1981 tradit
1622 1947 1766 1981 mitulos
1786 1949 1945 1980 marinos
1965 1954 2086 1980 ternas
2112 1945 2281 1979 lzcminas

1248 2018 1389 2053 capere.
1417 2006 1522 2041 Cetos
1543 2012 1792 2039 sexcentorum
1813 2005 1947 2052 pedum
1966 2003 2218 2049 longitudinis,
2246 2010 2282 2037 et

1249 2071 1484 2098 trecentorum
1505 2067 1705 2110 sexaginta
1725 2062 1930 2097 latitmlinis
1970 2063 2006 2094 in
2015 2060 2159 2105 flumen
2180 2062 2280 2094 Ara-

1249 2123 1320 2156 bioe
1349 2125 1520 2165 intrasse,
1541 2124 1746 2169 pinguique
1771 2123 1847 2165 ejus
1880 2127 2095 2153 mercatores
2113 2120 2282 2163 negotia-

1251 2187 1318 2221 tos,
1357 2187 1395 2213 et
1411 2182 1569 2214 omnium
1586 2182 1742 2226 piscium
1762 2179 1872 2225 adipe
1890 2178 2050 2211 camelos
2064 2178 2223 2223 perungi
2239 2179 2277 2210 in

1251 2251 1292 2273 eo
1310 2241 1391 2280 situ,
1413 2246 1453 2272 ut
1463 2239 1577 2273 asilos
1593 2238 1640 2271 ab
1657 2234 1858 2285 lzisfugent
1870 2236 1989 2270 odore.

1739 2332 1799 2372 [57-

1306 2423 1407 2458 Idem
1432 2423 1535 2465 VIII,
1565 2421 1624 2465 13,
1657 2420 1714 2465 13,
1740 2433 1777 2467 p.
1801 2420 1845 2454 (51
1877 2433 1884 2454 :
1908 2420 2074 2453 Generat‘
2089 2430 2150 2453 eos
2172 2416 2284 2465 (dra-

1254 2494 1383 2525 cones,
1405 2493 1425 2515 a
1450 2481 1585 2527 quihus
1609 2479 1791 2525 elephanti
1814 2476 2060 2525 expetuntur)
2087 2485 2122 2511 et
2138 2476 2285 2513 AEtlzio-

1249 2543 1317 2586 pia
1345 2540 1483 2573 Indicis
1505 2549 1635 2585 pares,
1668 2539 1836 2571 vicenum
1865 2534 2079 2570 cubitorum.
2103 2535 2154 2569 Id
2179 2535 2286 2568 modo

2105 2591 2284 2627 Asaclzoei

1258 2663 1433 2690 vocantur
1466 2654 1657 2700 AEtlziopes
1687 2654 1790 2699 apud
1818 2664 1905 2699 quos
1935 2654 2095 2685 maxime
2131 2662 2286 2684 nascun-

1255 2601 1385 2632 mirum
1415 2598 1509 2631 unde
1531 2599 1693 2630 cristatos
1723 2595 1822 2629 suba
1857 2593 2063 2628 crediderit.

1256 2723 1324 2748 tur.
1348 2715 1534 2748 Narratur
1555 2716 1591 2746 in
1612 2714 1808 2746 maritimis
1827 2723 1947 2745 eorum
1983 2717 2177 2756 quaternos
2205 2711 2286 2755 qui-

1255 2784 1387 2831 nosque
1419 2775 1512 2805 inter
1542 2783 1580 2805 se
1603 2773 1759 2804 cratium
1791 2769 1896 2803 modo
1931 2769 2119 2814 implexos,
2160 2770 2288 2800 erectis

1255 2831 1433 2877 capitibus
1458 2829 1689 2876 velificantes
1714 2829 1766 2862 ad
1796 2828 1946 2861 meliora
1971 2823 2114 2872 pabula
2137 2824 2288 2858 Arabia?

1256 2888 1540 2932 velzissuctilnts‚

1745 2977 1803 3018 48.

1310 3072 1414 3106 Idem
1437 3070 1588 3113 XXXI,
1607 3082 1633 3103 5.
1665 3067 1725 3111 15,
1749 3080 1786 3114 p.
1824 3065 1897 3101 288
1921 3077 1928 3101 :
1950 3067 2048 3100 Juba
2069 3068 2106 3099 in
2137 3066 2232 3110 Trog
2268 3085 2288 3090 -

1257 3132 1354 3174 dytis
1374 3132 1508 3171 lacum,
1536 3132 1700 3162 insanum
1717 3125 1888 3172 malefica
1902 3127 1944 3158 vi
1962 3125 2208 3170 appellatum,
2237 3130 2291 3156 ter

1257 3191 1317 3223 (lie
1339 3189 1427 3235 sieri
1458 3199 1624 3221 amarum
1651 3186 1871 3231 salsumque,
1901 3194 1946 3216 ac
1965 3182 2099 3215 deinde
2125 3181 2285 3223 dulcem,

1259 3251 1430 3293 totiesque
1451 3249 1561 3280 etiam
1582 3251 1704 3287 noctu,
1723 3249 1918 3276 scatentem
1949 3241 2044 3274 albis
2067 3238 2290 3285 serpentibus

1258 3306 1426 3339 vfcem‘lm
1447 3304 1655 3337 cubitorum.
1682 3302 1784 3335 Idem
1810 3303 1847 3333 in
1867 3299 2006 3332 Arabia
2025 3295 2170 3343 fontem
2190 3297 2290 3329 exsi-
