2338 3765
132 198 205 229 550

130 277 240 327 λόγοις
267 279 442 327 παραινῶν
462 275 537 318 τοὺς
558 278 590 313 ἓν
613 277 699 325 αὐτῇ
721 275 910 325 (Ρωμαίοις
936 281 1169 329 προσχωρεῖν,

131 335 205 372 ἐπεὶ
221 336 282 372 οὐκ
303 334 433 380 ἔπειθε,
453 333 582 380 ταύτην
599 333 708 371 λιπὼν
726 335 771 377 εἰς
789 334 849 380 τὴν
868 336 1089 387 Εὐπατορίαν
1106 352 1168 385 με-

131 393 229 438 θίστη
249 392 310 438 τὴν
336 391 550 443 πολιορκίαν.
583 392 654 430 Καὶ
687 392 846 444 ῥαθύμως
878 394 1169 444 καταγωνίζεσθαι

132 449 259 495 ταύτης
288 454 542 500 προσεποιεῖτο,
574 452 618 492 ὡς
649 449 688 487 ἂν
716 451 775 487 καὶ
803 449 880 493 τοὺς
910 451 1093 500 πολεμίους
1124 454 1169 494 εἷς

130 505 245 555 ὅμοιον
266 506 433 558 ῥᾳθυμίας
455 508 554 552 ζῆλον
573 507 846 557 ἐκκαλεσάμενος
866 507 899 551 ἐξ
921 508 1086 560 αἰφνιδίου
1107 524 1170 556 με-

131 564 281 610 ταὸολῆς
297 564 498 616 κατορθώσῃ
517 565 555 602 τὸ
573 564 824 614 μελετώμενον.
847 567 886 616 (3)
902 565 950 605 “O
968 566 1026 603 καὶ
1040 566 1168 617 γέγονε,

131 623 190 660 καὶ
207 622 268 668 τὴν
286 624 385 661 πόλιν
402 622 509 666 οὕτως
526 617 594 660 εἷλε
611 626 659 676 τῷ
675 624 940 675 στρατηγήματι
953 641 960 647 ·
980 624 1076 677 ἄφνω
1105 624 1169 676 γὰρ

130 681 305 731 κλίμακας
338 681 495 733 ἁρπάσαι
529 681 694 725 κελεύσας
728 682 804 726 τοὺς
837 682 1069 734 στρατιώτας,
1102 685 1169 719 τῶν

131 739 292 791 φυλάκων
314 739 409 777 οὐδὲν
429 743 580 778 τοιοῦτον
600 740 925 792 προσδεδοκηκότων
947 743 1023 778 ἀλλ’
1044 742 1077 777 ἐν
1100 742 1169 778 ὀλι-

130 797 242 850 γωρίᾳ
263 798 500 848 διακειμένων,
526 797 582 836 διὰ
602 801 667 836 τῶν
684 799 864 848 κλιμάκων
879 800 917 836 τὸ
938 805 1049 850 τεῖχος
1067 802 1169 850 ὓπερ·

133 856 261 893 ὅαίνειν
293 855 369 899 τοὺς
400 855 612 907 στρατιώτας
645 856 828 909 ἐπέτρεψε,
860 857 919 894 καὶ
957 857 1063 900 οὕτως
1097 857 1170 902 ἥλω

132 914 352 966 Εὐπατορία,
382 914 451 955 καὶ
474 914 597 952 αὐτίκα
628 915 862 954 κατέσκαπτο.
885 916 972 954 Μετ’
999 915 1110 964 ὀλίγον
1135 915 1171 951 δὲ

132 973 190 1010 καὶ
208 972 347 1023 Ἀμισὸς
365 973 456 1010 ἑάλω
471 1003 481 1022 ,
501 973 556 1010 διὰ
575 976 641 1011 τῶν
659 973 838 1023 κλιμάκων
853 974 912 1010 καὶ
930 975 1032 1020 αὖτ’ἧς
1047 973 1171 1022 ὁμοίως

132 1033 199 1068 τῶν
217 1031 391 1080 πολεμίων
408 1031 598 1069 ἐπιὸάντων
617 1034 685 1074 τοῖς
705 1032 847 1082 τείχεσι.
876 1032 945 1070 Καὶ
966 1032 1042 1069 κατ’
1061 1030 1171 1082 ἀρχὰς

133 1088 195 1139 μὲν
213 1089 310 1142 φόνος
331 1092 397 1127 τῶν
424 1091 574 1128 πολιτῶν
595 1092 655 1127 οὐκ
674 1090 785 1140 ὀλίγος
807 1089 955 1140 γέγονεν,
976 1090 1115 1142 ὕστερον
1136 1089 1170 1126 δὲ

132 1147 189 1184 τὸν
219 1147 356 1198 ὄλεθρον
386 1147 580 1191 Λεύκολλος
604 1147 750 1199 ἐπέσχε,
768 1148 826 1185 καὶ
852 1148 912 1194 τὴν
935 1148 1033 1185 πόλιν
1059 1148 1172 1189 αὐτοῖς

132 1206 192 1245 καὶ
223 1205 285 1252 τὴν
309 1206 427 1258 χώραν
458 1207 525 1249 τοῖς
558 1207 772 1244 διασωθεῖσιν
800 1206 1081 1256 ἀπεκατέστησε,
1113 1206 1171 1243 καὶ

133 1264 334 1314 οἰκειότερον
351 1266 488 1316 ἐχρῆτο.

186 1323 324 1362 XLVI.
358 1323 571 1374 Μιθριδάτης
592 1322 627 1360 δὲ
647 1322 731 1374 πρὸς
749 1323 806 1360 τὸν
836 1323 993 1374 γαμὸρὸν
1013 1339 1171 1375 παραγε-

133 1379 257 1429 γονὼς,
286 1380 344 1418 καὶ
375 1380 555 1423 συνουσίας
592 1381 707 1431 τυχεῖν
737 1380 854 1430 ἀξιῶν,
884 1381 1012 1426 ταύτης
1041 1381 1102 1428 μὲν
1135 1383 1171 1418 οὐ

133 1438 309 1489 τυγχάνει,
321 1438 469 1490 φρουρὰν
481 1438 515 1476 δὲ
527 1442 585 1475 τοῦ
600 1437 760 1488 σώματος
771 1439 852 1491 παρ’
869 1441 968 1477 αὐτοῦ
983 1439 1169 1488 λαμὸάνει,

135 1496 194 1536 καὶ
214 1500 274 1542 τῆς
292 1497 398 1543 ἄλλης
414 1497 597 1540 δεξιώσεως
618 1499 788 1548 μετεῖχεν.
814 1498 858 1548 (2)
878 1496 1043 1549 Ἔπεμψε
1066 1497 1173 1535 δὲκαὶ

135 1555 329 1598 Λεύκολλος
342 1555 426 1606 πρὸς
440 1555 615 1606 Τιγράνην
633 1555 849 1606 πρεσὸευτὴν
864 1553 983 1594 Ἄπιον
1001 1555 1171 1602 Κλώδιον,

135 1614 352 1664 Μιθριδάτην
372 1613 524 1657 ἐξαιτῶν·
545 1616 561 1650 ὃ
583 1613 617 1649 δὲ
637 1615 697 1650 οὐκ
725 1613 850 1660 ἔδωκε,
876 1613 988 1665 φήσας
1015 1614 1078 1660 τὴν
1108 1614 1173 1652 ὑπὸ

135 1672 273 1709 πάντων
303 1671 502 1723 ἀνθρώπων,
522 1673 550 1708 εἷ
579 1673 638 1716 τ’ἧς
664 1675 817 1721 γαμετῆς
843 1672 978 1723 πατέρα
1004 1672 1171 1723 προδοίη,

135 1729 387 1768 διευλαὸεἷσθαι
408 1729 561 1781 μομφήν·
583 1728 673 1766 ἀλλὰ
690 1728 862 1781 μοχθηρὸς
877 1728 938 1778 μὲν
960 1732 1004 1772 ὡς
1030 1729 1082 1776 εἴη
1106 1731 1174 1767 Μι-

135 1788 293 1840 θριδάτης
313 1787 371 1824 καὶ
394 1787 494 1825 αὐτὸν
524 1785 671 1836 εἰδέναι,
694 1788 925 1824 δυσωπεῖσθαι
945 1787 979 1824 δὲ
1008 1786 1069 1833 τὴν
1095 1788 1173 1824 ἐπι-

134 1845 288 1892 κηδείαν.
318 1845 356 1896 (3)
374 1846 504 1897 Γράφει
521 1844 555 1882 δὲ
576 1845 634 1883 καὶ
658 1845 842 1892 ἐπιστολὴν
868 1846 952 1895 πρὸς
980 1845 1174 1884 Λεύκολλον

134 1903 211 1946 τοὺς
229 1903 424 1955 εἰρημένους
441 1904 559 1952 λόγους
579 1902 738 1954 ἔχουσαν,
759 1902 833 1949 ἥτις
851 1902 1029 1955 παρώξυνε
1043 1903 1099 1940 τὸν
1117 1904 1176 1940 δε-

135 1962 291 2011 ξάμενον·
308 1963 344 2000 οὖ
359 1961 424 2014 γὰρ
437 1962 619 2013 ἐνέγραψεν
635 1960 736 1998 αὐτὸν
753 1962 1006 2013 αὐτοκράτορα,
1021 1963 1175 2012 ἐγκαλῶν

135 2021 187 2058 ὅτι
215 2020 302 2070 μηδὲ
329 2021 428 2063 αὐτὸς
458 2022 584 2057 ἐκεῖνον
614 2018 702 2057 κατὰ
731 2018 791 2062 τὰς
817 2019 999 2062 ἐπιστολὰς
1031 2020 1175 2071 βασιλέα

138 2079 306 2129 βασιλέων
337 2078 624 2129 προσηγόρευσεν.
658 2076 828 2114 Ἐνταῦθα
850 2075 910 2125 μὲν
929 2077 988 2113 καὶ
1007 2080 1028 2122 ἡ
1050 2092 1175 2114 πεντε-

136 2136 325 2181 καιδεκάτη
346 2135 536 2185 καταλήγει
555 2134 717 2186 Ἱστορία.

389 2254 455 2294 131<
486 2251 584 2290 Tor
611 2250 678 2300 ις’
705 2252 920 2289 ΒΙΒΛιοΥ.

190 2348 347 2385 XLVII.
380 2344 532 2397 Ἱστορία
567 2344 602 2381 δὲ
639 2348 660 2390 ἡ
694 2343 814 2396 ἐφεξῆς
857 2344 939 2381 τάδε
979 2347 1175 2395 ἀφηγεῐται.

139 2403 336 2442 ’Ἀναλαίῗὼν
371 2404 506 2446 Κόττας
537 2402 580 2439 τὰ
607 2401 793 2451 Ῥωμαϊκὰ
823 2402 1065 2453 στρατεύματα
1087 2401 1176 2439 κατὰ

139 2466 197 2508 τῆς
218 2462 425 2513 Ἡρακλείας
442 2461 575 2512 ἐχώρει.
602 2459 706 2498 Ἀλλὰ
729 2463 861 2511 πρῶτος
886 2460 947 2508 μὲν
974 2460 1032 2497 ἐπὶ
1060 2462 1176 2512 Πρου-

140 2522 253 2563 σιάδος
278 2516 358 2570 ἦγεν
384 2522 416 2568 (ἡ
451 2519 485 2556 δὲ
520 2519 693 2570 Προυσιὰς
718 2518 796 2571 πρὶν
826 2517 887 2567 μὲν
915 2518 982 2555 ἀπὸ
1015 2522 1073 2556 τοῦ
1108 2534 1178 2555 πα-

143 2579 340 2631 ραρρέοντος
362 2577 468 2623 αὐτὴν
497 2581 656 2626 ποταμοῦ
678 2578 798 2628 Κίερος
819 2577 998 2625 ἐκαλεῖτο,
1018 2579 1035 2613 ὁ
1059 2576 1094 2613 δὲ
1119 2579 1178 2622 τῆς

142 2637 300 2679 Βιθυνίας
335 2635 493 2686 βασιλεὺς
524 2638 590 2672 τῶν
619 2634 870 2685 ἹΙρακλεωτῶν
891 2635 1020 2680 ταύτην
1056 2635 1177 2686 ἀφελό-

143 2711 240 2744 μενος
268 2695 301 2738 ἐξ
327 2697 447 2731 ἑαυτοῦ
481 2693 751 2744 μετωνόμασεν),
783 2696 934 2731 ἐντεῦθεν
969 2691 1004 2729 δὲ
1031 2692 1089 2730 ἐπὶ
1115 2692 1177 2738 τὴν

146 2752 316 2798 Ποντικὴν
339 2754 489 2796 κατῆλῡε
516 2751 706 2797 Θάλασσαν,
729 2751 787 2787 καὶ
815 2751 993 2802 παρελθὼν
1023 2750 1083 2796 τὴν
1107 2767 1178 2788 πα·-

145 2812 266 2864 ραλίαν
287 2817 354 2853 τοῖς
375 2810 463 2847 κατὰ
490 2810 639 2862 κορυφὴν
669 2810 797 2860 τείχεσι
822 2810 860 2847 τὸ
888 2810 1086 2861 στράτευμα
1115 2826 1179 2846 πε-

146 2872 333 2922 ριέστησεν.
357 2870 396 2919 (2)
418 2869 604 2920 ἸῗΟάρρουν
634 2868 694 2917 μὲν
715 2872 756 2920 τῇ
775 2872 831 2905 τοῦ
861 2869 987 2919 χωρίου
1015 2870 1043 2904 οἳ
1064 2867 1177 2918 ἹΙρα-

144 2932 291 2967 κλεῶται
319 2927 523 2978 ὀχυρότητι,
547 2927 604 2962 καὶ
626 2928 797 2977 καρτερῶς
816 2931 872 2963 τοῦ
896 2926 1010 2967 Κόττα
1041 2927 1177 2975 πολιορ-

145 2991 296 3032 κοῦντος,
316 2985 374 3022 σὺν
399 2988 467 3026 τοῖς
496 2985 649 3036 φρουροῖς
674 2984 908 3034 ἁντεμάχοντο
928 2983 986 3021 καὶ
1015 2983 1110 3035 φόνος
1138 2978 1177 3029 ἦν

146 3049 205 3081 τοῦ
221 3042 421 3093 Ῥωμαϊκοῦ
440 3042 588 3087 πλήθους
603 3041 717 3087 πλέον,
734 3042 915 3092 τραύματα
936 3041 969 3078 δὲ
985 3040 1097 3078 πολλὰ
1111 3044 1177 3080 τῶν

147 3104 399 3154 ἸΙρακλεωτῶν
418 3102 455 3137 ἐκ
472 3103 539 3136 τῶν
567 3101 687 3150 βελῶν.
713 3100 847 3142 Κόττας
871 3094 927 3136 οὖν
956 3101 1177 3136 ἀνακαλεῖται

147 3164 206 3206 τῆς
224 3159 449 3211 τειχομαχίας
467 3159 505 3196 τὸ
523 3158 737 3209 στράτευμα,
754 3158 812 3194 καὶ
837 3158 955 3209 μικρὸν
981 3173 1177 3208 στρατοπε-

1061 192 1326 231 MEMNONlS

1235 288 1336 325 taius,
1356 286 1408 317 ulii
1435 295 1497 316 non
1524 285 1710 325 persuadet,
1725 286 1840 316 omissa
1854 285 1907 316 illa
1920 309 1928 324 ‚
1946 285 1984 316 ad
2004 287 2207 326 Eupatoriam
2224 287 2278 318 oh·

1230 366 1384 398 sidionem
1415 365 1564 397 transfert
1583 378 1590 395 :
1607 366 1637 396 et
1654 365 1845 404 negligenter
1861 374 1894 396 se
1921 365 2007 396 illam
2023 374 2204 406 oppugnare
2225 367 2267 398 si-

1231 445 1350 485 mulat,
1377 446 1413 477 ut
1431 445 1470 477 ad
1498 444 1632 476 similem
1655 444 1877 484 negligentiam
1906 447 2085 485 provocatis
2108 446 2268 484 hostibus,

1229 525 1334 556 subita
1343 524 1519 555 mutatione
1533 523 1617 564 apud
1630 524 1773 555 animum
1787 524 1921 564 cogitata
1929 534 2076 565 prospere
2086 527 2266 559 conficeret.

1232 605 1274 644 (3)
1290 607 1328 636 Et
1344 606 1477 636 eventus
1498 604 1679 645 respondit,
1704 613 1807 645 eoque
1831 606 2052 646 strategemate
2065 607 2142 639 urbs
2162 609 2267 648 capta.

1231 685 1313 713 Dum
1329 683 1413 714 enim
1430 683 1576 714 custodes
1595 683 1672 714 nihil
1693 683 1756 715 talc
1769 683 1949 724 opinantur,
1967 685 2022 716 sed
2037 693 2147 718 secure
2159 688 2269 726 agunt,

1230 763 1280 794 ille
1292 763 1383 802 jussis
1394 764 1532 803 arripere
1556 763 1654 794 scalas
1673 763 1826 795 militibus
1842 765 1959 795 moenia
1971 765 2201 797 conscendendi
2215 775 2268 797 co-

1231 843 1313 882 piam
1339 843 1412 874 facit
1451 844 1491 874 Et
1511 843 1556 874 sic
1572 844 1663 883 capta
1683 843 1850 883 Eupatoria
1864 844 2024 885 extemplo
2048 845 2194 876 diruitur.
2208 848 2271 877 Nec

1232 923 1333 954 multo
1359 924 1430 963 post
1455 923 1579 963 capitur
1608 923 1704 955 etiam
1734 924 1879 963 Amisus,
1905 924 2061 955 scalarum
2089 924 2271 957 admotione

1232 1004 1326 1035 etiam
1342 1004 1392 1035 hic
1409 1004 1563 1044 superatis
1578 1004 1618 1035 ab
1635 1005 1727 1036 hoste
1743 1005 1910 1037 moenibus.
1928 1007 1967 1037 Et
1989 1005 2078 1037 initio
2092 1006 2195 1038 caedes
2206 1015 2271 1037 non

1231 1083 1400 1115 mediocris
1428 1084 1460 1115 in
1476 1084 1561 1117 cives
1585 1085 1761 1125 peragitur;
1791 1084 1845 1117 sed
1866 1086 1975 1125 postea
2000 1086 2167 1126 Lucullus,
2184 1087 2272 1119 caede

1231 1164 1374 1203 inhibita,
1389 1165 1421 1195 et
1438 1164 1549 1195 urbem
1572 1166 1602 1196 et
1615 1165 1773 1204 regionem
1799 1165 2018 1205 superstitibus
2034 1166 2147 1206 reddit,
2161 1169 2193 1199 et
2205 1176 2273 1199 ma-

1230 1244 1297 1283 J'ore
1313 1244 1344 1275 in
1358 1253 1412 1276 eos
1423 1244 1591 1276 clementia
1603 1245 1713 1276 utitur.

1273 1333 1381 1364 XLVI.
1401 1334 1440 1364 At
1463 1332 1660 1364 Mithridates
1681 1332 1721 1363 ad
1746 1341 1896 1372 generum
1921 1333 2066 1373 delatus,
2095 1335 2272 1376 expetitum

1232 1399 1360 1439 quidem
1371 1400 1564 1440 colloquium
1574 1409 1637 1431 non
1653 1400 1813 1441 impetrat,
1823 1401 1876 1432 sed
1888 1401 2028 1442 corporis
2039 1402 2087 1434 sui
2096 1403 2272 1435 custodiam

1232 1468 1272 1499 ab
1300 1477 1337 1499 eo
1367 1469 1498 1508 accipit,
1529 1470 1561 1500 et
1586 1469 1697 1500 ceteris
1726 1469 1947 1509 hospitalitatis
1977 1470 2090 1502 officiis
2123 1471 2271 1503 afficitur.

1236 1535 1280 1573 (2)
1300 1535 1384 1566 Misit
1406 1535 1501 1566 etiam
1535 1535 1684 1565 Lucullus
1707 1534 1748 1565 ad
1778 1535 1946 1575 Tigranem
1973 1535 2112 1576 legatum
2137 1539 2272 1578 Appium

1234 1601 1398 1640 Clodium,
1413 1601 1468 1641 qui
1492 1601 1706 1632 Mithridatem
1729 1604 1922 1642 exposceret.
1941 1604 1971 1634 Is
1989 1611 2065 1633 vero
2083 1611 2146 1633 non
2160 1603 2274 1642 tradit,

1234 1667 1455 1699 universorum
1480 1676 1513 1699 se
1531 1667 1784 1699 criminationem
1814 1668 1979 1700 hominum
1995 1671 2132 1701 revereri
2161 1671 2274 1701 confir-

1235 1742 1343 1773 mans,
1367 1734 1392 1764 si
1415 1734 1522 1764 uxoris
1547 1734 1711 1773 parentem
1728 1733 1811 1765 hosti
1830 1734 1954 1773 prodat.
1980 1736 2067 1766 Scire
2090 1744 2123 1767 se
2145 1736 2274 1776 quidem

1236 1801 1415 1840 improbum
1437 1809 1504 1832 esse
1519 1800 1752 1840 Mithridatem3
1778 1800 1833 1832 sed
1848 1802 1953 1831 tamen
1977 1800 2141 1833 affinitatis
2156 1802 2274 1835 hahere

1236 1868 1401 1899 rationem.
1428 1867 1471 1907 (3)
1488 1867 1661 1907 Epistolam
1678 1867 1772 1897 etiam
1801 1867 1841 1898 ad
1858 1867 2025 1898 Lucullum
2043 1867 2075 1899 in
2096 1866 2275 1900 haec'verba

1236 1934 1394 1974 rescribit;
1415 1943 1487 1974 quae
1515 1934 1555 1965 ad
1579 1935 1658 1966 iram
1675 1934 1778 1974 ipsum
1795 1935 1984 1974 provocavit
2010 1944 2048 1967 eo
2065 1937 2151 1977 quod
2174 1938 2275 1970 rexin

1235 2002 1439 2043 inscriptione
1450 2002 1647 2042 imperatoris
1659 2011 1774 2034 nomen
1784 2003 1951 2042 omisisset,
1966 2004 2133 2036 Lucullum
2147 2013 2276 2045 quoque

1236 2073 1316 2113 regis
1332 2081 1441 2112 regum
1458 2072 1701 2112 appellationem
1712 2071 1769 2103 sibi
1786 2080 1849 2103 non
1863 2072 2010 2103 tribuisse
2021 2072 2197 2105 cavillatus.
2216 2075 2275 2104 Hic

1237 2139 1378 2171 decimus
1390 2139 1521 2179 quintus
1537 2139 1675 2170 historiae
1692 2139 1769 2170 liber
1786 2138 1861 2170 exit.

1579 2249 1609 2285 E
1638 2247 1787 2285 LIBRO
1811 2248 1912 2284 XVI.

1278 2355 1407 2385 XLvn.
1427 2347 1568 2392 Sequens
1581 2353 1686 2383 autem
1705 2351 1835 2383 historia
1849 2351 1918 2382 haec
1931 2355 2170 2383 commemorat.
2183 2354 2277 2385 Motis

1237 2431 1451 2460 Romanorum
1469 2425 1580 2456 eastris
1606 2424 1757 2456 adversus
1777 2424 1962 2456 Heracleam
1988 2425 2082 2455 Cotta
2101 2425 2275 2458 contendit.

1240 2504 1343 2536 Primo
1359 2504 1465 2534 tamen
1483 2502 1513 2532 in
1536 2499 1717 2531 Prusiadem
1732 2498 1829 2530 ducit.
1854 2498 1951 2537 (Haec
1967 2499 2007 2530 ab
2027 2509 2121 2532 amne
2143 2504 2275 2541 praeter-

1239 2576 1354 2606 fluente
1369 2574 1449 2606 Cieri
1475 2572 1719 2612 appellationem
1741 2571 1876 2610 tulerat3
1902 2571 1957 2603 sed
1981 2572 2163 2612 ademptam
2181 2575 2277 2606 Hera·

1238 2650 1404 2683 eliensibus
1420 2658 1477 2680 rex
1491 2648 1645 2688 Bithyniae
1663 2648 1703 2678 de
1722 2656 1754 2679 se
1768 2647 1996 2678 denominavit.
2012 2647 2023 2686 )
2041 2647 2118 2679 Inde
2134 2647 2173 2679 ad
2189 2657 2277 2680 mare

1241 2726 1404 2757 Ponticum
1418 2723 1580 2755 descendit
1590 2723 1622 2754 et
1636 2722 1827 2754 maritimam
1839 2723 2077 2761 praetergressus
2086 2731 2186 2761 oram,
2199 2731 2275 2753 mwv

1238 2799 1330 2830 nibus
1350 2799 1380 2829 in
1399 2797 1517 2828 vertice
1531 2796 1640 2836 positis
1667 2797 1770 2826 castra
1792 2794 1971 2834 applicavit.
1998 2795 2042 2833 (2)
2069 2794 2142 2826 Loci
2168 2796 2276 2825 autem

1239 2871 1380 2902 firmitati
1406 2870 1620 2902 Heraclienses
1648 2868 1786 2899 lidebant
1812 2869 1844 2900 et
1878 2869 1982 2899 Cottae
2009 2867 2274 2907 oppugnationem

1239 2945 1361 2975 fortiter
1390 2944 1513 2983 urgenti
1543 2951 1617 2973 cum
1637 2941 1783 2982 praesidio
1808 2941 2046 2980 repugnabant3
2072 2941 2104 2971 et
2131 2940 2236 2980 plures
2260 2949 2278 2971 e

1240 3017 1444 3049 multitudine
1462 3019 1605 3047 Romana
1629 3014 1797 3052 cadebant,
1815 3013 1922 3044 crebra
1936 3014 2039 3043 lamen
2061 3012 2156 3043 etiam
2179 3014 2276 3043 Hera-

1239 3091 1402 3121 cliensium
1422 3090 1553 3119 xulnera
1579 3088 1667 3119 erant
1684 3096 1701 3117 a
1721 3087 1800 3117 telis.
1829 3087 2028 3125 Quapropter
2052 3083 2092 3115 ab
2117 3092 2275 3124 oppugna-

1243 3164 1328 3194 tione
1345 3163 1482 3201 rereptui
1495 3163 1587 3193 Cotta
1600 3161 1663 3191 suis
1676 3160 1778 3198 cauit,
1789 3161 1819 3190 et
1835 3157 1986 3189 remotius
1998 3158 2161 3197 aliquanto
2175 3157 2274 3187 castra

191 3275 281 3303 XLV.
308 3277 336 3302 3.
361 3273 554 3302 &ramosum
572 3270 819 3309 ἁπεκοιτέστησε]
834 3271 976 3300 διαθεῖσιν
991 3270 1224 3305 ἀποκατέστησε
1241 3269 1303 3299 ulii.

191 3320 297 3349 xlm.
324 3323 352 3349 2.
373 3318 519 3358 προδοίηι
539 3321 591 3353 Α.;
610 3317 676 3352 δοίη
692 3317 774 3353 iulg.

193 3367 315 3395 ΧΙΛἸΙ.
348 3369 371 3394 t.
400 3369 515 3403 πρῶτος
533 3364 697 3401 lSlrphun.
713 3365 740 3392 ‹·t
757 3362 870 3398 ‹·0dd,;
889 3368 1007 3401 πρῶτον
1025 3361 1109 3399 vulg.
