2289 3728
53 180 122 212 174

49 273 118 303 res,
140 266 280 306 peteres
300 263 335 289 ut
367 250 638 301 ignosceretur?
653 246 786 282 Iisdem
804 257 907 292 paene
930 244 1069 286 verbis,

49 325 87 352 ut
108 318 214 362 solet,
236 326 312 349 rem
330 310 492 346 narravit
507 306 717 343 Macrobius
729 305 765 338 in
780 303 963 338 Saturnal.
979 314 1075 348 prce-

50 377 186 410 satione
210 386 216 406 :
235 372 279 406 cf.
303 370 411 404 etiam
429 366 558 401 Suidas
574 377 601 401 s.
619 376 655 398 V.
684 360 909 409 Ποστούμιος,
930 362 993 407 qui
1019 367 1074 394 ta-

49 445 133 466 men
154 430 246 464 nihil
267 427 377 461 habet
397 425 444 459 de
461 423 538 469 ejus
565 421 722 468 scriptis.
745 420 817 455 Sed
836 427 878 454 ut
897 418 945 453 ad
961 419 1077 466 ipsam

52 488 176 525 Albini
191 486 389 521 Historiam
406 489 582 528 revertar,
599 479 703 526 quod
722 478 932 513 Macrobius
955 478 991 510 II
1003 505 1011 519 ,
1034 476 1076 509 16

50 559 94 581 ex
114 544 289 580 Postumii
302 542 427 577 Albini
441 539 573 575 Annali
588 539 712 585 primo
732 537 839 571 affert
855 535 1080 583 (Postumius⁸

49 604 204 638 Albinus
221 601 363 635 Annali
373 602 491 646 primo
504 598 550 631 de
560 598 672 631 Bruto
684 608 694 629 .·
706 612 720 626 α
728 596 759 629 Ε
761 607 784 629 (ι
792 606 903 628 causa
915 591 1080 626 sesestul-

52 669 125 695 tum
149 661 358 704 hrutzcmque
376 656 555 703 faciebat
560 668 573 697 ,·
594 654 774 702 grossulos
790 664 838 686 ea:
863 651 969 685 melle
995 649 1080 683 ecle-

53 721 114 753 [καί
138 735 152 749 »
168 716 176 766 )
192 745 201 761 ,
213 717 362 751 videtur
379 716 454 749 haee
471 714 585 748 latino
599 723 768 747 sermone
782 709 948 751 confecta
958 708 1080 741 histo—

52 778 107 811 ria
133 775 181 809 ad
206 775 318 809 alium
348 771 535 819 quendam
564 770 740 805 Albinum
766 765 961 802 referenda
990 775 1078 799 esse.

52 836 145 869 Nam
167 845 283 879 quum
311 831 440 866 Cicero
454 857 464 875 ,
485 829 644 871 Gellius,
674 825 906 869 Macrobius,
936 822 1082 856 Plutar—

53 892 142 926 chus
181 896 350 925 accurate
393 886 685 922 animadvertant
699 910 708 927 ,
745 883 869 918 Graece
914 886 1083 913 nostrum

53 949 235 995 scripsisse
255 946 474 988 Historiam,
501 954 690 990 quumque
710 939 909 976 Plutarcho
927 942 1083 982 excepto

54 1005 193 1040 addant
216 1005 325 1040 etiam
358 1003 547 1038 consulem
577 1013 660 1035 cum
684 1001 725 1034 L.
756 996 912 1032 Lucullo
934 994 1041 1028 fuisse
1073 1005 1080 1026 :

54 1064 146 1098 nihil
162 1075 246 1098 sane
262 1062 410 1097 videtur
429 1059 679 1107 probabilius,
703 1067 814 1103 quam
841 1053 1002 1087 voluisse
1024 1062 1086 1085 eos

55 1121 233 1156 Albinum
256 1121 360 1154 illum
381 1119 427 1153 ab
447 1118 519 1152 alio
541 1115 705 1161 ejusdem
720 1112 904 1154 nominis,
927 1110 991 1156 qui
1014 1110 1086 1143 La-

57 1181 132 1214 tine
152 1179 301 1214 annales
318 1178 530 1223 scripserat,
561 1173 797 1219 distinguere.
830 1170 913 1204 Pari
945 1167 1083 1210 modo,

58 1237 122 1282 qni
141 1237 298 1271 Lucium
316 1233 559 1280 Calpurnium
573 1231 743 1265 Pisonem
755 1257 764 1273 ,
783 1227 1087 1274 cognominatum

59 1295 192 1341 Frugi,
220 1300 408 1328 auctorem
435 1290 634 1332 exhibent,
666 1294 707 1321 ut
735 1287 781 1321 ab
811 1286 928 1320 altero
959 1285 1088 1318 Pisone

60 1352 286 1394 discernant,
302 1349 491 1396 appellant
510 1348 617 1382 etiam
641 1345 860 1381 censorium.
876 1344 1001 1388 Neque
1019 1354 1088 1388 ego

60 1410 193 1444 adduci
216 1420 361 1455 possum
377 1434 385 1450 ,
404 1414 445 1440 ut
460 1412 521 1440 aut
542 1405 701 1452 cogitem
720 1402 766 1437 de
783 1400 1021 1435 translatione
1039 1399 1089 1433 la-

66 1468 160 1510 tina,
198 1472 260 1500 aut
295 1465 467 1500 assentiar
496 1464 623 1498 Vossio
655 1463 710 1496 De
744 1460 827 1494 hist.
863 1459 926 1494 lat.
962 1458 1000 1500 Ι,
1040 1457 1062 1491 6
1078 1484 1088 1503 ,

59 1531 227 1559 nostrum
240 1524 418 1558 Albinum
435 1529 471 1556 et
490 1522 651 1557 Graecam
666 1518 862 1553 Historiam
882 1523 918 1550 et
934 1515 1092 1550 Annales

61 1583 195 1616 latinos
228 1582 417 1628 reliquisse
448 1579 620 1614 statuenti
646 1590 654 1611 :
687 1576 878 1621 utriusque
912 1574 1010 1607 enim
1038 1574 1091 1607 rei

66 1641 149 1675 satis
179 1640 313 1674 diserta
350 1637 556 1673 testimonia
589 1634 759 1670 desidero
773 1661 782 1677 ‚
814 1643 936 1679 neque
968 1631 1092 1666 Albini

62 1709 280 1743 praenomcn
305 1695 517 1731 Macrobius
543 1692 701 1729 addidit.
733 1689 878 1725 Deinde
912 1689 997 1723 Auli
1020 1689 1093 1722 Po-

64 1756 188 1789 stumii
208 1755 304 1789 liber
323 1756 378 1788 De
399 1752 561 1787 adventu
580 1751 704 1785 AEneae
721 1749 852 1782 citatur
873 1759 891 1781 a
909 1747 1036 1781 Servio
1060 1754 1095 1780 et

64 1819 216 1847 auctore
248 1812 364 1845 libelli
395 1812 451 1845 De
482 1808 627 1854 origine
655 1806 772 1854 gentis
803 1806 992 1840 Romanae,
1023 1804 1095 1839 Sed

66 1883 182 1916 quum
215 1877 357 1904 veteres
395 1869 433 1901 in
466 1864 660 1901 laudandis
700 1864 882 1897 librorum
914 1862 1098 1896 indicibus

66 1930 186 1962 minus
205 1927 366 1962 accurati
387 1937 462 1960 esse
485 1925 647 1966 soleant,
668 1921 884 1967 ambiguum
906 1932 980 1954 esse
1000 1920 1098 1954 arbi-

68 1994 161 2031 tror,
179 1998 268 2019 num
291 1984 409 2018 nostri
432 1982 622 2028 scriptoris
641 1980 765 2016 Graeca
786 1979 938 2012 historia
961 1977 1097 2025 signifi-

69 2051 186 2086 cetur,
205 2056 252 2077 an
271 2043 361 2076 alius
379 2042 495 2075 homo
513 2037 774 2085 intelligendus
792 2037 849 2070 sit.
874 2036 974 2070 Illud
994 2036 1102 2071 deni-

71 2113 144 2147 que
164 2107 263 2135 recte
282 2092 381 2133 ‘vidit
403 2098 550 2133 Vossius
570 2098 625 2131 De
654 2096 739 2130 hist.
766 2095 832 2130 Gr.
862 2095 901 2137 Ι,
934 2106 980 2128 20
995 2121 1006 2141 ,
1023 2106 1101 2128 non

70 2165 197 2192 nostro
220 2156 439 2192 tribuendos
459 2166 583 2189 versus
603 2165 698 2197 esse,
719 2165 812 2198 quos
831 2152 897 2186 lib.
926 2153 997 2186 VII
1020 2153 1102 2186 Pri-

70 2217 212 2251 scianus
231 2214 286 2262 (p.
315 2227 355 2259 71
369 2227 383 2248 1
408 2213 469 2249 ed.
488 2210 656 2259 Putsch.)
676 2210 782 2244 affert
798 2222 841 2244 ex
856 2209 979 2244 Albini
998 2210 1062 2244 lib.
1086 2211 1102 2244 I

73 2286 198 2308 rerum
218 2275 471 2307 Romanarum
492 2284 499 2304 :

74 2376 75 2379 Ἴ
126 2333 199 2366 Ille
216 2334 273 2364 eui
294 2333 403 2364 ternis
423 2329 614 2375 Capitolia
632 2328 730 2360 celsa
751 2325 943 2372 triumphis

126 2396 252 2434 ,sponte
276 2389 383 2421 deduz
410 2394 579 2433 patuere,
612 2387 670 2417 cui
686 2381 794 2427 fieta
816 2385 920 2416 nulla
950 2391 1107 2430 repostos

129 2448 351 2481 abscondere
370 2449 483 2486 sium,
511 2456 582 2477 non
607 2450 694 2475 tutoe
713 2442 892 2475 moem‘bus
907 2442 1024 2475 urbes.

77 2506 261 2539 Nimirum
278 2505 411 2550 triplex
429 2502 597 2547 Pompeii
614 2499 824 2544 triumphus
838 2498 1049 2545 designatur
1064 2511 1108 2532 ex

81 2563 198 2596 tribus
218 2562 319 2596 orbis
347 2560 515 2607 partibus
540 2564 770 2604 reportatus,
798 2568 892 2589 uuus
920 2568 964 2590 ex
986 2556 1109 2591 Africa

82 2620 125 2654 (le
147 2620 301 2662 Hiarba,
323 2620 414 2653 alter
434 2630 477 2652 ex
498 2617 672 2663 Hispania
696 2615 742 2649 de
767 2615 935 2649 Sertorio
949 2642 958 2657 ,
982 2616 1110 2649 tertius

83 2690 127 2711 cx
167 2678 249 2711 Asia
282 2676 327 2710 (16
366 2675 579 2709 Mithridate
611 2686 651 2708 ac
682 2673 825 2719 piratis.
866 2672 919 2708 Cf.
953 2673 1111 2707 Putschii

87 2742 214 2769 annot.
234 2736 271 2769 in
290 2734 417 2769 Indice
436 2741 471 2768 et
489 2733 648 2767 Marium
661 2732 893 2765 Victorinum
912 2743 950 2777 p.
971 2730 1079 2777 ¹959·
1098 2748 1112 2761 ν

414 2853 530 2887 AULI
558 2851 788 2886 POSTUMII

259 2956 404 2989 LIBER
434 2955 498 2988 DE
526 2954 749 2988 ADVENTU
778 2953 948 2987 AENEAE.

145 3063 201 3096 De
231 3062 325 3107 orig.
359 3068 455 3107 gent.
485 3063 596 3095 Rom.
629 3074 662 3097 e.
691 3060 733 3095 15
769 3074 776 3095 :
805 3064 938 3107 Imque
967 3064 1057 3095 m'no
1085 3069 1120 3095 et

97 3123 196 3153 omui
215 3120 405 3155 vindemia
436 3120 516 3152 sowi
540 3119 688 3165 publice
710 3127 792 3153 volo
819 3127 1116 3164 convectwtoque,

100 3178 217 3209 Latini
245 3174 330 3209 urbe
362 3183 568 3222 eruperunt,
596 3174 754 3222 fusoque
779 3178 968 3222 pt·a’.s·iclio‚
1007 3179 1121 3209 inler-

99 3231 262 3279 si’ctoque
290 3234 427 3276 Luam,
451 3234 675 3267 [Mezentium
686 3232 824 3281 fugam
835 3233 967 3278 facere
992 3246 1118 3278 coege-

100 3303 193 3330 runt.
218 3297 254 3328 Is
275 3303 403 3341 postea
424 3308 494 3341 pet*
510 3296 648 3340 legatos
667 3299 871 3329 anm-iiiam
889 3299 1118 3330 societalem-

833 156 975 194 ZENO.
1008 153 1366 193 ANTISTHENES.

1136 255 1204 289 que
1228 226 1439 276 Laliuortbn
1461 240 1678 285 impetravit,
1715 244 1752 269 ul.
1774 236 1878 270 docet
1898 235 2018 269 Julius
2042 234 2166 268 Ca>sar

1142 304 1206 337 lib.
1233 304 1268 338 Ι,
1299 304 1452 344 itemtque
1481 298 1594 330 Aulus
1606 296 1814 329 Postumius
1843 297 1879 327 ite
1899 306 1941 327 eo
1955 294 2164 339 volumine,

1137 362 1235 408 quod
1249 360 1306 393 De
1328 359 1483 391 adventu
1507 358 1636 390 AEneoe
1652 355 1866 399 conscripsit
1882 359 1991 398 atque
2007 352 2137 387 edidit.

1191 418 1337 453 Servius
1356 415 1404 450 ad
1419 415 1522 461 Virg.
1547 414 1632 450 AEn.
1649 412 1724 454 IX,
1751 422 1823 455 710
1854 422 1862 443 :
1885 411 2090 444 Postumius
2114 411 2169 443 De

1139 478 1294 510 adventu
1311 476 1441 509 AE'neoe
1467 480 1504 506 et
1528 473 1695 506 Lutatius
1717 469 1968 503 Communium
1998 467 2169 501 historia-

1140 548 1238 577 rum,
1269 535 1406 569 Baium
1442 532 1593 565 Euximi
1630 525 1836 577 (OxyniiP)
1866 529 2003 561 comitis
2041 535 2172 565 AEneoe

1141 597 1315 628 nutricem
1344 598 1381 625 et
1397 591 1445 624 ab
1469 593 1546 634 ejus
1562 591 1706 623 nomine
1722 589 1838 621 Baias
1858 596 2009 622 vocatas
2033 590 2169 623 dicunt.

1230 799 1418 855 ZENO
1458 799 1552 853 ET
1592 797 2099 855 ANTISTHENES

1526 895 1795 950 RHODII.

1197 1009 1383 1056 Diogenes
1399 1007 1565 1042 Laertius
1583 1007 1653 1042 VII
1666 1033 1674 1049 ,
1698 1005 1744 1041 35
1761 1017 1770 1042 :
1787 1004 1953 1055 Γεγόνασι
1969 1005 2003 1043 δὲ
2022 1006 2179 1051 Ζήνωνες

1146 1064 1279 1104 ὀκτώ...
1295 1063 1429 1115 Τρίτος,
1443 1062 1629 1114 Ῥόδιος,
1646 1061 1720 1108 τὴν
1739 1062 1944 1101 ἐντόπιον
1959 1065 2180 1116 γεγραφὼς

1147 1127 1221 1162 ἱστ
1232 1138 1249 1160 0
1262 1138 1277 1173 ρ
1290 1121 1299 1159 ί
1312 1137 1333 1157 α
1344 1137 1360 1158 ν
1382 1122 1422 1158 ἐν
1435 1136 1444 1157 ι
1456 1120 1526 1157 αία
1542 1136 1572 1159 ν.
1588 1119 1778 1171 Τέταρτος,
1799 1121 1986 1172 ἱστορικὸς,
2002 1122 2062 1167 τὴν
2083 1124 2182 1174 Πύρ-

1149 1197 1206 1233 ρου
1219 1178 1397 1231 γεγραφὼς
1409 1177 1588 1229 στρατείαν
1604 1180 1649 1220 εἷς
1663 1178 1815 1217 Ἰταλίαν
1828 1178 1886 1216 καὶ
1901 1180 2075 1227 Σικελίαν,
2093 1181 2183 1219 ἀλλὰ

1148 1239 1207 1277 καὶ
1226 1237 1390 1285 ἐπιτομὴν
1405 1239 1471 1274 τῶν
1486 1235 1739 1288 πεπραγμένων
1754 1235 1942 1286 Ῥωμαίοις
1955 1254 1991 1275 τε
2006 1239 2064 1276 καὶ
2083 1241 2184 1291 Καρ-

1148 1296 1328 1349 χηδονίοις.

1202 1359 1256 1392 De
1281 1357 1430 1390 Zenone
1460 1355 1525 1400 qui
1552 1355 1685 1401 Pyrrhi
1714 1355 1753 1388 in
1780 1356 1884 1390 Italia
1914 1363 1948 1390 et
1982 1357 2104 1392 Sicilia
2129 1369 2186 1392 res

1151 1422 1266 1463 gestas
1284 1414 1428 1459 scripsit
1444 1424 1512 1446 nec
1529 1425 1607 1446 11011
1620 1413 1806 1447 bellorum
1825 1414 2052 1449 Punicorum
2070 1416 2186 1450 histo-

1151 1473 1243 1507 riam
1275 1469 1593 1516 compendiariam
1612 1469 1792 1514 confecit,
1818 1471 1966 1507 aliunde
1990 1485 2067 1506 non
2095 1485 2185 1507 con-

1151 1536 1231 1566 stat.
1242 1530 1369 1575 Neque
1379 1527 1493 1574 magis
1506 1528 1623 1573 liquet
1638 1527 1683 1562 de
1700 1527 1922 1563 Σιδωνιακῶν
1938 1542 2066 1577 opere,
2083 1530 2188 1577 quod

1153 1588 1282 1623 Suidas
1300 1587 1430 1621 tribuit
1457 1586 1599 1620 Zenoni
1619 1586 1773 1620 Sidonio
1798 1600 1805 1621 ε
1829 1585 1962 1631 Ζήνων,
1984 1586 2182 1633 Μουσαίου,

1156 1644 1317 1685 Σιδώνιος
1335 1643 1391 1691 Γ),
1411 1641 1591 1693 φιλόσοφος
1607 1643 1759 1684 Στωικὸς
1777 1643 1988 1693 (Ἐριστικὸς
1999 1647 2093 1692 conj.
2111 1648 2189 1681 Me-

1154 1716 1237 1750 nag.
1254 1700 1263 1751 )
1278 1730 1286 1746 ‚
1309 1698 1464 1748 μαθητὴς
1481 1699 1655 1748 Διοδώρου
1679 1704 1738 1737 τοῦ
1760 1701 1940 1746 κληθέντος
1963 1703 2115 1752 Κρόνου,
2139 1704 2190 1740 δι-

1157 1759 1325 1800 δάσκαλος
1343 1757 1376 1794 δὲ
1392 1758 1451 1793 καὶ
1470 1757 1570 1799 αὐτὸς
1584 1757 1742 1802 Ζήνωνος
1758 1763 1816 1795 τοῦ
1840 1759 1996 1801 Κιτιέως.
2011 1759 2189 1811 Ἔγραψεν

1158 1816 1358 1865 Ἀπολογίαν
1380 1814 1465 1865 ὑπὲρ
1487 1815 1692 1865 Σωκράτους
1712 1815 1771 1853 καὶ
1794 1818 2003 1856 Σιδωνιακά.
2021 1821 2192 1867 Denique

1157 1879 1195 1911 in
1210 1877 1354 1910 nullum
1371 1887 1415 1909 ex
1435 1875 1550 1909 tribus
1569 1876 1624 1909 his
1642 1877 1854 1911 Zenonibus
1880 1877 2065 1924 quadrare
2079 1878 2189 1913 vide-

1160 1943 1219 1969 tur
1236 1934 1340 1981 quod
1353 1932 1452 1980 apud
1465 1934 1673 1980 Syneellum
1683 1947 1722 1981 p.
1743 1936 1828 1981 167,
1845 1937 1888 1979 A,
1904 1948 1947 1970 ex
1961 1936 2194 1983 Cephalionis

1159 1993 1270 2028 Musis
1297 1998 1481 2034 narratur,
1513 1991 1741 2038 Babylonem
1770 2006 1789 2027 a
1813 1994 2050 2028 Semiramide
2081 1995 2194 2029 muris

1161 2053 1318 2086 cinctam
1332 2063 1405 2085 esse
1419 2077 1428 2094 ,
1445 2051 1488 2090 ὡς
1502 2050 1659 2086 πολλοῖσι
1672 2049 1850 2095 λέλεκται,
1870 2050 2027 2102 Κτησίᾳ,
2043 2049 2193 2095 Ζήνωνι,

1163 2107 1349 2159 ζΗροδότῳ.
1370 2110 1412 2142 Ι11
1433 2114 1593 2143 mentem
1609 2110 1709 2144 venit
1727 2111 1827 2144 Zeno
1843 2111 1904 2145 ille
1925 2112 2104 2145 Cretensis
2125 2111 2192 2157 qui

1162 2180 1235 2202 una
1255 2180 1338 2201 eum
1358 2167 1474 2201 Ctesia
1496 2166 1533 2199 in
1553 2167 1635 2201 aula
1661 2169 1875 2202 Artaxerxis
1895 2169 2103 2203 Memnonis
2127 2168 2196 2203 de-

1165 2226 1295 2273 gebat,
1318 2232 1354 2258 et
1377 2225 1483 2258 sicuti
1509 2225 1716 2271 Polycritus
1741 2226 1928 2260 Mendaeus
1962 2227 2196 2273 quampluri—

1166 2297 1267 2318 mum
1281 2283 1379 2330 apud
1396 2295 1520 2330 regem
1538 2283 1682 2318 valebat
1698 2283 1906 2331 (Plutarch.
1926 2284 2109 2322 Αι·1οκ.”ο.
2128 2297 2171 2320 21
2186 2291 2202 2328 ;⁴

1170 2344 1362 2379 Athenaeus
1374 2343 1404 2385 I,
1422 2354 1461 2387 p.
1483 2353 1545 2385 22,
1564 2343 1608 2378 A.
1623 2342 1677 2377 Cf.
1694 2342 1819 2379 Ctesiae
1836 2343 1964 2389 fragm.
1979 2343 2025 2383 46
2044 2349 2080 2377 et
2095 2347 2140 2387 47
2158 2339 2168 2391 )
2187 2355 2196 2377 z

1167 2413 1296 2436 verum
1317 2412 1392 2445 quo
1413 2400 1528 2446 magis
1548 2400 1609 2433 ille
1629 2400 1785 2434 saltandi
1809 2407 1886 2434 arte
1909 2401 2118 2435 excelluisse
2138 2399 2200 2434 di-

1170 2460 1278 2500 citur,
1297 2463 1400 2491 tanto
1426 2456 1582 2490 alienior
1612 2468 1632 2490 a
1657 2456 1862 2492 scribendis
1890 2457 2049 2492 historiis
2076 2457 2199 2492 fuerit.

1170 2519 1291 2562 Quare
1311 2515 1433 2548 nescio
1454 2526 1500 2548 an
1511 2521 1606 2549 recte
1618 2513 1840 2559 conjecerim
1851 2527 1921 2561 pro
1936 2512 2070 2558 Ζήνωνι
2089 2527 2200 2561 repo-

1171 2574 1335 2609 nendum
1347 2584 1420 2607 esse
1431 2569 1586 2617 Δείνωνι,
1600 2572 1698 2606 itaut
1710 2572 1891 2606 notissimi
1903 2579 1974 2606 tres
1984 2584 2109 2606 rerum
2121 2573 2203 2606 Per-

1171 2634 1326 2667 sicarum
1344 2631 1541 2676 scriptores
1556 2629 1657 2676 apud
1682 2630 1890 2675 Syncellum
1915 2636 2200 2676 componantur.

1226 2688 1337 2734 Quod
1356 2687 1547 2722 Rhodium
1566 2689 1772 2730 Zenonem,
1792 2688 1920 2733 patriae
1939 2688 2098 2721 historiae
2117 2688 2204 2721 scri·

1175 2755 1319 2794 ptorem
1334 2773 1343 2790 ,
1364 2746 1508 2792 polybii
1524 2746 1722 2795 aequalem,
1742 2746 1893 2788 attinet,
1917 2746 2039 2779 omnia
2059 2757 2139 2791 quae
2159 2744 2206 2779 de

1176 2807 1249 2840 vita
1283 2804 1380 2850 ejus,
1413 2803 1603 2837 scribendi
1632 2815 1788 2850 genere,
1820 2802 1893 2837 fide
1923 2810 1959 2837 et
1989 2803 2206 2837 auctoritate

1178 2869 1367 2910 comperta
1394 2862 1590 2904 habemns,
1619 2861 1720 2908 apud
1752 2874 1868 2895 unum
1897 2861 2070 2907 leguntur
2097 2861 2208 2906 Poly-

1180 2922 1280 2955 bium
1302 2921 1408 2963 XVI,
1442 2923 1483 2960 ll,
1506 2931 1587 2965 sqq.
1611 2917 1729 2966 (infra
1755 2918 1800 2955 fr.
1836 2917 1903 2966 2),
1924 2918 1989 2952 ubi
2011 2924 2049 2951 tu
2069 2916 2205 2951 videas.

1180 2979 1299 3015 Verba
1337 2978 1512 3025 Diogenis
1554 2973 1615 3020 τὴν
1653 2974 1804 3012 ἐντόπιον
1839 2973 2018 3025 γεγραφὼς
2056 2972 2207 3023 ἱστορίαν

1182 3037 1222 3071 ἐν
1236 3051 1243 3070 ι
1258 3035 1368 3083 αίαν,
1391 3048 1505 3082 (11111111
1526 3041 1652 3081 aperte
1672 3041 1847 3080 corrupta
1863 3034 1953 3077 sint,
1974 3032 2210 3069 Casaubonus

1182 3094 1419 3129 scribendum
1439 3093 1636 3140 proposuit
1661 3090 1842 3134 ἑνιαίαν,
1869 3108 1883 3122 «
1914 3092 1937 3126 i.
1961 3103 1994 3125 e.
2022 3087 2209 3137 μοναδικὴν

1183 3165 1245 3187 seu
1265 3154 1485 3199 singularem
1503 3178 1511 3194 ‚
1540 3152 1611 3185 hoc
1636 3156 1685 3185 est
1709 3150 1885 3196 singulari
1910 3149 2100 3183 volumine
2119 3160 2211 3182 con-

1227 3254 1269 3292 (*)
1287 3252 1373 3284 Alius
1392 3253 1437 3283 est
1455 3253 1537 3282 Zeno
1554 3250 1718 3287 Sidonius,
1734 3249 1922 3288 Epicuwuffi
1940 3247 1978 3277 de
1991 3256 2055 3287 quo
2072 3255 2102 3276 v.
2124 3245 2210 3283 υἱοῖς.

1187 3306 1218 3334 1,.
1236 3305 1255 3333 Ι.
1272 3304 1292 3334 1.
1314 3304 1418 3342 ibique
1433 3301 1601 3339 menagius.
