2289 3728
85 170 131 202 76
889 153 1086 192 DlOCLlS
1117 153 1422 191 PEPARETHH

85 248 207 294 αὐτήν,
243 247 312 285 Καὶ
339 246 453 294 μέντοι
478 243 537 280 καί
562 243 618 278 τὸν
639 240 712 277 θεὸν
739 241 893 290 ἐντυχεῖν
924 239 1061 289 λέγεται
1080 244 1122 291 τῇ

82 306 242 351 γυναικὶ,
265 304 322 341 καὶ
343 304 502 340 κελεῦσαι
521 299 668 350 βαδίζειν
692 297 794 335 ἕωθεν
814 297 870 335 ἐπὶ
897 297 958 343 τὴν
979 298 1121 350 ἀγορὰν,

84 381 142 402 και
161 363 217 401 τὸν
238 361 485 405 ἀπαντήσαντα
518 373 666 429 πρῶτον
679 356 930 405 ἀσπασαμένην
951 359 1122 394 ποιεῖσθαι

86 422 194 474 φίλον.
218 419 321 463 Ἀπην
306 432 426 463 ντησεν
443 420 500 453 οὖν
518 417 605 467 αὐτῇ
621 430 689 452 των
707 415 856 451 πολιτῶν
878 414 964 485 ἀνὴρ
985 414 1121 460 ἡλικίας

85 494 122 515 τε
142 478 258 528 πόρρω
278 476 394 521 ἥκων,
415 473 475 511 καὶ
498 471 704 524 συνειλοχως
719 472 836 510 οὐσίαν
858 471 998 517 ἱκανήν·
1019 472 1123 515 ἄπαις

87 536 121 573 δὲ
154 536 212 572 καὶ
246 531 421 584 βεὸιωκὼς
450 531 530 568 ἄνευ
555 530 730 582 γυναικὸς,
751 530 860 579 ὄνομα
893 529 1119 581 Ταρρούτιος.

85 588 197 635 Οὗτος
214 592 300 641 ἔγνω
320 591 381 635 τὴν
407 591 599 641 Λαρεντίαν
612 620 621 637 ,
641 589 701 627 καὶ
725 569 908 639 ἠγάπησε,
932 589 990 626 καὶ
1008 590 1122 625 τελευ-

86 654 153 687 τῶν
177 649 324 686 ἀπέλιπε
343 648 556 700 κληρονόμον
581 648 637 685 ἐπὶ
657 650 796 690 πολλοῖς
813 647 872 684 καὶ
894 648 1010 689 καλοῖς
1037 646 1123 691 κτή-

86 724 190 758 μασιν
203 738 212 754 ,
230 702 275 744 ῶν
299 706 409 752 ἐκείνη
431 707 474 744 τὰ
494 707 639 744 πλεῖστα
657 709 706 758 τῷ
728 706 827 757 δήμῳ
851 704 941 742 κατὰ
960 704 1123 749 διαθήκας

86 767 204 804 ἔδωκε.
234 765 382 815 Λέγεται
404 764 439 802 δὲ
459 764 566 810 αὐτὴν
584 764 712 808 ἔνδοξον
733 758 837 801 οῦσαν
864 763 929 808 ἤδη
943 793 952 810 ,
974 761 1033 800 καὶ
1051 767 1122 799 θεο-

85 825 165 875 φιλῆ
183 822 428 873 νομιζομένην,
448 825 560 875 ἀφανῆ
578 823 735 873 γενέσθαι
750 821 829 872 περὶ
849 825 967 858 τοῦτον
986 820 1042 857 τὸν
1065 820 1122 857 τό·

84 896 171 930 πον,
198 883 231 918 ἐν
251 876 279 933 ᾧ
302 880 361 917 καὶ
380 880 442 926 τὴν
462 879 630 932 προτέραν
661 880 792 925 ἐκείνην
826 878 1018 929 Λαρεντίαν
1048 879 1121 915 κεῖ-

85 943 176 977 σθαι.
199 941 369 978 Καλεῒται
385 939 418 976 δὲ
436 943 493 976 νῦν
510 942 527 976 ὃ
540 939 642 982 τόπος
655 938 833 989 Βήλαυρον
848 968 857 983 ,
874 936 925 973 ὅτι
939 940 996 973 τοῦ
1015 952 1121 973 ποτα·

87 1001 151 1046 μοῦ
171 997 339 1040 πολλάκις
359 997 633 1049 ὑπερχεομένου,
657 999 910 1047 διεπεραιοῦντο
928 994 1123 1045 πορθμείοις

85 1055 176 1092 κατὰ
199 1059 299 1094 τοῦτο
320 1056 357 1093 τὸ
376 1056 502 1107 χωρίον
521 1057 567 1098 εἷς
585 1054 725 1105 ἀγοράν.
747 1053 824 1099 Τὴν
851 1053 885 1090 δὲ
906 1052 1095 1103 πορθμείαν
1111 1081 1121 1100 ,

88 1113 305 1165 βηλατούραν
336 1115 512 1150 καλοῦσιν.
545 1110 656 1149 ’Ένιοι
684 1111 718 1148 δὲ
747 1111 885 1159 λέγουσι
907 1109 967 1155 τὴν
1001 1111 1046 1152 εἰς
1066 1109 1122 1146 τὸν

85 1170 298 1221 ἱππόδρομον
320 1169 488 1221 φέρουσαν
507 1168 540 1212 ἐξ
565 1171 690 1219 ἀγορᾶς
710 1168 858 1218 πάροδον
878 1165 997 1207 ἱστίοις
1013 1181 1123 1202 κατα-

87 1228 293 1265 πεταννύναι
311 1226 384 1269 τοὺς
404 1226 465 1272 τὴν
483 1226 561 1263 θέαν
587 1226 820 1277 παρέχοντας,
842 1227 994 1261 ἐντεῦθεν
1018 1225 1122 1274 ἀρχο-

89 1286 222 1334 μένους.
249 1285 445 1334 Ἱ)ωμα”ι’στὶ
462 1287 495 1321 δὲ
519 1284 557 1321 τὸ
572 1285 677 1322 ἱστίον
697 1286 801 1335 βῆλον
819 1282 1038 1332 ὀνομάζουσι.
1058 1282 1124 1319 Διὰ

87 1348 196 1381 ταῦτα
224 1343 284 1393 μὲν
305 1342 376 1393 ἔχει
396 1342 495 1393 τιμὰς
520 1346 541 1382 ἧ
561 1341 703 1394 δευτέρα
727 1341 899 1393 Λαρεντία
921 1340 1018 1391 παρὰ
1034 1340 1125 1381 (Ρω-

89 1402 214 1450 μαίοις.

141 1459 197 1498 Τὰ
217 1459 252 1497 δὲ
274 1459 381 1511 βρέφη
409 1458 615 1501 Φαυστύλος
647 1458 827 1506 Ἀμουλίου
850 1458 1018 1510 συφορὲὸς
1036 1457 1126 1494 ἀνεί-

88 1519 168 1554 λετο
195 1517 309 1554 λαθὼν
346 1516 517 1560 ἅπαντας·
546 1519 592 1560 ὡς
619 1516 648 1553 δ’
673 1516 755 1553 ἔνιοι
780 1517 864 1568 φασὶ
892 1519 958 1553 τῶν
986 1515 1125 1554 εἰκότων

88 1576 246 1625 ἐχόμενοι
262 1576 411 1624 μᾶλλον,
432 1574 557 1617 εἰδότος
575 1578 633 1612 τοῦ
654 1573 857 1625 Νομήτορος
875 1574 933 1610 καὶ
954 1588 1125 1624 συγχορη-

88 1636 225 1682 γοῦντος
246 1632 370 1684 τροφὰς
390 1631 503 1684 κρύφα
536 1637 606 1674 τοῖς
626 1631 802 1683 τρέφουσι.
841 1632 912 1670 Καὶ
933 1631 1127 1683 γράμματα

90 1690 246 1740 λέγονται
266 1691 325 1728 καὶ
352 1690 463 1727 τᾶλλα
493 1691 676 1738 μανθάνειν
708 1692 738 1727 οἱ
767 1691 886 1732 παῖδες
916 1691 961 1732 εἰς
981 1689 1129 1736 Γαὲίους

90 1748 329 1821 κομισθέντες,
349 1748 412 1786 ὅσα
432 1749 501 1801 χρὴ
521 1748 598 1791 τοῦς
616 1745 652 1785 εὖ
668 1748 860 1799 γεγονότας.
891 1750 1072 1795 Κληθῆναι
1093 1747 1127 1785 δὲ

91 1824 149 1845 και
175 1807 314 1851 τούτους
345 1808 412 1845 ἀπο
442 1811 501 1854 τ’ῆς
532 1809 636 1854 θηλης
664 1810 837 1857 ἱστοροῦσι
857 1806 1042 1855 ζιΡωμύλον
1069 1806 1129 1843 καὶ

89 1866 251 1915 “Ρῶμον,
285 1866 336 1904 ὅτι
356 1866 557 1912 θηλάζοντες
583 1865 746 1917 ὤφθησαν
775 1865 813 1902 τὸ
837 1865 967 1917 θηρίον.
991 1864 1036 1903 ‘H
1067 1863 1128 1913 μὲν

89 1927 146 1961 οὖν
168 1927 201 1961 ἐν
215 1930 284 1966 τοῖς
301 1940 458 1973 σωμασιν
479 1925 652 1974 εὐγένεια,
673 1940 732 1961 και
751 1923 882 1968 νηπίων
907 1923 1014 1960 ὄντων
1029 1951 1039 1968 ,
1065 1923 1130 1958 εὐ-

92 1982 148 2025 Ους
182 1981 232 2023 ἐξ-
226 1982 334 2034 ’φαινε
369 1982 503 2032 μεγέθει
535 1998 594 2019 και
617 1981 690 2019 ἷδεα
711 1981 774 2027 τὴν
793 1981 907 2034 φύσιν.
940 1979 1130 2029 Αὐξόμενοι

89 2093 195 2124 culem
221 2102 329 2124 revera
354 2102 428 2123 cum
462 2093 565 2133 puella
600 2101 822 2132 congressum,
848 2091 977 2131 jussisse
1001 2099 1071 2121 eam
1093 2089 1131 2120 ad

90 2145 193 2175 sorum
213 2153 306 2175 mane
323 2153 356 2175 se
381 2145 545 2183 conferre,
564 2146 595 2175 et
615 2144 645 2174 in
670 2152 767 2183 quem
791 2143 951 2174 incidisset
975 2142 1132 2182 primum,

90 2204 163 2226 eum
179 2195 287 2226 osculo
300 2195 374 2226 dato
387 2195 524 2226 amicitia
545 2195 603 2226 sibi
619 2195 762 2234 jungere.
784 2194 933 2225 Occurrit
956 2195 983 2225 ei
1003 2192 1132 2233 quidam

91 2256 131 2278 ex
149 2247 272 2278 civibus
294 2255 408 2286 magno
425 2248 502 2277 natu
526 2248 558 2277 et
582 2246 657 2277 satis
675 2246 864 2286 opulentus,
883 2245 988 2276 liberis
1004 2245 1133 2285 quidem

91 2299 205 2338 orbus,
223 2299 278 2338 qui
304 2300 456 2330 hactenus
480 2299 609 2329 aetatem
636 2298 669 2328 in
687 2297 838 2329 coelibatu
861 2299 987 2337 egerat,
1008 2298 1134 2328 nomine

92 2351 265 2382 Tarrutius.
287 2351 345 2381 Hic
362 2351 545 2381 Larentiam
568 2350 755 2389 complexus
769 2352 816 2381 est
834 2359 871 2381 ac
893 2349 1023 2389 dilexit,
1050 2350 1133 2380 niul-

92 2404 261 2442 torumque
269 2404 300 2433 et
311 2403 470 2433 lautorum
479 2402 670 2442 praediorum
680 2403 806 2442 reliquit
814 2403 951 2434 moriens
963 2403 1133 2442 haeredeim

93 2462 164 2492 quae
183 2454 235 2484 illa
261 2453 410 2493 pleraque
434 2454 551 2494 populo
573 2463 627 2494 per
652 2456 878 2485 testamentum
907 2455 1032 2493 legavit.
1059 2457 1135 2486 llaec

95 2512 195 2542 quum
209 2503 274 2542 jam
288 2503 405 2534 celebri
423 2504 552 2535 nomine
567 2506 667 2544 esset,
687 2507 783 2544 atque
802 2514 820 2536 a
836 2505 894 2536 deo
908 2505 1022 2536 dilecta
1039 2506 1134 2536 habe-

95 2556 194 2592 retur,
213 2554 349 2585 traditur
365 2564 404 2585 ex
421 2556 584 2586 hominum
598 2556 703 2587 ablata
715 2558 885 2595 conspectu
901 2557 982 2587 circa
999 2556 1134 2588 eundem

96 2605 221 2643 locum,
238 2606 268 2635 in
295 2614 357 2644 quo
374 2606 458 2645 prior
480 2607 532 2637 illa
552 2607 698 2638 Larentia
721 2607 852 2638 humata
872 2609 929 2638 est.
956 2610 1034 2638 Eum
1052 2617 1135 2639 nunc

97 2658 215 2688 vocant
231 2657 404 2687 Velabrum
428 2667 467 2688 ex
482 2667 518 2689 eo
531 2684 538 2698 ,
554 2660 639 2698 quod
663 2660 695 2690 in
713 2660 832 2691 crebris
849 2660 934 2690 tluvii
949 2661 1136 2692 exundatio-

97 2708 189 2739 nibus
211 2708 363 2747 trajectus
381 2718 417 2739 co
437 2710 506 2740 loeo
526 2710 556 2740 in
584 2711 685 2741 sorum
706 2712 786 2742 esset
803 2721 810 2741 :
834 2711 1003 2750 trajectum
1029 2714 1135 2743 autem

98 2759 276 2791 velaturam
296 2761 420 2790 vocant.
442 2761 587 2791 Nonnulli
600 2762 710 2793 dicunt
728 2771 801 2801 eos,
821 2763 875 2802 qni
890 2772 1005 2793 munus
1020 2764 1136 2802 populo

97 2810 269 2848 exhibent,
288 2810 372 2840 viam
389 2818 406 2839 a
428 2811 494 2841 soro
508 2812 538 2841 in
554 2813 681 2843 Circum
699 2814 876 2844 maximum
895 2814 1046 2845 serentem
1061 2816 1138 2846 velis

97 2861 289 2891 obumbrare
308 2861 347 2891 al)
365 2861 416 2891 illo
437 2862 501 2901 ipso
519 2863 587 2893 loco
605 2863 796 2902 incipientes.
818 2867 883 2895 Hac
908 2865 947 2896 de
963 2874 1057 2897 cansa
1076 2868 1137 2898 La-

75 2907 77 2911 ’
99 2913 198 2943 rentia
218 2911 315 2942 altera
335 2912 418 2951 apud
439 2915 595 2944 Romanos
617 2915 741 2945 colitur.

141 2963 308 2994 Faustulus
345 2963 498 3002 infantes,
528 2965 642 2994 Amulii
671 2966 839 3003 subulcus,
870 2966 950 2997 elam
991 2969 1139 2999 omnibus

101 3014 226 3044 sustulit
241 3026 250 3053 ;
269 3014 336 3052 vel,
351 3015 386 3044 ut
403 3015 545 3044 nonnulli
564 3017 711 3054 narrant,
735 3017 1000 3048 verisimilitudini
1015 3020 1138 3058 propin-

100 3065 244 3104 quiores,
262 3064 387 3095 (tonseio
402 3065 566 3095 Numitore
580 3067 610 3095 et
624 3066 770 3096 alimenta
784 3068 1003 3106 suppeditante
1019 3072 1139 3101 secreto

103 3116 251 3146 nutritiis.
269 3115 370 3146 litiani
395 3115 493 3146 literis
513 3116 662 3155 omnique
676 3117 794 3148 liberali
813 3118 978 3157 disciplina
1004 3120 1138 3152 instituti

102 3168 250 3199 «licuntur
276 3167 386 3207 pueri,
415 3168 531 3198 Gabios
556 3169 709 3199 translati.
729 3171 865 3200 Narrant
882 3172 987 3201 autem
1011 3174 1140 3204 vocatos

103 3228 168 3249 esse
182 3218 351 3249 Romulum
369 3219 400 3248 et
416 3220 547 3249 Remum
562 3228 579 3249 a
596 3228 685 3249 ruma
698 3244 707 3257 ,
723 3220 796 3258 quia
810 3223 953 3259 sugentes
967 3222 1023 3252 visi
1038 3226 1139 3254 essent

106 3270 222 3309 lupam.
243 3271 361 3299 llorum
379 3269 463 3300 illico
481 3269 511 3300 in
535 3270 636 3309 prima
655 3271 750 3301 etiam
773 3273 867 3302 aetate
890 3273 1029 3311 corporis
1055 3282 1138 3313 prae·

105 3322 218 3355 stantia
236 3321 372 3353 indolem
389 3330 427 3353 ex
445 3322 632 3362 proceritate
646 3324 675 3353 et
694 3323 793 3354 forma
812 3324 947 3355 ostendit
966 3338 972 3355 z
998 3327 1026 3355 et
1042 3334 1138 3364 quum

1186 240 1240 289 δὲ,
1270 239 1457 288 θυμοειδεῖς
1477 233 1565 283 ἦσαν
1593 238 1804 288 ἀμφότεροι,
1824 236 1882 273 καὶ
1912 237 2116 288 φρονήματα
2137 238 2220 289 πρὸς

1185 297 1227 334 τὰ
1251 296 1440 349 φαινόμενα
1472 295 1587 343 δεινὰ,
1614 295 1672 331 καὶ
1705 294 1836 343 τόλμαν
1865 292 1951 337 δ’λως
1985 294 2220 343 ἀνέκπληκτον

1185 354 1319 405 ἔχοντες
1332 369 1340 376 ·
1355 355 1372 389 ὁ
1392 353 1427 390 δὲ
1449 352 1627 402 Ῥωμύλος
1642 351 1763 402 γνώμῃ
1780 367 1815 388 τε
1835 355 1985 403 χρῆσθαι
2003 355 2133 402 μᾶλλον
2148 354 2222 392 ἐδό-

1184 428 1258 459 κει,
1283 412 1342 449 καὶ
1362 410 1542 456 πολιτικὴν
1564 409 1654 461 ἔχειν
1683 409 1837 457 σύνεσιν,
1865 413 1898 448 ἐν
1918 416 1992 454 ταῖς
2011 412 2089 463 περὶ
2117 412 2223 462 νομὰς

1189 470 1248 507 καὶ
1264 468 1425 518 κυνηγίας
1442 468 1526 519 πρὸς
1554 468 1629 510 τοὺς
1648 471 1865 517 γειτνιῶντας
1885 469 2070 518 ἐπιμιξίαις
2081 469 2222 515 ,πολλὴν

1184 530 1305 565 ἑαυτοῦ
1319 543 1406 577 παρε
1410 542 1483 578 χων
1504 526 1714 572 κατανόησιν
1734 530 1940 576 ἡγεμονικοῦ
1959 526 2128 575 μᾶλλον
2110 544 2132 573 η
2147 543 2221 565 πει·

1185 589 1350 636 θαρχικοῦ
1371 585 1470 637 φύσει
1489 584 1678 634 γεγονότος.
1707 584 1769 622 Διὸ
1788 590 1855 626 τοῖς
1876 584 1918 634 μὲ
1921 600 1938 620 ν
1958 585 2142 637 ὁμοφύλοις
2164 586 2223 623 καὶ

1184 645 1434 695 ταπεινοτέροις
1459 644 1690 695 προσφιλεῖς
1675 660 1781 690 ησαν,
1809 644 1996 687 επιστάτας
2015 644 2048 681 δὲ
2075 660 2135 682 και
2153 645 2222 682 διό-

1186 718 1268 744 πους
1288 702 1484 753 βασιλικούς
1500 717 1559 738 και
1575 702 1823 753 ἀγελάρχας,
1806 718 1850 744 ως
1868 702 1954 751 μηδὲ
1958 718 1974 739 ν
1991 704 2102 739 αυτῶν
2118 704 2223 754 ἀρετῇ

1187 760 1431 811 διαφέροντας,
1462 761 1774 810 ὑπερφρονοῦντες,
1799 758 1869 796 οὔτ’
1896 761 2038 805 ἀπειλῆς
2067 760 2225 811 ἐφρόντι-

1185 821 1238 862 ζον
1272 818 1347 855 οὔτε
1368 819 1484 869 ὄργῆς.
1517 816 1696 867 Ἐχρῶντο
1725 817 1760 853 δὲ
1786 817 1976 868 διατριὸαῖς
2003 818 2061 855 καὶ
2082 818 2225 861 διαίταις

1186 875 1401 927 ἐλευθερίοις,
1428 876 1464 911 οὐ
1495 873 1557 920 τὴν
1589 874 1718 924 σχολὴν
1747 873 1935 927 ἐλευθέριον
1964 875 2147 926 ἡγούμενοι
2166 877 2226 915 καὶ

1187 934 1249 979 τὴν
1277 933 1441 978 ἀπονίαν,
1469 931 1556 969 ἀλλὰ
1577 932 1752 981 γυμνάσια
1769 948 1828 969 και
1848 932 1952 984 θηρας
1974 948 2031 970 και
2057 933 2225 1004 δρόμους,

1185 1007 1243 1028 και
1263 991 1300 1027 τὸ
1324 993 1343 1028 7
1347 990 1453 1040 ηστὰς
1474 989 1678 1036 ἀ7έξασθαι,
1699 1005 1757 1027 και
1776 991 1918 1032 κλῶπας
1938 991 2047 1039 ε7εῒν,
2075 1007 2133 1028 και
2151 992 2227 1043 βίας

1186 1052 1218 1093 ἐς
1204 1049 1275 1086 ἶτελ,
1263 1049 1357 1086 ’σθαι
1383 1065 1458 1091 τους
1479 1047 1734 1097 ἀδικουμένους.
1759 1042 1877 1086 Ησαν
1894 1047 1935 1094 δὴ
1956 1046 2012 1085 διὰ
2034 1052 2143 1086 ταῦτα
2160 1064 2227 1087 πε-

1187 1107 1352 1160 ριὲόητοι.

1243 1164 1434 1214 Γενομένης
1467 1163 1503 1201 δέ
1537 1179 1625 1206 τινος
1655 1163 1740 1215 πρὸς
1764 1162 1841 1206 τοὺς
1871 1163 2073 1216 Νομήτορος
2107 1167 2226 1215 βουκό-

1186 1225 1263 1266 λους
1295 1226 1364 1265 τοῖς
1400 1222 1581 1271 Ἀμουλίου
1609 1223 1773 1273 διαφορᾶς
1803 1221 1862 1259 καὶ
1892 1221 2121 1273 βοσκημάτων
2151 1223 2227 1260 ἐλά-

1187 1298 1291 1331 σεως,
1313 1283 1374 1319 οὐκ
1394 1280 1646 1331 ἀνασχόμενοι,
1672 1279 1906 1330 συγκόπτουσι
1931 1280 1992 1330 μὲν
2018 1281 2138 1324 αὐτοὺς
2168 1282 2227 1319 καὶ

1187 1340 1388 1391 τρέπονται,
1407 1337 1659 1387 ἀποτέμνονται
1680 1337 1715 1375 δὲ
1739 1341 1799 1384 τῆς
1817 1338 1912 1381 λείας
1930 1338 2074 1389 συχνήν.
2098 1338 2228 1389 Ἀγαν-

1189 1402 1368 1440 ακτοῦντος
1390 1397 1423 1434 δὲ
1445 1401 1504 1434 τοῦ
1532 1397 1757 1448 Νομήτορος,
1791 1395 1986 1448 ὠλιγώρουν
2000 1412 2007 1420 ·
2029 1399 2173 1445 συνῆγον
2194 1397 2229 1434 δὲ

1187 1456 1247 1494 καὶ
1275 1455 1525 1507 προσεδέχοντο
1556 1454 1703 1498 πολλοὺς
1734 1454 1794 1505 μὲν
1828 1454 1994 1506 ἀπόρους,
2020 1454 2167 1498 πολλοὺς
2195 1456 2229 1493 δὲ

1190 1513 1348 1563 δούλους,
1371 1514 1516 1565 θράσους
1535 1515 1770 1551 ἀποστατικοῦ
1792 1514 1851 1551 καὶ
1880 1513 2097 1566 φρονήματος
2121 1513 2231 1566 ἀρχὰς

1189 1572 1384 1615 ἐνδιδόντες.
1404 1574 1476 1610 Τοῦ
1494 1571 1527 1609 δὲ
1546 1571 1730 1622 Ῥωμύλου
1747 1572 1830 1623 πρός
1841 1588 1916 1610 τινα
1937 1572 2056 1610 θυσίαν
2076 1574 2229 1624 ἀποτρα·

1189 1630 1342 1680 πομένου
1376 1630 1456 1680 (καὶ
1483 1624 1524 1675 ἦν
1553 1629 1619 1681 γὰρ
1649 1630 1830 1682 φιλοθύτης
1861 1630 1920 1668 καὶ
1962 1630 2168 1680 μαντικός),
2201 1634 2231 1668 οἱ

1190 1693 1248 1726 τοῦ
1275 1689 1477 1739 Νομήτορος
1498 1690 1639 1739 βοτῆρες
1663 1690 1711 1739 τῷ
1732 1687 1863 1741 Ῥώμῳ
1885 1689 1959 1737 μετ’
1982 1689 2105 1740 ὀλίγων
2131 1690 2233 1740 βαδί-

1193 1749 1299 1793 ζοντι,
1320 1746 1569 1798 προστυχόντες
1587 1746 1773 1797 ἐμάχοντο.
1797 1746 1867 1785 Καὶ
1880 1747 2069 1797 γενομένων
2089 1749 2232 1798 πληγῶν

1193 1805 1252 1842 καὶ
1275 1804 1481 1856 τραυμάτων
1501 1806 1534 1841 ἐν
1556 1803 1780 1856 ἀμφοτέροις,
1799 1804 1994 1856 ἐκράτησαν
2013 1807 2044 1843 οἱ
2068 1809 2128 1842 τοῦ
2150 1808 2229 1844 No-

1197 1863 1368 1936 μήτορος,
1384 1878 1443 1900 και
1463 1862 1685 1900 συνέλαὸονΥ
1669 1879 1778 1906 ςωντα
1799 1862 1854 1900 τὸν
1871 1863 2026 1912 Ῥωμον.
2045 1863 2232 1915 Ἀναχθέν-

1193 1936 1247 1963 τος
1261 1924 1318 1958 ουν
1333 1923 1434 1958 αὐτοῦ
1454 1920 1537 1971 πρὸς
1555 1920 1612 1958 τὸν
1626 1920 1831 1971 Νομήτορα,
1849 1921 1907 1959 καὶ
1922 1925 2232 1974 κατηγορηθέντος,
2266 1942 2271 1947 ·

1194 1978 1294 2022 αὐτὸς
1311 1978 1373 2028 μὲν
1395 1980 1457 2016 οὐκ
1475 1979 1639 2032 εκόλασε,
1658 1979 1849 2030 χαλεπὸν”
1830 1995 1910 2016 οντα
1933 1979 2050 2023 δεδιως
2061 1979 2118 2017 τὸν
2135 1981 2233 2017 ἀδελ·

1193 2088 1430 2127 adolescerent,
1444 2097 1533 2120 acres
1554 2089 1649 2120 ambo
1662 2091 1693 2120 et
1712 2090 1825 2129 sortes,
1846 2091 1943 2130 atque
1955 2090 1995 2121 ad
2017 2090 2141 2130 objecta
2156 2090 2233 2129 peri-

1193 2142 1265 2172 cula
1275 2142 1466 2181 magnanimi
1477 2142 1616 2181 suerunt,
1624 2143 1779 2182 planeque
1792 2143 1948 2182 intrepidi.
1963 2142 2116 2175 Romulus
2129 2145 2233 2174 tamen

1195 2193 1428 2232 praecellentior
1446 2193 1594 2232 consilio,
1609 2194 1640 2224 et
1653 2194 1738 2224 civili
1755 2194 1922 2234 prudentia
1937 2194 2088 2234 praeditus
2102 2195 2234 2226 habeba-

1195 2246 1260 2282 tur,
1276 2244 1387 2275 vicinis
1398 2269 1406 2284 ‚
1424 2244 1615 2284 quibuscum
1632 2244 1713 2275 inter
1729 2254 1843 2284 pascua
1856 2247 1888 2276 et
1907 2246 2090 2277 venationes
2105 2246 2234 2278 liaberet

1196 2296 1437 2334 commercium,
1451 2305 1597 2335 magnam
1618 2296 1658 2327 de
1681 2305 1714 2327 se
1730 2297 1911 2336 opinionem
1934 2297 2097 2336 praehens,
2114 2297 2153 2329 ad
2172 2298 2233 2330 im-

1196 2347 1371 2386 perandum
1399 2356 1449 2386 se,
1475 2356 1572 2386 quam
1598 2346 1639 2378 ad
1664 2348 1859 2387 parendum,
1889 2350 2000 2379 natum
2028 2349 2132 2388 potius
2156 2358 2232 2381 esse.

1200 2402 1312 2439 ltaque
1340 2400 1545 2439 popularibus
1567 2400 1616 2431 vel
1636 2400 1859 2431 humilioribus
1882 2400 1961 2439 grati
1988 2409 2074 2439 esse,
2094 2400 2233 2441 villicos,

1196 2451 1297 2490 regios
1313 2451 1535 2490 procuratores
1547 2452 1577 2482 et
1595 2452 1716 2490 pecoris
1738 2451 1921 2490 magistros,
1940 2452 1976 2482 ut
1995 2451 2092 2482 nihilo
2112 2460 2145 2483 se
2158 2460 2235 2492 prae-

1195 2502 1380 2541 stantiores,
1410 2503 1628 2541 contemnere,
1654 2511 1712 2533 nec
1736 2502 1829 2533 minis
1848 2511 1957 2533 eornm
1974 2503 2112 2541 moveri,
2132 2512 2236 2543 neque

1197 2554 1266 2584 ira:
1286 2553 1316 2583 in
1331 2553 1488 2584 exercitiis
1510 2555 1540 2583 et
1562 2553 1673 2584 studiis
1696 2553 1877 2584 liberalibus
1892 2553 2070 2593 frequentes
2091 2563 2178 2592 esse,
2195 2554 2235 2586 ab

1197 2607 1261 2637 otio
1278 2608 1309 2636 et
1319 2606 1430 2636 inertia
1442 2629 1450 2643 ‚
1467 2607 1503 2636 ut
1517 2615 1549 2637 re
1563 2606 1705 2644 sordida,
1725 2606 1930 2637 abhorrentes
1942 2617 1952 2646 3
1966 2606 2114 2645 amplecti
2127 2607 2234 2638 autem

1197 2660 1337 2697 labores,
1364 2658 1562 2689 venationem
1587 2661 1617 2689 et
1633 2667 1760 2697 cursus,
1780 2659 1918 2690 latrones
1932 2659 2113 2698 propulsare
2126 2683 2134 2698 ‚
2152 2659 2236 2691 fures

1199 2712 1411 2751 prehendere,
1426 2714 1457 2742 et
1474 2711 1608 2742 asllietos
1622 2711 1661 2742 ab
1685 2711 1799 2750 injuria
1819 2710 1991 2742 vindicare.
2022 2712 2103 2743 Hinc
2127 2711 2233 2743 adole-

1197 2764 1356 2795 scentibus
1373 2772 1520 2801 magnum
1535 2772 1661 2793 nomen.

1260 2817 1378 2846 Exorta
1407 2814 1577 2854 aliquando
1604 2815 1685 2845 inter
1716 2813 1891 2845 Numitoris
1918 2815 1950 2845 et
1978 2814 2094 2845 Amulii
2122 2815 2236 2846 bubul-

1199 2875 1251 2897 cos
1265 2866 1485 2902 contentione,
1506 2866 1720 2905 armentisque
1732 2865 1852 2896 abactis
1865 2865 1904 2896 de
1918 2866 2000 2904 suis,
2018 2874 2081 2896 non
2095 2866 2237 2897 tulerunt

1199 2925 1268 2949 eam
1280 2917 1440 2956 injuriam,
1452 2917 1504 2947 sed
1519 2916 1646 2947 caedunt
1658 2917 1728 2948 illos
1742 2918 1773 2947 et
1783 2917 1814 2947 in
1826 2917 1928 2955 sugam
1941 2917 2088 2955 vertunt,
2103 2918 2236 2948 exuunt-

1199 2978 1261 3009 que
1275 2977 1385 3008 magna
1401 2979 1436 2999 ox
1456 2970 1544 3008 parte
1557 2968 1663 3008 praeda
1676 2993 1684 3007 ,
1699 2969 1774 2999 nihil
1788 2968 1960 3000 Numitoris
1975 2969 2088 2999 morati
2099 2968 2237 3007 indigna-

1200 3021 1330 3051 tionem.
1347 3021 1476 3059 Copiam
1492 3020 1563 3050 inde
1574 3020 1703 3059 inopum
1718 3022 1749 3050 et
1764 3028 1928 3051 servorum
1940 3021 2057 3059 cogunt
2070 3019 2238 3059 recipiunt-

1200 3080 1262 3111 que
1273 3096 1280 3110 ,
1296 3072 1330 3102 ut
1344 3080 1392 3102 res
1405 3071 1440 3101 iis
1454 3071 1637 3102 auctoribus
1650 3073 1791 3111 spectare
1803 3070 1840 3101 ad
1861 3070 2068 3101 desectionem
2086 3071 2117 3101 et
2133 3069 2238 3101 audax

1202 3123 1322 3153 facinus
1339 3122 1511 3153 videretur.
1528 3126 1634 3159 Quum
1649 3123 1729 3153 esset
1745 3124 1851 3152 autem
1874 3121 2071 3152 sacrificandi
2085 3123 2116 3152 et
2136 3129 2236 3161 augu-

1200 3174 1288 3204 randi
1311 3174 1464 3205 Romnlus
1481 3174 1657 3212 studiosus,
1678 3182 1715 3205 eo
1733 3173 1812 3204 forte
1837 3173 1867 3203 in
1885 3172 2039 3203 sacrificio
2063 3173 2236 3212 occupato,

1200 3226 1356 3256 invadunt
1376 3225 1548 3256 Numitoris
1564 3226 1703 3264 pastores
1727 3225 1786 3255 iter
1802 3233 1875 3255 cum
1897 3233 1995 3263 parvo
2021 3224 2171 3255 comitatu
2191 3224 2237 3254 sa-

1201 3277 1334 3307 cientem
1346 3278 1489 3306 Remum.
1503 3279 1586 3307 Dum
1595 3276 1675 3306 ictus
1688 3277 1720 3306 et
1731 3276 1860 3306 vulnera
1872 3275 2034 3314 utrimque
2046 3275 2237 3309 inferuntur.

1201 3327 1331 3357 vincunt
1349 3327 1521 3358 Numitoris
1546 3328 1701 3366 pastores,
1725 3335 1761 3357 ac
1781 3329 1915 3358 nemum
1930 3328 2070 3367 capiunt.
2100 3327 2240 3367 Raptum
