2338 3765
473 148 974 241 NICANOR
1030 138 1918 231 ALEXANDRINUS.

199 583 327 620 Suidas
368 594 373 615 :
400 576 621 626 Νικάνωρ,
659 576 675 610 ὁ
705 571 888 623 Ἑρμείου,
918 567 1173 619 Ἀλεξανδρεὺς,

148 637 383 691 γραμματικὸς
399 665 407 681 ,
423 633 567 685 γεγονὼς
582 633 637 669 ἐπὶ
657 631 828 681 Ἀδριανοῦ
840 631 897 665 τοῦ
911 628 1102 677 Καίσαρος,
1123 626 1176 662 ὅτε

148 699 205 736 καὶ
226 698 425 746 Ἕρμιππος
463 690 678 741 ὁΒηρύτιος.
718 687 805 738 Περὶ
830 688 974 736 στιγμῆς
1006 687 1065 730 τ’ἦς
1096 685 1177 733 παρ’

148 755 294 805 Ὁμήρῳ
329 753 386 789 καὶ
417 754 476 796 τῆς
504 749 536 792 ἐξ
571 750 681 785 αὐτῶν
713 747 875 798 διαφορᾶς
903 746 937 780 ἐν
964 746 1006 794 τῇ
1028 741 1174 793 διανοίᾳ.

151 813 236 863 Περὶ
251 813 395 860 στιγμῆς
411 812 470 854 τῆς
491 807 657 852 καθόλου,
681 804 800 855 βιὸλία
815 802 860 846 ἕξ.
880 800 1075 849 Ἐπιτομὴν
1099 798 1175 836 τού-

149 887 228 916 των,
249 868 379 920 βιὸλίον
404 866 450 906 ἕν.
474 865 560 916 Περὶ
587 866 731 912 στιγμῆς
750 864 808 907 τῆς
824 859 919 910 παρὰ
946 857 1177 916 Καλλιμωοίχῳ.

151 926 437 978 Κωμῳδούμενα.
478 922 566 973 Περὶ
598 920 830 969 ναυστάθμου.
873 917 958 968 Περὶ
990 919 1047 953 τοῦ
1076 914 1177 956 ὠναξ.

150 985 259 1035 [Περὶ
276 982 459 1033 στιγμῆς,]
475 981 534 1019 καὶ
557 979 657 1016 ἄλλα.
681 976 784 1028 [Ἐφ’
804 971 826 1025 ἧ
845 972 1068 1025 πραγματεία
1087 987 1178 1008 σκω-

151 1043 318 1091 πτόμενος
333 1040 416 1091 πρός
435 1054 534 1076 τινων
557 1034 770 1086 Στιγματίας
782 1033 956 1070 ἐκαλεῖτο·
974 1034 1010 1068 οὐ
1033 1030 1097 1080 γὰρ
1119 1029 1179 1073 δή·

151 1116 216 1138 που
235 1102 279 1142 ὡς
299 1100 416 1140 δοῦλος
437 1096 542 1138 οὕτως
561 1095 769 1132 ἐσκώπτετο.
789 1095 875 1128 Haec
897 1105 970 1127 om.
993 1090 1106 1125 codd.
1134 1093 1176 1124 A.

150 1163 193 1195 V.
218 1159 339 1196 Habet
356 1159 383 1192 E
401 1159 438 1191 in
463 1152 667 1203 margine.]

209 1233 222 1247 α
246 1218 347 1263 Opus
378 1212 467 1263 Περὶ
493 1214 553 1257 τῆς
581 1210 773 1260 Ὁμηρικῆς
805 1209 950 1256 στιγμῆς
981 1207 1025 1241 ab
1047 1207 1088 1239 iis
1117 1206 1180 1252 qui

159 1275 290 1310 scholl.
311 1275 348 1307 in
369 1273 413 1307 Il.
437 1274 573 1307 Veneta
594 1269 841 1315 compilarunt
858 1278 932 1301 esse
951 1264 1178 1306 adhibitum,

153 1344 284 1368 eorum
300 1330 412 1365 docet
426 1328 661 1374 subscriptio.
680 1325 784 1360 Idem
802 1336 870 1371 per
894 1323 1111 1357 brevitatem
1128 1321 1179 1354 at-

154 1390 271 1424 fertur
292 1385 379 1437 Περὶ
400 1386 545 1434 στιγμῆς
561 1411 570 1428 ,
593 1396 613 1418 a
630 1395 705 1429 quo
731 1379 1011 1427 distinguendus
1035 1378 1182 1412 videtur

155 1448 249 1482 liber
280 1444 367 1495 Περὶ
398 1445 458 1487 τῆς
489 1439 635 1477 καθόλου
663 1440 827 1488 στιγμῆς,
859 1437 1026 1472 laudatus
1050 1436 1110 1470 ille
1137 1435 1182 1469 ab

153 1504 314 1540 Arcadio
338 1505 376 1537 in
407 1500 599 1536 Villoisoni
634 1500 727 1545 Epp.
750 1498 876 1532 Vinar.
897 1507 933 1542 p.
956 1507 968 1528 1
983 1494 1026 1529 16
1056 1501 1092 1527 et
1118 1493 1181 1527 de-

155 1569 303 1610 cerptus
318 1574 337 1596 a
351 1560 468 1595 schol.
484 1559 594 1593 Dion.
611 1557 741 1590 Thrac.
756 1567 793 1601 p.
811 1552 884 1598 758
899 1565 980 1599 sqq.
997 1551 1183 1598 Quamob-

155 1633 234 1656 rem
262 1616 551 1666 expungendum
574 1616 612 1648 in
634 1613 837 1648 novissimis
862 1608 948 1659 Περὶ
969 1610 1114 1657 στιγμῆς
1132 1617 1182 1644 te-

156 1690 258 1713 mere
278 1678 490 1724 repetitum.
510 1689 524 1704 »
542 1671 773 1717 Bernhardy.
792 1669 992 1716 Saepissime
1008 1668 1079 1702 hoc
1099 1666 1184 1715 Περὶ

155 1737 300 1785 στιγμῆς
323 1734 493 1769 laudatur
524 1732 561 1765 in
586 1730 702 1765 schol.
728 1728 775 1764 ad
795 1729 838 1762 ll.
866 1728 908 1776 β,
933 1738 1021 1761 212.
1055 1740 1089 1774 γ,
1123 1726 1182 1766 46.

156 1794 242 1840 239.
262 1792 347 1827 318.
369 1791 457 1834 428.
472 1789 501 1833 δ,
518 1788 684 1829 83.1[.8.
703 1800 729 1832 ε,
745 1785 834 1828 245.
857 1784 989 1832 297.ζ,
1007 1785 1082 1825 445
1101 1784 1186 1818 etin

156 1859 249 1886 extr.
266 1865 298 1894 η,
328 1850 456 1894 ι7ι.6,
478 1847 563 1891 307.
582 1860 606 1891 ι,
625 1850 686 1890 47.
711 1844 795 1879 153.
821 1842 909 1887 538,
929 1843 970 1885 λ,
993 1854 1075 1876 100.
1097 1840 1182 1876 186.

158 1909 245 1950 413.
271 1922 313 1954 μ,
335 1906 424 1955 295.
450 1919 486 1955 ρ,
519 1909 581 1946 42.
601 1904 655 1939 Cf.
686 1902 851 1937 Eustatli.
886 1902 925 1934 in
953 1899 1025 1936 Od.
1052 1911 1089 1946 p,
1117 1911 1177 1936 20,

162 1979 246 2011 107.
267 1966 354 2002 302.
372 1966 473 1999 Inter
492 1962 689 1997 historicos
721 1967 844 1996 autem
866 1958 1043 1994 Nicanori
1060 1958 1184 1992 locum

157 2026 285 2060 damus
299 2030 454 2071 propter
471 2033 563 2068 opus
582 2022 638 2055 De
657 2019 891 2054 Alexandria
919 2015 982 2065 (fr.
1009 2015 1062 2064 1).
1088 2016 1187 2049 Prae-

158 2091 257 2118 terea
276 2081 449 2116 laudatur
468 2080 629 2114 Nicanor
664 2077 698 2111 ἐν
724 2071 1087 2120 Μετονομασίαις
1122 2072 1185 2120 (fr.

161 2140 266 2188 3-6).
299 2139 484 2185 Quaeritur
514 2149 603 2171 num
627 2135 725 2170 idem
754 2135 813 2168 hie
839 2135 883 2168 sit
916 2144 999 2167 cum
1028 2132 1187 2165 Hermiae

163 2199 241 2233 silio
260 2213 269 2242 3
291 2210 377 2232 nam
393 2196 527 2242 quibus
542 2195 632 2229 locis
653 2193 789 2227 diserta
813 2189 920 2236 liujus
940 2189 1062 2236 operis
1080 2200 1187 2222 men-

162 2258 213 2291 tio
237 2255 296 2299 sit,
321 2256 362 2289 iis
387 2253 486 2301 apud
517 2252 745 2298 Stephanum
766 2251 849 2296 Byz.
869 2248 1085 2294 simpliciter
1110 2246 1188 2281 lau-

160 2314 268 2350 datur
284 2314 458 2356 Nicanor,
471 2310 571 2357 apud
589 2310 805 2344 Athenaeum
818 2318 907 2341 vero
930 2306 995 2354 (fr.
1017 2307 1054 2350 4)
1079 2303 1189 2339 Ntm'-

160 2386 227 2420 νωρ
241 2373 258 2407 ὃ
281 2372 481 2419 Κυρηναῖος.
500 2369 645 2403 Vossius
670 2379 746 2401 non
770 2365 985 2411 distinguit,
1006 2362 1070 2396 scd
1088 2363 1187 2395 licr-

162 2430 242 2463 miae
269 2428 384 2463 filium
403 2427 552 2473 Cyrenis
579 2424 780 2459 oriundum
803 2423 930 2457 vixisse
957 2419 1190 2455 Alexandriae

163 2493 297 2521 censet.
320 2485 364 2519 ld
396 2490 495 2518 recte
513 2482 613 2526 sieri,
635 2494 679 2516 co
702 2480 857 2515 indicari
875 2478 1072 2525 putaveris,
1088 2477 1190 2524 quod

163 2545 368 2590 Stephanus
390 2544 472 2587 ssyz.
494 2539 560 2589 (fr.
585 2540 626 2586 3)
652 2539 695 2574 de
721 2538 857 2573 Tibure
877 2536 1002 2570 laudat
1029 2536 1191 2570 lN‘icano—

166 2614 243 2636 rem
275 2603 439 2635 llcrmioe
457 2599 603 2645 filium,
628 2596 832 2642 eodemque
854 2595 937 2628 loco
958 2593 1074 2628 Tibur
1102 2594 1190 2627 olim

164 2657 474 2704 l'(›(i·.=·t‹’J1l1(tnum
495 2661 665 2688 vocatum
682 2665 755 2688 esse
774 2650 900 2686 tradit.
928 2652 1016 2695 Quae
1039 2650 1189 2696 quidem

166 2717 304 2763 optime
327 2714 464 2748 cadunt
500 2713 536 2745 in
563 2708 827 2757 Μετονομασίας
861 2709 1076 2751 Nicanoris,
1108 2720 1188 2753 quan

166 2775 244 2810 aliis
278 2774 367 2806 lucis
404 2784 422 2806 a
455 2771 640 2816 Stephano
674 2770 845 2804 citantur.
875 2770 1046 2802 Attamen
1081 2773 1190 2800 restat

169 2832 365 2866 dubitatio.
398 2831 487 2864 Nam
515 2828 687 2875 Stephani
718 2828 819 2861 locus
843 2826 866 2861 l.
899 2825 1022 2859 nescio
1050 2836 1096 2858 an
1123 2836 1189 2857 ex-

168 2889 347 2935 cerptoris
377 2888 483 2933 culpa
513 2886 661 2919 mutilus
693 2884 751 2920 sit.
779 2882 923 2918 Deinde
944 2894 1058 2928 quum
1090 2881 1189 2927 apud

1237 570 1350 605 schol.
1372 569 1493 615 Apoll.
1523 566 1646 602 Rhod.
1666 566 1734 614 (fr.
1759 565 1821 615 15)
1841 566 2001 601 citentur
2021 565 2182 617 Νικάνωρ
2205 567 2262 605 καὶ

1239 625 1450 676 Ἀρχέμαχος
1474 626 1506 661 ἐν
1525 622 1787 672 Μετωνυμίαις,
1809 624 1922 671 idque
1946 624 2118 661 facillime
2140 627 2189 662 ita
2208 628 2264 662 in-

1238 687 1434 733 telligatur,
1450 692 1490 719 ut
1506 684 1630 718 titulus
1645 683 1730 717 libri
1745 682 1792 717 ad
1808 689 2008 730 utrumque
2023 690 2213 720 auctorem
2228 684 2266 720 in

1239 743 1370 778 eodem
1403 748 1621 789 argumento
1651 741 1905 776 elaborantem
1935 742 2139 790 pertineat,
2166 744 2267 791 apud

1238 801 1466 835 scholiastam
1479 812 1566 835 vero
1583 799 1772 846 Apollonii
1786 811 1862 833 non
1875 799 2016 834 soleant
2027 801 2130 835 citari
2145 809 2268 837 aucto-

1238 872 1294 894 res
1313 859 1475 905 Didymo
1487 857 1654 903 juniores
1676 868 1684 893 ε
1703 857 1789 891 hinc
1807 857 1994 892 diversum
2014 859 2138 904 potius
2155 860 2266 895 Nica-
2294 859 2297 861 ’

1238 930 1368 952 norem
1383 917 1599 963 Cyrenaeum
1616 916 1661 950 ab
1676 916 1834 950 Hermiae
1848 914 1926 950 filio
1941 927 2015 950 esse
2029 916 2161 963 aliquis
2177 929 2270 952 con-

1237 976 1350 1021 jiciat.
1374 975 1622 1010 Nihilominus
1649 981 1690 1008 ut
1711 973 1889 1008 Hadriani
1916 974 2095 1020 aequalem
2118 975 2269 1011 Μετονο-

1240 1031 1367 1080 μασίας
1387 1033 1570 1079 scripsisse
1587 1044 1772 1076 censeam,
1792 1038 1918 1066 movet
1945 1044 2004 1067 me
2021 1032 2271 1080 Sebastopolis

1241 1091 1379 1126 mentio
1401 1091 1438 1125 in
1462 1090 1594 1137 fragm.
1617 1101 1675 1126 12.
1696 1090 1822 1124 Restat
1842 1095 1882 1123 ut
1897 1100 2147 1124 memoremus
2162 1091 2270 1126 Nica-

1240 1161 1369 1183 norem
1384 1149 1543 1183 Hermiae
1554 1147 1580 1183 f.
1594 1145 1676 1196 πρὸς
1691 1144 1863 1196 Ἀδριανὸν
1877 1144 2051 1197 γράφοντα
2066 1148 2210 1183 laudari
2225 1149 2271 1184 de

1240 1208 1333 1243 urbe
1354 1208 1503 1255 AEgypti
1528 1206 1589 1254 (fr.
1613 1206 1669 1254 2).
1695 1206 1870 1252 Quaenam
1891 1207 2043 1253 scriptio
2063 1206 2118 1241 his
2137 1207 2270 1255 indigi-

1242 1274 1354 1313 tetur,
1378 1279 1468 1301 num
1486 1266 1532 1301 de
1552 1264 1779 1300 Alexandria
1799 1276 1914 1311 opus,
1939 1277 1986 1299 an
2006 1265 2157 1300 fortasse
2179 1265 2273 1300 illud

1242 1328 1297 1361 De
1320 1326 1469 1360 mutatis
1489 1323 1717 1365 nominibus,
1742 1334 1787 1357 an
1808 1322 1929 1367 aliud,
1951 1324 2131 1358 nescimus
2150 1323 2206 1372 (Ἴ.

1479 1409 1598 1446 ΠΕΡΙ
1630 1408 2032 1445 ΑΛΕΞΑΝΔΡΕΙΑΣ.

1558 1498 1585 1531 Ε
1614 1496 1762 1531 LIBRO
1792 1495 1961 1531 PRIMO.

1746 1584 1778 1609 Ι.

1297 1649 1471 1697 Stephan.
1508 1650 1592 1695 Byz.
1633 1660 1669 1683 v.
1709 1644 1963 1696 Ἀλεξάνδρεια·
1994 1645 2155 1697 Νικάνωρ
2189 1646 2224 1683 δὲ
2256 1648 2274 1683 ὃ

1245 1705 1407 1757 Ἑρμείου
1427 1706 1460 1741 ἐν
1476 1706 1518 1756 τῇ
1535 1703 1622 1755 Περὶ
1638 1702 1889 1754 Ἀλεξανδρείας
1901 1702 2021 1754 πρώτγΙ
2037 1706 2144 1740 ταῦτα
2162 1704 2274 1740 πάντα

1245 1765 1359 1813 κυροῖ,
1377 1762 1436 1799 καὶ
1456 1762 1493 1799 τὸ
1518 1761 1767 1812 Ἀλεξανδρῖνος
1793 1760 1851 1797 καὶ
1882 1760 1921 1797 τὸ
1942 1759 2221 1812 Ἀλεξανδρίτης,
2239 1763 2276 1798 οὔ

1248 1821 1363 1870 μέντοι
1381 1821 1418 1857 τὸ
1433 1819 1739 1871 Ἀλεξανδρεώτης.

1543 1906 1679 1944 ΠΡΟΣ
1710 1904 1976 1943 ΑΔΡΙΑΝΟΝ.

1751 2005 1784 2028 2.

1299 2077 1402 2112 Idem
1425 2087 1433 2112 ζ
1454 2072 1622 2118 Ἄῡλιὲις,
1640 2071 1736 2114 πόλις
1750 2071 1941 2122 Αἰγύπτου·
1963 2072 1980 2108 ὃ
2003 2070 2145 2116 πολίτης
2164 2069 2279 2108 ἈΟλι-

1249 2133 1357 2181 &ir-qq.
1374 2132 1540 2183 Νικάνωρ
1558 2132 1585 2168 δ’
1605 2130 1800 2182 ὃἛρμείου
1820 2131 1853 2167 ἐν
1873 2124 1991 2180 ᾗπρὸς
2004 2127 2175 2178 Ἀδριανὸν
2195 2127 2278 2178 γρά-

1248 2208 1318 2245 φων
1353 2191 1408 2228 διὰ
1428 2194 1487 2228 τοῦ
1518 2205 1535 2241 ρ
1564 2189 1665 2241 φησὶν
1699 2187 1862 2239 Ἄθριὲις.
1898 2187 2002 2226 Οὕτω
2022 2187 2091 2241 καὶΚ
2111 2186 2280 2237 Στράῧων

1250 2253 1259 2301 (
1276 2266 1335 2299 17,
1351 2265 1389 2299 p.
1404 2252 1475 2286 802
1488 2251 1513 2297 ).
1534 2250 1671 2285 Eadem
1685 2250 1774 2284 urbs
1793 2261 1852 2295 ap.
1871 2249 2082 2283 Hecataeum
2101 2245 2164 2293 (fr.
2186 2244 2278 2295 280)

1249 2306 1451 2358 Ἀθάρραέις
1469 2315 1636 2343 vocatur.
1661 2308 1782 2352 Quare
1803 2318 1896 2353 opus
1921 2305 1987 2340 τῶν
2009 2303 2280 2351 Μετονομασιῶν

1250 2367 1405 2402 indicari
1422 2366 1596 2412 opineris.

1764 2432 1797 2466 3.

1303 2510 1410 2546 Idem
1431 2521 1440 2546 z
1463 2506 1627 2558 ‘l'iCupi;‚
1657 2505 1754 2547 πόλις
1774 2503 1966 2546 Ἰταλίας...
1996 2503 2045 2543 Τὸ
2068 2503 2196 2541 εὈνικὸν
2214 2505 2281 2542 Τι-

1293 2614 1333 2652 (*)
1354 2611 1598 2649 Distinguendus
1620 2610 1659 2641 ab
1674 2609 1826 2640 Nicanore
1842 2609 1951 2639 nostro
1967 2609 2014 2639 est
2039 2608 2186 2645 Nicanor,
2204 2609 2281 2638 Var-

1252 2669 1327 2691 rone
1350 2659 1523 2697 antiquior,
1541 2658 1595 2697 qui
1613 2657 1712 2687 vitam
1735 2654 1904 2688 Alexandri
1929 2654 2063 2693 scripsit.
2082 2654 2138 2692 (V.
2156 2655 2280 2691 Fragm.

1251 2707 1378 2745 scripit.
1394 2705 1481 2736 Alex.
1501 2706 1542 2735 M.
1559 2713 1590 2743 p.
1609 2708 1664 2734 152
1681 2712 1742 2742 sq„
1762 2701 1817 2732 ubi
1830 2702 1926 2732 etiam
1940 2701 1979 2731 (le
1992 2701 2145 2732 Nicanore
2158 2699 2281 2735 Samio,

1254 2753 1307 2792 qui
1323 2753 1395 2792 Περὶ
1418 2751 1508 2781 λίθων
1526 2749 1719 2789 scripsit‚‹ie
1739 2749 1893 2781 Nicanore
1911 2747 2040 2779 Miezaeo
2066 2746 2167 2785 deque
2193 2745 2283 2776 Nica-

1252 2808 1326 2829 nore
1343 2798 1457 2837 Cyprio
1471 2821 1479 2835 ‚
1494 2797 1548 2836 qui
1562 2796 1656 2835 vulgo
1673 2795 1818 2827 laudatur
1838 2803 1893 2833 pro
1907 2795 2076 2832 Nicaqora
2090 2791 2205 2831 Cyprio
2218 2791 2278 2829 (ap.

1251 2844 1365 2874 Arnol).
1386 2846 1439 2882 tv,
1455 2846 1524 2882 29),
1540 2843 1659 2873 monui.
1679 2841 1766 2873 Adde
1783 2841 1968 2872 Nicanorem
1981 2838 2218 2878 Hieropolitam,
2230 2838 2283 2868 τὸν

1244 2891 1310 2920 νέον
1329 2892 1470 2930 ’Όμηρον
1483 2889 1566 2929 apud
1582 2888 1689 2928 Steph.
1703 2889 1776 2927 Byz.
1793 2896 1825 2917 v.
1841 2885 2017 2926 Ὶεράπολις.

173 2943 2286 2967 ——-——-—--—--———--———-—-—-————--

462 3008 523 3044 DE
562 3007 686 3043 Ala-:x
697 3007 756 3043 AN
767 3005 898 3042 DnlA.

667 3096 694 3123 1.

211 3169 342 3199 Nicanor
370 3165 507 3197 Hermiae
536 3164 615 3195 silius
638 3163 716 3194 libro
739 3163 839 3201 primo
877 3164 921 3192 De
951 3161 1138 3193 Alexandria
1164 3161 1195 3191 ct

170 3218 425 3251 Alexandrinus
443 3217 472 3247 ot
492 3213 729 3248 Alexamlrilrs
750 3213 878 3252 probat,
897 3222 957 3243 non
977 3221 1050 3243 iero
1063 3213 1194 3243 soi-inani

173 3270 440 3304 Altaramlreoles.

1550 2980 1622 3039 ‘AD
1656 2997 1984 3038 HADRIANUM.

1294 3133 1428 3165 Atlilibis
1439 3157 1448 3172 ‚
1463 3132 1537 3164 urbs
1552 3132 1685 3172 AEgypti.
1730 3131 1816 3162 Civis
1833 3128 2011 3161 Atiilibites.
2027 3127 2164 3158 Nicanor
2175 3124 2282 3155 autem

1255 3184 1392 3215 Hermiae
1415 3184 1498 3215 tilius
1516 3183 1546 3214 in
1564 3183 1643 3213 libro
1661 3182 1700 3213 ad
1718 3181 1911 3213 Hadrianum
1925 3178 2041 3218 scripto
2058 3185 2112 3217 per
2128 3184 2148 3207 r
2161 3175 2283 3206 literani

1257 3236 1394 3268 Athribis
1407 3235 1501 3273 dicit,
1522 3234 1613 3265 sicuti
1634 3233 1748 3265 Strabo
1761 3240 1900 3272 quoque.
2320 3256 2329 3270 μ,

1298 3294 1325 3320 3.
1341 3287 1465 3320 Tiburis
1479 3287 1627 3326 (Tibur),
1641 3286 1715 3317 urbs
1729 3285 1834 3317 ltalia·¹
1850 3283 1973 3316 Gentile
1986 3281 2178 3314 Tiburtinus.
2196 3277 2283 3310 Nica-
2317 3271 2330 3322 Ῐζ

1204 3352 1255 3376 632
