2289 3728
335 137 1050 225 PTOLEMAEUS
1110 138 1763 227 EVERGETES
1822 141 1926 222 II.

388 480 745 522 ΥΠΟΜΝΗΜΑΤΑ

396 577 438 612 ἐν
464 575 652 627 βιὸλίοις
671 576 747 613 κδ’.

560 677 590 702 1.

216 753 246 786 E
273 751 432 786 LIBRIS
464 751 618 787 PRIMO
648 753 708 786 ET
736 753 932 797 QUINTO.

110 839 306 874 Athenaeus
318 839 368 882 X,
384 851 422 885 p.
439 838 526 882 438,
544 840 577 873 D
594 852 600 872 :
619 836 822 882 Πολυπότης
837 836 870 873 δὲ
889 831 929 882 ῆν
944 836 1002 873 καὶ
1018 835 1094 873 Ἀν-

58 894 171 945 τίοχος
191 897 207 931 ὃ
226 893 402 945 βασιλεὺς,
427 896 444 930 ὃ
463 893 598 940 κληθεὶς
618 893 832 946 Ἐπιφανὴς,
860 897 877 931 ὁ
901 893 1095 945 ὁμηρεύσας

59 952 154 1004 παρὰ
174 952 382 1002 Ῥωμαίοις,
414 951 449 989 ὃν
481 954 608 1003 ἱστορεῖ
634 954 850 1001 Πτολεμαῖος
867 955 884 989 ὃ
907 951 1096 1003 Εὐεργέτης

58 1011 92 1046 ἐν
112 1012 160 1062 τῷ
172 1009 298 1062 πρώτῳ
315 1013 380 1047 τῶν
397 1010 678 1059 Ἵ’πομνημάτο)ν
693 1012 756 1047 κάν
774 1012 822 1062 τῷ
843 1010 1004 1061 πέμπτῳ,
1026 1010 1096 1061 φά-

58 1084 149 1105 σκων
171 1068 271 1106 αὐτὸν
292 1071 338 1111 εἷς
356 1069 432 1110 τοὺς
450 1068 610 1110 Ἰνδικοὺς
638 1067 772 1117 κώμους
792 1068 851 1105 καὶ
881 1068 985 1118 μέθας
1011 1083 1095 1120 τρα-

59 1125 166 1162 πέντα
195 1124 308 1163 πολλὰ
338 1125 548 1163 ἀναλίσκειν.
591 1125 662 1163 Καὶ
692 1124 734 1161 τὰ
765 1124 1030 1177 περιλειπόμενα
1063 1123 1097 1162 δὲ

59 1186 126 1220 τῶν
146 1183 336 1234 χρημάτων
357 1184 430 1233 μεθ’
460 1183 592 1234 ἡμέραν
617 1182 786 1231 κωμάζων
815 1182 868 1220 ὁτὲ
901 1183 960 1232 μὲν
975 1183 1096 1234 ἐξέχει,

61 1241 182 1278 ἄλλοτε
201 1240 235 1278 δὲ
253 1244 285 1278 ἐν
304 1242 376 1284 ταῖς
393 1242 571 1290 δημοσίαις
588 1242 675 1284 ὁδοῖς
693 1242 873 1286 ἱστάμενος
890 1241 1002 1291 ἔλεγε·
1021 1242 1099 1280 Τίνι

61 1301 83 1344 ἡ
113 1298 203 1350 τύχη
249 1299 388 1346 δίδωσι,
427 1298 577 1338 λαὸέτω.
618 1299 690 1337 Καὶ
730 1298 828 1351 ῥίψας
858 1300 897 1336 τὸ
925 1299 1098 1351 ἀργύριον,

59 1355 182 1407 ᾤχετο.
233 1357 407 1399 Πολλάκις
443 1356 477 1393 δὲ
517 1356 575 1393 καὶ
615 1357 761 1394 πλεκτὸν
797 1357 960 1409 στέφανον
992 1358 1098 1409 ῥόδων

62 1412 151 1464 ἔχων
171 1412 227 1450 ἐπὶ
247 1416 307 1458 τῆς
326 1414 500 1465 κεφαλῆς,
521 1413 581 1450 καὶ
601 1417 779 1466 χρυσοϋφῆ
800 1414 967 1460 τήὲενναν
988 1419 1099 1467 φορῶν

64 1472 164 1519 μόνος
196 1471 380 1522 ἐρέμὸετο,
413 1471 525 1514 λίθους
553 1472 617 1509 ὑπὸ
639 1473 751 1521 μάλης
778 1472 882 1524 ἔχων,
905 1468 953 1516 οἷς
973 1474 1099 1511 ἔὸαλλε

61 1530 129 1564 τῶν
165 1528 257 1566 ἰδίων
299 1528 374 1572 τοὺς
407 1530 677 1572 ἀκολουθοῦντας
715 1532 821 1582 αὐτῷ.
864 1530 1026 1569 Ἔλούετό
1063 1546 1099 1568 τε

60 1587 120 1624 καὶ
149 1588 195 1630 εἷς
218 1586 294 1630 τοὺς
319 1586 447 1630 κοινοὺς
472 1589 683 1637 λουτρῶνας,
719 1589 836 1639 μύροις
865 1589 1098 1641 ἀλειφόμενος.

55 1645 163 1685 “aava
173 1644 232 1681 καί
251 1660 333 1682 ποτε
351 1644 493 1682 συνιδών
513 1661 561 1687 τις
580 1645 681 1682 αὐτὸν
699 1646 836 1692 ἰδιώτης
858 1647 921 1699 ἔφη
934 1677 943 1693 ,
967 1647 1099 1685 Μακά-

63 1716 130 1750 ριος
152 1696 203 1747 εἶ’,
236 1697 264 1739 ὦ
285 1703 450 1752 βασιλεῦ,
477 1702 661 1745 πολυτελὲς
690 1703 788 1747 ὄζεις.
809 1704 879 1741 Καὶ
909 1705 942 1747 δς
961 1706 1074 1750 ἡσθεὶς
1088 1735 1097 1751 ,

62 1758 156 1808 Ἐγώ
177 1775 234 1806 σε,
253 1760 355 1810 φησὶν
368 1791 377 1806 ,
396 1759 580 1810 ὑπέρκορον
606 1760 724 1798 τούτου
744 1761 891 1806 ποιήσω.
920 1763 987 1800 Καὶ
1011 1763 1100 1800 κατὰ

61 1819 122 1862 τῆς
153 1818 304 1868 κεφαλῆς
331 1819 435 1854 αὐτοῦ
457 1817 633 1867 ὑδρίσκην,
655 1817 741 1868 ὑπὲρ
771 1818 830 1856 δύο
849 1819 933 1869 χόας
953 1819 1099 1870 ἔχουσαν

61 1875 190 1925 παχέος
208 1874 331 1925 μύρου,
350 1877 588 1926 καταχυθῆναι
606 1876 798 1925 ἐκέλευσεν,
821 1879 866 1919 ὡς
879 1877 937 1913 καὶ
953 1877 990 1914 τὸ
1007 1878 1102 1922 πλῆ-

61 1935 115 1975 θος
136 1935 202 1969 τῶν
232 1932 480 1984 ἀγοραιοτέρων
501 1935 546 1976 εἷς
574 1933 613 1970 τὸ
643 1934 783 1985 ἐκχυθὲν
818 1936 1101 1984 συγκυλισθῆναι.

61 1989 220 2028 Ὀλίσθου
249 2006 286 2027 τε
313 1990 516 2040 γενομένου,
550 1991 650 2033 αὐτός
682 2007 717 2028 τε
750 1994 767 2028 ὃ
801 1992 971 2044 Ἀντίοχος
1002 1993 1102 2030 ἔπεσε

62 2048 259 2098 καγχάζων,
291 2049 350 2085 καὶ
382 2051 411 2085 οἱ
441 2049 598 2086 πλεῖστοι
627 2051 694 2086 τῶν
724 2050 917 2099 λουομένων
948 2051 986 2087 τὸ
1021 2051 1104 2088 αὐτὸ

63 2105 231 2156 ἔπασχον.
251 2110 339 2154 Quae
360 2110 398 2142 in
417 2110 610 2155 postremiS
626 2116 824 2144 narrantur
844 2110 927 2146 inde
944 2124 964 2145 a
983 2112 1105 2146 verbis

64 2164 225 2203 Ἐλούετό
254 2180 291 2202 τε
305 2194 314 2209 ,
348 2167 478 2202 eadem
513 2180 533 2202 e
567 2168 724 2214 Polybio
766 2168 874 2203 affert
909 2170 1104 2204 Athenaeus

66 2225 107 2267 V,
126 2237 164 2270 p.
193 2228 278 2271 194,
300 2226 342 2260 B.

567 2337 597 2366 l.

106 2395 238 2434 Insignis
254 2395 350 2425 etiam
371 2396 496 2434 potator
521 2395 573 2426 ille
590 2404 646 2426 rex
665 2396 839 2427 Antiochus
857 2396 914 2426 suit
926 2419 935 2432 ,
957 2397 1012 2436 qui
1030 2397 1104 2436 Epi-

65 2445 183 2485 phanes
202 2446 248 2476 est
266 2445 527 2484 cognominatus;
548 2447 573 2476 is
591 2447 646 2485 qui
667 2448 776 2477 Romae
792 2447 883 2477 obses
901 2448 1013 2478 suerat.
1060 2450 1105 2478 De

64 2505 128 2535 quo
144 2495 282 2526 scribens
307 2497 500 2527 Ptolemaeus
517 2498 688 2536 Evergetes
706 2498 807 2536 primo
824 2499 856 2528 et
871 2498 983 2536 quinto
1007 2501 1103 2530 Com-

66 2546 292 2579 mentariorum
309 2546 389 2577 libro
402 2570 410 2584 ‚
429 2547 473 2578 ait
490 2560 496 2577 :
516 2559 529 2573 «
550 2547 666 2578 Indicis
682 2549 959 2579 comessationibus
973 2551 1003 2580 et
1017 2558 1104 2580 com-

66 2598 279 2637 potationibus
289 2607 355 2629 sese
367 2599 560 2635 tradentem,
572 2599 713 2638 ingentes
722 2602 868 2640 sumptus
882 2601 999 2632 secisse.
1013 2602 1103 2637 Quod

66 2658 142 2679 vero
167 2649 323 2688 reliquum
348 2651 414 2680 erat
439 2651 600 2689 pecuniae,
630 2651 661 2681 id
680 2651 794 2690 partim
816 2652 846 2682 in
868 2652 997 2682 diurnas
1018 2654 1103 2691 (ait)

67 2700 312 2730 comessationes
338 2700 566 2739 profundebat,
590 2702 705 2741 partim
728 2702 861 2733 subinde
874 2704 960 2733 stans
986 2703 1016 2733 in
1045 2704 1105 2735 viis

70 2749 204 2790 publicis
218 2749 381 2788 edicebat,
397 2751 455 2782 Cui
471 2752 595 2782 fortuna
607 2752 672 2790 dat,
692 2753 716 2783 is
731 2753 848 2792 capiat!
865 2755 960 2792 atque
975 2754 1016 2784 ita
1030 2763 1105 2793 pro-

67 2801 153 2840 jecta
170 2801 302 2840 pecunia
319 2801 509 2833 discedebat.
556 2803 696 2834 Subinde
721 2812 796 2833 vero
812 2804 906 2834 etiam
924 2813 1074 2835 coronam
1089 2814 1106 2836 e

71 2853 149 2883 rosis
165 2852 290 2891 plexam
304 2852 334 2881 in
349 2852 450 2891 capite
464 2854 604 2892 gestans,
622 2855 791 2893 togamque
807 2854 934 2885 indutus
945 2864 1024 2886 auro
1039 2857 1106 2887 tex·

73 2905 156 2941 tam,
171 2902 256 2932 solus
269 2902 513 2942 obambulabat,
529 2904 587 2934 sub
600 2904 657 2934 alis
673 2913 746 2935 saxa
760 2907 886 2942 tenens,
901 2915 972 2945 quae
989 2906 1019 2937 in
1033 2916 1107 2938 suos

73 2955 126 2995 qui
146 2963 218 2985 emn
236 2956 444 2993 sequerentur
464 2956 646 2994 conjiceret.
668 2958 822 2987 [mv-”dum
848 2958 912 2988 ibat
931 2958 961 2988 in
981 2959 1106 2997 publiea

74 3006 202 3043 balnea,
216 3007 247 3036 et
265 3007 433 3044 unguentis
449 3006 635 3043 ungebatur.
652 3007 696 3037 lbi
713 3016 813 3046 quum
827 3009 1020 3047 conspiciens
1032 3017 1105 3039 eum

74 3056 242 3095 aliquando
256 3056 384 3094 quidam
398 3056 437 3086 de
456 3057 546 3095 plebe
563 3057 712 3096 dixisset,
728 3062 831 3095 Quam
845 3059 956 3089 beatus
970 3068 1019 3097 es,
1033 3061 1103 3090 rex!

74 3115 170 3145 quam
191 3106 325 3144 pretiose
345 3106 428 3135 oles!
448 3105 622 3137 delectatus
641 3107 712 3144 ille,
746 3109 826 3145 ligo,
858 3108 975 3146 inquit,
995 3109 1105 3139 faciam

76 3159 111 3188 ut
128 3158 160 3187 tu
178 3157 291 3187 horum
307 3156 421 3188 habeas
435 3157 608 3187 satietatem
629 3170 636 3187 :
656 3159 686 3188 et
700 3158 844 3188 urnulam
859 3159 941 3189 ultra
954 3159 1017 3189 duo
1031 3169 1105 3189 (τοιι-

75 3209 140 3247 gios
155 3208 329 3248 eapientem
346 3208 432 3247 spissi
459 3210 608 3247 unguenti
630 3210 660 3240 in
678 3212 773 3249 eaput
792 3211 927 3240 hominis
945 3211 1036 3249 jussit
1059 3213 1105 3242 es-

77 3260 174 3289 fundi.
220 3263 290 3297 Quo
315 3269 416 3299 quum
448 3261 598 3291 continuo
627 3270 659 3291 se
689 3261 898 3300 prmcipitaret
926 3262 1105 3292 tenuiorum

77 3311 239 3343 hominum
260 3311 350 3343 turba
365 3335 372 3348 ‚
391 3311 510 3342 lubrico
532 3313 561 3342 in
587 3313 716 3349 vestigio
734 3315 760 3343 et
786 3314 847 3351 ipse
870 3322 920 3343 rex
945 3314 1104 3352 prolapsu>

1659 505 1693 528 2.

1442 602 1468 635 E
1497 601 1645 636 LIBRO
1675 601 1910 636 SECUNDO.

1206 710 1310 745 Idem
1326 711 1377 756 ΙΙ,
1391 723 1430 756 p.
1451 723 1493 755 71
1509 738 1517 754 ,
1530 712 1580 745 B:
1601 709 1817 758 Πτολεμαῖος
1831 709 1858 745 δ’
1872 712 1889 746 ὃ
1904 708 2112 759 Εὐεργέτης,
2130 712 2194 760 βα-

1160 765 1271 808 σιλεὺς
1293 765 1491 815 Αἰγύπτου,
1516 760 1561 808 εἷς
1591 765 1638 802 ὢν
1666 769 1734 803 τῶν
1758 766 1980 817 Ἀριστάρχου
2000 770 2057 803 τοῦ
2077 782 2194 817 γραμ-

1160 828 1305 874 ματικοῦ
1329 827 1508 872 μαθητῶν,
1539 826 1572 861 ἐν
1589 824 1735 876 δευτέρῳ
1756 823 2040 873 (Υπομνημάτων
2072 825 2194 877 γράφει

1158 882 1281 924 οὕτως·
1302 900 1318 914 «
1341 882 1427 933 Περὶ
1447 881 1630 933 Βερενίκην
1650 885 1710 927 τῆς
1726 881 1858 927 Λιὸύης
1878 882 2001 927 Λήθων
2021 882 2190 931 ποταμὸς,

1160 942 1193 977 ἐν
1215 934 1242 990 ᾧ
1259 939 1387 989 γίνεται
1406 939 1501 990 ἰχθὺς
1517 939 1649 991 λάὸραξ
1667 939 1724 977 καὶ
1741 939 1933 991 χρύσοφρυς
1949 939 2007 976 καὶ
2025 940 2193 990 ἐγχέλεων

1159 1000 1285 1043 πλῆθος
1305 997 1360 1035 καὶ
1381 1001 1448 1034 τῶν
1478 998 1698 1047 καλουμένων
1720 999 1922 1047 βασιλικῶν,
1945 997 1983 1033 αἳ
2009 1000 2076 1034 τῶν
2100 1012 2136 1034 τε
2157 999 2195 1035 ἐκ

1160 1055 1376 1098 Μακεδονίας
1392 1056 1449 1093 καὶ
1471 1059 1530 1101 τῆς
1549 1052 1734 1098 Κωπαίδος
1753 1055 1875 1104 λίμνης
1894 1055 1931 1093 τὸ
1952 1054 2091 1105 μέγεθός
2111 1058 2194 1093 εἰσιν

1158 1113 1335 1162 ἡμιόλιαι,
1366 1120 1435 1150 πᾶν
1467 1129 1503 1150 τε
1524 1113 1562 1150 τὸ
1596 1115 1726 1165 ῥεῖθρον
1749 1114 1851 1150 αὐτοῦ
1876 1112 2003 1164 ἰχθύων
2033 1112 2196 1150 ποικίλων

1159 1171 1230 1208 ἐστὶ
1250 1172 1391 1222 πλῆρες.
1415 1172 1554 1216 Πολλῆς
1575 1171 1602 1207 δ’
1629 1172 1662 1207 ἐν
1685 1171 1753 1212 τοῖς
1772 1171 1887 1212 τόποις
1908 1169 2048 1221 κινάρας
2067 1169 2199 1223 φυομέ-

1159 1243 1235 1274 νης,
1252 1227 1286 1264 οἵ
1311 1244 1347 1265 τε
1374 1229 1698 1270 συνακολουθοῦντες
1727 1230 1812 1277 ἡμῖν
1841 1230 2049 1279 στρατιῶται
2074 1228 2199 1271 πάντες

1163 1285 1370 1337 δρεπόμενοι
1387 1289 1601 1336 συνεχρῶντο
1621 1286 1680 1324 καὶ
1697 1289 1779 1335 ἡμῖν
1800 1286 2007 1339 προσέφερον
2025 1287 2199 1338 ψιλοῦντες

1160 1346 1226 1380 τῶν
1247 1345 1416 1382 ἀκανθῶν.
1446 1362 1460 1377 »

1663 1439 1695 1475 3.

1213 1530 1319 1566 Idem
1331 1532 1400 1575 IX,
1415 1544 1453 1578 p.
1472 1531 1559 1576 387,
1579 1533 1607 1566 E
1628 1544 1635 1566 :
1654 1530 1870 1579 Πτολεμαῖος
1887 1531 1915 1567 δ’
1929 1532 1946 1567 ὃ
1960 1530 2152 1581 Εὐεργέτης
2163 1531 2196 1567 ἐν

1166 1586 1312 1638 δευτέρῳ
1347 1587 1634 1636 Ἵ”πομνημάτιι)ν
1669 1586 1809 1639 τέταρόν
1839 1603 1940 1640 φησιν
1972 1588 2198 1637 ὀνομάζεσθαι

1159 1644 1215 1681 τὸν
1230 1645 1393 1695 φασιανὸν
1408 1645 1513 1697 ὄρνιν.
1532 1648 1724 1682 Nominari
1741 1659 1845 1682 avem
1859 1645 2009 1696 τατύραν
2027 1649 2075 1682 ait
2090 1649 2197 1682 Pam-

1159 1705 1292 1751 phylus
1312 1718 1370 1751 ap.
1398 1704 1528 1741 Athen.
1550 1706 1575 1740 l.
1598 1707 1624 1741 l.
1646 1707 1719 1740 Pro
1745 1705 1779 1740 ἐν
1802 1704 1833 1754 β’
1864 1706 2061 1754 legendum
2081 1707 2199 1754 suspi-

1163 1775 1228 1798 cor
1247 1763 1279 1798 ἐν
1302 1761 1358 1807 ιῑῖ,
1381 1764 1516 1799 collato
1538 1763 1743 1812 fragmento
1769 1776 1826 1800 10.

1665 1869 1700 1905 4.

1465 1958 1494 1991 E
1523 1957 1671 1993 LIBRO
1701 1957 1890 1992 TERTIO.

1217 2055 1321 2090 Idem
1349 2056 1467 2099 XIII,
1499 2068 1538 2102 p.
1571 2054 1665 2100 576,
1686 2056 1713 2090 E
1737 2068 1744 2089 :
1769 2054 1839 2092 Καὶ
1862 2055 1880 2090 ὃ
1912 2052 2064 2104 δεύτερος
2085 2052 2119 2090 δὲ
2139 2056 2199 2098 τῆς

1166 2110 1345 2160 Αἰγύπτου
1363 2110 1533 2162 βασιλεὺς,
1553 2111 1771 2162 Φιλάδελφος
1788 2113 1817 2147 δ’
1835 2111 1991 2156 ἐπίκλην,
2008 2113 2052 2153 ὡς
2069 2112 2199 2162 ἱστορεῖ

1165 2170 1181 2204 ὁ
1198 2169 1390 2219 Εὐεργέτης
1409 2171 1626 2217 Πτολεμαῖος
1642 2170 1675 2205 ἓν
1696 2173 1745 2220 τῷ
1761 2169 1864 2220 τρίτῳ
1875 2171 1942 2205 τῶν
1960 2167 2198 2218 Ἱ’πομνημά-

1163 2241 1242 2271 των,
1274 2225 1436 2268 πλείστας
1464 2226 1565 2277 ἔσχεν
1599 2226 1788 2277 ἐρωμένας·
1810 2225 1963 2274 Διδύμην
1998 2225 2080 2275 μὲν,
2113 2226 2196 2275 μίαν

1165 2336 1212 2365 est
1239 2335 1446 2374 cachinnans,
1473 2337 1504 2366 et
1530 2335 1686 2375 plerisque
1713 2335 1889 2366 lavantium
1917 2335 1999 2379 idem
2028 2336 2153 2367 accidit.
2183 2349 2197 2363 υ

1207 2443 1392 2474 Ptolemaeus
1417 2445 1603 2482 Evergetes,
1634 2443 1757 2483 AEgypti
1784 2452 1859 2482 rex,
1889 2444 1943 2483 qui
1969 2444 2028 2475 suit
2050 2453 2132 2475 unus
2157 2453 2197 2476 ex

1164 2494 1335 2524 Aristarchi
1351 2495 1548 2533 grammatici
1562 2494 1738 2533 discipulis,
1754 2494 1784 2524 in
1798 2494 1936 2525 secundo
1951 2495 2198 2526 Commentario-

1164 2554 1235 2575 rum
1261 2545 1305 2575 sic
1323 2545 1459 2576 scribit:
1489 2557 1502 2571 «
1529 2547 1621 2576 Circa
1641 2544 1810 2576 Berenicen
1830 2547 1860 2575 in
1886 2545 1985 2584 Libya
2009 2548 2056 2576 est
2080 2545 2198 2576 llumen

1164 2596 1302 2633 Lethon,
1319 2596 1349 2626 in
1368 2605 1432 2635 quo
1452 2597 1591 2626 nascitur
1608 2596 1699 2634 lupus
1715 2596 1807 2635 piscis
1826 2597 1858 2626 et
1883 2599 1994 2626 aurata
2019 2598 2052 2627 et
2075 2597 2196 2635 auguil-

1167 2647 1264 2677 larum
1283 2655 1394 2686 magna
1412 2648 1519 2686 copia,
1537 2650 1568 2678 et
1584 2647 1614 2677 in
1632 2647 1679 2677 his
1695 2655 1802 2678 earum
1823 2656 1895 2686 quae
1916 2647 2007 2686 regiae
2030 2650 2196 2687 vocantur,

1164 2706 1235 2736 quie
1245 2698 1387 2737 sescuplo
1401 2698 1536 2736 majores
1550 2699 1623 2729 sunt
1638 2706 1733 2736 quam
1747 2706 1818 2737 quae
1832 2698 1863 2728 in
1877 2697 2058 2729 Macedonia
2071 2698 2199 2738 capiun-

1163 2750 1215 2779 tur
1237 2750 1268 2779 et
1284 2749 1316 2780 in
1332 2749 1470 2788 Copaide
1490 2750 1578 2787 lacu;
1597 2751 1692 2789 atque
1710 2749 1788 2780 adeo
1810 2749 1842 2779 in
1859 2750 2004 2780 universo
2023 2758 2080 2780 suo
2102 2758 2196 2781 cursu

1164 2800 1299 2838 piscibus
1314 2801 1407 2831 variis
1421 2800 1531 2839 plenus
1543 2801 1600 2831 est.
1645 2802 1690 2831 Eo
1704 2801 1856 2839 praeterea
1867 2801 1971 2831 tractu
1984 2800 2086 2830 multa
2097 2801 2196 2832 nasci·

1164 2853 1214 2881 tur
1231 2850 1353 2889 cinara;
1371 2860 1464 2890 quam
1482 2851 1596 2882 milites
1609 2860 1735 2889 omnes,
1754 2851 1808 2890 qui
1825 2860 1882 2882 nos
1897 2850 2121 2890 sequebantur,
2141 2851 2196 2882 de-

1165 2909 1297 2931 messam
1310 2926 1318 2940 ,
1332 2902 1490 2941 spinisque
1505 2903 1688 2941 purgatam,
1707 2902 1737 2932 et
1751 2901 1808 2940 ipsi
1826 2901 2032 2932 comedebant
2052 2903 2084 2932 et
2105 2901 2196 2933 nobis

1163 2953 1347 2985 offerebant.
1364 2967 1377 2979 υ

1671 2998 1704 3028 3.

1207 3052 1396 3083 Ptolemaeus
1424 3053 1593 3091 Evergetes
1619 3052 1698 3082 libre
1727 3050 1864 3081 secundo
1889 3050 2195 3081 Commentariorum

1167 3105 1298 3134 [claron
1314 3103 1469 3133 nominari
1482 3103 1524 3133 ait
1538 3102 1734 3142 phasianum.

1207 3212 1368 3242 Secundus
1400 3213 1521 3251 AEgypti
1563 3220 1617 3242 rex
1629 3236 1636 3249 ‚
1677 3210 1896 3248 Philadelphus
1929 3210 2129 3247 cognomino,
2161 3213 2194 3240 ut

1165 3262 1260 3292 tradit
1278 3263 1466 3294 Ptolemaeus
1481 3264 1643 3301 evergetes
1663 3261 1756 3292 tertio
1779 3260 2084 3291 Commentariorum
2096 3284 2103 3297 ‚
2121 3260 2193 3299 plu-

1166 3314 1257 3343 rimas
1278 3314 1385 3344 habuit
1401 3314 1533 3343 amasias
1548 3326 1552 3342 z
1570 3314 1705 3352 primuni
1724 3311 1895 3349 nidmu-n,
1915 3320 2009 3341 unuin
2025 3320 2061 3341 ex
2077 3310 2193 3349 indigc-
