2338 3765
951 199 1269 240 FRAGMENTA.
2096 222 2164 254 581

60 283 264 333 ‹lma->pm
284 285 317 320 ἐν
347 284 560 334 Παντοδαπῇ
587 283 737 335 ἵστορίᾳ,
762 287 819 321 τοῦ
841 284 965 335 πατρὸς
987 286 1087 323 αὐτοῦ

59 341 146 390 μετὰ
172 342 229 378 καὶ
254 341 366 378 ἄλλων
395 342 603 393 πεμφθέντος
631 342 842 393 κληρούχου,
863 342 921 378 καὶ
944 344 1085 380 ἐπανελ-

59 398 169 441 θόντος
186 400 232 441 εἷς
252 399 412 448 Ἀθήνας,
435 398 529 437 ὁπόθ’
549 398 614 436 ὑπὸ
643 399 923 448 Λακεδαιμονίων
948 399 1085 446 ἐξεὸλή-

57 459 163 502 Θησαν
182 455 394 506 βοηθούντων
417 456 629 506 Αἰγινήταις.

539 537 601 575 24.

106 601 217 648 Diog.
234 603 277 637 L.
291 602 365 645 ΙΙΙ,
384 613 451 647 19:
469 599 655 650 Παρέδωκε
668 600 697 637 δ’
714 599 814 637 αὐτὸν
828 600 895 650 (sc,
912 600 1086 644 Διονύσιος

54 658 71 692 ὁ
88 655 247 706 τύραννος
266 656 454 706 Πλάτωνα.)
479 657 625 695 Πόλλιδι
638 660 687 708 τῷ
708 658 970 710 Λακεδαιμονίῳ
995 658 1084 695 κατὰ

55 713 171 764 καιρὸν
192 712 247 750 διὰ
265 713 449 764 πρεσὸείαν
469 713 668 765 ἀφιγμένῳ,
690 714 778 751 ὥστε
795 715 994 752 ἀποδόσθαι.
1015 717 1083 754 Κά-

53 776 160 814 κεῖνος
179 771 317 822 ἀγαγὼν
333 771 434 808 αὐτὸν
455 774 498 813 εἷς
519 772 662 822 Αἴγιναν
679 772 903 824 ἐπίπρασκεν.
921 772 1009 811 (ΙΟτε
1024 773 1084 810 καὶ

54 827 281 901 Χάρμανδρος
304 830 573 880 Χαρμανδρίδου
598 829 771 880 ἐγράψατο
799 832 890 867 αὐτιΝ)
911 830 1007 876 δίκην
1023 834 1082 867 θα-

51 885 153 923 νάτου
170 886 258 923 κατὰ
279 886 336 923 τὸν
353 889 436 938 παρ’
457 888 570 930 αὐτοῖς
591 887 727 924 τεθέντα
745 887 868 936 νόμον,
865 888 929 926 τὸν
950 890 1082 947 πρῶτον

51 943 244 980 ἐπιὸἀντα’
239 944 418 990 Αθηναίων
437 948 479 996 τῇ
498 945 592 996 νήσῳ
609 945 744 995 ἄκριτον
759 946 999 991 ἀποθνήσκειν.
1018 949 1080 984 Ἠν

51 1000 80 1037 δ’
106 1000 205 1044 αὐτὸς
234 1004 251 1038 ὃ
275 1002 341 1044 θεις
368 1003 425 1040 τὸν
452 1002 570 1052 νόμον,
595 1002 683 1039 καθά
710 1018 792 1053 φησι
818 1004 1061 1054 Φαδωρῒνος
1047 1019 1080 1041 εν

52 1060 268 1111 Παντοδαπῇ
295 1060 441 1112 ἱστορίᾳ.
481 1062 647 1102 Εἰπόντος
671 1059 707 1096 δέ
738 1076 847 1108 τινος,
877 1060 965 1098 ἀλλὰ
991 1061 1080 1098 κατὰ

49 1116 203 1165 παιδιὰν,
224 1118 406 1170 φιλόσοφον
424 1113 510 1156 εἶναι
530 1119 586 1156 τὸν
607 1117 794 1167 ἐπιὸάντα,
815 1118 1004 1158 ἀπέλυσαν.
1021 1121 1077 1157 Cf.

48 1170 93 1209 fr.
110 1171 149 1208 6.

320 1240 351 1277 Ε
380 1240 540 1277 LIBRIS
569 1241 804 1279 INCERTlS.

528 1310 591 1348 25.

97 1378 201 1413 Idem
222 1380 326 1423 VIII,
354 1378 400 1414 83
423 1393 430 1413 :
451 1377 698 1427 Ἀλκμαίων
721 1378 975 1428 Κροτωνιάτης.
1010 1379 1078 1417 Καὶ

46 1428 140 1477 οὗτος
171 1435 374 1486 Πυθάγορου
401 1435 558 1481 διήκουσε
586 1436 644 1472 καὶ
663 1436 706 1472 τὰ
726 1436 872 1473 πλεῖστά
894 1436 925 1486 γ’
943 1438 1078 1486 ἰατρικὰ

44 1491 151 1541 λέγει,
171 1490 262 1541 ὅμως
279 1491 314 1529 δὲ
336 1492 394 1529 καὶ
415 1494 609 1544 φυσιολογεῖ
627 1494 751 1540 ἐνίοτε,
773 1513 788 1526 «
813 1493 882 1531 Δύο
902 1493 945 1531 τὰ
964 1495 1077 1531 πολλοί

44 1550 116 1586 ἐστι
145 1552 212 1587 τῶν
247 1551 480 1601 ἀνθρωπίνων.
518 1569 532 1584 »
568 1555 670 1589 Δοκεῖ
707 1550 742 1588 δὲ
769 1554 902 1602 πρῶτος
937 1552 1076 1602 φυσικὸν

43 1606 141 1655 λόγον
162 1608 445 1659 συγγεγραφέναι,
461 1609 550 1646 καθά
566 1624 648 1660 φησι
660 1610 866 1660 Φαὸωρῖνος
883 1612 916 1647 ἐν
939 1611 1076 1647 Παντο-

44 1665 138 1715 δαπῇ
159 1665 313 1717 ἱστορίᾳ,
338 1667 396 1705 καὶ
416 1666 474 1707 τὴν
494 1667 640 1714 σελήνην
662 1668 808 1705 καθόλου
833 1668 960 1715 ταύτην
986 1668 1075 1719 ἔχειν

44 1719 150 1759 ἀίδιον
172 1722 284 1773 φύσιν.

528 1795 592 1831 26.

93 1874 198 1909 Idem
223 1875 258 1909 II
272 1901 281 1918 ‚
317 1886 330 1908 1
345 1887 378 1920 1,
410 1873 457 1909 de
477 1874 693 1921 Anaxagora
715 1888 723 1909 :
745 1876 847 1910 Δοκεῖ
867 1872 901 1909 δὲ
919 1874 1073 1923 πρῶτος,

41 1929 130 1967 καθά
166 1945 249 1981 φησι
281 1930 487 1981 Φαὸωρῒνος
518 1932 551 1967 ἐν
584 1930 797 1980 Παντοδαπῇ
828 1930 981 1980 ἱστορίᾳ,
1013 1929 1075 1975 τὴν

1150 286 1305 338 Οαήρου
1333 290 1467 335 ποίησιν
1499 292 1736 342 ἀποφήνασθαι
1758 299 1840 332 εἰναι
1870 312 1946 348 περι
1975 299 2033 349 ἀρε
2020 302 2094 344 «τῆς
2115 301 2173 337 καὶ

1148 345 1379 392 δικαιοσυνης·
1401 348 1457 385 ε’πι
1477 349 1541 385 πλε
1527 365 1578 386 ον
1599 351 1632 387 δὲ
1664 356 1852 402 προστηναι
1879 359 1938 391 του
1966 357 2065 407 λογου
2093 360 2174 403 Μη-

1147 402 1313 452 τρόδωρον
1349 404 1403 441 τὸν
1441 408 1690 458 Λαμψακηνον,
1726 410 1893 461 γνώριμον
1926 413 2008 450 ὄντα
2047 416 2172 462 αὐτου,

1147 460 1181 496 ὃν
1195 475 1254 497 και
1273 476 1407 510 πρωτον
1425 466 1616 502 σπουδάσαι
1630 469 1687 503 του
1703 482 1842 514 ποιητου
1861 470 1937 521 περὶ
1955 471 2014 516 τὴν
2029 473 2173 523 φυσικὴν

1145 519 1399 569 πραγματείαν.

1627 590 1688 622 27.

1196 639 1301 675 Idem
1322 642 1377 685 ΙΙ,
1401 654 1433 685 1,
1456 642 1502 677 de
1518 645 1573 677 An
1577 646 1820 681 ixiimndio
1844 648 1886 683 ΙΨ
1860 662 1930 696 υρε
1951 648 1985 685 δὲ
2003 649 2060 685 καὶ
2083 649 2170 700 γνώ-

1146 711 1232 745 μονα
1250 698 1381 747 πρῶτος
1398 698 1455 734 καὶ
1472 699 1591 744 ἔστησε
1595 717 1610 736 ν
1631 701 1686 738 ἐπι
1707 705 1772 739 τιΝ)ν
1791 705 2015 755 σκιοθήρων
2001 723 2034 742 εν
2055 710 2173 745 Λακε-

1143 754 1294 803 δαίμονι,
1315 755 1403 791 καΟά
1422 771 1503 806 φησι
1521 759 1754 809 Φα6()ρῖνος
1740 776 1773 797 εν
1790 763 2030 814 Παντοοαπῇ’
2023 766 2172 816 ιστορίᾳ,

1142 812 1200 848 καὶ
1217 811 1416 862 ὡροσκόπια
1434 829 1678 854 κατεσκευασε.

1625 892 1687 929 28.

1194 958 1297 993 Idem
1318 961 1361 1004 V,
1385 958 1420 1003 5,
1438 959 1484 994 de
1501 959 1696 996 Alistotele
1719 973 1728 998 z
1748 959 1827 998 ‘O
1810 964 1839 997 0'
1860 976 1915 998 ουν
1939 962 2171 1015 Ἀριστοτέλης

1141 1013 1246 1051 ε’λΘιΝ
1275 1015 1321 1056 εἷς
1351 1013 1412 1056 τὰς
1447 1014 1587 1059 ”Αοήνας
1618 1031 1676 1052 και
1704 1017 1781 1066 τρία
1806 1034 1888 1069 προς
1916 1036 1984 1062 τοις
2009 1037 2089 1059 οεκα
2109 1026 2170 1069 τῆς

1141 1072 1267 1121 σχολης
1288 1071 1555 1122 ἀφηγησάμενος
1572 1071 1629 1118 ἔτη
1647 1074 1828 1119 ὑπεξηλθεν
1847 1078 1890 1118 εἷς
1910 1078 2066 1115 Χαλκίδα
2080 1109 2088 1125 ,
2105 1082 2168 1123 Ευ-

1142 1128 1342 1179 ρυμεδοντος
1353 1129 1453 1166 αὐτὸν
1470 1144 1527 1166 του
1542 1131 1740 1183 ἱεροφάντου
1750 1132 1879 1178 δίκην
1862 1149 1921 1171 ασε
1926 1134 2021 1177 Geton<
2035 1140 2169 1188 γραψα-

1142 1184 1257 1233 μένου,
1270 1185 1291 1231 ἢ
1306 1185 1554 1237 Δημοφίλουῇ
1533 1203 1577 1229 ως
1592 1202 1674 1238 φησι
1691 1189 1924 1240 Φοιὸωρῖνος
1910 1207 1943 1228 εν
1958 1193 2169 1239 Παντοδαπν

1140 1243 1292 1294 ἱστορίᾳ,
1313 1243 1497 1294 επειδήπερ
1513 1244 1568 1282 τὸν
1584 1245 1687 1294 ὕμνον
1709 1246 1865 1293 ἐποίησεν
1880 1250 1925 1291 εἰς
1939 1248 1994 1285 τὸν
2009 1265 2170 1301 προειρη

1140 1317 1238 1350 μενον
1255 1301 1436 1351 Ερμείαν,
1455 1301 1543 1339 ἀλλὰ
1555 1303 1612 1340 καὶ
1624 1303 1828 1356 ἐπίγραμμα
1843 1306 1898 1343 επὶ
1909 1322 1966 1343 του
1983 1323 2016 1344 εν
2031 1309 2171 1359 Δελφοῖς

1138 1358 1336 1410 ἀνδριάντος
1352 1363 1515 1397 τοιουτον·

1180 1434 1273 1465 Τὸνοε
1287 1434 1354 1464 ποτ’
1369 1434 1426 1474 οὐχ
1440 1435 1532 1470 ὁσίως
1549 1436 1687 1475 παραίίὰς
1702 1437 1846 1478 μακάρων
1863 1439 1946 1478 θέμιν
1966 1440 2058 1478 ἁγνὴν

1220 1480 1348 1511 ἔκτεινεν
1363 1482 1488 1520 Περσῶν
1501 1481 1670 1521 τοξοφόρων
1690 1483 1850 1522 βασιλεὺς,

1179 1527 1215 1557 οὐ
1234 1530 1365 1566 φανερῶς
1381 1527 1478 1566 λόγχῃ
1492 1527 1603 1565 φονίοις
1620 1528 1651 1558 ἐν
1668 1529 1767 1567 ἀγῶσι
1782 1531 1936 1569 κρατήσαι.

1221 1573 1286 1603 ἀλλ’
1299 1573 1403 1612 ἀνδρὸς
1417 1574 1517 1604 πίστει
1532 1573 1722 1613 χρησάμενος
1740 1576 1852 1607 δολίου.

1623 1645 1686 1681 29,

1192 1701 1296 1736 Idem
1317 1703 1361 1748 V,
1392 1714 1435 1747 9,
1464 1701 1511 1737 de
1537 1702 1669 1737 eodem
1693 1716 1702 1737 z
1726 1703 1855 1740 Τοῦτον
1877 1706 2011 1755 πρῶτον
2030 1708 2169 1745 (Imago)-

1139 1763 1226 1809 ρῖνος
1238 1760 1271 1795 ἐν
1283 1760 1494 1809 Παντοδαπῇ
1506 1759 1638 1810 ἱστορίᾳ
1649 1759 1748 1809 λόγον
1761 1761 1931 1799 δικανικὸν
1947 1762 2031 1814 ὑπὲρ
2046 1766 2166 1802 ἑαυτοῦ

1138 1816 1333 1867 συγγράψαι
1350 1816 1450 1867 φησὶν
1467 1817 1521 1853 ἐπ’
1537 1818 1622 1868 αὐτῇ
1640 1818 1747 1867 ταύτῃ
1768 1820 1810 1869 τῇ
1829 1819 1904 1870 δίκῃ
1926 1821 1982 1857 καὶ
1999 1821 2108 1872 λέγειν
2122 1825 2167 1865 ὡς

1137 1872 1313 1918 Ἀθήνησιν

1179 1941 1298 1981 ’Όγχνη
1318 1942 1365 1972 ἐπ’
1380 1942 1475 1982 ὄγχνῃ
1494 1943 1660 1982 γηράσκει,
1675 1947 1766 1975 σῦκον
1783 1944 1810 1975 δ’
1827 1945 1874 1976 ἐπὶ
1888 1947 1987 1987 σύκῳ.

43 2039 75 2070 in
91 2040 265 2078 Omnigena
290 2039 418 2070 historia
430 2063 439 2077 ‚
459 2041 548 2078 patre
573 2040 670 2078 ipsius
685 2048 722 2070 eo
736 2048 807 2069 cum
825 2039 892 2070 aliis
909 2041 1003 2070 misso
1020 2049 1073 2070 co·

42 2091 114 2121 lono
124 2114 133 2129 ‚
152 2091 351 2129 Athenasque
365 2098 489 2121 reverso
500 2099 600 2129 quum
616 2098 634 2120 a
649 2089 894 2122 Lacedoemonijs
904 2114 913 2129 ,
928 2090 981 2130 qui
991 2090 1075 2130 AEgi-

42 2142 122 2174 netis
137 2151 229 2182 opem
239 2142 380 2173 tulerunt
390 2165 398 2180 ,
410 2142 530 2182 expulsi
545 2143 626 2173 sunt.

531 2196 589 2227 24.

83 2249 269 2289 Dionysium
286 2249 462 2288 (Neanthes
477 2250 603 2288 narrat)
623 2249 734 2280 Pollidi
747 2249 1001 2290 Lacedaemonio,
1019 2250 1073 2290 qui

0 2313 1 2331 ³
42 2310 98 2341 per
113 2301 143 2331 id
157 2301 307 2340 temporis
322 2301 442 2340 legatus
457 2300 495 2330 ad
514 2301 616 2340 ipsum
633 2304 783 2339 venerat,
799 2302 960 2332 Platonem
974 2302 1072 2333 tradi-

40 2352 122 2383 disse
136 2351 391 2383 venundandum.
435 2353 515 2382 Eum
532 2352 584 2382 ille
599 2352 629 2382 in
641 2353 783 2391 AEginam
798 2352 972 2383 abductum
989 2362 1066 2384 ven·

40 2403 131 2434 didit.
175 2405 245 2439 Quo
256 2404 397 2441 tempore
408 2402 622 2433 Charmander
633 2403 890 2434 Charmandridis
905 2404 986 2435 silius
999 2413 1072 2435 eum

42 2453 152 2493 capitis
178 2462 268 2484 reum
294 2453 378 2483 fecit.
424 2453 603 2484 Secundum
630 2455 859 2493 promulgatam
883 2455 967 2485 enim
989 2456 1071 2494 apud

41 2515 95 2538 eos
111 2506 210 2545 legem
224 2505 357 2544 capitale
373 2506 440 2535 erat
452 2529 460 2544 ‚
475 2505 500 2536 si
514 2505 584 2544 quis
600 2506 837 2537 Atheniensium
852 2515 920 2537 eam
938 2507 1071 2538 insulam

41 2558 170 2589 adiisset
184 2568 190 2588 ι
204 2559 299 2596 atque
315 2557 380 2596 ipse
399 2566 468 2587 eam
484 2557 583 2596 legem
603 2558 734 2596 tulerat,
749 2559 786 2589 ut
808 2559 983 2589 Favorinus
1004 2568 1071 2590 me-

42 2611 145 2641 morat
163 2610 195 2640 in
218 2609 391 2648 Omnigena
416 2609 555 2639 historia.
605 2611 754 2641 Ceterum
776 2619 876 2650 quum
897 2619 916 2641 a
935 2610 1071 2650 quodam

42 2663 149 2694 suisset
162 2670 216 2701 per
230 2661 338 2700 iocum
351 2660 472 2691 dictum
482 2683 491 2698 ‚
502 2661 725 2701 philosophum
736 2671 808 2694 eun]
822 2671 887 2694 esse
900 2664 954 2702 qui
964 2671 1070 2694 ascen-

41 2715 158 2752 disset,
173 2713 356 2744 absolutum
369 2712 566 2743 dimiserunt.

529 2767 587 2798 25.

83 2822 245 2854 Alcmaeon
268 2820 461 2852 Crotoniata.
504 2819 562 2850 Hic
586 2828 713 2860 quoque
740 2820 924 2860 Pythagorae
945 2821 1071 2852 auditor

43 2875 101 2906 fuit
117 2877 148 2905 el.
164 2873 374 2912 utplurimum
390 2871 518 2911 quidem
529 2872 562 2902 in
576 2872 730 2903 medicina
746 2874 899 2910 versatur,
912 2873 1069 2904 interdum

41 2928 149 2957 tamen
161 2924 256 2955 etiam
278 2923 317 2954 de
332 2924 444 2953 natura
459 2922 619 2962 disputat,
637 2922 691 2953 ubi
707 2922 801 2961 dicit,
818 2926 892 2954 Duo
906 2923 1070 2964 pleraque

42 2978 124 3007 sunt
139 2982 256 3006 rerum
275 2973 522 3005 humanarum.
565 2975 678 3005 Fertur
693 2974 799 3004 autem
817 2974 935 3012 primus
950 2973 989 3004 de
1012 2983 1068 3005 na-

41 3029 122 3059 turae
142 3027 262 3058 ratione
275 3025 432 3064 scripsisse
444 3049 453 3063 ‚
468 3026 503 3055 ut
524 3025 699 3055 Favorinus
720 3025 753 3055 in
768 3024 957 3055 omnimoda
972 3025 1068 3056 tradit

41 3077 171 3108 historia
182 3102 190 3117 ,
222 3077 395 3115 lunamque
422 3075 502 3106 hanc
531 3075 753 3115 sempiternam
780 3075 895 3106 habere
920 3076 1068 3107 naturam

41 3128 131 3160 dixit.

531 3180 587 3211 26.

83 3237 215 3267 Videtur
226 3238 437 3275 Anaxagoras,
455 3236 490 3266 ut
507 3235 682 3266 Favorinus
700 3235 731 3265 in
749 3234 922 3274 omnigena
938 3234 1067 3266 historIa

43 3289 189 3325 testatur,
223 3287 344 3326 primus
384 3286 513 3317 Homeri
547 3286 723 3316 carminum
751 3286 970 3324 argumentum
1000 3294 1067 3318 esse

43 3338 156 3369 dixisse
173 3338 321 3369 virtutem
345 3339 375 3368 et
397 3336 548 3376 justitiam
565 3346 571 3366 :
590 3345 722 3376 eamque
745 3337 896 3368 rationem
925 3335 1066 3376 pluribus

1099 2046 1108 2454 ι

1136 2041 1316 2079 exposuisse
1336 2041 1553 2072 Metrodorum
1578 2044 1851 2082 Lampsacenum,
1876 2045 1943 2083 ejus
1961 2046 2165 2087 familiarem,

1135 2092 1189 2129 qui
1202 2091 1297 2121 etiam
1312 2092 1430 2130 primus
1443 2101 1570 2131 operam
1584 2093 1704 2124 dederit
1722 2094 1913 2125 illustrandis
1926 2096 1961 2126 iis
1975 2105 2045 2135 quae
2059 2097 2089 2128 in
2104 2101 2165 2129 Ho-

1137 2141 1253 2173 merica
1267 2142 1351 2182 poesi
1368 2143 1524 2182 pertinent
1544 2143 1584 2174 ad
1607 2152 1714 2174 rerum
1737 2146 1930 2176 naturalium
1944 2147 2161 2186 cognitionem.

1626 2204 1682 2235 27.

1176 2263 1300 2294 Primus
1322 2262 1552 2293 Anaximander
1567 2272 1756 2302 gnomonem
1771 2264 1911 2303 invenit,
1929 2265 2094 2306 ipsumque
2107 2268 2164 2298 Lar

1133 2313 1313 2344 cedaemone
1330 2313 1361 2343 iu
1380 2314 1450 2343 loco
1473 2315 1635 2353 captandae
1653 2315 1774 2345 umbrae
1791 2315 1902 2346 idoneo
1924 2317 2052 2355 statuit,
2067 2320 2102 2348 ut
2120 2318 2164 2347 ait

1134 2365 1307 2396 Favorinus
1321 2364 1353 2394 in
1372 2365 1546 2402 omnigena
1564 2365 1691 2395 historia
1717 2378 1723 2396 :
1743 2374 1780 2396 eo
1804 2367 2021 2398 conversiones
2037 2368 2110 2398 solis
2131 2370 2163 2398 et

1132 2417 1322 2457 aequinoctia
1336 2418 1499 2448 notantur.
1545 2417 1737 2456 lloroscopia
1760 2426 1888 2457 quoque
1910 2418 2080 2450 fabricatus
2095 2421 2155 2450 est.

1616 2477 1674 2508 228,

1173 2530 1354 2561 Aristoteles
1370 2531 1508 2561 Athenas
1524 2530 1682 2569 profectus
1701 2539 1800 2569 quum
1822 2531 1885 2561 illic
1900 2531 2049 2562 tredecim
2063 2541 2162 2564 annos

1131 2581 1248 2612 scholae
1262 2581 1454 2620 praefuisset,
1475 2581 1554 2611 clam
1572 2580 1753 2611 Chalcidem
1768 2581 1937 2620 concessit,
1951 2582 2033 2620 quod
2048 2582 2087 2613 ab
2100 2584 2161 2613 Eu-

1132 2633 1315 2672 rymedonte
1334 2633 1541 2671 hierophanta
1562 2633 1731 2671 impietatis
1756 2634 1920 2663 accusatus
1943 2635 2044 2672 esset,
2072 2634 2159 2673 sive,

1130 2685 1166 2714 ut
1180 2685 1354 2715 Favorinus
1366 2684 1410 2714 ait
1423 2684 1454 2714 in
1478 2683 1653 2722 omnigena
1670 2684 1799 2714 historia
1812 2706 1820 2720 ‚
1839 2692 1856 2714 a
1870 2685 2072 2723 Demophilo‚
2087 2687 2159 2724 quia

1130 2735 1285 2773 hymnum
1306 2734 1338 2764 in
1357 2743 1429 2765 eum
1444 2742 1539 2773 quem
1561 2733 1765 2772 praediximus
1794 2735 1954 2764 Hermiam
1981 2736 2156 2775 scripserit,

1129 2788 1160 2817 et
1174 2786 1327 2824 ejusmodi
1355 2787 1506 2825 praeterea
1533 2785 1724 2824 epigramma
1753 2787 1867 2817 statuae
1891 2787 2020 2826 Delphis
2050 2788 2157 2826 posita}

1129 2836 1223 2867 incidi
1243 2845 1338 2868 curav
1342 2836 1427 2867 erit·

1163 2906 1222 2930 Rex
1239 2903 1320 2930 hunc
1340 2905 1496 2930 Persarum
1509 2902 1705 2938 dominusque
1718 2903 1949 2937 sagittiferorum

1197 2949 1320 2980 oceidit,
1332 2949 1444 2977 violans
1455 2949 1561 2984 jusque
1575 2948 1730 2983 nefasque,
1744 2949 1854 2978 virum

1165 2996 1237 3022 Nam
1252 3001 1349 3029 neque
1363 2994 1473 3021 collato
1487 2994 1648 3021 certamine
1662 2994 1733 3021 vicit
1745 2997 1855 3029 aperte,

1197 3039 1331 3067 insidiosi
1345 3039 1471 3066 hominis
1484 3039 1534 3067 sed
1548 3037 1711 3067 famulante
1725 3038 1792 3067 lide.

1608 3105 1663 3136 29.

1167 3170 1362 3202 Aristotelem
1391 3169 1528 3208 primum
1557 3169 1732 3200 orationem
1757 3168 1936 3208 judicialem
1957 3176 2010 3206 pro
2024 3175 2055 3198 se.
2084 3167 2148 3206 ipso

1125 3221 1282 3260 scripsisse
1294 3243 1303 3259 ‚
1323 3229 1422 3260 quum
1436 3220 1530 3259 hujus
1544 3220 1684 3250 criminis
1701 3220 1896 3258 argueretur,
1923 3220 1945 3248 F
1948 3217 2096 3249 morinus
2118 3217 2147 3246 in

1126 3274 1301 3313 Omnigena
1319 3274 1450 3305 historia
1463 3275 1573 3304 auctor
1587 3274 1633 3303 est
1646 3297 1654 3311 ,
1667 3281 1704 3302 ac
1718 3272 1832 3302 dixisse
1843 3294 1850 3307 ,
1872 3269 2000 3301 Athenis

1160 3344 1195 3370 Et
1209 3349 1280 3378 pyra
1293 3344 1361 3370 nala
1378 3341 1468 3377 pyris,
1481 3341 1611 3375 ficusque
1624 3340 1652 3366 in
1675 3338 1786 3367 ficubus
1798 3339 1920 3366 exstant.
