2338 3765
959 151 1287 190 FRAGMENTA.

57 236 124 278 ὃιος
144 235 200 272 ἐπὶ
221 229 343 287 τοῦψον
358 234 533 287 ὥρμησεν,
553 237 570 272 ὁ
589 235 622 273 δὲ
643 235 802 288 θηράτωρ
816 236 872 274 ἐπὶ
888 237 944 274 τὸν
963 237 1093 289 δόρκον,

56 293 112 331 καὶ
134 292 343 331 καταλαὸὼν
365 293 426 344 (ιο)
443 293 651 344 ἐσπάραττε.
673 293 744 332 Καὶ
761 296 957 345 Λυκοῦργος
975 294 1092 340 πάλιν,

57 368 72 384 «
91 353 214 389 Ταῧτα
226 381 236 400 ,
254 350 318 403 ἔφη
332 381 341 398 ,
356 351 520 400 νομίσατε
535 381 544 400 ‚
561 345 588 388 ὦ
604 353 844 403 Σπαρτιᾶται,
862 352 922 389 καὶ
941 354 988 396 εἷς
1005 355 1094 402 ὑμᾶς

56 409 176 447 τείνειν
194 409 253 446 καὶ
267 408 345 452 τοὺς
365 408 487 452 ἄλλους
502 409 634 452 πάντας
654 409 868 461 ἀνθρώπους·
888 410 1014 454 ὁποίοις
1027 410 1094 462 γὰρ

55 466 95 505 ἂν
109 467 199 505 ἔθεσι
210 466 268 504 καὶ
283 466 397 516 νόμοις
407 469 550 518 χρῆσθε,
564 467 732 511 τοιούτους
747 468 945 506 ἀποὸαίνειν
960 469 1093 520 ἀνάγκη

52 525 138 578 πρός
153 541 189 563 τε
205 525 326 568 πόνους
345 525 403 562 καὶ
424 524 553 576 τρυφήν
567 541 575 548 ·
594 524 714 563 πάντα
733 525 799 577 γὰρ
820 526 1007 578 ἀνθρώποις
1024 543 1094 576 μα-

53 583 139 630 θητὰ
159 586 189 622 οἱ
211 583 279 622 θεοὶ
300 584 436 623 ἔδοσαν.
460 583 614 622 “Em-:rou
630 583 664 621 δὲ
681 586 730 634 τῷ
752 583 813 634 μὲν
833 591 948 623 πονεῖν
968 586 1093 623 ἐθέλειν

52 641 91 679 τὸ
116 640 309 693 ἐλευθέρους
332 635 439 688 εἶναι,
461 641 519 678 καὶ
542 640 581 678 τὸ
600 637 638 679 e&
660 644 719 693 (ιι)
743 642 907 692 πράττειν
927 643 986 681 καὶ
1005 659 1094 695 κρα-

51 702 121 737 τεῖν
141 699 280 738 πάντων
293 715 300 723 ·
320 701 370 752 τῷ
391 697 426 736 δὲ
445 699 633 745 ἡδυπαθεῖν
657 700 696 738 τό
711 716 748 738 τε
768 700 936 739 δουλεύειν
951 701 1009 739 καὶ
1029 718 1094 739 κα-

51 758 205 807 κουργεῖν
218 757 276 807 (12)
296 755 354 793 καὶ
372 755 517 806 μηδενὸς
534 756 644 800 ἀξίους
658 751 760 797 εἶναι.
782 776 796 792 n
813 757 857 797 ‘O
873 758 935 809 μὲν
951 763 1092 796 τοιαῦτα

50 814 159 864 λέγων
190 815 424 866 προύτρέπετο
453 813 530 857 τοὺς
562 816 788 867 Σπαρτιάτας
814 816 1024 865 μεταὸαλεῗν
1057 834 1092 855 τε

51 872 108 910 τὸν
142 874 344 910 καθεστῶτα
365 871 490 924 τρόπον
510 876 568 910 τοῦ
601 873 696 924 βίου,
720 874 779 912 καὶ
809 875 960 926 βελτίοσι
979 876 1093 926 νόμοις

50 933 239 977 ἐθισθῆναι.
271 932 316 969 Οἱ
343 930 378 967 δὲ
403 929 597 975 πεισθέντες
625 933 662 969 οὐ
682 935 748 970 τῶν
772 933 953 985 περιοίκων
976 934 1092 984 μόνον,

49 988 138 1026 ἀλλὰ
153 988 210 1026 καὶ
225 988 362 1026 πάντων
380 988 560 1035 (Ελλήνων
578 990 749 1041 διαφανῶς
764 990 898 1042 ἄριστοι
918 990 1092 1042 ἐγένοντο,

47 1046 209 1097 ἡγεμόνες
224 1062 261 1084 τε
277 1049 429 1099 συνεχῶς
440 1077 449 1094 ,
469 1047 501 1091 ἐξ
517 1046 595 1085 ὅτου
618 1048 849 1099 παρεδέξαντο
862 1048 940 1091 τοὺς
954 1049 1090 1099 νόμους,

47 1105 105 1142 ἐπὶ
122 1105 181 1151 ἔτη
193 1105 404 1143 πεντακόσια
420 1109 492 1158 (13),
511 1105 570 1143 καὶ
586 1107 623 1143 οὖ
643 1108 772 1144 πολλοῦ
788 1106 912 1157 χρόνου
929 1107 984 1143 ἐπὶ
1002 1107 1091 1157 μέγα

48 1163 230 1215 ἐχώρησαν
249 1164 438 1214 δυνάμεως.

48 1258 164 1293 Τέλος
189 1261 259 1288 τοῦ
288 1258 396 1289 ἕκτου
425 1257 541 1298 λόγου
571 1258 776 1289 Νικολάου
802 1261 1089 1298 Δαμασκηνοῦ.

383 1363 472 1414 [ΕΚ
504 1370 635 1408 ΒιΒΛ.
669 1370 754 1419 za]

537 1464 597 1500 58.

102 1547 187 1581 Exc.
208 1546 265 1580 De
285 1546 352 1579 ins.
379 1558 387 1579 :
410 1542 496 1581 ςὈτι
517 1543 675 1595 Κύψελος
691 1543 891 1595 Βακχιάδης
911 1544 969 1581 καὶ
988 1545 1090 1588 αὐτὸς

44 1601 90 1639 ὢν
111 1603 150 1639 ἐκ
169 1600 291 1647 κήδους
319 1601 512 1651 γυναικείου
534 1602 594 1653 (ι),
617 1604 751 1652 πρῶτος
782 1603 916 1644 κτείνας
946 1602 1002 1639 τὸν
1027 1619 1085 1640 τε-

46 1661 203 1697 λευταῖον
238 1658 478 1705 Ἱπποκλείδην
515 1660 557 1710 (2)
601 1658 822 1696 ἐδασίλευσεν
865 1662 938 1697 ἀντ’
984 1662 1088 1698 αὐτοῦ

47 1717 163 1770 τρόπῳ
192 1718 323 1769 τοιῷδε.
351 1717 477 1766 Λόγιον
498 1712 539 1764 ἦν
561 1717 603 1769 (3)
622 1718 690 1759 τοῖς
708 1717 923 1768 Βακχιάδαις
940 1718 1004 1755 ὑπὸ
1029 1722 1086 1755 τοῦ

46 1776 207 1828 Κυψέλου
238 1780 299 1813 τοῦ
326 1776 504 1819 Ἀετίωνος
535 1776 775 1813 καταλυθεῗσιν
808 1778 850 1824 (4)
883 1776 946 1822 τὴν
976 1777 1087 1828 ἀρχὴν

44 1835 281 1887 ἀφαιρεθῆναι.
314 1834 502 1884 Γενόμενον
523 1828 580 1872 oliv
616 1833 719 1871 αὐτὸν
739 1833 795 1871 καὶ
817 1836 851 1871 ἐν
878 1835 1088 1887 σπαργάνοις

42 1891 93 1929 ἔτι
112 1891 194 1929 ὄντα
211 1892 477 1943 ὑποπέμψαντες
492 1894 561 1930 τῶν
578 1894 804 1930 ὑπασπιστῶν
820 1892 914 1935 τινὰς
931 1892 1085 1931 ἐκέλευον

42 1951 188 1988 κτεῖναι.
211 1953 290 1989 Τῶν
307 1950 341 1988 δὲ
358 1951 415 1988 ἐπὶ
435 1954 535 1989 τοῦτο
557 1950 720 1989 ἐλθόντων
742 1951 799 1988 ἐπὶ
818 1950 880 1996 τὴν
896 1951 1005 1989 οἰκίαν
1026 1952 1084 1989 καὶ

42 2008 239 2058 μελλόντων
269 2011 435 2061 ἀναιρεῖν,
465 2008 582 2061 ὀρέγον
603 2009 663 2051 τὰς
690 2010 808 2060 χεῖρας
836 2009 873 2047 τὸ
903 2009 1084 2062 παιδάριον

41 2066 266 2119 προσεμειδία
281 2070 352 2110 τοῖς
367 2067 573 2120 ἀνθρώποις·
587 2067 663 2110 τοὺς
680 2068 714 2104 δὲ
729 2062 839 2110 οἶκτος
854 2069 991 2113 εἷσῆλθε
1002 2098 1010 2114 ,
1026 2069 1086 2105 καὶ

42 2124 194 2175 ἔγνωσαν
223 2124 348 2173 μηκέτι
377 2126 549 2177 ἀναιρεῖν,
573 2125 662 2162 ἀλλὰ
692 2126 882 2178 φράσαντες
901 2128 950 2179 τῷ
979 2126 1086 2177 πατρὶ

40 2183 100 2227 τὰς
118 2183 278 2230 ἀληθείας
297 2183 622 2223 ἐκποδὼναπιέναι.
649 2185 758 2228 Δόξαν
778 2185 812 2222 δὲ
834 2187 864 2222 οἱ
883 2185 945 2231 μὲν
966 2179 1081 2234 εἶπαν,

40 2244 57 2278 ὁ
74 2242 108 2279 δὲ
128 2241 263 2279 Ἀετίων
286 2243 332 2285 εἷς
351 2242 552 2291 Ὀλυμπίαν
573 2242 655 2280 αὐτὸ
671 2243 888 2279 ὑπεκτίθεται
907 2243 965 2280 καὶ
987 2243 1080 2294 ἔτρε-

40 2314 112 2352 φεν,
135 2303 180 2343 ὡς
197 2299 237 2338 ἂν
262 2300 378 2346 ἱκέτην
399 2303 459 2337 τοῦ
486 2303 575 2339 θεοῦ.
598 2300 699 2338 Μετὰ
721 2300 755 2338 δὲ
775 2305 884 2338 ταῦτα
908 2301 1083 2353 θαρσήσας

39 2360 85 2401 εἷς
118 2358 278 2402 Κλεωνὰς
298 2358 430 2408 ἤγαγε,
461 2358 638 2409 μειράκιον
667 2358 717 2396 ἔτι
746 2359 827 2396 ὄντα
860 2358 918 2395 καὶ
942 2360 1080 2396 πολλῶν

39 2416 244 2469 διαφέροντα
273 2417 336 2463 τὴν
359 2417 451 2454 ἰδέαν
478 2416 536 2453 καὶ
551 2416 614 2462 τὴν
644 2417 784 2468 ἀρετήν.
806 2416 884 2454 Ἀνὰ
906 2416 939 2454 δὲ
960 2418 1081 2468 χρόνον

2117 164 2187 194 391·

1154 244 1271 275 mittat.
1299 248 1343 276 Ac
1366 246 1558 278 domesticus
1584 248 1712 287 quidem
1737 250 1822 280 recta
1846 249 1885 280 ad
1910 249 2076 280 obsonium
2100 250 2191 287 ferri,

1155 303 1286 333 venator
1300 312 1375 334 vero
1390 313 1535 344 capream
1551 306 1695 346 persequi
1709 308 1822 347 coepit,
1839 316 1971 348 eamque
1988 309 2190 348 comprehen-

1153 368 1219 390 sam
1243 361 1386 400 protinus
1413 363 1552 395 laniavit.
1575 366 1656 396 Tum
1687 367 1869 406 Lycurgus,
1892 380 1906 393 «
1934 366 2041 404 ldem,
2070 368 2191 408 inquit,

1154 419 1299 458 Spartani
1310 444 1317 458 ‚
1334 419 1373 450 de
1387 421 1476 451 vobis
1490 430 1526 451 ac
1543 422 1581 453 ‹lc
1595 424 1708 454 ceteris
1727 433 1820 463 porro
1833 425 1980 457 omnibus
1993 426 2169 458 existimate
2183 439 2189 457 :

1153 476 1331 516 cujusmodi
1349 478 1432 508 enim
1451 478 1603 511 institutis
1624 490 1661 511 ac
1675 482 1795 520 legibus
1819 483 1967 523 utimini,
1988 485 2142 524 eiusmodi
2157 487 2194 515 ut

1154 535 1276 575 ingenio
1290 535 1329 566 ad
1342 536 1482 568 laborem
1497 546 1534 567 ac
1547 538 1677 569 delicias
1686 540 1843 572 exsistatis
1851 550 1977 573 necesse
1993 544 2051 574 est.
2068 543 2192 583 Quippe

1154 594 1333 626 hominibus
1352 594 1380 625 id
1404 595 1498 626 adeo
1518 596 1628 627 datum
1646 599 1709 635 est,
1731 600 1766 628 ul
1788 599 1914 638 quidvis
1932 601 1989 631 sibi
2009 610 2193 642 comparare

1153 652 1303 684 discendo
1320 653 1449 693 possint.
1471 655 1568 684 Porro
1582 654 1721 686 laborem
1736 657 1880 688 comitari
1894 659 1974 689 solet
1996 660 2126 691 libertas
2142 662 2190 691 at—

1153 719 1216 750 que
1231 711 1399 751 imperium
1417 712 1448 742 in
1465 712 1586 743 ceteros
1605 725 1611 743 2
1627 712 1754 744 delicias
1780 724 1856 746 vero
1876 718 2011 748 servitus
2037 718 2193 758 malaeque

1153 767 1236 797 artes
1250 768 1281 797 et
1296 768 1498 807 contemptus
1513 769 1702 807 sequuntur.
1722 781 1735 796 u
1752 770 1807 801 His
1822 773 2019 803 sermonibus
2035 776 2193 814 Lycurgus

1153 824 1280 864 impulit
1294 826 1483 864 Spartanos,
1502 826 1555 863 ut,
1571 824 1702 864 abjectis
1723 826 1879 865 prioribus
1897 829 2062 868 institutis,
2082 832 2191 862 melio-

1153 881 1240 912 ribus
1270 881 1389 921 legibus
1408 882 1641 914 adsuescerent.
1666 884 1728 920 Qui
1745 885 1878 924 Lycurgi
1906 888 2070 919 consilium
2094 891 2192 920 secuti

1152 947 1215 969 non
1236 938 1388 970 finitimos
1411 939 1525 979 modo,
1554 940 1609 971 sed
1631 949 1742 971 omnes
1763 942 1893 972 onmino
1921 946 2051 975 Gra-cos
2079 947 2194 979 virtute

1154 995 1243 1034 longe
1259 997 1510 1035 superaverunt,
1526 998 1622 1035 atque
1634 996 1673 1027 ab
1687 998 1840 1036 susceptis
1853 998 1970 1038 legibus
1981 1002 2128 1033 continue.
2140 1013 2194 1043 per

1152 1052 1342 1092 quingentos
1357 1062 1457 1084 annos
1471 1054 1686 1093 principatum
1704 1054 1838 1085 Graeciae
1851 1056 2022 1088 tenuerunt
2033 1083 2040 1095 ‚
2056 1068 2092 1089 ac
2107 1060 2192 1091 brevi

1151 1111 1325 1143 admodum
1356 1112 1508 1151 temporis
1542 1112 1642 1151 spatio
1672 1112 1845 1142 maximam
1881 1114 2056 1152 potentiam
2089 1117 2192 1157 adepti

1151 1171 1235 1200 sunl..

1331 1258 1425 1287 Finis
1441 1255 1521 1286 libri
1540 1258 1627 1286 sexti
1643 1256 1774 1287 Nicolai
1799 1259 2014 1287 Damascena}

1511 1367 1539 1403 E
1572 1367 1719 1404 {ABp-0
1750 1368 1835 1404 Vll.

1638 1468 1695 1499 58.

1194 1545 1367 1585 Cypselus,
1385 1545 1448 1584 ipse
1467 1553 1596 1584 quoque
1611 1545 1788 1576 Bacchiada
1812 1554 1924 1585 genere
1941 1547 2085 1577 materno
2098 1572 2106 1586 ‚
2128 1549 2190 1587 pri-

1150 1616 1220 1638 mus
1240 1608 1299 1638 suit
1312 1608 1466 1647 tyrannus
1481 1607 1536 1646 qui
1560 1607 1727 1638 interfecto
1744 1607 1998 1638 Bacchiadarum
2013 1610 2171 1647 postremo
2185 1635 2192 1647 ,

1150 1670 1352 1710 Hippoclide‚
1368 1670 1400 1700 in
1411 1670 1515 1701 locum
1530 1670 1597 1709 ejus
1613 1669 1786 1701 succedens
1798 1679 1891 1710 regno
1904 1671 2025 1710 potitus
2048 1672 2095 1702 est
2109 1672 2193 1702 hunc

1149 1735 1180 1765 in
1196 1734 1339 1765 modum.
1359 1734 1498 1764 oraculo
1522 1732 1706 1764 Bacchiadis
1725 1742 1912 1773 responsum
1932 1735 2018 1773 erat,
2039 1734 2104 1766 fore
2121 1736 2155 1766 ut
2175 1744 2192 1765 a

1148 1798 1282 1837 Cypselo
1296 1797 1438 1829 Aetionis
1454 1797 1516 1827 filio
1530 1805 1625 1836 regno
1638 1797 1843 1828 exuerentur.
1866 1796 1965 1836 Igitur
1980 1806 2082 1836 quum
2100 1799 2192 1828 natus

1148 1859 1301 1899 Cypselus
1321 1859 1352 1889 in
1381 1858 1484 1890 fasciis
1505 1858 1609 1889 adhuc
1635 1859 1736 1897 esset,
1759 1858 1973 1889 submiserunt
1994 1859 2191 1890 scutatorum

1148 1921 1337 1960 nonnullos,
1361 1921 1415 1961 qui
1431 1929 1504 1952 eum
1527 1920 1752 1952 interficerent.
1773 1921 1826 1952 His
1839 1920 1878 1951 ad
1892 1920 2022 1951 domum
2037 1921 2104 1960 eJus
2120 1930 2191 1961 pro-

1148 1985 1238 2016 sectis
1260 1983 1445 2023 caedemque
1467 1984 1533 2023 jam
1557 1983 1747 2023 patraturis,
1768 1991 1882 2013 manus
1903 1982 2066 2023 porrigens
2087 1982 2190 2014 infans

1147 2048 1317 2079 arridebat.
1342 2046 1433 2078 Unde
1452 2045 1612 2077 miseratio
1630 2054 1683 2076 eos
1712 2045 1855 2082 incessit,
1880 2053 1939 2075 nec
1961 2044 2028 2083 jam
2045 2044 2190 2076 occidere,

1146 2110 1310 2146 infantem,
1323 2108 1378 2139 sed
1392 2117 1425 2139 re
1439 2116 1512 2147 quae
1523 2108 1603 2138 esset
1617 2106 1697 2146 patri
1715 2105 1864 2146 indicata,
1882 2107 2056 2139 abscedere
2068 2110 2188 2139 statue-

1147 2174 1231 2203 runt.
1250 2175 1297 2204 Ex
1312 2172 1438 2203 decreto
1454 2171 1547 2211 igitur
1563 2170 1594 2201 hi
1606 2179 1672 2201 rem
1688 2169 1865 2201 indicarunt
1879 2182 1888 2209 ;
1906 2170 2018 2202 Aetion
2035 2172 2142 2202 autem
2158 2171 2189 2201 in

1147 2237 1329 2276 Olympiam
1345 2236 1426 2266 clam
1441 2234 1622 2274 expositum
1637 2242 1772 2273 puerum
1794 2236 1828 2264 ut
1848 2234 1897 2264 dei
1917 2234 2092 2274 supplicem
2107 2234 2187 2265 edu-

1145 2299 1247 2330 cabat.
1271 2298 1345 2329 Post
1370 2298 1438 2327 haec
1465 2296 1505 2327 ad
1529 2295 1676 2326 fiduciam
1699 2297 1823 2326 erectus
1847 2295 1981 2327 Cleonas
2006 2296 2106 2327 filium
2136 2297 2189 2327 ab·

1143 2361 1252 2399 duxit,
1272 2369 1404 2400 puerum
1422 2359 1526 2389 adhuc
1540 2382 1549 2396 ,
1567 2358 1668 2388 forma
1691 2360 1721 2388 vt
1741 2359 1856 2388 virtute
1873 2358 1954 2389 inter
1978 2358 2096 2389 multos
2114 2358 2187 2389 insi·

1142 2429 1246 2460 gnem.
1264 2419 1437 2458 Aliquanto
1461 2418 1529 2456 post
1543 2416 1705 2456 Cypselus,
1732 2417 1921 2446 Corinthum
1943 2416 2044 2447 redire
2062 2417 2182 2454 volem,

38 2478 56 2513 ὃ
68 2474 226 2528 Κύψελος
243 2475 447 2526 βουλόμενος
466 2476 642 2512 κατελθεῖν
660 2476 706 2517 εἷς
722 2475 901 2526 Κόρινθον,
914 2477 1082 2526 ἐχρηστη-
1109 2464 1114 2518 Ι
1143 2479 1271 2518 DelphIS
1284 2477 1450 2508 oraculum
1471 2475 1649 2514 consuluit,
1670 2477 1701 2505 et
1724 2483 1822 2513 quum
1840 2476 2030 2506 conveniens
2047 2475 2184 2514 accepis-

37 2587 115 2627 didi,
128 2589 278 2619 monente
292 2588 427 2619 Bremio.
441 2607 480 2613 -
495 2591 543 2619 10.
556 2587 760 2627 καταλαὸὼν]
775 2588 958 2618 καταῧαλὼν
970 2587 1092 2619 Suillas.
1104 2604 1142 2608 —
1158 2590 1167 2617 1
1180 2592 1204 2617 ι.
1222 2598 1239 2615 κ
1249 2586 1284 2615 αἱ
1302 2596 1318 2615 τ
1329 2585 1345 2615 ὸ
1360 2595 1373 2615 ε
1384 2584 1401 2614 ὗ
1418 2595 1440 2614 π
1452 2594 1478 2623 ρ.
1492 2582 1502 2622 ]
1519 2582 1648 2619 Suidas;
1664 2582 1835 2621 ἐλευθέρους
1850 2582 1926 2615 εἶναι
1941 2583 1992 2612 καὶ
2007 2581 2185 2622 πράττειν...

39 2635 131 2671 ἀξίοις
151 2634 227 2665 εἶναι
244 2634 354 2666 codeX.
376 2654 414 2659 —
435 2638 482 2665 12.
499 2634 759 2674 κακουργεῖν]
785 2638 1051 2674 κακοπραγμονεῖν
1069 2633 1192 2664 Suidas.
1222 2650 1261 2658 -
1292 2634 1337 2662 13.
1364 2631 1433 2661 ἐπὶ
1455 2632 1518 2666 ἔτη
1547 2628 1816 2668 πεντακόσια]
1844 2628 1892 2659 Cf.
1924 2628 2083 2659 Plutarch.
2110 2629 2184 2667 Lyc.

39 2688 66 2711 c.
90 2684 128 2712 29
144 2682 320 2711 εΤοσοῦτον
334 2681 391 2721 γὰρ
407 2681 596 2721 ἐπρώτευσεν
610 2683 629 2718 ἡ
642 2681 728 2716 πόλις
746 2685 798 2718 τῆς
818 2680 960 2715 Ἑλλάδος
975 2680 1101 2721 εὐνομίᾳ
1120 2682 1171 2711 καὶ
1191 2680 1261 2718 δόξῃ
1272 2704 1279 2717 ,
1294 2678 1396 2718 χρόνῳ
1414 2678 1489 2708 ἐτῶν
1503 2676 1715 2707 πεντακοσίων
1732 2679 1794 2711 τοῖς
1809 2676 1989 2716 Λυκούργου
2009 2676 2186 2715 χρησαμένη

38 2726 159 2767 νόμοις,
187 2727 236 2763 οὓς
253 2727 486 2768 δεκατεσσάρων
507 2729 659 2768 βασιλέων
683 2728 747 2768 μετ’
771 2729 884 2758 ἐκεῖνον
910 2729 950 2762 εἰς
973 2726 1058 2765 Ἆγιν
1083 2728 1134 2757 τὸν
1159 2726 1338 2766 Ἀρχιδάμου
1356 2726 1436 2763 (399
1450 2733 1479 2755 a.
1500 2725 1535 2754 C.
1550 2724 1560 2762 )
1578 2724 1747 2762 γενομένων
1762 2723 1858 2756 οὐδεὶς
1876 2722 2026 2758 ἐκίνησεν.
2055 2721 2185 2752 Eosdem

38 2782 137 2804 annos
151 2774 355 2814 quingentos,
372 2776 509 2805 termino
525 2774 565 2805 ad
581 2783 676 2814 quem
694 2783 757 2805 non
775 2775 969 2813 memorato,
988 2773 1178 2805 Plutarchus
1193 2772 1288 2804 affert
1304 2772 1335 2802 iu
1350 2774 1461 2810 Comp.
1486 2773 1560 2809 Lyc.
1577 2771 1608 2800 et
1623 2772 1703 2800 Num
1721 2778 1748 2800 c.
1769 2771 1787 2800 4
1805 2770 1836 2799 et
1854 2768 1953 2799 lnstit.
1974 2770 2047 2799 Lac.
2064 2777 2093 2807 p.
2112 2771 2185 2804 230,

39 2822 70 2851 F.
84 2822 204 2852 Contra
215 2820 247 2851 in
264 2821 491 2860 Apophlhegm.
512 2830 540 2860 p.
563 2823 617 2851 194
629 2844 637 2859 ‚
653 2822 691 2857 B,
706 2821 801 2852 hosce
813 2829 912 2851 annos
922 2820 1110 2860 quingentos
1123 2821 1271 2850 numerat
1284 2826 1384 2857 usque
1400 2817 1439 2847 ad
1458 2815 1706 2855 Epaminondam
1723 2816 1753 2845 in
1771 2815 1938 2846 Laconiam
1959 2814 2185 2853 irrumpentem

39 2868 115 2905 (369
129 2875 156 2897 a.
174 2869 211 2898 C.
225 2866 247 2906 ).
269 2868 308 2898 At
322 2867 518 2906 praeferenda
533 2867 642 2906 procul
657 2867 755 2898 dubio
769 2868 842 2897 sunt
855 2876 928 2906 quae
941 2866 1033 2897 affert
1046 2875 1083 2896 eo
1107 2866 1196 2905 loco,
1211 2874 1274 2905 quo
1297 2874 1335 2896 ex
1359 2865 1497 2904 professo
1516 2863 1555 2893 de
1579 2865 1723 2901 Lycurgo
1737 2862 1809 2900 egit.
1828 2863 2003 2892 Numerum
2020 2865 2078 2892 500
2093 2870 2185 2890 accu-

38 2913 136 2944 ratius
153 2913 178 2944 si
192 2913 322 2944 definire
339 2915 450 2945 auctor
469 2913 640 2951 voluisset,
668 2913 802 2953 ponendi
819 2914 949 2944 fuissent
965 2912 1038 2943 anni
1058 2917 1135 2951 503,
1158 2913 1238 2944 adeo
1261 2913 1296 2942 nt
1314 2911 1447 2950 Lycurgi
1470 2910 1589 2949 epocha
1612 2909 1653 2940 sit
1676 2912 1735 2940 399
1750 2909 1787 2947 4⁴
1805 2913 1862 2939 503
1883 2921 1922 2935 z
1942 2912 2001 2938 902
2016 2917 2044 2938 a.
2060 2909 2097 2938 C.
2121 2907 2185 2937 sive

39 2964 139 2995 2><63
156 2961 230 2991 ante
248 2960 376 3000 Olymp.
410 2965 435 2992 1.
459 2961 520 2997 Qui
538 2960 668 2999 quidem
694 2968 847 2990 numerus
861 2960 981 2998 optime
1003 2958 1142 2998 quadrat
1168 2967 1241 2989 cum
1260 2958 1297 2988 iis
1323 2966 1396 2997 quae
1420 2957 1458 2987 ‹le
1487 2956 1602 2995 Ephori
1630 2954 1760 2985 calculis
1782 2955 1811 2984 in
1839 2955 1962 2993 Fragm.
1991 2954 2181 2991 Chronolog.

38 3006 180 3047 exposui.
199 3007 359 3046 Ephorum
374 3016 449 3038 vero
466 3007 581 3038 ducem
599 3007 693 3037 luisse
710 3007 828 3037 Nicolai
846 3007 962 3045 srepius
981 3005 1047 3044 jam
1064 3004 1211 3036 indicavi.

78 3055 129 3084 58.
155 3052 233 3084 eod.
265 3055 377 3084 Escor.
397 3053 464 3091 sol.
490 3058 545 3090 33,
566 3058 601 3084 16
625 3062 690 3085 vso.
709 3073 746 3078 -
762 3055 820 3090 82,
840 3057 877 3084 30
896 3061 924 3083 r.
942 3071 983 3080 -
999 3056 1025 3082 1.
1044 3051 1292 3091 γυναικείου]
1318 3049 1476 3090 γυναικίου
1502 3048 1571 3080 cod.
1602 3048 1757 3087 Amphion
1785 3045 1960 3077 Bacchiada
1985 3045 2081 3075 [iliam
2108 3044 2184 3083 pede

36 3098 201 3138 claudam,
216 3099 323 3130 Labda
340 3099 511 3136 (Lambda
530 3101 636 3139 Etym.
657 3102 694 3130 M.
713 3108 743 3138 p.
767 3102 822 3130 199
835 3122 843 3136 ,
861 3099 918 3136 25)
937 3099 1077 3136 nomine,
1098 3098 1252 3135 habebat,
1267 3106 1364 3137 quam
1388 3105 1488 3137 quum
1505 3104 1599 3126 nemo
1617 3094 1866 3126 Bacchiadarum
1885 3093 2000 3123 ducere
2018 3091 2132 3127 vellet,
2152 3091 2182 3142 in

37 3146 273 3176 matrimonium
287 3147 407 3186 accepit
423 3147 552 3185 Aetion,
576 3146 753 3177 Echecratis
769 3146 786 3176 ι’.
799 3170 807 3184 ,
822 3145 943 3184 generis
961 3145 1080 3184 origine
1094 3144 1227 3184 Lapitha
1246 3146 1278 3175 et
1292 3144 1448 3175 Coenides.
1466 3145 1511 3174 lta
1527 3143 1704 3173 Herodotus
1720 3143 1743 3171 V
1754 3165 1762 3178 ‚
1781 3145 1818 3173 92
1831 3164 1839 3178 ‚
1855 3142 1870 3170 4
1891 3140 1921 3169 in
1938 3138 2080 3169 oratione
2095 3140 2180 3167 Sosi-

38 3191 93 3222 clis
108 3191 275 3223 CorInthii.
289 3209 331 3214 —
352 3197 381 3223 2.
399 3191 692 3231 Ἱπποκλείδην]
719 3192 798 3222 infra
821 3201 877 3231 pro
893 3192 1102 3228 Ἱπποκλείδης
1117 3193 1164 3222 est
1182 3192 1416 3232 Πατροκλείδης.
1441 3190 1535 3227 Quod
1558 3199 1667 3221 verum
1682 3189 1722 3220 sit
1736 3197 1851 3219 nomen
1871 3186 1985 3218 nescio.
2004 3183 2180 3234 Herodotus

38 3239 99 3276 vl,
129 3241 184 3270 128
204 3238 423 3278 Hippoclidem
449 3239 690 3274 Atheniensem,
710 3238 859 3277 Agarislne
876 3238 1031 3276 sicyoniae
1048 3246 1199 3276 procum,
1218 3236 1390 3275 majoribus
1406 3237 1470 3267 suis
1491 3238 1659 3275 cognatum
1678 3235 1773 3266 fuisse
1792 3233 1917 3273 Cypseli
1937 3231 2063 3271 tyranni
2090 3229 2176 3260 (licit.

38 3286 157 3315 Verum
175 3285 233 3315 hoc
246 3294 309 3316 non
323 3285 361 3316 ad
379 3287 555 3324 maternos,
571 3285 623 3316 sed
638 3285 676 3315 ad
695 3287 841 3323 paternos
854 3284 976 3323 Cypseli
993 3284 1127 3322 majores
1140 3283 1284 3323 pertinet.
1302 3301 1339 3304 —
1356 3286 1384 3313 3.
1403 3282 1482 3312 Vide
1502 3281 1650 3312 Herodot.
1668 3283 1714 3318 V,
1729 3285 1766 3312 9¹2
1778 3304 1786 3316 ‚
1802 3285 1832 3317 5,
1852 3279 1903 3309 ubi
1922 3276 2050 3308 historia
2067 3276 2106 3305 de
2120 3284 2178 3305 ser-

40 3334 110 3362 valo
128 3333 262 3372 Cypselo
285 3333 401 3372 fusius,
426 3333 478 3364 sed
496 3333 620 3364 diverso
648 3333 741 3363 modo
765 3332 943 3371 exponitur.
961 3349 998 3353 —
1016 3333 1043 3361 si.
1073 3328 1379 3368 καταλυθεῖσιν]
1399 3329 1626 3359 καταλυθείσειν
1649 3327 1718 3359 cod.
1746 3329 1820 3357 >Mox
1845 3326 2002 3364 ὀρέγοντας
2028 3322 2097 3352 eod-
2123 3330 2179 3361 pro
