2338 3765
754 201 1010 240 ONASlMUS
1066 202 1318 241 CLAUfflUS
1355 205 1660 244 EUSTHENES.

614 304 647 326 2.

169 372 222 405 Fl.
252 372 446 418 Vopiscus,
479 371 524 405 «le
552 373 745 413 Bonnoso,
768 383 799 407 c,
833 374 891 413 14,
913 382 951 415 p.
983 381 1058 415 970
1088 370 1146 405 cd.

116 428 302 466 Schrevel.
330 442 337 464 ε
366 431 422 463 De
449 429 517 463 hoc
550 427 774 475 (nonnoso)
801 428 1022 462 Aurelianus
1048 439 1150 474 soepe

115 487 261 521 dicebat
278 499 286 521 .·
317 503 332 518 (ι
355 488 439 522 Non
459 495 498 520 ut
514 490 611 521 vivat
626 494 732 520 natus
750 493 817 527 est,
844 486 911 519 sed
931 493 968 519 ut
984 485 1098 519 bibat.
1129 501 1142 514 »

115 544 232 587 Quem
262 545 406 590 quidem
435 545 496 578 diu
522 547 558 578 in
586 544 720 577 honore
744 543 874 577 habuit
903 555 1015 576 causa
1041 544 1143 577 mili-

117 605 195 638 tiae.
214 603 313 636 Nam
326 605 359 636 si
370 604 519 649 quando
537 603 649 647 legati
664 601 898 635 barbarorum
913 600 1147 647 umlecunque

114 662 277 704 gentium
299 664 496 702 venissent,
535 663 623 707 ipsis
652 656 893 705 propinabat,
930 665 968 692 ut
985 669 1045 691 eos
1071 661 1147 692 inc·

117 715 272 763 briaret,
294 726 403 765 atque
421 719 469 752 ab
486 718 545 751 lzis
563 729 635 764 per
656 720 780 751 vinum
804 723 933 750 cuncta
953 728 1147 763 cognosce-

115 783 181 812 ret.
203 778 290 822 Ipse
319 774 585 823 quantumlibet
606 776 757 816 bibisset,
785 786 929 821 semper
952 786 1095 808 securus
1114 782 1150 808 et

114 833 270 877 sobrius,
307 842 356 877 et,
402 842 441 868 ut
478 836 668 868 Onesimus
699 832 823 865 scribit
864 835 1018 879 scriptor
1049 833 1149 865 Vitae

115 889 245 934 Probi,
265 891 388 926 adhuc
405 895 442 926 in
465 895 552 926 vino
563 884 787 938 prudentior.
810 890 949 924 Habuit
964 897 1148 936 praeterea

114 960 189 983 rem
203 950 426 994 mirabilem,
445 959 483 985 ut
506 957 680 997 quantum
704 947 862 990 bibisset,
899 955 1039 982 tantum
1062 951 1148 982 min-

112 1014 216 1050 geret
229 1018 238 1040 .·
257 1020 372 1054 neque
388 1021 547 1055 unquam
565 1016 629 1042 aut
642 1011 719 1052 ejus
721 1014 851 1053 pectus
864 1014 930 1040 aut
945 1013 1072 1040 venter
1086 1013 1150 1039 aut

115 1067 240 1100 vesica
257 1075 484 1111 gravaretur.

614 1122 648 1157 3.

167 1201 273 1237 Idem
292 1204 330 1238 in
349 1204 443 1240 Caro
464 1217 496 1239 c.
518 1209 537 1246 4
557 1218 565 1239 ;
599 1206 686 1239 Cari
709 1207 837 1251 patria
857 1205 907 1235 sic
935 1202 1109 1248 ambigue
1125 1214 1148 1236 a

112 1261 294 1308 plerisque
307 1264 484 1309 proditur,
517 1271 555 1297 ut
568 1270 793 1310 praesumpte
818 1263 1010 1294 veritatem
1031 1260 1149 1294 dicere

115 1331 295 1365 nequeam
313 1333 396 1366 quse
423 1323 491 1355 illa
516 1333 607 1355 vera
631 1323 692 1355 sit.
718 1320 910 1354 Onesimus
941 1321 1057 1359 enim,
1090 1321 1151 1364 qui

115 1377 396 1424 diligentissime
427 1379 552 1413 Vitam
583 1379 694 1412 Probi
721 1379 878 1423 scripsit,
905 1377 999 1409 (licit
1023 1377 1150 1410 Romoe

116 1434 220 1468 illum
240 1442 276 1468 et
293 1443 419 1469 natum
435 1443 470 1470 et
488 1438 602 1471 literis
619 1437 796 1470 eruditum
806 1447 819 1477 ;
841 1435 908 1468 secl
922 1435 1151 1478 Illyricianis

111 1490 328 1537 parentibus
335 1490 456 1537 fuisse
473 1495 680 1535 contendit;
700 1494 766 1527 secl
779 1492 918 1526 Fabius
929 1491 1148 1535 Germanus,

115 1551 177 1594 qui
195 1556 358 1596 tempora
375 1551 479 1593 Cari,
500 1552 629 1586 Carini
640 1558 675 1584 et
692 1551 908 1585 Numeriani
925 1549 1151 1583 solertissime

113 1615 320 1652 persecutus
339 1616 409 1652 est,
431 1621 546 1655 neque
568 1610 711 1650 Romae,
735 1608 803 1641 sed
820 1610 855 1641 in
878 1608 1028 1652 Illyrico
1045 1610 1151 1652 geni-

117 1672 205 1708 tum,
233 1677 347 1712 neque
363 1667 564 1701 Pannoniis
574 1695 584 1712 ‚
601 1667 669 1700 sed
685 1667 811 1700 Poenis
821 1665 1034 1712 parentibus
1053 1677 1150 1699 asse-

117 1726 164 1756 rit
177 1731 314 1758 natum.

614 1785 650 1823 [ι.

169 1860 270 1896 Idem
286 1860 378 1896 ibid.
391 1874 424 1895 c.
443 1874 479 1906 7.
500 1873 508 1895 :
530 1861 600 1897 Ubi
607 1864 768 1908 primum
784 1863 925 1907 accepit
940 1862 1147 1907 imperium,

117 1931 289 1954 consensu
312 1922 473 1953 omnium
505 1920 659 1953 militum
685 1919 817 1953 bellum
844 1919 1028 1953 Persicum
1058 1918 1155 1963 quod

120 1978 256 2012 Probus
266 1979 446 2025 parabat,
479 1989 674 2024 aggressus
699 1984 774 2021 est,
802 1977 924 2011 liberis
944 1976 1152 2011 Ccesaribus

118 2038 350 2083 nuncupatis,
383 2044 422 2070 et
444 2039 497 2070 ita
515 2037 660 2083 quidem
682 2043 720 2070 ut
740 2035 914 2070 Carinuin
935 2035 989 2068 ad
1008 2034 1153 2068 Gallias

119 2095 272 2128 tuendas
280 2106 360 2128 cum
372 2097 467 2129 viris
483 2096 683 2129 lectissimis
695 2094 896 2128 destinaret
903 2105 916 2135 ;
931 2104 1053 2126 secum
1064 2103 1153 2126 vero

120 2152 382 2187 Numerianum
413 2152 679 2187 adolescentem
707 2163 788 2185 cum
819 2152 1049 2185 lectissimum
1079 2157 1152 2184 tum

118 2212 230 2246 etiam
244 2211 512 2247 disertissimum
525 2210 682 2245 duceret.
697 2210 744 2243 Et
751 2209 885 2243 dicitur
896 2208 1043 2255 quidem
1053 2219 1152 2254 soepe

2170 213 2241 245 729

1209 294 1345 327 dixisse
1378 308 1415 327 se
1449 298 1631 337 miserum,
1671 295 1768 340 quod
1798 296 1974 329 Carinum
2007 297 2060 328 acl
2098 297 2226 330 Gallia

1207 354 1408 399 principc’m
1439 355 1615 395 mitteret,
1645 364 1758 398 neque
1791 353 1858 386 illa
1880 360 1975 387 oetas
1992 361 2083 388 esset
2101 354 2229 389 Nume-

1210 412 1315 452 riani,
1337 417 1377 444 ut
1390 411 1447 444 illi
1464 410 1713 453 Gallicanum,
1733 410 1828 456 quod
1838 413 1998 445 maxime
2017 419 2240 446 constantem

1205 471 1408 515 principem
1429 472 1576 516 quierit,
1612 469 1815 502 crederetur
1841 471 2043 515 imperium.
2068 470 2146 504 Sed
2161 470 2243 504 han*

1209 526 1314 560 alias.
1329 527 1429 561 Nam
1450 534 1599 560 zzz-stant
1609 530 1694 570 sam
1717 527 1836 560 literoe
1864 525 1953 560 Cari
1963 555 1970 568 ,
1995 527 2124 574 quibus
2140 530 2245 574 apud

1206 581 1424 628 projectum
1453 596 1555 617 suum
1585 585 1631 617 de
1661 584 1788 618 Carini
1818 584 1975 618 moribus
2009 588 2176 631 queritur,
2208 595 2244 619 ut

1209 649 1390 686 appareat
1401 653 1527 675 verum
1546 654 1621 675 esse
1634 642 1732 687 quod
1742 641 1933 675 Onesimus
1947 642 2051 684 dicit,
2079 642 2244 677 habuisse

1210 700 1387 732 inanimo
1410 699 1541 734 Carum
1567 708 1606 734 ut
1633 700 1771 734 Carino
1803 699 2010 734 Coesareum
2043 701 2237 748 abrogaret

1209 756 1413 802 imperium.

1713 834 1746 868 5.

1261 924 1370 959 Idem
1387 925 1423 958 in
1444 925 1592 969 Carmo,
1620 938 1654 960 c.
1678 924 1721 959 16
1744 936 1752 960 ε
1775 924 1926 959 Carinus
1954 923 2062 959 homo
2080 928 2242 958 omnium

1209 985 1589 1025 contaminatissimas‚
1620 980 1801 1029 frequens
1837 989 2021 1028 corruptor
2043 985 2242 1027 juventutis

1212 1039 1345 1089 (pudet
1357 1042 1475 1075 dicere
1488 1041 1584 1087 quod
1595 1043 1632 1074 in
1646 1042 1769 1074 literas
1785 1040 1929 1074 Onesim
1935 1052 1975 1073 us
1988 1039 2145 1088 retulit),
2169 1044 2245 1087 ipse

1210 1110 1351 1145 quoque
1371 1100 1468 1134 male
1488 1111 1571 1133 usus
1582 1102 1692 1144 genio
1704 1110 1812 1133 sexus
1826 1101 1895 1132 sui.

1262 1157 1368 1191 Idem
1389 1158 1441 1193 ib.
1465 1169 1497 1192 c.
1538 1169 1579 1201 17
1606 1169 1614 1190 :
1637 1157 1945 1202 Audiebatpater
1976 1159 2054 1201 ejus
2078 1168 2161 1203 quae
2182 1157 2246 1190 ille

1199 1213 1365 1259 faceret,
1392 1223 1429 1250 et
1442 1215 1630 1250 clamabat
1648 1228 1660 1248 .·
1680 1230 1693 1245 τι
1714 1216 1794 1250 Non
1810 1222 1865 1249 est
1882 1227 1993 1249 meus.
2020 1231 2035 1245 »
2058 1215 2246 1250 Statuerat

1210 1273 1365 1320 denique
1382 1272 1630 1308 Constantium
1648 1271 1733 1320 (qui
1746 1280 1877 1320 postea
1893 1271 2023 1307 Coesar
2036 1271 2240 1317 estfactus‚

1211 1338 1293 1365 tunc
1312 1340 1432 1366 autem
1445 1332 1686 1379 praesidatum
1708 1331 1910 1365 Dalmatia?
1926 1329 2208 1366 administrabat
2231 1332 2240 1377 )

1211 1391 1246 1422 in
1265 1390 1379 1423 locum
1393 1392 1471 1434 ejus
1482 1389 1693 1434 subrogare,
1715 1389 1814 1435 quod
1825 1399 1931 1422 nemo
1947 1395 2030 1422 tunc
2049 1392 2110 1423 vir
2120 1390 2248 1423 melior

1211 1448 1422 1490 2·idebatur;
1441 1448 1542 1480 illum
1560 1459 1647 1481 vero
1665 1446 1675 1493 (
1690 1454 1729 1480 ut
1747 1446 1935 1480 Onesimus
1944 1447 2030 1480 dicit
2034 1446 2055 1495 )
2070 1447 2241 1481 occidere.

1302 1663 1660 1722 CLAUDIUS
1699 1662 2136 1719 EUSTHENES.

1265 1800 1363 1834 Flav.
1377 1798 1555 1846 Vopiscus
1573 1797 1611 1831 in
1624 1796 1757 1832 Carino
1782 1808 1813 1832 c.
1839 1795 1884 1830 18
1902 1808 1909 1830 ε
1932 1796 1999 1829 Hic
2023 1799 2128 1829 trium
2137 1799 2243 1842 prin-

1212 1861 1332 1904 cipum
1337 1857 1433 1900 finis
1447 1854 1540 1901 fuit,
1567 1854 1669 1897 Cari,
1697 1855 1915 1890 Numeriani
1928 1862 1964 1888 et
1989 1852 2116 1888 Carini
2138 1863 2245 1900 :post

1213 1928 1300 1962 quos
1313 1916 1576 1949 Diocletianum
1601 1921 1638 1947 et
1655 1913 1966 1947 Maximinianum
1991 1913 2174 1959 principes
2192 1913 2245 1946 clii

1213 1974 1402 2014 dederunt,
1429 1976 1626 2020 jungentes
1645 1971 1776 2005 talibus
1798 1972 1890 2005 viris
1913 1969 2100 2004 Galerium
2133 1977 2244 2016 atque

1215 2033 1503 2068 Constantium...
1518 2042 1666 2077 quorum
1690 2032 1805 2063 vitam
1830 2029 1984 2074 singulis
2008 2027 2104 2062 libris
2132 2027 2244 2062 Clau—

1212 2091 1292 2124 dius
1317 2088 1537 2124 Eusthenius
1565 2085 1613 2136 (l.
1645 2084 1884 2134 Eusffaenes),
1919 2087 1982 2132 qui
2015 2085 2244 2119 Diocletiano

1214 2148 1262 2181 ab
1287 2148 1451 2194 epistolis
1462 2144 1562 2190 filit,
1589 2148 1745 2191 scripsit.
1771 2143 1896 2179 Graece
1924 2141 2109 2188 scripserit
2127 2141 2242 2176 homo

1213 2206 1371 2241 Graecus.
