<?xml version="1.0" encoding="UTF-8"?>
<!DOCTYPE html PUBLIC "-//W3C//DTD XHTML 1.0 Transitional//EN"
    "http://www.w3.org/TR/xhtml1/DTD/xhtml1-transitional.dtd">
<html xmlns="http://www.w3.org/1999/xhtml" xml:lang="en" lang="en">
 <head>
  <title>
</title>
<meta http-equiv="Content-Type" content="text/html;charset=utf-8" />
  <meta name='ocr-system' content='tesseract 3.04.00' />
  <meta name='ocr-capabilities' content='ocr_page ocr_carea ocr_par ocr_line ocrx_word'/>
</head>
<body>
  <div class='ocr_page' id='page_1' title='image "./fragmentahistori03mueluoft_0020.png"; bbox 0 0 2289 3728; ppageno 0'>
   <div class='ocr_carea' id='block_1_1' title="bbox 14 144 1085 1306">
    <p class='ocr_par' dir='ltr' id='par_1_1' title="bbox 14 144 1085 729">
     <span class='ocr_line' id='line_1_1' title="bbox 55 144 98 173; baseline 0.023 -1"><span class='ocrx_word' id='word_1_1' title='bbox 55 144 65 172; x_wconf 87' lang='grc'>1</span> <span class='ocrx_word' id='word_1_2' title='bbox 79 146 98 173; x_wconf 85' lang='lat'>0</span> 
     </span>
     <span class='ocr_line' id='line_1_2' title="bbox 50 205 1080 260; baseline -0.01 -7"><span class='ocrx_word' id='word_1_3' title='bbox 50 219 172 260; x_wconf 84' lang='grc' dir='ltr'>ἄλλους</span> <span class='ocrx_word' id='word_1_4' title='bbox 191 209 295 260; x_wconf 68' lang='grc' dir='ltr'>εἶναι,</span> <span class='ocrx_word' id='word_1_5' title='bbox 320 211 352 250; x_wconf 84' lang='grc' dir='ltr'>οἳ</span> <span class='ocrx_word' id='word_1_6' title='bbox 379 210 434 248; x_wconf 81' lang='grc' dir='ltr'>τὸν</span> <span class='ocrx_word' id='word_1_7' title='bbox 454 208 586 258; x_wconf 82' lang='grc' dir='ltr'>πατέρα</span> <span class='ocrx_word' id='word_1_8' title='bbox 607 207 710 242; x_wconf 78' lang='grc' dir='ltr'>αὐτοῦ</span> <span class='ocrx_word' id='word_1_9' title='bbox 737 208 910 257; x_wconf 77' lang='grc' dir='ltr'>Τυρρηνὸν</span> <span class='ocrx_word' id='word_1_10' title='bbox 931 205 1080 258; x_wconf 56' lang='grc' dir='ltr'>ἀποφαί·</span> 
     </span>
     <span class='ocr_line' id='line_1_3' title="bbox 51 263 1083 320; baseline -0.012 -6"><span class='ocrx_word' id='word_1_11' title='bbox 51 276 263 320; x_wconf 79' lang='grc' dir='ltr'>νονται,τῶν</span> <span class='ocrx_word' id='word_1_12' title='bbox 290 270 350 315; x_wconf 73' lang='grc' dir='ltr'>τὴν</span> <span class='ocrx_word' id='word_1_13' title='bbox 377 271 516 316; x_wconf 64' lang='grc' dir='ltr'>Λῆμνον</span> <span class='ocrx_word' id='word_1_14' title='bbox 542 263 807 309; x_wconf 74' lang='grc' dir='ltr'>ἀποικησάντων</span> <span class='ocrx_word' id='word_1_15' title='bbox 835 266 897 313; x_wconf 83' lang='grc' dir='ltr'>(ν.</span> <span class='ocrx_word' id='word_1_16' title='bbox 928 268 1083 302; x_wconf 81' lang='lat' dir='ltr'>Aristot.</span> 
     </span>
     <span class='ocr_line' id='line_1_4' title="bbox 50 322 1084 380; baseline -0.012 -8"><span class='ocrx_word' id='word_1_17' title='bbox 50 336 95 372; x_wconf 83' lang='lat' dir='ltr'>fr.</span> <span class='ocrx_word' id='word_1_18' title='bbox 128 348 142 370; x_wconf 81' lang='lat' dir='ltr'>x</span> <span class='ocrx_word' id='word_1_19' title='bbox 162 335 188 380; x_wconf 84' lang='lat'>).</span> <span class='ocrx_word' id='word_1_20' title='bbox 216 332 388 369; x_wconf 78' lang='grc' dir='ltr'>Ἐντεῦθεν</span> <span class='ocrx_word' id='word_1_21' title='bbox 410 327 444 363; x_wconf 81' lang='grc' dir='ltr'>δὲ</span> <span class='ocrx_word' id='word_1_22' title='bbox 469 323 558 362; x_wconf 85' lang='grc' dir='ltr'>κατὰ</span> <span class='ocrx_word' id='word_1_23' title='bbox 577 322 699 374; x_wconf 80' lang='grc' dir='ltr'>πρᾶξιν</span> <span class='ocrx_word' id='word_1_24' title='bbox 725 324 771 364; x_wconf 84' lang='grc' dir='ltr'>εἰς</span> <span class='ocrx_word' id='word_1_25' title='bbox 796 322 916 372; x_wconf 82' lang='grc' dir='ltr'>Σάμον</span> <span class='ocrx_word' id='word_1_26' title='bbox 943 323 1084 360; x_wconf 77' lang='grc' dir='ltr'>ἐλθόντα</span> 
     </span>
     <span class='ocr_line' id='line_1_5' title="bbox 14 379 1085 439; baseline -0.01 -10"><span class='ocrx_word' id='word_1_27' title='bbox 14 426 22 435; x_wconf 82' lang='grc'><strong>,</strong></span> <span class='ocrx_word' id='word_1_28' title='bbox 51 397 255 439; x_wconf 82' lang='grc' dir='ltr'>καταμεῖναι</span> <span class='ocrx_word' id='word_1_29' title='bbox 275 388 332 424; x_wconf 71' lang='grc' dir='ltr'>καὶ</span> <span class='ocrx_word' id='word_1_30' title='bbox 353 384 455 421; x_wconf 74' lang='grc' dir='ltr'>ἀστὸν</span> <span class='ocrx_word' id='word_1_31' title='bbox 479 381 647 432; x_wconf 84' lang='grc' dir='ltr'>γενέσθαι.</span> <span class='ocrx_word' id='word_1_32' title='bbox 671 379 839 423; x_wconf 81' lang='grc' dir='ltr'>Πλέοντος</span> <span class='ocrx_word' id='word_1_33' title='bbox 857 380 891 417; x_wconf 78' lang='grc' dir='ltr'>δὲ</span> <span class='ocrx_word' id='word_1_34' title='bbox 908 384 966 418; x_wconf 85' lang='grc' dir='ltr'>τοῦ</span> <span class='ocrx_word' id='word_1_35' title='bbox 988 383 1085 426; x_wconf 80' lang='grc' dir='ltr'>Μνη-</span> 
     </span>
     <span class='ocr_line' id='line_1_6' title="bbox 50 438 1082 500; baseline -0.012 -14"><span class='ocrx_word' id='word_1_36' title='bbox 50 449 179 500; x_wconf 77' lang='grc' dir='ltr'>σάρχου</span> <span class='ocrx_word' id='word_1_37' title='bbox 207 448 252 489; x_wconf 83' lang='grc' dir='ltr'>εἰς</span> <span class='ocrx_word' id='word_1_38' title='bbox 279 444 339 489; x_wconf 65' lang='grc' dir='ltr'>τὴν</span> <span class='ocrx_word' id='word_1_39' title='bbox 373 441 538 487; x_wconf 82' lang='grc' dir='ltr'>Ἰταλίαν,</span> <span class='ocrx_word' id='word_1_40' title='bbox 570 438 840 497; x_wconf 52' lang='grc' dir='ltr'>συμπλεύσαντα</span> <span class='ocrx_word' id='word_1_41' title='bbox 876 439 1082 490; x_wconf 76' lang='grc' dir='ltr'>Πυθαγόραν</span> 
     </span>
     <span class='ocr_line' id='line_1_7' title="bbox 50 494 1085 549; baseline -0.01 -7"><span class='ocrx_word' id='word_1_42' title='bbox 50 505 120 542; x_wconf 90' lang='grc' dir='ltr'>νέον</span> <span class='ocrx_word' id='word_1_43' title='bbox 140 504 219 540; x_wconf 78' lang='grc' dir='ltr'>ὄντα</span> <span class='ocrx_word' id='word_1_44' title='bbox 240 501 388 549; x_wconf 65' lang='grc' dir='ltr'>κομιδῇ,</span> <span class='ocrx_word' id='word_1_45' title='bbox 416 496 545 548; x_wconf 75' lang='grc' dir='ltr'>σφόδρα</span> <span class='ocrx_word' id='word_1_46' title='bbox 566 499 670 533; x_wconf 79' lang='grc' dir='ltr'>οὖσαν</span> <span class='ocrx_word' id='word_1_47' title='bbox 694 495 906 545; x_wconf 46' lang='grc' dir='ltr'>εὐδαίμονῶ*</span> <span class='ocrx_word' id='word_1_48' title='bbox 932 496 991 533; x_wconf 76' lang='grc' dir='ltr'>καὶ</span> <span class='ocrx_word' id='word_1_49' title='bbox 1017 494 1085 532; x_wconf 84' lang='grc' dir='ltr'>τόθ’</span> 
     </span>
     <span class='ocr_line' id='line_1_8' title="bbox 50 554 1083 611; baseline -0.01 -12"><span class='ocrx_word' id='word_1_50' title='bbox 50 562 187 611; x_wconf 81' lang='grc' dir='ltr'>ὕστερον</span> <span class='ocrx_word' id='word_1_51' title='bbox 215 561 261 601; x_wconf 80' lang='grc' dir='ltr'>εἰς</span> <span class='ocrx_word' id='word_1_52' title='bbox 287 557 393 601; x_wconf 73' lang='grc' dir='ltr'>αὐτὴν</span> <span class='ocrx_word' id='word_1_53' title='bbox 415 556 644 593; x_wconf 87' lang='grc' dir='ltr'>ἀποπλεῦσαι.</span> <span class='ocrx_word' id='word_1_54' title='bbox 702 554 899 603; x_wconf 81' lang='grc' dir='ltr'>Καταλέγει</span> <span class='ocrx_word' id='word_1_55' title='bbox 925 554 952 590; x_wconf 78' lang='grc' dir='ltr'>δ’</span> <span class='ocrx_word' id='word_1_56' title='bbox 981 554 1083 590; x_wconf 75' lang='grc' dir='ltr'>αὐτοῦ</span> 
     </span>
     <span class='ocr_line' id='line_1_9' title="bbox 49 610 1083 668; baseline -0.01 -11"><span class='ocrx_word' id='word_1_57' title='bbox 49 621 107 657; x_wconf 82' lang='grc' dir='ltr'>καὶ</span> <span class='ocrx_word' id='word_1_58' title='bbox 131 616 294 668; x_wconf 61' lang='grc' dir='ltr'>ἀδελφοὺς</span> <span class='ocrx_word' id='word_1_59' title='bbox 315 614 396 664; x_wconf 75' lang='grc' dir='ltr'>δύο,</span> <span class='ocrx_word' id='word_1_60' title='bbox 417 613 588 652; x_wconf 79' lang='grc' dir='ltr'>Εὔνοστον</span> <span class='ocrx_word' id='word_1_61' title='bbox 605 612 665 650; x_wconf 81' lang='grc' dir='ltr'>καὶ</span> <span class='ocrx_word' id='word_1_62' title='bbox 688 612 865 664; x_wconf 77' lang='grc' dir='ltr'>Τυρρηνὸν</span> <span class='ocrx_word' id='word_1_63' title='bbox 890 610 1083 663; x_wconf 64' lang='grc' dir='ltr'>πρεσῧυτέ-</span> 
     </span>
     <span class='ocr_line' id='line_1_10' title="bbox 50 693 138 729; baseline 0.011 -15"><span class='ocrx_word' id='word_1_64' title='bbox 50 693 138 729; x_wconf 77' lang='grc' dir='ltr'>ρους.</span> 
     </span>
    </p>

    <p class='ocr_par' dir='ltr' id='par_1_2' title="bbox 47 728 1085 1306">
     <span class='ocr_line' id='line_1_11' title="bbox 104 728 1085 783; baseline -0.011 -10"><span class='ocrx_word' id='word_1_65' title='bbox 104 734 259 783; x_wconf 85' lang='grc' dir='ltr'>Πέμπτῳ</span> <span class='ocrx_word' id='word_1_66' title='bbox 280 731 445 781; x_wconf 77' lang='grc' dir='ltr'>μυθικῶν]</span> <span class='ocrx_word' id='word_1_67' title='bbox 464 744 504 768; x_wconf 86' lang='grc' dir='ltr'>π.</span> <span class='ocrx_word' id='word_1_68' title='bbox 526 732 772 780; x_wconf 69' lang='grc' dir='ltr'>Πυθαγορικῶν</span> <span class='ocrx_word' id='word_1_69' title='bbox 800 732 944 777; x_wconf 75' lang='lat' dir='ltr'>Menag.</span> <span class='ocrx_word' id='word_1_70' title='bbox 970 728 980 776; x_wconf 94' lang='lat'><strong>(</strong></span> <span class='ocrx_word' id='word_1_71' title='bbox 1001 729 1085 763; x_wconf 73' lang='lat' dir='ltr'>vide</span> 
     </span>
     <span class='ocr_line' id='line_1_12' title="bbox 49 789 1083 839; baseline -0.009 -10"><span class='ocrx_word' id='word_1_72' title='bbox 49 803 126 832; x_wconf 73' lang='lat' dir='ltr'>not.</span> <span class='ocrx_word' id='word_1_73' title='bbox 162 793 208 829; x_wconf 85' lang='lat' dir='ltr'>ad</span> <span class='ocrx_word' id='word_1_74' title='bbox 251 793 298 829; x_wconf 79' lang='lat' dir='ltr'>fr.</span> <span class='ocrx_word' id='word_1_75' title='bbox 343 790 433 839; x_wconf 84' lang='lat'>17);</span> <span class='ocrx_word' id='word_1_76' title='bbox 475 803 548 837; x_wconf 84' lang='lat' dir='ltr'>qua</span> <span class='ocrx_word' id='word_1_77' title='bbox 591 790 803 835; x_wconf 85' lang='lat' dir='ltr'>conjectura</span> <span class='ocrx_word' id='word_1_78' title='bbox 841 789 945 823; x_wconf 80' lang='lat' dir='ltr'>facile</span> <span class='ocrx_word' id='word_1_79' title='bbox 983 799 1083 821; x_wconf 82' lang='lat' dir='ltr'>care-</span> 
     </span>
     <span class='ocr_line' id='line_1_13' title="bbox 48 846 1084 898; baseline -0.009 -11"><span class='ocrx_word' id='word_1_80' title='bbox 48 866 140 887; x_wconf 84' lang='lat' dir='ltr'>mus.</span> <span class='ocrx_word' id='word_1_81' title='bbox 179 853 360 898; x_wconf 75' lang='lat' dir='ltr'>Syrorum</span> <span class='ocrx_word' id='word_1_82' title='bbox 391 850 533 884; x_wconf 81' lang='lat' dir='ltr'>fabulas</span> <span class='ocrx_word' id='word_1_83' title='bbox 562 862 581 883; x_wconf 86' lang='lat' dir='ltr'>a</span> <span class='ocrx_word' id='word_1_84' title='bbox 612 848 778 883; x_wconf 77' lang='lat' dir='ltr'>Neanthe</span> <span class='ocrx_word' id='word_1_85' title='bbox 806 847 977 881; x_wconf 78' lang='lat' dir='ltr'>collectas</span> <span class='ocrx_word' id='word_1_86' title='bbox 1008 846 1084 891; x_wconf 84' lang='lat' dir='ltr'>ipse</span> 
     </span>
     <span class='ocr_line' id='line_1_14' title="bbox 47 904 1083 958; baseline -0.01 -12"><span class='ocrx_word' id='word_1_87' title='bbox 47 911 275 958; x_wconf 77' lang='lat' dir='ltr'>Porphyrius</span> <span class='ocrx_word' id='word_1_88' title='bbox 290 922 358 944; x_wconf 89' lang='lat' dir='ltr'>nos</span> <span class='ocrx_word' id='word_1_89' title='bbox 375 909 485 944; x_wconf 86' lang='lat' dir='ltr'>docet</span> <span class='ocrx_word' id='word_1_90' title='bbox 505 908 634 954; x_wconf 78' lang='lat' dir='ltr'>fragm.</span> <span class='ocrx_word' id='word_1_91' title='bbox 658 906 676 941; x_wconf 86' lang='lat'>3</span> <span class='ocrx_word' id='word_1_92' title='bbox 688 919 698 939; x_wconf 90' lang='lat'>1</span> <span class='ocrx_word' id='word_1_93' title='bbox 716 933 724 949; x_wconf 90' lang='lat'>,</span> <span class='ocrx_word' id='word_1_94' title='bbox 745 906 806 940; x_wconf 89' lang='lat' dir='ltr'>ubi</span> <span class='ocrx_word' id='word_1_95' title='bbox 825 905 870 939; x_wconf 86' lang='lat' dir='ltr'>de</span> <span class='ocrx_word' id='word_1_96' title='bbox 888 904 985 950; x_wconf 66' lang='lat' dir='ltr'>Syris</span> <span class='ocrx_word' id='word_1_97' title='bbox 1004 905 1083 950; x_wconf 76' lang='lat' dir='ltr'>agi-</span> 
     </span>
     <span class='ocr_line' id='line_1_15' title="bbox 48 962 1084 1004; baseline -0.009 0"><span class='ocrx_word' id='word_1_98' title='bbox 48 976 108 1004; x_wconf 87' lang='lat' dir='ltr'>tur</span> <span class='ocrx_word' id='word_1_99' title='bbox 138 969 183 1003; x_wconf 89' lang='lat' dir='ltr'>ab</span> <span class='ocrx_word' id='word_1_100' title='bbox 210 981 272 1004; x_wconf 86' lang='lat' dir='ltr'>esu</span> <span class='ocrx_word' id='word_1_101' title='bbox 298 968 463 1003; x_wconf 85' lang='lat' dir='ltr'>carnium</span> <span class='ocrx_word' id='word_1_102' title='bbox 497 966 583 999; x_wconf 83' lang='lat' dir='ltr'>olim</span> <span class='ocrx_word' id='word_1_103' title='bbox 611 964 890 999; x_wconf 79' lang='lat' dir='ltr'>abstinentibus.</span> <span class='ocrx_word' id='word_1_104' title='bbox 922 962 987 997; x_wconf 68' lang='lat' dir='ltr'>Vel</span> <span class='ocrx_word' id='word_1_105' title='bbox 1012 962 1084 996; x_wconf 88' lang='lat' dir='ltr'>hoc</span> 
     </span>
     <span class='ocr_line' id='line_1_16' title="bbox 48 1022 1084 1072; baseline -0.011 -9"><span class='ocrx_word' id='word_1_106' title='bbox 48 1029 278 1063; x_wconf 84' lang='lat' dir='ltr'>occasionem</span> <span class='ocrx_word' id='word_1_107' title='bbox 305 1026 392 1061; x_wconf 86' lang='lat' dir='ltr'>dare</span> <span class='ocrx_word' id='word_1_108' title='bbox 417 1031 564 1072; x_wconf 83' lang='lat' dir='ltr'>poterat</span> <span class='ocrx_word' id='word_1_109' title='bbox 588 1030 630 1057; x_wconf 84' lang='lat' dir='ltr'>ut</span> <span class='ocrx_word' id='word_1_110' title='bbox 655 1023 701 1059; x_wconf 86' lang='lat' dir='ltr'>de</span> <span class='ocrx_word' id='word_1_111' title='bbox 724 1022 939 1068; x_wconf 73' lang='lat' dir='ltr'>Pythagorae</span> <span class='ocrx_word' id='word_1_112' title='bbox 974 1031 1084 1065; x_wconf 88' lang='lat' dir='ltr'>super</span> 
     </span>
     <span class='ocr_line' id='line_1_17' title="bbox 49 1077 1084 1131; baseline -0.01 -10"><span class='ocrx_word' id='word_1_113' title='bbox 49 1088 141 1121; x_wconf 82' lang='lat' dir='ltr'>lianc</span> <span class='ocrx_word' id='word_1_114' title='bbox 161 1098 240 1120; x_wconf 87' lang='lat' dir='ltr'>rem</span> <span class='ocrx_word' id='word_1_115' title='bbox 264 1085 428 1131; x_wconf 85' lang='lat' dir='ltr'>placitis,</span> <span class='ocrx_word' id='word_1_116' title='bbox 455 1083 576 1128; x_wconf 82' lang='lat' dir='ltr'>deque</span> <span class='ocrx_word' id='word_1_117' title='bbox 606 1081 813 1127; x_wconf 68' lang='lat' dir='ltr'>Pythagora</span> <span class='ocrx_word' id='word_1_118' title='bbox 839 1079 950 1125; x_wconf 74' lang='lat' dir='ltr'>Tyrio</span> <span class='ocrx_word' id='word_1_119' title='bbox 977 1077 1084 1112; x_wconf 82' lang='lat' dir='ltr'>Chal-</span> 
     </span>
     <span class='ocr_line' id='line_1_18' title="bbox 47 1138 1085 1190; baseline -0.01 -11"><span class='ocrx_word' id='word_1_120' title='bbox 47 1145 290 1190; x_wconf 70' lang='lat' dir='ltr'>daem-umque</span> <span class='ocrx_word' id='word_1_121' title='bbox 318 1143 468 1177; x_wconf 84' lang='lat' dir='ltr'>alumno</span> <span class='ocrx_word' id='word_1_122' title='bbox 491 1140 602 1174; x_wconf 67' lang='lat' dir='ltr'>xerba</span> <span class='ocrx_word' id='word_1_123' title='bbox 634 1139 780 1173; x_wconf 76' lang='lat' dir='ltr'>faceret.</span> <span class='ocrx_word' id='word_1_124' title='bbox 803 1138 974 1172; x_wconf 80' lang='lat' dir='ltr'>Ceterum</span> <span class='ocrx_word' id='word_1_125' title='bbox 995 1148 1085 1170; x_wconf 89' lang='lat' dir='ltr'>num</span> 
     </span>
     <span class='ocr_line' id='line_1_19' title="bbox 48 1194 1085 1247; baseline -0.009 -11"><span class='ocrx_word' id='word_1_126' title='bbox 48 1203 190 1243; x_wconf 83' lang='lat' dir='ltr'>omnia,</span> <span class='ocrx_word' id='word_1_127' title='bbox 210 1214 291 1247; x_wconf 82' lang='lat' dir='ltr'>‹111ae</span> <span class='ocrx_word' id='word_1_128' title='bbox 311 1212 355 1234; x_wconf 76' lang='lat' dir='ltr'>ex</span> <span class='ocrx_word' id='word_1_129' title='bbox 371 1198 536 1234; x_wconf 58' lang='lat' dir='ltr'>Kenutlie</span> <span class='ocrx_word' id='word_1_130' title='bbox 554 1198 590 1230; x_wconf 83' lang='lat' dir='ltr'>li.</span> <span class='ocrx_word' id='word_1_131' title='bbox 616 1197 639 1232; x_wconf 92' lang='lat' dir='ltr'>l.</span> <span class='ocrx_word' id='word_1_132' title='bbox 664 1196 802 1241; x_wconf 84' lang='lat' dir='ltr'>Porpli.</span> <span class='ocrx_word' id='word_1_133' title='bbox 820 1194 950 1237; x_wconf 81' lang='lat' dir='ltr'>affert,</span> <span class='ocrx_word' id='word_1_134' title='bbox 970 1194 1085 1228; x_wconf 78' lang='lat' dir='ltr'>exiis·</span> 
     </span>
     <span class='ocr_line' id='line_1_20' title="bbox 47 1250 1082 1306; baseline -0.01 -12"><span class='ocrx_word' id='word_1_135' title='bbox 47 1259 312 1306; x_wconf 65' lang='lat' dir='ltr'>demMythie-is</span> <span class='ocrx_word' id='word_1_136' title='bbox 328 1256 516 1299; x_wconf 80' lang='lat' dir='ltr'>ssnxerint3</span> <span class='ocrx_word' id='word_1_137' title='bbox 537 1267 657 1300; x_wconf 84' lang='lat' dir='ltr'>neque</span> <span class='ocrx_word' id='word_1_138' title='bbox 677 1266 771 1299; x_wconf 76' lang='lat' dir='ltr'>nego</span> <span class='ocrx_word' id='word_1_139' title='bbox 790 1264 908 1298; x_wconf 86' lang='lat' dir='ltr'>neque</span> <span class='ocrx_word' id='word_1_140' title='bbox 924 1250 1082 1288; x_wconf 84' lang='lat' dir='ltr'>affirmo.</span> 
     </span>
    </p>
   </div>
   <div class='ocr_carea' id='block_1_2' title="bbox 535 1347 597 1383">
    <p class='ocr_par' dir='ltr' id='par_1_3' title="bbox 535 1347 597 1383">
     <span class='ocr_line' id='line_1_21' title="bbox 535 1347 597 1383; baseline 0 -1"><span class='ocrx_word' id='word_1_141' title='bbox 535 1347 597 1383; x_wconf 83' lang='lat'>31.</span> 
     </span>
    </p>
   </div>
   <div class='ocr_carea' id='block_1_3' title="bbox 47 1438 1084 2072">
    <p class='ocr_par' dir='ltr' id='par_1_4' title="bbox 47 1438 1084 2072">
     <span class='ocr_line' id='line_1_22' title="bbox 101 1438 1083 1491; baseline -0.005 -12"><span class='ocrx_word' id='word_1_142' title='bbox 101 1444 329 1491; x_wconf 59' lang='lat' dir='ltr'>Porphy&#39;rIus</span> <span class='ocrx_word' id='word_1_143' title='bbox 342 1444 396 1477; x_wconf 88' lang='lat' dir='ltr'>De</span> <span class='ocrx_word' id='word_1_144' title='bbox 410 1442 539 1476; x_wconf 73' lang='lat' dir='ltr'>abstin.</span> <span class='ocrx_word' id='word_1_145' title='bbox 558 1442 620 1484; x_wconf 76' lang='lat' dir='ltr'>lv,</span> <span class='ocrx_word' id='word_1_146' title='bbox 636 1439 692 1485; x_wconf 80' lang='lat'>15,</span> <span class='ocrx_word' id='word_1_147' title='bbox 706 1453 745 1487; x_wconf 86' lang='lat' dir='ltr'>p.</span> <span class='ocrx_word' id='word_1_148' title='bbox 762 1438 834 1481; x_wconf 56' lang='lat'>345</span> <span class='ocrx_word' id='word_1_149' title='bbox 852 1438 912 1473; x_wconf 89' lang='lat' dir='ltr'>ed.</span> <span class='ocrx_word' id='word_1_150' title='bbox 929 1438 1056 1473; x_wconf 81' lang='lat' dir='ltr'>Roehr.</span> <span class='ocrx_word' id='word_1_151' title='bbox 1075 1448 1083 1474; x_wconf 73' lang='grc' dir='ltr'>ζ</span> 
     </span>
     <span class='ocr_line' id='line_1_23' title="bbox 51 1494 1084 1549; baseline -0.01 -10"><span class='ocrx_word' id='word_1_152' title='bbox 51 1500 120 1539; x_wconf 76' lang='grc' dir='ltr'>Καὶ</span> <span class='ocrx_word' id='word_1_153' title='bbox 139 1500 205 1549; x_wconf 79' lang='grc' dir='ltr'>μὴν</span> <span class='ocrx_word' id='word_1_154' title='bbox 223 1500 278 1537; x_wconf 73' lang='grc' dir='ltr'>καὶ</span> <span class='ocrx_word' id='word_1_155' title='bbox 296 1497 372 1540; x_wconf 72' lang='grc' dir='ltr'>τοὺς</span> <span class='ocrx_word' id='word_1_156' title='bbox 394 1498 523 1548; x_wconf 77' lang='grc' dir='ltr'>Σύρους</span> <span class='ocrx_word' id='word_1_157' title='bbox 539 1499 711 1548; x_wconf 82' lang='grc' dir='ltr'>ἱστοροῦσι</span> <span class='ocrx_word' id='word_1_158' title='bbox 733 1495 772 1532; x_wconf 82' lang='grc' dir='ltr'>τὸ</span> <span class='ocrx_word' id='word_1_159' title='bbox 789 1495 936 1531; x_wconf 77' lang='grc' dir='ltr'>παλαιὸν</span> <span class='ocrx_word' id='word_1_160' title='bbox 955 1494 1084 1545; x_wconf 72' lang='grc' dir='ltr'>ἀπέχε-</span> 
     </span>
     <span class='ocr_line' id='line_1_24' title="bbox 51 1553 1083 1608; baseline -0.006 -13"><span class='ocrx_word' id='word_1_161' title='bbox 51 1562 128 1596; x_wconf 85' lang='grc' dir='ltr'>σθαι</span> <span class='ocrx_word' id='word_1_162' title='bbox 157 1560 223 1595; x_wconf 88' lang='grc' dir='ltr'>τῶν</span> <span class='ocrx_word' id='word_1_163' title='bbox 249 1556 355 1608; x_wconf 81' lang='grc' dir='ltr'>ζῴων,</span> <span class='ocrx_word' id='word_1_164' title='bbox 384 1556 441 1593; x_wconf 79' lang='grc' dir='ltr'>καὶ</span> <span class='ocrx_word' id='word_1_165' title='bbox 469 1555 524 1592; x_wconf 79' lang='grc' dir='ltr'>διὰ</span> <span class='ocrx_word' id='word_1_166' title='bbox 549 1559 648 1592; x_wconf 85' lang='grc' dir='ltr'>τοῦτο</span> <span class='ocrx_word' id='word_1_167' title='bbox 671 1553 758 1603; x_wconf 74' lang='grc' dir='ltr'>μηδὲ</span> <span class='ocrx_word' id='word_1_168' title='bbox 779 1555 848 1596; x_wconf 48' lang='grc' dir='ltr'>ταῖς</span> <span class='ocrx_word' id='word_1_169' title='bbox 865 1554 949 1595; x_wconf 73' lang='grc' dir='ltr'>θεοῖς</span> <span class='ocrx_word' id='word_1_170' title='bbox 975 1555 1083 1590; x_wconf 86' lang='grc' dir='ltr'>θύειν·</span> 
     </span>
     <span class='ocr_line' id='line_1_25' title="bbox 48 1612 1084 1667; baseline -0.007 -13"><span class='ocrx_word' id='word_1_171' title='bbox 48 1617 187 1667; x_wconf 72' lang='grc' dir='ltr'>ὕστερον</span> <span class='ocrx_word' id='word_1_172' title='bbox 205 1615 239 1652; x_wconf 77' lang='grc' dir='ltr'>δὲ</span> <span class='ocrx_word' id='word_1_173' title='bbox 276 1619 356 1652; x_wconf 83' lang='grc' dir='ltr'>ῦσαι</span> <span class='ocrx_word' id='word_1_174' title='bbox 377 1614 438 1663; x_wconf 82' lang='grc' dir='ltr'>μὲν</span> <span class='ocrx_word' id='word_1_175' title='bbox 458 1616 502 1656; x_wconf 82' lang='grc' dir='ltr'>εἷς</span> <span class='ocrx_word' id='word_1_176' title='bbox 520 1612 719 1664; x_wconf 78' lang='grc' dir='ltr'>ἀποτροπήν</span> <span class='ocrx_word' id='word_1_177' title='bbox 740 1628 840 1649; x_wconf 86' lang='grc' dir='ltr'>τινων</span> <span class='ocrx_word' id='word_1_178' title='bbox 866 1614 1003 1658; x_wconf 79' lang='grc' dir='ltr'>κακῶν,</span> <span class='ocrx_word' id='word_1_179' title='bbox 1023 1612 1084 1647; x_wconf 82' lang='grc' dir='ltr'>αὐ-</span> 
     </span>
     <span class='ocr_line' id='line_1_26' title="bbox 48 1668 1083 1724; baseline -0.008 -12"><span class='ocrx_word' id='word_1_180' title='bbox 48 1674 123 1717; x_wconf 76' lang='grc' dir='ltr'>τοὺς</span> <span class='ocrx_word' id='word_1_181' title='bbox 138 1673 172 1711; x_wconf 80' lang='grc' dir='ltr'>δὲ</span> <span class='ocrx_word' id='word_1_182' title='bbox 187 1673 272 1724; x_wconf 73' lang='grc' dir='ltr'>μηδὲ</span> <span class='ocrx_word' id='word_1_183' title='bbox 286 1673 370 1714; x_wconf 54' lang='grc' dir='ltr'>Γ’ν’λως</span> <span class='ocrx_word' id='word_1_184' title='bbox 384 1672 584 1723; x_wconf 71' lang='grc' dir='ltr'>προσίεσθαι</span> <span class='ocrx_word' id='word_1_185' title='bbox 596 1670 657 1716; x_wconf 77' lang='grc' dir='ltr'>τὴν</span> <span class='ocrx_word' id='word_1_186' title='bbox 673 1669 923 1722; x_wconf 76' lang='grc' dir='ltr'>σαρκοφαγίαν.</span> <span class='ocrx_word' id='word_1_187' title='bbox 943 1668 1083 1720; x_wconf 84' lang='grc' dir='ltr'>Προϊόν-</span> 
     </span>
     <span class='ocr_line' id='line_1_27' title="bbox 47 1725 1082 1782; baseline -0.008 -12"><span class='ocrx_word' id='word_1_188' title='bbox 47 1749 101 1776; x_wconf 80' lang='grc' dir='ltr'>τος</span> <span class='ocrx_word' id='word_1_189' title='bbox 120 1732 155 1769; x_wconf 78' lang='grc' dir='ltr'>δὲ</span> <span class='ocrx_word' id='word_1_190' title='bbox 183 1735 242 1769; x_wconf 81' lang='grc' dir='ltr'>τοῦ</span> <span class='ocrx_word' id='word_1_191' title='bbox 263 1731 404 1782; x_wconf 73' lang='grc' dir='ltr'>χρόνου,</span> <span class='ocrx_word' id='word_1_192' title='bbox 432 1729 475 1773; x_wconf 81' lang='grc' dir='ltr'>ὥς</span> <span class='ocrx_word' id='word_1_193' title='bbox 496 1746 578 1782; x_wconf 65' lang='grc' dir='ltr'>φησι</span> <span class='ocrx_word' id='word_1_194' title='bbox 604 1729 757 1774; x_wconf 78' lang='grc' dir='ltr'>Νεάνθης</span> <span class='ocrx_word' id='word_1_195' title='bbox 777 1731 793 1765; x_wconf 82' lang='grc' dir='ltr'>ὁ</span> <span class='ocrx_word' id='word_1_196' title='bbox 817 1726 1004 1773; x_wconf 73' lang='grc' dir='ltr'>Κυζικηνὸς</span> <span class='ocrx_word' id='word_1_197' title='bbox 1024 1725 1082 1763; x_wconf 76' lang='grc' dir='ltr'>καὶ</span> 
     </span>
     <span class='ocr_line' id='line_1_28' title="bbox 49 1784 1084 1840; baseline -0.008 -12"><span class='ocrx_word' id='word_1_198' title='bbox 49 1790 292 1835; x_wconf 73' lang='grc' dir='ltr'>Ἀσκλεπιάδης</span> <span class='ocrx_word' id='word_1_199' title='bbox 308 1791 324 1826; x_wconf 81' lang='grc' dir='ltr'>ὅ</span> <span class='ocrx_word' id='word_1_200' title='bbox 344 1788 512 1840; x_wconf 75' lang='grc' dir='ltr'>Κύπριος,</span> <span class='ocrx_word' id='word_1_201' title='bbox 529 1786 618 1824; x_wconf 75' lang='grc' dir='ltr'>κατὰ</span> <span class='ocrx_word' id='word_1_202' title='bbox 638 1785 876 1836; x_wconf 78' lang='grc' dir='ltr'>Πυγμαλίωνα</span> <span class='ocrx_word' id='word_1_203' title='bbox 888 1815 897 1832; x_wconf 86' lang='grc'>,</span> <span class='ocrx_word' id='word_1_204' title='bbox 918 1784 974 1822; x_wconf 72' lang='grc' dir='ltr'>τὸν</span> <span class='ocrx_word' id='word_1_205' title='bbox 992 1786 1084 1834; x_wconf 86' lang='grc' dir='ltr'>γένει</span> 
     </span>
     <span class='ocr_line' id='line_1_29' title="bbox 48 1843 1079 1897; baseline -0.006 -12"><span class='ocrx_word' id='word_1_206' title='bbox 48 1849 108 1897; x_wconf 75' lang='grc' dir='ltr'>μὲν</span> <span class='ocrx_word' id='word_1_207' title='bbox 128 1849 277 1887; x_wconf 77' lang='grc' dir='ltr'>Φοίνικα</span> <span class='ocrx_word' id='word_1_208' title='bbox 300 1847 553 1896; x_wconf 80' lang='grc' dir='ltr'>βασιλεύσαντα</span> <span class='ocrx_word' id='word_1_209' title='bbox 572 1845 606 1882; x_wconf 76' lang='grc' dir='ltr'>δὲ</span> <span class='ocrx_word' id='word_1_210' title='bbox 627 1845 804 1897; x_wconf 79' lang='grc' dir='ltr'>Κυπρίων,</span> <span class='ocrx_word' id='word_1_211' title='bbox 824 1843 885 1889; x_wconf 74' lang='grc' dir='ltr'>τὴν</span> <span class='ocrx_word' id='word_1_212' title='bbox 904 1858 1079 1895; x_wconf 63' lang='grc' dir='ltr'>σαρκορα-</span> 
     </span>
     <span class='ocr_line' id='line_1_30' title="bbox 47 1901 1081 1957; baseline -0.006 -14"><span class='ocrx_word' id='word_1_213' title='bbox 47 1906 393 1957; x_wconf 77' lang='grc' dir='ltr'>γίανπαραδεχθῆναι</span> <span class='ocrx_word' id='word_1_214' title='bbox 411 1905 449 1940; x_wconf 81' lang='grc' dir='ltr'>ἐκ</span> <span class='ocrx_word' id='word_1_215' title='bbox 470 1907 528 1949; x_wconf 70' lang='grc' dir='ltr'>τῆς</span> <span class='ocrx_word' id='word_1_216' title='bbox 549 1901 708 1948; x_wconf 83' lang='grc' dir='ltr'>τοιαύτης</span> <span class='ocrx_word' id='word_1_217' title='bbox 728 1901 958 1952; x_wconf 84' lang='grc' dir='ltr'>παρανομίας.</span> <span class='ocrx_word' id='word_1_218' title='bbox 981 1901 1081 1950; x_wconf 81' lang='grc' dir='ltr'>Λέγει</span> 
     </span>
     <span class='ocr_line' id='line_1_31' title="bbox 47 1959 1082 2012; baseline -0.006 -11"><span class='ocrx_word' id='word_1_219' title='bbox 47 1965 81 2000; x_wconf 80' lang='grc' dir='ltr'>δὲ</span> <span class='ocrx_word' id='word_1_220' title='bbox 107 1967 124 2001; x_wconf 85' lang='grc' dir='ltr'>ὁ</span> <span class='ocrx_word' id='word_1_221' title='bbox 148 1963 400 2008; x_wconf 75' lang='grc' dir='ltr'>Ἀσκληπιάδης</span> <span class='ocrx_word' id='word_1_222' title='bbox 425 1964 458 1999; x_wconf 81' lang='grc' dir='ltr'>ἐν</span> <span class='ocrx_word' id='word_1_223' title='bbox 477 1964 523 2012; x_wconf 78' lang='grc' dir='ltr'>τῷ</span> <span class='ocrx_word' id='word_1_224' title='bbox 542 1960 630 2012; x_wconf 80' lang='grc' dir='ltr'>Περὶ</span> <span class='ocrx_word' id='word_1_225' title='bbox 662 1960 802 2011; x_wconf 81' lang='grc' dir='ltr'>Κύπρου</span> <span class='ocrx_word' id='word_1_226' title='bbox 830 1959 888 1999; x_wconf 84' lang='grc' dir='ltr'>καὶ</span> <span class='ocrx_word' id='word_1_227' title='bbox 913 1959 1082 2004; x_wconf 78' lang='grc' dir='ltr'>Φοινίκη-ς</span> 
     </span>
     <span class='ocr_line' id='line_1_32' title="bbox 47 2016 1077 2072; baseline -0.006 -13"><span class='ocrx_word' id='word_1_228' title='bbox 47 2026 153 2059; x_wconf 86' lang='grc' dir='ltr'>ταῦτα</span> <span class='ocrx_word' id='word_1_229' title='bbox 168 2037 175 2045; x_wconf 85' lang='grc'><em>·</em></span> <span class='ocrx_word' id='word_1_230' title='bbox 189 2041 203 2055; x_wconf 90' lang='lat'>«</span> <span class='ocrx_word' id='word_1_231' title='bbox 219 2022 269 2060; x_wconf 79' lang='grc' dir='ltr'>Τὸ</span> <span class='ocrx_word' id='word_1_232' title='bbox 286 2021 347 2071; x_wconf 79' lang='grc' dir='ltr'>μὲν</span> <span class='ocrx_word' id='word_1_233' title='bbox 362 2021 426 2072; x_wconf 84' lang='grc' dir='ltr'>γὰρ</span> <span class='ocrx_word' id='word_1_234' title='bbox 444 2022 577 2072; x_wconf 87' lang='grc' dir='ltr'>πρῶτον</span> <span class='ocrx_word' id='word_1_235' title='bbox 591 2021 651 2057; x_wconf 84' lang='grc' dir='ltr'>οὐκ</span> <span class='ocrx_word' id='word_1_236' title='bbox 662 2019 778 2056; x_wconf 82' lang='grc' dir='ltr'>ἐθύετο</span> <span class='ocrx_word' id='word_1_237' title='bbox 795 2023 865 2061; x_wconf 88' lang='grc' dir='ltr'>τοῖς</span> <span class='ocrx_word' id='word_1_238' title='bbox 881 2021 966 2060; x_wconf 87' lang='grc' dir='ltr'>θεοῖς</span> <span class='ocrx_word' id='word_1_239' title='bbox 982 2016 1077 2054; x_wconf 75' lang='grc' dir='ltr'>οὐδὲν</span> 
     </span>
    </p>
   </div>
   <div class='ocr_carea' id='block_1_4' title="bbox 852 119 1374 159">
    <p class='ocr_par' dir='ltr' id='par_1_5' title="bbox 852 119 1374 159">
     <span class='ocr_line' id='line_1_33' title="bbox 852 119 1374 159; baseline 0.004 -3"><span class='ocrx_word' id='word_1_240' title='bbox 852 120 1112 159; x_wconf 82' lang='lat' dir='ltr'>NEANTHIS</span> <span class='ocrx_word' id='word_1_241' title='bbox 1143 119 1374 159; x_wconf 74' lang='lat' dir='ltr'>CYZICENI</span> 
     </span>
    </p>
   </div>
   <div class='ocr_carea' id='block_1_5' title="bbox 1144 198 2191 1588">
    <p class='ocr_par' dir='ltr' id='par_1_6' title="bbox 1145 198 2190 1361">
     <span class='ocr_line' id='line_1_34' title="bbox 1148 198 2185 259; baseline 0 -16"><span class='ocrx_word' id='word_1_242' title='bbox 1148 206 1316 258; x_wconf 72' lang='grc' dir='ltr'>ἔμψυχον,</span> <span class='ocrx_word' id='word_1_243' title='bbox 1337 206 1413 243; x_wconf 78' lang='grc' dir='ltr'>ἀλλ’</span> <span class='ocrx_word' id='word_1_244' title='bbox 1429 204 1504 242; x_wconf 78' lang='grc' dir='ltr'>οὐδὲ</span> <span class='ocrx_word' id='word_1_245' title='bbox 1526 204 1625 252; x_wconf 87' lang='grc' dir='ltr'>νόμος</span> <span class='ocrx_word' id='word_1_246' title='bbox 1644 198 1684 249; x_wconf 63' lang='grc' dir='ltr'>ἦν</span> <span class='ocrx_word' id='word_1_247' title='bbox 1709 203 1789 255; x_wconf 80' lang='grc' dir='ltr'>περὶ</span> <span class='ocrx_word' id='word_1_248' title='bbox 1810 203 1931 241; x_wconf 84' lang='grc' dir='ltr'>τούτου</span> <span class='ocrx_word' id='word_1_249' title='bbox 1949 204 2005 242; x_wconf 83' lang='grc' dir='ltr'>διὰ</span> <span class='ocrx_word' id='word_1_250' title='bbox 2026 206 2064 243; x_wconf 88' lang='grc' dir='ltr'>τὸ</span> <span class='ocrx_word' id='word_1_251' title='bbox 2089 206 2185 259; x_wconf 82' lang='grc' dir='ltr'>νόμῳ</span> 
     </span>
     <span class='ocr_line' id='line_1_35' title="bbox 1149 261 2184 316; baseline 0.001 -15"><span class='ocrx_word' id='word_1_252' title='bbox 1149 267 1282 316; x_wconf 68' lang='grc' dir='ltr'>φυσικῷ</span> <span class='ocrx_word' id='word_1_253' title='bbox 1298 265 1537 301; x_wconf 83' lang='grc' dir='ltr'>κεκωλῦσθαι·</span> <span class='ocrx_word' id='word_1_254' title='bbox 1560 261 1625 298; x_wconf 82' lang='grc' dir='ltr'>ὑπὸ</span> <span class='ocrx_word' id='word_1_255' title='bbox 1641 261 1676 297; x_wconf 85' lang='grc' dir='ltr'>δέ</span> <span class='ocrx_word' id='word_1_256' title='bbox 1699 276 1793 303; x_wconf 88' lang='grc' dir='ltr'>τινας</span> <span class='ocrx_word' id='word_1_257' title='bbox 1817 261 1955 312; x_wconf 77' lang='grc' dir='ltr'>καιροὺς</span> <span class='ocrx_word' id='word_1_258' title='bbox 1976 265 2111 315; x_wconf 87' lang='grc' dir='ltr'>πρῶτον</span> <span class='ocrx_word' id='word_1_259' title='bbox 2134 267 2184 302; x_wconf 72' lang='lat' dir='ltr'>ie-</span> 
     </span>
     <span class='ocr_line' id='line_1_36' title="bbox 1150 317 2184 372; baseline 0 -14"><span class='ocrx_word' id='word_1_260' title='bbox 1150 327 1236 372; x_wconf 88' lang='grc' dir='ltr'>ρεῑον</span> <span class='ocrx_word' id='word_1_261' title='bbox 1252 325 1349 358; x_wconf 83' lang='grc' dir='ltr'>θῦσαι</span> <span class='ocrx_word' id='word_1_262' title='bbox 1371 319 1575 370; x_wconf 86' lang='grc' dir='ltr'>μυθεύονται</span> <span class='ocrx_word' id='word_1_263' title='bbox 1594 317 1708 370; x_wconf 77' lang='grc' dir='ltr'>ψυχὴν</span> <span class='ocrx_word' id='word_1_264' title='bbox 1727 318 1802 355; x_wconf 79' lang='grc' dir='ltr'>ἀντὶ</span> <span class='ocrx_word' id='word_1_265' title='bbox 1815 320 1928 371; x_wconf 72' lang='grc' dir='ltr'>ψυχῆς</span> <span class='ocrx_word' id='word_1_266' title='bbox 1943 321 2162 369; x_wconf 82' lang='grc' dir='ltr'>αἰτουμένους</span> <span class='ocrx_word' id='word_1_267' title='bbox 2173 352 2184 371; x_wconf 83' lang='lat'>,</span> 
     </span>
     <span class='ocr_line' id='line_1_37' title="bbox 1149 374 2185 430; baseline -0.001 -13"><span class='ocrx_word' id='word_1_268' title='bbox 1149 374 1222 417; x_wconf 70' lang='grc' dir='ltr'>εἶτα</span> <span class='ocrx_word' id='word_1_269' title='bbox 1236 379 1356 416; x_wconf 84' lang='grc' dir='ltr'>τούτου</span> <span class='ocrx_word' id='word_1_270' title='bbox 1370 376 1554 428; x_wconf 81' lang='grc' dir='ltr'>γενομένου</span> <span class='ocrx_word' id='word_1_271' title='bbox 1568 376 1798 421; x_wconf 81' lang='grc' dir='ltr'>ὁλοκαυτίζειν</span> <span class='ocrx_word' id='word_1_272' title='bbox 1812 376 1850 414; x_wconf 84' lang='grc' dir='ltr'>τὸ</span> <span class='ocrx_word' id='word_1_273' title='bbox 1863 376 1975 415; x_wconf 86' lang='grc' dir='ltr'>τυθέν.</span> <span class='ocrx_word' id='word_1_274' title='bbox 2014 376 2185 430; x_wconf 77' lang='grc' dir='ltr'>Ἵ“στερον</span> 
     </span>
     <span class='ocr_line' id='line_1_38' title="bbox 1149 433 2184 487; baseline -0.001 -13"><span class='ocrx_word' id='word_1_275' title='bbox 1149 438 1185 474; x_wconf 78' lang='grc' dir='ltr'>δέ</span> <span class='ocrx_word' id='word_1_276' title='bbox 1209 451 1292 473; x_wconf 86' lang='grc' dir='ltr'>ποτε</span> <span class='ocrx_word' id='word_1_277' title='bbox 1310 434 1519 487; x_wconf 81' lang='grc' dir='ltr'>φλεγομένου</span> <span class='ocrx_word' id='word_1_278' title='bbox 1543 438 1602 472; x_wconf 86' lang='grc' dir='ltr'>τοῦ</span> <span class='ocrx_word' id='word_1_279' title='bbox 1626 433 1749 486; x_wconf 84' lang='grc' dir='ltr'>ἱερείου</span> <span class='ocrx_word' id='word_1_280' title='bbox 1775 435 1892 472; x_wconf 86' lang='grc' dir='ltr'>πεσεῖν</span> <span class='ocrx_word' id='word_1_281' title='bbox 1911 436 2023 486; x_wconf 81' lang='grc' dir='ltr'>σάρκα</span> <span class='ocrx_word' id='word_1_282' title='bbox 2038 438 2085 479; x_wconf 87' lang='grc' dir='ltr'>εἷς</span> <span class='ocrx_word' id='word_1_283' title='bbox 2105 439 2184 486; x_wconf 74' lang='grc' dir='ltr'>γῆν,</span> 
     </span>
     <span class='ocr_line' id='line_1_39' title="bbox 1147 492 2187 545; baseline 0 -14"><span class='ocrx_word' id='word_1_284' title='bbox 1147 496 1189 540; x_wconf 74' lang='grc' dir='ltr'>ἢν</span> <span class='ocrx_word' id='word_1_285' title='bbox 1213 493 1378 531; x_wconf 78' lang='grc' dir='ltr'>ἀνελόντα</span> <span class='ocrx_word' id='word_1_286' title='bbox 1401 493 1459 530; x_wconf 75' lang='grc' dir='ltr'>τὸν</span> <span class='ocrx_word' id='word_1_287' title='bbox 1483 492 1577 545; x_wconf 80' lang='grc' dir='ltr'>ἱερέα</span> <span class='ocrx_word' id='word_1_288' title='bbox 1600 493 1660 530; x_wconf 81' lang='grc' dir='ltr'>καὶ</span> <span class='ocrx_word' id='word_1_289' title='bbox 1679 493 1968 542; x_wconf 85' lang='grc' dir='ltr'>κατακαιόμενον,</span> <span class='ocrx_word' id='word_1_290' title='bbox 1988 493 2187 540; x_wconf 65' lang='grc' dir='ltr'>ἀὲουλήτως</span> 
     </span>
     <span class='ocr_line' id='line_1_40' title="bbox 1148 550 2185 604; baseline 0.001 -16"><span class='ocrx_word' id='word_1_291' title='bbox 1148 557 1379 604; x_wconf 83' lang='grc' dir='ltr'>προσαγαγεῖν</span> <span class='ocrx_word' id='word_1_292' title='bbox 1409 553 1459 604; x_wconf 78' lang='grc' dir='ltr'>τῷ</span> <span class='ocrx_word' id='word_1_293' title='bbox 1494 551 1641 600; x_wconf 86' lang='grc' dir='ltr'>στόματι</span> <span class='ocrx_word' id='word_1_294' title='bbox 1668 550 1746 594; x_wconf 74' lang='grc' dir='ltr'>τοὺς</span> <span class='ocrx_word' id='word_1_295' title='bbox 1781 551 1968 595; x_wconf 84' lang='grc' dir='ltr'>δακτύλους</span> <span class='ocrx_word' id='word_1_296' title='bbox 1996 552 2185 602; x_wconf 77' lang='grc' dir='ltr'>οἰκούμενον</span> 
     </span>
     <span class='ocr_line' id='line_1_41' title="bbox 1147 609 2185 660; baseline 0.001 -13"><span class='ocrx_word' id='word_1_297' title='bbox 1147 611 1208 656; x_wconf 74' lang='grc' dir='ltr'>τὴν</span> <span class='ocrx_word' id='word_1_298' title='bbox 1225 610 1438 647; x_wconf 87' lang='grc' dir='ltr'>κατάκαυσιν</span> <span class='ocrx_word' id='word_1_299' title='bbox 1451 624 1460 632; x_wconf 84' lang='grc'><em>·</em></span> <span class='ocrx_word' id='word_1_300' title='bbox 1480 609 1688 660; x_wconf 82' lang='grc' dir='ltr'>γευσάμενον</span> <span class='ocrx_word' id='word_1_301' title='bbox 1707 609 1742 646; x_wconf 78' lang='grc' dir='ltr'>δὲ</span> <span class='ocrx_word' id='word_1_302' title='bbox 1761 612 1820 655; x_wconf 71' lang='grc' dir='ltr'>τῆς</span> <span class='ocrx_word' id='word_1_303' title='bbox 1837 609 1998 657; x_wconf 83' lang='grc' dir='ltr'>κνίσσης,</span> <span class='ocrx_word' id='word_1_304' title='bbox 2015 611 2185 660; x_wconf 76' lang='grc' dir='ltr'>ἐπιθυμῆ-</span> 
     </span>
     <span class='ocr_line' id='line_1_42' title="bbox 1147 667 2188 719; baseline 0 -14"><span class='ocrx_word' id='word_1_305' title='bbox 1147 685 1205 705; x_wconf 88' lang='grc' dir='ltr'>σαι</span> <span class='ocrx_word' id='word_1_306' title='bbox 1225 668 1283 706; x_wconf 78' lang='grc' dir='ltr'>καὶ</span> <span class='ocrx_word' id='word_1_307' title='bbox 1311 667 1358 717; x_wconf 79' lang='grc' dir='ltr'>μὴ</span> <span class='ocrx_word' id='word_1_308' title='bbox 1386 667 1620 719; x_wconf 76' lang='grc' dir='ltr'>ἀποσχέσθαι,</span> <span class='ocrx_word' id='word_1_309' title='bbox 1645 667 1736 705; x_wconf 80' lang='grc' dir='ltr'>ἀλλὰ</span> <span class='ocrx_word' id='word_1_310' title='bbox 1763 668 1824 706; x_wconf 81' lang='grc' dir='ltr'>καὶ</span> <span class='ocrx_word' id='word_1_311' title='bbox 1844 671 1886 717; x_wconf 71' lang='grc' dir='ltr'>τῇ</span> <span class='ocrx_word' id='word_1_312' title='bbox 1913 668 2050 718; x_wconf 85' lang='grc' dir='ltr'>γυναικὶ</span> <span class='ocrx_word' id='word_1_313' title='bbox 2075 684 2188 718; x_wconf 88' lang='grc' dir='ltr'>μετα-</span> 
     </span>
     <span class='ocr_line' id='line_1_43' title="bbox 1337 725 2186 777; baseline 0 -13"><span class='ocrx_word' id='word_1_314' title='bbox 1337 726 1467 765; x_wconf 89' lang='grc' dir='ltr'>Γνόντα</span> <span class='ocrx_word' id='word_1_315' title='bbox 1493 725 1529 764; x_wconf 79' lang='grc' dir='ltr'>δὲ</span> <span class='ocrx_word' id='word_1_316' title='bbox 1553 730 1652 764; x_wconf 87' lang='grc' dir='ltr'>τοῦτο</span> <span class='ocrx_word' id='word_1_317' title='bbox 1676 726 1734 764; x_wconf 82' lang='grc' dir='ltr'>τὸν</span> <span class='ocrx_word' id='word_1_318' title='bbox 1761 728 2000 777; x_wconf 88' lang='grc' dir='ltr'>Πυγμαλίωνα</span> <span class='ocrx_word' id='word_1_319' title='bbox 2024 728 2126 764; x_wconf 80' lang='grc' dir='ltr'>αὐτόν</span> <span class='ocrx_word' id='word_1_320' title='bbox 2150 743 2186 764; x_wconf 82' lang='grc' dir='ltr'>τε</span> 
     </span>
     <span class='ocr_line' id='line_1_44' title="bbox 1147 783 2188 837; baseline -0.001 -15"><span class='ocrx_word' id='word_1_321' title='bbox 1147 785 1206 822; x_wconf 75' lang='grc' dir='ltr'>καὶ</span> <span class='ocrx_word' id='word_1_322' title='bbox 1221 785 1283 830; x_wconf 78' lang='grc' dir='ltr'>τὴν</span> <span class='ocrx_word' id='word_1_323' title='bbox 1299 789 1447 834; x_wconf 85' lang='grc' dir='ltr'>γυναῖκα</span> <span class='ocrx_word' id='word_1_324' title='bbox 1467 783 1558 821; x_wconf 84' lang='grc' dir='ltr'>κατὰ</span> <span class='ocrx_word' id='word_1_325' title='bbox 1582 786 1746 835; x_wconf 83' lang='grc' dir='ltr'>κρημνῶν</span> <span class='ocrx_word' id='word_1_326' title='bbox 1763 786 1922 836; x_wconf 79' lang='grc' dir='ltr'>ἀφεῖναι,</span> <span class='ocrx_word' id='word_1_327' title='bbox 1942 785 2047 837; x_wconf 80' lang='grc' dir='ltr'>ἑτέρῳ</span> <span class='ocrx_word' id='word_1_328' title='bbox 2073 784 2108 822; x_wconf 82' lang='grc' dir='ltr'>δὲ</span> <span class='ocrx_word' id='word_1_329' title='bbox 2124 784 2188 830; x_wconf 83' lang='grc' dir='ltr'>τὴν</span> 
     </span>
     <span class='ocr_line' id='line_1_45' title="bbox 1146 841 2187 895; baseline -0.001 -15"><span class='ocrx_word' id='word_1_330' title='bbox 1146 842 1334 895; x_wconf 82' lang='grc' dir='ltr'>ἱερωσύνην</span> <span class='ocrx_word' id='word_1_331' title='bbox 1353 843 1582 892; x_wconf 80' lang='grc' dir='ltr'>παραδοῦναι·</span> <span class='ocrx_word' id='word_1_332' title='bbox 1603 841 1636 884; x_wconf 80' lang='grc' dir='ltr'>ὃς</span> <span class='ocrx_word' id='word_1_333' title='bbox 1652 843 1690 879; x_wconf 80' lang='grc' dir='ltr'>οὗ</span> <span class='ocrx_word' id='word_1_334' title='bbox 1702 843 1831 879; x_wconf 81' lang='grc' dir='ltr'>πολλοῦ</span> <span class='ocrx_word' id='word_1_335' title='bbox 1849 843 1973 894; x_wconf 77' lang='grc' dir='ltr'>χρόνου</span> <span class='ocrx_word' id='word_1_336' title='bbox 1993 842 2187 880; x_wconf 61' lang='grc' dir='ltr'>διαλείπονο</span> 
     </span>
     <span class='ocr_line' id='line_1_46' title="bbox 1145 899 2187 951; baseline -0.001 -12"><span class='ocrx_word' id='word_1_337' title='bbox 1145 917 1200 945; x_wconf 86' lang='grc' dir='ltr'>τος</span> <span class='ocrx_word' id='word_1_338' title='bbox 1222 901 1284 947; x_wconf 87' lang='grc' dir='ltr'>τὴν</span> <span class='ocrx_word' id='word_1_339' title='bbox 1304 900 1367 950; x_wconf 85' lang='grc' dir='ltr'>μὲν</span> <span class='ocrx_word' id='word_1_340' title='bbox 1388 899 1494 946; x_wconf 82' lang='grc' dir='ltr'>αὐτὴν</span> <span class='ocrx_word' id='word_1_341' title='bbox 1518 899 1637 938; x_wconf 87' lang='grc' dir='ltr'>θυσίαν</span> <span class='ocrx_word' id='word_1_342' title='bbox 1665 899 1783 951; x_wconf 79' lang='grc' dir='ltr'>ἔτυχεν</span> <span class='ocrx_word' id='word_1_343' title='bbox 1810 901 2036 950; x_wconf 82' lang='grc' dir='ltr'>ποιούμενος,</span> <span class='ocrx_word' id='word_1_344' title='bbox 2053 901 2127 939; x_wconf 84' lang='grc' dir='ltr'>ἐπεὶ</span> <span class='ocrx_word' id='word_1_345' title='bbox 2152 900 2187 939; x_wconf 80' lang='grc' dir='ltr'>δὲ</span> 
     </span>
     <span class='ocr_line' id='line_1_47' title="bbox 1146 958 2185 1011; baseline -0.001 -14"><span class='ocrx_word' id='word_1_346' title='bbox 1146 963 1213 997; x_wconf 85' lang='grc' dir='ltr'>τῶν</span> <span class='ocrx_word' id='word_1_347' title='bbox 1236 961 1348 997; x_wconf 82' lang='grc' dir='ltr'>αὐτῶν</span> <span class='ocrx_word' id='word_1_348' title='bbox 1368 961 1477 1009; x_wconf 78' lang='grc' dir='ltr'>κρεῶν</span> <span class='ocrx_word' id='word_1_349' title='bbox 1495 958 1613 1010; x_wconf 72' lang='grc' dir='ltr'>ἔφαγε,</span> <span class='ocrx_word' id='word_1_350' title='bbox 1628 959 1701 1001; x_wconf 79' lang='grc' dir='ltr'>ταῖς</span> <span class='ocrx_word' id='word_1_351' title='bbox 1717 960 1837 1002; x_wconf 82' lang='grc' dir='ltr'>αὐταῖς</span> <span class='ocrx_word' id='word_1_352' title='bbox 1856 959 1975 1010; x_wconf 82' lang='grc' dir='ltr'>ἐκείνῳ</span> <span class='ocrx_word' id='word_1_353' title='bbox 1993 959 2185 1011; x_wconf 82' lang='grc' dir='ltr'>συμφοραῖς</span> 
     </span>
     <span class='ocr_line' id='line_1_48' title="bbox 1442 1015 2189 1070; baseline 0 -14"><span class='ocrx_word' id='word_1_354' title='bbox 1442 1017 1524 1056; x_wconf 85' lang='grc' dir='ltr'>Ἐπὶ</span> <span class='ocrx_word' id='word_1_355' title='bbox 1545 1017 1649 1055; x_wconf 84' lang='grc' dir='ltr'>πλέον</span> <span class='ocrx_word' id='word_1_356' title='bbox 1676 1015 1711 1054; x_wconf 81' lang='grc' dir='ltr'>δὲ</span> <span class='ocrx_word' id='word_1_357' title='bbox 1731 1020 1789 1055; x_wconf 93' lang='grc' dir='ltr'>τοῦ</span> <span class='ocrx_word' id='word_1_358' title='bbox 1816 1017 2021 1068; x_wconf 86' lang='grc' dir='ltr'>πράγματος</span> <span class='ocrx_word' id='word_1_359' title='bbox 2038 1018 2189 1070; x_wconf 73' lang='grc' dir='ltr'>προὸαί-</span> 
     </span>
     <span class='ocr_line' id='line_1_49' title="bbox 1147 1075 2189 1127; baseline -0.002 -12"><span class='ocrx_word' id='word_1_360' title='bbox 1147 1092 1285 1127; x_wconf 78' lang='grc' dir='ltr'>νον-τος,</span> <span class='ocrx_word' id='word_1_361' title='bbox 1316 1076 1376 1114; x_wconf 78' lang='grc' dir='ltr'>καὶ</span> <span class='ocrx_word' id='word_1_362' title='bbox 1406 1078 1474 1113; x_wconf 85' lang='grc' dir='ltr'>τῶν</span> <span class='ocrx_word' id='word_1_363' title='bbox 1507 1075 1696 1126; x_wconf 83' lang='grc' dir='ltr'>ἀνθρώπων</span> <span class='ocrx_word' id='word_1_364' title='bbox 1724 1079 1767 1126; x_wconf 79' lang='grc' dir='ltr'>τῇ</span> <span class='ocrx_word' id='word_1_365' title='bbox 1791 1076 1892 1127; x_wconf 79' lang='grc' dir='ltr'>θυσίᾳ</span> <span class='ocrx_word' id='word_1_366' title='bbox 1913 1075 2103 1127; x_wconf 81' lang='grc' dir='ltr'>χρωμένων</span> <span class='ocrx_word' id='word_1_367' title='bbox 2129 1077 2189 1115; x_wconf 81' lang='grc' dir='ltr'>καὶ</span> 
     </span>
     <span class='ocr_line' id='line_1_50' title="bbox 1147 1133 2189 1185; baseline -0.001 -12"><span class='ocrx_word' id='word_1_368' title='bbox 1147 1135 1202 1173; x_wconf 77' lang='grc' dir='ltr'>διὰ</span> <span class='ocrx_word' id='word_1_369' title='bbox 1225 1135 1288 1182; x_wconf 79' lang='grc' dir='ltr'>τὴν</span> <span class='ocrx_word' id='word_1_370' title='bbox 1315 1134 1498 1184; x_wconf 76' lang='grc' dir='ltr'>ἐπιθυμίαν</span> <span class='ocrx_word' id='word_1_371' title='bbox 1522 1135 1584 1172; x_wconf 81' lang='grc' dir='ltr'>οὐκ</span> <span class='ocrx_word' id='word_1_372' title='bbox 1605 1133 1845 1185; x_wconf 80' lang='grc' dir='ltr'>ἀπεχομένων,</span> <span class='ocrx_word' id='word_1_373' title='bbox 1870 1134 1960 1172; x_wconf 82' lang='grc' dir='ltr'>ἀλλὰ</span> <span class='ocrx_word' id='word_1_374' title='bbox 1979 1137 2040 1181; x_wconf 71' lang='grc' dir='ltr'>τῆς</span> <span class='ocrx_word' id='word_1_375' title='bbox 2064 1136 2189 1184; x_wconf 86' lang='grc' dir='ltr'>σαρκὸς</span> 
     </span>
     <span class='ocr_line' id='line_1_51' title="bbox 1147 1190 2190 1243; baseline -0.001 -12"><span class='ocrx_word' id='word_1_376' title='bbox 1147 1193 1364 1243; x_wconf 87' lang='grc' dir='ltr'>ἁπτομένων,</span> <span class='ocrx_word' id='word_1_377' title='bbox 1387 1193 1449 1230; x_wconf 81' lang='grc' dir='ltr'>οὐκ</span> <span class='ocrx_word' id='word_1_378' title='bbox 1468 1192 1557 1243; x_wconf 78' lang='lat' dir='ltr'>(scr.</span> <span class='ocrx_word' id='word_1_379' title='bbox 1577 1190 1666 1229; x_wconf 73' lang='grc' dir='ltr'>οὕτω</span> <span class='ocrx_word' id='word_1_380' title='bbox 1684 1191 1724 1237; x_wconf 88' lang='grc' dir='ltr'>δὴ</span> <span class='ocrx_word' id='word_1_381' title='bbox 1745 1194 1804 1229; x_wconf 90' lang='lat' dir='ltr'>vel</span> <span class='ocrx_word' id='word_1_382' title='bbox 1823 1194 1892 1229; x_wconf 84' lang='lat' dir='ltr'>tale</span> <span class='ocrx_word' id='word_1_383' title='bbox 1907 1193 2021 1242; x_wconf 89' lang='lat' dir='ltr'>quid)</span> <span class='ocrx_word' id='word_1_384' title='bbox 2039 1193 2190 1238; x_wconf 76' lang='grc' dir='ltr'>ἀποστῆ-</span> 
     </span>
     <span class='ocr_line' id='line_1_52' title="bbox 1532 1249 2187 1302; baseline -0.003 -14"><span class='ocrx_word' id='word_1_385' title='bbox 1532 1249 1585 1288; x_wconf 85' lang='grc' dir='ltr'>Τὸ</span> <span class='ocrx_word' id='word_1_386' title='bbox 1612 1250 1727 1299; x_wconf 85' lang='grc' dir='ltr'>μέντοι</span> <span class='ocrx_word' id='word_1_387' title='bbox 1755 1252 1823 1287; x_wconf 83' lang='grc' dir='ltr'>τῶν</span> <span class='ocrx_word' id='word_1_388' title='bbox 1852 1250 1979 1301; x_wconf 80' lang='grc' dir='ltr'>ἰχθύων</span> <span class='ocrx_word' id='word_1_389' title='bbox 1997 1250 2187 1302; x_wconf 82' lang='grc' dir='ltr'>ἀπέχεσθαι</span> 
     </span>
     <span class='ocr_line' id='line_1_53' title="bbox 1148 1307 2150 1361; baseline -0.005 -14"><span class='ocrx_word' id='word_1_390' title='bbox 1148 1310 1230 1361; x_wconf 80' lang='grc' dir='ltr'>ἄχρι</span> <span class='ocrx_word' id='word_1_391' title='bbox 1249 1312 1317 1347; x_wconf 85' lang='grc' dir='ltr'>τῶν</span> <span class='ocrx_word' id='word_1_392' title='bbox 1337 1308 1539 1360; x_wconf 81' lang='grc' dir='ltr'>Μενάνδρου</span> <span class='ocrx_word' id='word_1_393' title='bbox 1557 1307 1691 1360; x_wconf 81' lang='grc' dir='ltr'>χρόνων</span> <span class='ocrx_word' id='word_1_394' title='bbox 1711 1311 1770 1346; x_wconf 84' lang='grc' dir='ltr'>τοῦ</span> <span class='ocrx_word' id='word_1_395' title='bbox 1790 1312 1944 1357; x_wconf 81' lang='grc' dir='ltr'>κωμικοῦ</span> <span class='ocrx_word' id='word_1_396' title='bbox 1961 1308 2117 1358; x_wconf 85' lang='grc' dir='ltr'>διέμεινε.</span> <span class='ocrx_word' id='word_1_397' title='bbox 2135 1327 2150 1342; x_wconf 66' lang='grc' dir='ltr'>υ</span> 
     </span>
    </p>

    <p class='ocr_par' dir='ltr' id='par_1_7' title="bbox 1144 1367 2191 1588">
     <span class='ocr_line' id='line_1_54' title="bbox 1198 1367 2187 1418; baseline -0.001 -13"><span class='ocrx_word' id='word_1_398' title='bbox 1198 1371 1420 1417; x_wconf 86' lang='lat' dir='ltr'>Hieronym.</span> <span class='ocrx_word' id='word_1_399' title='bbox 1434 1369 1530 1407; x_wconf 87' lang='lat' dir='ltr'>Adv.</span> <span class='ocrx_word' id='word_1_400' title='bbox 1543 1370 1669 1405; x_wconf 84' lang='lat' dir='ltr'>Jovin.</span> <span class='ocrx_word' id='word_1_401' title='bbox 1684 1371 1721 1404; x_wconf 95' lang='lat' dir='ltr'>II</span> <span class='ocrx_word' id='word_1_402' title='bbox 1734 1397 1742 1413; x_wconf 91' lang='lat'>,</span> <span class='ocrx_word' id='word_1_403' title='bbox 1754 1382 1788 1405; x_wconf 89' lang='lat' dir='ltr'>c.</span> <span class='ocrx_word' id='word_1_404' title='bbox 1805 1382 1819 1404; x_wconf 95' lang='lat'>1</span> <span class='ocrx_word' id='word_1_405' title='bbox 1829 1373 1849 1410; x_wconf 74' lang='grc'>4</span> <span class='ocrx_word' id='word_1_406' title='bbox 1869 1381 1877 1405; x_wconf 90' lang='lat'>:</span> <span class='ocrx_word' id='word_1_407' title='bbox 1893 1369 2080 1404; x_wconf 70' lang='lat' dir='ltr'>Eucmtlaes</span> <span class='ocrx_word' id='word_1_408' title='bbox 2094 1367 2103 1418; x_wconf 91' lang='lat'><strong>(</strong></span> <span class='ocrx_word' id='word_1_409' title='bbox 2115 1381 2187 1406; x_wconf 85' lang='lat' dir='ltr'>scr.</span> 
     </span>
     <span class='ocr_line' id='line_1_55' title="bbox 1145 1427 2190 1475; baseline -0.002 -12"><span class='ocrx_word' id='word_1_410' title='bbox 1145 1430 1185 1464; x_wconf 87' lang='lat' dir='ltr'><em>N</em></span> <span class='ocrx_word' id='word_1_411' title='bbox 1183 1427 1356 1475; x_wconf 77' lang='lat' dir='ltr'>eantlzes)</span> <span class='ocrx_word' id='word_1_412' title='bbox 1374 1428 1575 1474; x_wconf 73' lang='lat' dir='ltr'><em>Cyzicenus</em></span> <span class='ocrx_word' id='word_1_413' title='bbox 1587 1434 1623 1461; x_wconf 86' lang='lat' dir='ltr'>et</span> <span class='ocrx_word' id='word_1_414' title='bbox 1638 1428 1879 1474; x_wconf 79' lang='lat' dir='ltr'><em>Asclepiades</em></span> <span class='ocrx_word' id='word_1_415' title='bbox 1893 1427 2059 1474; x_wconf 66' lang='lat' dir='ltr'>Cyprius,</span> <span class='ocrx_word' id='word_1_416' title='bbox 2077 1435 2190 1462; x_wconf 75' lang='lat' dir='ltr'>(etate</span> 
     </span>
     <span class='ocr_line' id='line_1_56' title="bbox 1149 1484 2191 1534; baseline -0.001 -14"><span class='ocrx_word' id='word_1_417' title='bbox 1149 1500 1222 1534; x_wconf 72' lang='lat' dir='ltr'>(saa</span> <span class='ocrx_word' id='word_1_418' title='bbox 1257 1487 1480 1534; x_wconf 76' lang='lat' dir='ltr'><em>Pygmalion</em></span> <span class='ocrx_word' id='word_1_419' title='bbox 1523 1489 1559 1519; x_wconf 79' lang='lat' dir='ltr'>in</span> <span class='ocrx_word' id='word_1_420' title='bbox 1597 1486 1745 1520; x_wconf 74' lang='lat' dir='ltr'>Oriente</span> <span class='ocrx_word' id='word_1_421' title='bbox 1788 1484 1990 1532; x_wconf 68' lang='lat' dir='ltr'>regnabat,</span> <span class='ocrx_word' id='word_1_422' title='bbox 2029 1486 2191 1520; x_wconf 76' lang='lat' dir='ltr'>scribunt</span> 
     </span>
     <span class='ocr_line' id='line_1_57' title="bbox 1144 1542 1673 1588; baseline -0.006 -8"><span class='ocrx_word' id='word_1_423' title='bbox 1144 1558 1242 1580; x_wconf 78' lang='lat' dir='ltr'>esum</span> <span class='ocrx_word' id='word_1_424' title='bbox 1266 1548 1433 1579; x_wconf 80' lang='lat' dir='ltr'>carnium</span> <span class='ocrx_word' id='word_1_425' title='bbox 1454 1557 1525 1578; x_wconf 80' lang='grc' dir='ltr'>ηοη</span> <span class='ocrx_word' id='word_1_426' title='bbox 1541 1542 1673 1588; x_wconf 55' lang='lat' dir='ltr'>filiamve.</span> 
     </span>
    </p>
   </div>
   <div class='ocr_carea' id='block_1_6' title="bbox 1144 1626 2190 2066">
    <p class='ocr_par' dir='ltr' id='par_1_8' title="bbox 1144 1626 2190 2066">
     <span class='ocr_line' id='line_1_58' title="bbox 1427 1626 1906 1661; baseline 0 -1"><span class='ocrx_word' id='word_1_427' title='bbox 1427 1627 1455 1660; x_wconf 89' lang='lat' dir='ltr'>E</span> <span class='ocrx_word' id='word_1_428' title='bbox 1484 1626 1642 1661; x_wconf 84' lang='lat' dir='ltr'>LIBRIS</span> <span class='ocrx_word' id='word_1_429' title='bbox 1671 1626 1906 1661; x_wconf 64' lang='lat' dir='ltr'>INCERTIS.</span> 
     </span>
     <span class='ocr_line' id='line_1_59' title="bbox 1636 1706 2058 1742; baseline -0.002 -1"><span class='ocrx_word' id='word_1_430' title='bbox 1636 1706 1696 1742; x_wconf 79' lang='lat'>32.</span> <span class='ocrx_word' id='word_1_431' title='bbox 2051 1709 2058 1724; x_wconf 93' lang='lat'><em>&#39;</em></span> 
     </span>
     <span class='ocr_line' id='line_1_60' title="bbox 1198 1781 2186 1828; baseline -0.003 -9"><span class='ocrx_word' id='word_1_432' title='bbox 1198 1783 1386 1820; x_wconf 82' lang='lat' dir='ltr'><strong>Plutarch.</strong></span> <span class='ocrx_word' id='word_1_433' title='bbox 1415 1782 1487 1828; x_wconf 86' lang='lat' dir='ltr'>Qu.</span> <span class='ocrx_word' id='word_1_434' title='bbox 1513 1782 1640 1828; x_wconf 74' lang='lat' dir='ltr'>Symp.</span> <span class='ocrx_word' id='word_1_435' title='bbox 1657 1783 1692 1825; x_wconf 93' lang='lat' dir='ltr'>I,</span> <span class='ocrx_word' id='word_1_436' title='bbox 1718 1794 1775 1826; x_wconf 87' lang='lat'>10,</span> <span class='ocrx_word' id='word_1_437' title='bbox 1794 1794 1831 1828; x_wconf 88' lang='lat' dir='ltr'>p.</span> <span class='ocrx_word' id='word_1_438' title='bbox 1861 1782 1928 1827; x_wconf 81' lang='lat'>761</span> <span class='ocrx_word' id='word_1_439' title='bbox 1955 1781 2016 1819; x_wconf 87' lang='lat' dir='ltr'>ed.</span> <span class='ocrx_word' id='word_1_440' title='bbox 2039 1781 2155 1817; x_wconf 76' lang='lat' dir='ltr'>Didoi</span> <span class='ocrx_word' id='word_1_441' title='bbox 2178 1795 2186 1816; x_wconf 74' lang='grc' dir='ltr'>ε</span> 
     </span>
     <span class='ocr_line' id='line_1_61' title="bbox 1147 1836 2188 1891; baseline -0.003 -14"><span class='ocrx_word' id='word_1_442' title='bbox 1147 1838 1353 1891; x_wconf 66' lang='grc' dir='ltr'>Προεῧλήθη</span> <span class='ocrx_word' id='word_1_443' title='bbox 1372 1838 1408 1876; x_wconf 82' lang='grc' dir='ltr'>δέ</span> <span class='ocrx_word' id='word_1_444' title='bbox 1427 1853 1460 1876; x_wconf 88' lang='grc' dir='ltr'>τι</span> <span class='ocrx_word' id='word_1_445' title='bbox 1479 1841 1630 1874; x_wconf 85' lang='grc' dir='ltr'>τοιοῦτον</span> <span class='ocrx_word' id='word_1_446' title='bbox 1654 1836 1721 1874; x_wconf 79' lang='grc' dir='ltr'>ὑπὸ</span> <span class='ocrx_word' id='word_1_447' title='bbox 1741 1836 1887 1888; x_wconf 84' lang='grc' dir='ltr'>Μάρκου</span> <span class='ocrx_word' id='word_1_448' title='bbox 1908 1841 1967 1874; x_wconf 84' lang='grc' dir='ltr'>τοῦ</span> <span class='ocrx_word' id='word_1_449' title='bbox 1987 1852 2188 1888; x_wconf 86' lang='grc' dir='ltr'>γραμματι-</span> 
     </span>
     <span class='ocr_line' id='line_1_62' title="bbox 1144 1891 2189 1945; baseline -0.003 -10"><span class='ocrx_word' id='word_1_450' title='bbox 1144 1901 1216 1935; x_wconf 91' lang='grc' dir='ltr'>κοῦ.</span> <span class='ocrx_word' id='word_1_451' title='bbox 1274 1895 1409 1942; x_wconf 78' lang='grc' dir='ltr'>Νεάνθη</span> <span class='ocrx_word' id='word_1_452' title='bbox 1436 1894 1493 1932; x_wconf 77' lang='grc' dir='ltr'>τὸν</span> <span class='ocrx_word' id='word_1_453' title='bbox 1518 1893 1707 1940; x_wconf 82' lang='grc' dir='ltr'>Κυζικηνὸν</span> <span class='ocrx_word' id='word_1_454' title='bbox 1728 1893 1791 1945; x_wconf 70' lang='grc' dir='ltr'>ἔφη</span> <span class='ocrx_word' id='word_1_455' title='bbox 1805 1893 1916 1944; x_wconf 86' lang='grc' dir='ltr'>λέγειν</span> <span class='ocrx_word' id='word_1_456' title='bbox 1937 1896 1971 1931; x_wconf 84' lang='grc' dir='ltr'>ἐν</span> <span class='ocrx_word' id='word_1_457' title='bbox 1995 1900 2064 1938; x_wconf 83' lang='grc' dir='ltr'>τοῖς</span> <span class='ocrx_word' id='word_1_458' title='bbox 2086 1891 2189 1934; x_wconf 86' lang='grc' dir='ltr'>Κατὰ</span> 
     </span>
     <span class='ocr_line' id='line_1_63' title="bbox 1145 1951 2190 2005; baseline -0.002 -12"><span class='ocrx_word' id='word_1_459' title='bbox 1145 1955 1244 1994; x_wconf 84' lang='grc' dir='ltr'>πόλιν</span> <span class='ocrx_word' id='word_1_460' title='bbox 1267 1956 1420 2005; x_wconf 79' lang='grc' dir='ltr'>μυθικοῖς</span> <span class='ocrx_word' id='word_1_461' title='bbox 1433 1984 1443 2003; x_wconf 84' lang='lat'>,</span> <span class='ocrx_word' id='word_1_462' title='bbox 1460 1952 1511 1990; x_wconf 82' lang='grc' dir='ltr'>ὅτι</span> <span class='ocrx_word' id='word_1_463' title='bbox 1527 1956 1569 2004; x_wconf 77' lang='grc' dir='ltr'>τῇ</span> <span class='ocrx_word' id='word_1_464' title='bbox 1594 1952 1753 1991; x_wconf 79' lang='grc' dir='ltr'>Αἰαντίδι</span> <span class='ocrx_word' id='word_1_465' title='bbox 1769 1953 1859 2004; x_wconf 72' lang='grc' dir='ltr'>φυλῇ</span> <span class='ocrx_word' id='word_1_466' title='bbox 1880 1951 1981 2005; x_wconf 85' lang='grc' dir='ltr'>γέρας</span> <span class='ocrx_word' id='word_1_467' title='bbox 2001 1955 2133 2005; x_wconf 74' lang='grc' dir='ltr'>ὑπῆρχε</span> <span class='ocrx_word' id='word_1_468' title='bbox 2151 1953 2190 1991; x_wconf 83' lang='grc' dir='ltr'>τὸ</span> 
     </span>
     <span class='ocr_line' id='line_1_64' title="bbox 1146 2005 2188 2066; baseline -0.003 -15"><span class='ocrx_word' id='word_1_469' title='bbox 1146 2014 1194 2065; x_wconf 83' lang='grc' dir='ltr'>μὴ</span> <span class='ocrx_word' id='word_1_470' title='bbox 1208 2013 1381 2066; x_wconf 81' lang='grc' dir='ltr'>κρίνεσθαι</span> <span class='ocrx_word' id='word_1_471' title='bbox 1397 2012 1454 2050; x_wconf 79' lang='grc' dir='ltr'>τὸν</span> <span class='ocrx_word' id='word_1_472' title='bbox 1473 2011 1618 2065; x_wconf 69' lang='grc' dir='ltr'>[αὐτῆς]</span> <span class='ocrx_word' id='word_1_473' title='bbox 1633 2011 1735 2063; x_wconf 82' lang='grc' dir='ltr'>χορὸν</span> <span class='ocrx_word' id='word_1_474' title='bbox 1753 2011 1915 2062; x_wconf 79' lang='grc' dir='ltr'>ἔσχατον.</span> <span class='ocrx_word' id='word_1_475' title='bbox 1950 2011 2030 2062; x_wconf 87' lang='grc' dir='ltr'>[Ὃ]</span> <span class='ocrx_word' id='word_1_476' title='bbox 2049 2012 2111 2062; x_wconf 81' lang='grc' dir='ltr'>μὲν</span> <span class='ocrx_word' id='word_1_477' title='bbox 2129 2005 2188 2049; x_wconf 61' lang='grc' dir='ltr'>οὖν</span> 
     </span>
    </p>
   </div>
   <div class='ocr_carea' id='block_1_7' title="bbox 1148 729 1279 766">
    <p class='ocr_par' dir='ltr' id='par_1_9' title="bbox 1148 729 1279 766">
     <span class='ocr_line' id='line_1_65' title="bbox 1148 729 1279 766; baseline 0.015 -2"><span class='ocrx_word' id='word_1_478' title='bbox 1148 729 1279 766; x_wconf 81' lang='grc' dir='ltr'>δοῦναι.</span> 
     </span>
    </p>
   </div>
   <div class='ocr_carea' id='block_1_8' title="bbox 1146 1018 1381 1071">
    <p class='ocr_par' dir='ltr' id='par_1_10' title="bbox 1146 1018 1381 1071">
     <span class='ocr_line' id='line_1_66' title="bbox 1146 1018 1381 1071; baseline 0.004 -15"><span class='ocrx_word' id='word_1_479' title='bbox 1146 1018 1367 1071; x_wconf 72' lang='grc' dir='ltr'>περιέπιπτεν</span> <span class='ocrx_word' id='word_1_480' title='bbox 1374 1050 1381 1058; x_wconf 94' lang='grc'><strong>.</strong></span> 
     </span>
    </p>
   </div>
   <div class='ocr_carea' id='block_1_9' title="bbox 1146 1250 1475 1294">
    <p class='ocr_par' dir='ltr' id='par_1_11' title="bbox 1146 1250 1475 1294">
     <span class='ocr_line' id='line_1_67' title="bbox 1146 1250 1475 1294; baseline 0.003 -6"><span class='ocrx_word' id='word_1_481' title='bbox 1146 1267 1201 1288; x_wconf 92' lang='grc' dir='ltr'>ναι</span> <span class='ocrx_word' id='word_1_482' title='bbox 1220 1255 1280 1289; x_wconf 85' lang='grc' dir='ltr'>τοῦ</span> <span class='ocrx_word' id='word_1_483' title='bbox 1304 1250 1475 1294; x_wconf 83' lang='grc' dir='ltr'>κολάζειν.</span> 
     </span>
    </p>
   </div>
   <div class='ocr_carea' id='block_1_10' title="bbox 65 2090 2177 2107">
    <p class='ocr_par' dir='ltr' id='par_1_12' title="bbox 65 2090 2177 2107">
     <span class='ocr_line' id='line_1_68' title="bbox 65 2090 2177 2107; baseline -0.002 -4"><span class='ocrx_word' id='word_1_484' title='bbox 65 2090 2177 2107; x_wconf 67' lang='lat'><strong><em>———-—-—.——-—.-—-——-————-—-————————</em></strong></span> 
     </span>
    </p>
   </div>
   <div class='ocr_carea' id='block_1_11' title="bbox 49 2130 1086 2636">
    <p class='ocr_par' dir='ltr' id='par_1_13' title="bbox 49 2130 1086 2636">
     <span class='ocr_line' id='line_1_69' title="bbox 49 2130 1081 2173; baseline -0.006 -8"><span class='ocrx_word' id='word_1_485' title='bbox 49 2134 305 2165; x_wconf 84' lang='lat' dir='ltr'>llermodamanti</span> <span class='ocrx_word' id='word_1_486' title='bbox 319 2133 507 2173; x_wconf 77' lang='lat' dir='ltr'>Creopliylio</span> <span class='ocrx_word' id='word_1_487' title='bbox 516 2157 524 2171; x_wconf 92' lang='lat'>,</span> <span class='ocrx_word' id='word_1_488' title='bbox 536 2133 589 2172; x_wconf 91' lang='lat' dir='ltr'>qui</span> <span class='ocrx_word' id='word_1_489' title='bbox 601 2141 697 2163; x_wconf 80' lang='lat' dir='ltr'>senex</span> <span class='ocrx_word' id='word_1_490' title='bbox 709 2132 740 2162; x_wconf 91' lang='lat' dir='ltr'>in</span> <span class='ocrx_word' id='word_1_491' title='bbox 751 2133 846 2163; x_wconf 87' lang='lat' dir='ltr'>Samo</span> <span class='ocrx_word' id='word_1_492' title='bbox 856 2132 926 2161; x_wconf 86' lang='lat' dir='ltr'>tum</span> <span class='ocrx_word' id='word_1_493' title='bbox 937 2130 1081 2169; x_wconf 58' lang='lat' dir='ltr'>derat.</span> 
     </span>
     <span class='ocr_line' id='line_1_70' title="bbox 49 2182 1083 2223; baseline -0.004 -7"><span class='ocrx_word' id='word_1_494' title='bbox 49 2187 111 2216; x_wconf 73' lang='lat' dir='ltr'>Nec</span> <span class='ocrx_word' id='word_1_495' title='bbox 125 2187 230 2216; x_wconf 81' lang='lat' dir='ltr'>tamen</span> <span class='ocrx_word' id='word_1_496' title='bbox 244 2185 350 2216; x_wconf 81' lang='lat' dir='ltr'><strong>deesse</strong></span> <span class='ocrx_word' id='word_1_497' title='bbox 363 2185 471 2216; x_wconf 83' lang='lat' dir='ltr'>scribit</span> <span class='ocrx_word' id='word_1_498' title='bbox 485 2185 660 2222; x_wconf 86' lang='lat' dir='ltr'>Neantbes,</span> <span class='ocrx_word' id='word_1_499' title='bbox 683 2184 738 2223; x_wconf 91' lang='lat' dir='ltr'>qui</span> <span class='ocrx_word' id='word_1_500' title='bbox 763 2184 884 2223; x_wconf 85' lang='lat' dir='ltr'>patrem</span> <span class='ocrx_word' id='word_1_501' title='bbox 908 2182 976 2221; x_wconf 82' lang='lat' dir='ltr'>ejus</span> <span class='ocrx_word' id='word_1_502' title='bbox 1001 2184 1083 2220; x_wconf 81' lang='lat' dir='ltr'>&#39;syr-</span> 
     </span>
     <span class='ocr_line' id='line_1_71' title="bbox 51 2233 1084 2275; baseline -0.003 -9"><span class='ocrx_word' id='word_1_503' title='bbox 51 2238 182 2268; x_wconf 80' lang='lat' dir='ltr'>rhenum</span> <span class='ocrx_word' id='word_1_504' title='bbox 198 2237 372 2275; x_wconf 81' lang='lat' dir='ltr'>aslirment,</span> <span class='ocrx_word' id='word_1_505' title='bbox 387 2246 427 2267; x_wconf 77' lang='lat' dir='ltr'>ex</span> <span class='ocrx_word' id='word_1_506' title='bbox 443 2236 568 2266; x_wconf 87' lang='lat' dir='ltr'>illorum</span> <span class='ocrx_word' id='word_1_507' title='bbox 583 2244 712 2275; x_wconf 84' lang='lat' dir='ltr'>genere,</span> <span class='ocrx_word' id='word_1_508' title='bbox 727 2235 782 2274; x_wconf 87' lang='lat' dir='ltr'>qui</span> <span class='ocrx_word' id='word_1_509' title='bbox 796 2237 952 2266; x_wconf 83' lang='lat' dir='ltr'><strong>Lemnum</strong></span> <span class='ocrx_word' id='word_1_510' title='bbox 967 2233 1084 2264; x_wconf 88' lang='lat' dir='ltr'>incole-</span> 
     </span>
     <span class='ocr_line' id='line_1_72' title="bbox 50 2285 1083 2327; baseline -0.002 -10"><span class='ocrx_word' id='word_1_511' title='bbox 50 2288 124 2318; x_wconf 79' lang='lat' dir='ltr'>bant</span> <span class='ocrx_word' id='word_1_512' title='bbox 138 2296 320 2327; x_wconf 85' lang='lat' dir='ltr'>:quumque</span> <span class='ocrx_word' id='word_1_513' title='bbox 336 2288 533 2327; x_wconf 81' lang='lat' dir='ltr'>negotiorum</span> <span class='ocrx_word' id='word_1_514' title='bbox 547 2296 642 2318; x_wconf 84' lang='lat' dir='ltr'>causa</span> <span class='ocrx_word' id='word_1_515' title='bbox 658 2287 730 2318; x_wconf 87' lang='lat' dir='ltr'>inde</span> <span class='ocrx_word' id='word_1_516' title='bbox 744 2287 774 2317; x_wconf 93' lang='lat' dir='ltr'>in</span> <span class='ocrx_word' id='word_1_517' title='bbox 792 2288 921 2317; x_wconf 82' lang='lat' dir='ltr'>Samum</span> <span class='ocrx_word' id='word_1_518' title='bbox 938 2285 1083 2322; x_wconf 87' lang='lat' dir='ltr'>venisset,</span> 
     </span>
     <span class='ocr_line' id='line_1_73' title="bbox 50 2338 1085 2379; baseline -0.002 -9"><span class='ocrx_word' id='word_1_519' title='bbox 50 2341 252 2379; x_wconf 60' lang='lat' dir='ltr'>permansisse</span> <span class='ocrx_word' id='word_1_520' title='bbox 285 2340 372 2379; x_wconf 84' lang='lat' dir='ltr'>istic,</span> <span class='ocrx_word' id='word_1_521' title='bbox 404 2341 568 2379; x_wconf 67' lang='lat' dir='ltr'>civemque</span> <span class='ocrx_word' id='word_1_522' title='bbox 603 2341 723 2371; x_wconf 84' lang='lat' dir='ltr'>sactum</span> <span class='ocrx_word' id='word_1_523' title='bbox 758 2339 861 2370; x_wconf 79' lang='lat' dir='ltr'>fuisse.</span> <span class='ocrx_word' id='word_1_524' title='bbox 878 2345 881 2347; x_wconf 69' lang='grc'><strong><em>’</em></strong></span> <span class='ocrx_word' id='word_1_525' title='bbox 898 2338 1085 2370; x_wconf 79' lang='lat' dir='ltr'>Mnesarcho</span> 
     </span>
     <span class='ocr_line' id='line_1_74' title="bbox 50 2389 1084 2431; baseline -0.001 -10"><span class='ocrx_word' id='word_1_526' title='bbox 50 2393 156 2422; x_wconf 85' lang='lat' dir='ltr'>autem</span> <span class='ocrx_word' id='word_1_527' title='bbox 173 2391 203 2421; x_wconf 92' lang='lat' dir='ltr'>in</span> <span class='ocrx_word' id='word_1_528' title='bbox 224 2391 343 2422; x_wconf 85' lang='lat' dir='ltr'>ltaliam</span> <span class='ocrx_word' id='word_1_529' title='bbox 368 2392 553 2430; x_wconf 72' lang='lat' dir='ltr'>navigante,</span> <span class='ocrx_word' id='word_1_530' title='bbox 572 2392 783 2431; x_wconf 72' lang='lat' dir='ltr'>Pythagoram</span> <span class='ocrx_word' id='word_1_531' title='bbox 810 2390 983 2421; x_wconf 80' lang='lat' dir='ltr'>admodum</span> <span class='ocrx_word' id='word_1_532' title='bbox 1005 2389 1084 2420; x_wconf 83' lang='lat' dir='ltr'>ado-</span> 
     </span>
     <span class='ocr_line' id='line_1_75' title="bbox 52 2444 1086 2484; baseline -0.001 -10"><span class='ocrx_word' id='word_1_533' title='bbox 52 2444 258 2474; x_wconf 62' lang='lat' dir='ltr'>lescentulum</span> <span class='ocrx_word' id='word_1_534' title='bbox 276 2452 339 2474; x_wconf 88' lang='lat' dir='ltr'>una</span> <span class='ocrx_word' id='word_1_535' title='bbox 365 2453 438 2474; x_wconf 86' lang='lat' dir='ltr'>cum</span> <span class='ocrx_word' id='word_1_536' title='bbox 463 2445 529 2483; x_wconf 79' lang='lat' dir='ltr'>ipso</span> <span class='ocrx_word' id='word_1_537' title='bbox 554 2444 665 2476; x_wconf 87' lang='lat' dir='ltr'>eodem</span> <span class='ocrx_word' id='word_1_538' title='bbox 692 2444 867 2484; x_wconf 81' lang='lat' dir='ltr'>profectum</span> <span class='ocrx_word' id='word_1_539' title='bbox 888 2456 894 2474; x_wconf 90' lang='lat'>:</span> <span class='ocrx_word' id='word_1_540' title='bbox 921 2451 1086 2482; x_wconf 86' lang='lat' dir='ltr'>quumque</span> 
     </span>
     <span class='ocr_line' id='line_1_76' title="bbox 52 2495 1085 2535; baseline -0.001 -10"><span class='ocrx_word' id='word_1_541' title='bbox 52 2495 163 2534; x_wconf 87' lang='lat' dir='ltr'>opibus</span> <span class='ocrx_word' id='word_1_542' title='bbox 178 2504 214 2525; x_wconf 89' lang='lat' dir='ltr'>ea</span> <span class='ocrx_word' id='word_1_543' title='bbox 232 2497 312 2525; x_wconf 89' lang='lat' dir='ltr'>terra</span> <span class='ocrx_word' id='word_1_544' title='bbox 330 2496 466 2526; x_wconf 77' lang='lat' dir='ltr'>maxime</span> <span class='ocrx_word' id='word_1_545' title='bbox 481 2495 624 2535; x_wconf 80' lang='lat' dir='ltr'>floreret,</span> <span class='ocrx_word' id='word_1_546' title='bbox 639 2496 742 2534; x_wconf 88' lang='lat' dir='ltr'>ipsum</span> <span class='ocrx_word' id='word_1_547' title='bbox 763 2495 910 2535; x_wconf 81' lang='lat' dir='ltr'>deinceps</span> <span class='ocrx_word' id='word_1_548' title='bbox 924 2495 998 2525; x_wconf 85' lang='lat' dir='ltr'>navi</span> <span class='ocrx_word' id='word_1_549' title='bbox 1016 2502 1085 2525; x_wconf 82' lang='lat' dir='ltr'>eam</span> 
     </span>
     <span class='ocr_line' id='line_1_77' title="bbox 54 2546 1085 2586; baseline 0 -10"><span class='ocrx_word' id='word_1_550' title='bbox 54 2546 222 2585; x_wconf 82' lang='lat' dir='ltr'>repetiisse.</span> <span class='ocrx_word' id='word_1_551' title='bbox 240 2548 388 2577; x_wconf 78' lang='lat' dir='ltr'>Recenset</span> <span class='ocrx_word' id='word_1_552' title='bbox 402 2549 552 2586; x_wconf 76' lang='lat' dir='ltr'>practerea</span> <span class='ocrx_word' id='word_1_553' title='bbox 562 2547 641 2578; x_wconf 88' lang='lat' dir='ltr'>duos</span> <span class='ocrx_word' id='word_1_554' title='bbox 653 2548 752 2585; x_wconf 86' lang='lat' dir='ltr'>ipsius</span> <span class='ocrx_word' id='word_1_555' title='bbox 765 2548 895 2585; x_wconf 77' lang='lat' dir='ltr'>tratres,</span> <span class='ocrx_word' id='word_1_556' title='bbox 908 2548 1085 2578; x_wconf 82' lang='lat' dir='ltr'>Eunostum</span> 
     </span>
     <span class='ocr_line' id='line_1_78' title="bbox 53 2598 552 2636; baseline 0 -8"><span class='ocrx_word' id='word_1_557' title='bbox 53 2600 84 2628; x_wconf 79' lang='lat' dir='ltr'>et</span> <span class='ocrx_word' id='word_1_558' title='bbox 100 2598 298 2636; x_wconf 75' lang='lat' dir='ltr'>Tyrrhenum</span> <span class='ocrx_word' id='word_1_559' title='bbox 317 2600 392 2628; x_wconf 86' lang='lat' dir='ltr'>natu</span> <span class='ocrx_word' id='word_1_560' title='bbox 410 2598 552 2636; x_wconf 82' lang='lat' dir='ltr'>majores.</span> 
     </span>
    </p>
   </div>
   <div class='ocr_carea' id='block_1_12' title="bbox 539 2673 593 2703">
    <p class='ocr_par' dir='ltr' id='par_1_14' title="bbox 539 2673 593 2703">
     <span class='ocr_line' id='line_1_79' title="bbox 539 2673 593 2703; baseline -0.019 0"><span class='ocrx_word' id='word_1_561' title='bbox 539 2673 593 2703; x_wconf 90' lang='lat'>31.</span> 
     </span>
    </p>
   </div>
   <div class='ocr_carea' id='block_1_13' title="bbox 58 2737 1093 3345">
    <p class='ocr_par' dir='ltr' id='par_1_15' title="bbox 58 2737 1093 3345">
     <span class='ocr_line' id='line_1_80' title="bbox 97 2737 1088 2777; baseline 0.003 -11"><span class='ocrx_word' id='word_1_562' title='bbox 97 2738 188 2776; x_wconf 72' lang='lat' dir='ltr'>Syros</span> <span class='ocrx_word' id='word_1_563' title='bbox 205 2745 331 2775; x_wconf 83' lang='lat' dir='ltr'>quoque</span> <span class='ocrx_word' id='word_1_564' title='bbox 344 2737 517 2776; x_wconf 78' lang='lat' dir='ltr'>antiquitus</span> <span class='ocrx_word' id='word_1_565' title='bbox 533 2738 572 2768; x_wconf 88' lang='lat' dir='ltr'>ab</span> <span class='ocrx_word' id='word_1_566' title='bbox 588 2738 776 2769; x_wconf 79' lang='lat' dir='ltr'>animalibus</span> <span class='ocrx_word' id='word_1_567' title='bbox 792 2738 978 2770; x_wconf 79' lang='lat' dir='ltr'>abstinuisse</span> <span class='ocrx_word' id='word_1_568' title='bbox 992 2740 1088 2777; x_wconf 78' lang='lat' dir='ltr'>atque</span> 
     </span>
     <span class='ocr_line' id='line_1_81' title="bbox 58 2786 1086 2829; baseline 0.002 -11"><span class='ocrx_word' id='word_1_569' title='bbox 58 2787 127 2818; x_wconf 87' lang='lat' dir='ltr'>ideo</span> <span class='ocrx_word' id='word_1_570' title='bbox 158 2796 258 2825; x_wconf 81' lang='lat' dir='ltr'>neque</span> <span class='ocrx_word' id='word_1_571' title='bbox 277 2786 335 2817; x_wconf 84' lang='lat' dir='ltr'>diis</span> <span class='ocrx_word' id='word_1_572' title='bbox 354 2796 389 2817; x_wconf 84' lang='lat' dir='ltr'>ea</span> <span class='ocrx_word' id='word_1_573' title='bbox 406 2791 544 2819; x_wconf 83' lang='lat' dir='ltr'>mactare</span> <span class='ocrx_word' id='word_1_574' title='bbox 574 2790 771 2821; x_wconf 74' lang='lat' dir='ltr'>consuevisse</span> <span class='ocrx_word' id='word_1_575' title='bbox 794 2790 955 2821; x_wconf 56' lang='lat' dir='ltr'>memori&amp;¹</span> <span class='ocrx_word' id='word_1_576' title='bbox 979 2789 1086 2829; x_wconf 83' lang='lat' dir='ltr'>prodi-</span> 
     </span>
     <span class='ocr_line' id='line_1_82' title="bbox 58 2839 1085 2879; baseline 0.003 -10"><span class='ocrx_word' id='word_1_577' title='bbox 58 2840 125 2869; x_wconf 88' lang='lat' dir='ltr'>tum</span> <span class='ocrx_word' id='word_1_578' title='bbox 139 2839 195 2868; x_wconf 85' lang='lat' dir='ltr'>est.</span> <span class='ocrx_word' id='word_1_579' title='bbox 216 2839 324 2868; x_wconf 80' lang='lat' dir='ltr'>Postea</span> <span class='ocrx_word' id='word_1_580' title='bbox 339 2847 412 2868; x_wconf 84' lang='lat' dir='ltr'>vero</span> <span class='ocrx_word' id='word_1_581' title='bbox 426 2839 497 2869; x_wconf 79' lang='lat' dir='ltr'>licet</span> <span class='ocrx_word' id='word_1_582' title='bbox 510 2840 549 2869; x_wconf 86' lang='lat' dir='ltr'>ad</span> <span class='ocrx_word' id='word_1_583' title='bbox 563 2841 761 2879; x_wconf 83' lang='lat' dir='ltr'>quorundam</span> <span class='ocrx_word' id='word_1_584' title='bbox 776 2841 931 2871; x_wconf 85' lang='lat' dir='ltr'>malorum</span> <span class='ocrx_word' id='word_1_585' title='bbox 945 2841 1085 2872; x_wconf 82' lang='lat' dir='ltr'>aversio-</span> 
     </span>
     <span class='ocr_line' id='line_1_83' title="bbox 59 2889 1088 2932; baseline 0.004 -13"><span class='ocrx_word' id='word_1_586' title='bbox 59 2899 129 2920; x_wconf 85' lang='lat' dir='ltr'>nem</span> <span class='ocrx_word' id='word_1_587' title='bbox 155 2889 382 2929; x_wconf 83' lang='lat' dir='ltr'>procurandam</span> <span class='ocrx_word' id='word_1_588' title='bbox 396 2900 432 2920; x_wconf 86' lang='lat' dir='ltr'>ea</span> <span class='ocrx_word' id='word_1_589' title='bbox 445 2891 706 2931; x_wconf 73' lang='lat' dir='ltr'>sacrificaverint,</span> <span class='ocrx_word' id='word_1_590' title='bbox 730 2902 904 2932; x_wconf 79' lang='lat' dir='ltr'>numquam</span> <span class='ocrx_word' id='word_1_591' title='bbox 928 2895 1034 2924; x_wconf 86' lang='lat' dir='ltr'>tamen</span> <span class='ocrx_word' id='word_1_592' title='bbox 1051 2903 1088 2925; x_wconf 87' lang='lat' dir='ltr'>eo</span> 
     </span>
     <span class='ocr_line' id='line_1_84' title="bbox 58 2940 1088 2978; baseline 0.005 -8"><span class='ocrx_word' id='word_1_593' title='bbox 58 2940 228 2978; x_wconf 82' lang='lat' dir='ltr'>adductos,</span> <span class='ocrx_word' id='word_1_594' title='bbox 250 2942 283 2970; x_wconf 86' lang='lat' dir='ltr'>ut</span> <span class='ocrx_word' id='word_1_595' title='bbox 309 2941 450 2971; x_wconf 86' lang='lat' dir='ltr'>carnium</span> <span class='ocrx_word' id='word_1_596' title='bbox 475 2950 562 2972; x_wconf 76' lang='lat' dir='ltr'>esum</span> <span class='ocrx_word' id='word_1_597' title='bbox 590 2943 783 2975; x_wconf 78' lang='lat' dir='ltr'>admiserint.</span> <span class='ocrx_word' id='word_1_598' title='bbox 806 2947 954 2975; x_wconf 83' lang='lat' dir='ltr'>Processu</span> <span class='ocrx_word' id='word_1_599' title='bbox 981 2946 1088 2976; x_wconf 82' lang='lat' dir='ltr'>autem</span> 
     </span>
     <span class='ocr_line' id='line_1_85' title="bbox 59 2993 1088 3036; baseline 0.003 -13"><span class='ocrx_word' id='word_1_600' title='bbox 59 2993 220 3032; x_wconf 81' lang='lat' dir='ltr'>temporis,</span> <span class='ocrx_word' id='word_1_601' title='bbox 239 2993 393 3023; x_wconf 63' lang='lat' dir='ltr'>Neamhffi</span> <span class='ocrx_word' id='word_1_602' title='bbox 411 2994 584 3032; x_wconf 64' lang='lat' dir='ltr'>cyzicenus</span> <span class='ocrx_word' id='word_1_603' title='bbox 608 2996 639 3025; x_wconf 89' lang='lat' dir='ltr'>et</span> <span class='ocrx_word' id='word_1_604' title='bbox 664 2996 857 3035; x_wconf 76' lang='lat' dir='ltr'>Asclepiades</span> <span class='ocrx_word' id='word_1_605' title='bbox 881 2996 1014 3036; x_wconf 77' lang='lat' dir='ltr'>Cyprius</span> <span class='ocrx_word' id='word_1_606' title='bbox 1039 2996 1088 3026; x_wconf 93' lang='lat' dir='ltr'>in-</span> 
     </span>
     <span class='ocr_line' id='line_1_86' title="bbox 59 3044 1089 3086; baseline 0.006 -13"><span class='ocrx_word' id='word_1_607' title='bbox 59 3044 186 3083; x_wconf 81' lang='lat' dir='ltr'>quiunt,</span> <span class='ocrx_word' id='word_1_608' title='bbox 203 3045 344 3082; x_wconf 85' lang='lat' dir='ltr'>tempore</span> <span class='ocrx_word' id='word_1_609' title='bbox 359 3045 578 3083; x_wconf 72' lang='lat' dir='ltr'>Pygmalionis,</span> <span class='ocrx_word' id='word_1_610' title='bbox 596 3046 649 3084; x_wconf 86' lang='lat' dir='ltr'>qui</span> <span class='ocrx_word' id='word_1_611' title='bbox 663 3055 761 3085; x_wconf 80' lang='lat' dir='ltr'>quum</span> <span class='ocrx_word' id='word_1_612' title='bbox 776 3056 886 3086; x_wconf 81' lang='lat' dir='ltr'>genere</span> <span class='ocrx_word' id='word_1_613' title='bbox 900 3049 980 3078; x_wconf 89' lang='lat' dir='ltr'>esset</span> <span class='ocrx_word' id='word_1_614' title='bbox 995 3047 1089 3078; x_wconf 81' lang='lat' dir='ltr'><strong>Phoe-</strong></span> 
     </span>
     <span class='ocr_line' id='line_1_87' title="bbox 61 3093 1090 3136; baseline 0.004 -11"><span class='ocrx_word' id='word_1_615' title='bbox 61 3094 115 3125; x_wconf 76' lang='lat' dir='ltr'>nix</span> <span class='ocrx_word' id='word_1_616' title='bbox 129 3093 315 3133; x_wconf 81' lang='lat' dir='ltr'>Cypriorum</span> <span class='ocrx_word' id='word_1_617' title='bbox 331 3093 425 3124; x_wconf 79' lang='lat' dir='ltr'>etiam</span> <span class='ocrx_word' id='word_1_618' title='bbox 443 3094 607 3134; x_wconf 85' lang='lat' dir='ltr'>imperinm</span> <span class='ocrx_word' id='word_1_619' title='bbox 621 3097 799 3136; x_wconf 75' lang='lat' dir='ltr'>obtinebat,</span> <span class='ocrx_word' id='word_1_620' title='bbox 817 3107 857 3128; x_wconf 78' lang='lat' dir='ltr'>ex</span> <span class='ocrx_word' id='word_1_621' title='bbox 871 3098 1090 3136; x_wconf 78' lang='lat' dir='ltr'>liuJ&#39;uscemodi</span> 
     </span>
     <span class='ocr_line' id='line_1_88' title="bbox 62 3144 1090 3188; baseline 0.005 -13"><span class='ocrx_word' id='word_1_622' title='bbox 62 3145 184 3184; x_wconf 89' lang='lat' dir='ltr'>piaculo</span> <span class='ocrx_word' id='word_1_623' title='bbox 198 3144 338 3174; x_wconf 85' lang='lat' dir='ltr'>carnium</span> <span class='ocrx_word' id='word_1_624' title='bbox 353 3152 440 3175; x_wconf 83' lang='lat' dir='ltr'>esum</span> <span class='ocrx_word' id='word_1_625' title='bbox 453 3146 545 3177; x_wconf 82' lang='lat' dir='ltr'>fuisse</span> <span class='ocrx_word' id='word_1_626' title='bbox 559 3147 784 3179; x_wconf 86' lang='lat' dir='ltr'>introductum.</span> <span class='ocrx_word' id='word_1_627' title='bbox 799 3149 994 3188; x_wconf 68' lang='lat' dir='ltr'>Asclepiades</span> <span class='ocrx_word' id='word_1_628' title='bbox 1006 3150 1090 3180; x_wconf 90' lang='lat' dir='ltr'>enim</span> 
     </span>
     <span class='ocr_line' id='line_1_89' title="bbox 63 3197 1088 3236; baseline 0.005 -9"><span class='ocrx_word' id='word_1_629' title='bbox 63 3198 93 3227; x_wconf 92' lang='lat' dir='ltr'>in</span> <span class='ocrx_word' id='word_1_630' title='bbox 115 3197 193 3227; x_wconf 89' lang='lat' dir='ltr'>libro</span> <span class='ocrx_word' id='word_1_631' title='bbox 219 3198 263 3227; x_wconf 86' lang='lat' dir='ltr'>Dc</span> <span class='ocrx_word' id='word_1_632' title='bbox 291 3198 396 3236; x_wconf 81' lang='lat' dir='ltr'>Cypro</span> <span class='ocrx_word' id='word_1_633' title='bbox 423 3200 455 3228; x_wconf 84' lang='lat' dir='ltr'>et</span> <span class='ocrx_word' id='word_1_634' title='bbox 479 3199 624 3229; x_wconf 76' lang='lat' dir='ltr'>l‘lnenice</span> <span class='ocrx_word' id='word_1_635' title='bbox 648 3200 732 3231; x_wconf 85' lang='lat' dir='ltr'>bunc</span> <span class='ocrx_word' id='word_1_636' title='bbox 749 3201 779 3231; x_wconf 94' lang='lat' dir='ltr'>in</span> <span class='ocrx_word' id='word_1_637' title='bbox 803 3201 933 3232; x_wconf 89' lang='lat' dir='ltr'>modum</span> <span class='ocrx_word' id='word_1_638' title='bbox 956 3203 1088 3233; x_wconf 81' lang='lat' dir='ltr'>narrat:</span> 
     </span>
     <span class='ocr_line' id='line_1_90' title="bbox 66 3248 1090 3288; baseline 0.007 -9"><span class='ocrx_word' id='word_1_639' title='bbox 66 3262 78 3274; x_wconf 69' lang='lat' dir='ltr'><em>v</em></span> <span class='ocrx_word' id='word_1_640' title='bbox 96 3248 250 3288; x_wconf 81' lang='lat' dir='ltr'>Principio</span> <span class='ocrx_word' id='word_1_641' title='bbox 262 3257 336 3280; x_wconf 86' lang='lat' dir='ltr'>sane</span> <span class='ocrx_word' id='word_1_642' title='bbox 350 3250 471 3280; x_wconf 83' lang='lat' dir='ltr'>millum</span> <span class='ocrx_word' id='word_1_643' title='bbox 489 3251 662 3282; x_wconf 84' lang='lat' dir='ltr'>animatum</span> <span class='ocrx_word' id='word_1_644' title='bbox 685 3252 743 3283; x_wconf 81' lang='lat' dir='ltr'>diis</span> <span class='ocrx_word' id='word_1_645' title='bbox 767 3255 933 3285; x_wconf 82' lang='lat' dir='ltr'>sacrificari</span> <span class='ocrx_word' id='word_1_646' title='bbox 958 3264 1090 3286; x_wconf 84' lang='lat' dir='ltr'>consue-</span> 
     </span>
     <span class='ocr_line' id='line_1_91' title="bbox 65 3299 1093 3345; baseline 0.008 -16"><span class='ocrx_word' id='word_1_647' title='bbox 65 3301 168 3337; x_wconf 75' lang='lat' dir='ltr'>verat,</span> <span class='ocrx_word' id='word_1_648' title='bbox 187 3299 262 3338; x_wconf 79' lang='lat' dir='ltr'>quin</span> <span class='ocrx_word' id='word_1_649' title='bbox 278 3309 378 3340; x_wconf 77' lang='lat' dir='ltr'>neque</span> <span class='ocrx_word' id='word_1_650' title='bbox 392 3301 454 3332; x_wconf 84' lang='lat' dir='ltr'>nlla</span> <span class='ocrx_word' id='word_1_651' title='bbox 469 3301 506 3331; x_wconf 84' lang='lat' dir='ltr'>de</span> <span class='ocrx_word' id='word_1_652' title='bbox 521 3302 577 3332; x_wconf 79' lang='lat' dir='ltr'>boe</span> <span class='ocrx_word' id='word_1_653' title='bbox 594 3303 641 3333; x_wconf 81' lang='lat' dir='ltr'>lex</span> <span class='ocrx_word' id='word_1_654' title='bbox 659 3305 742 3342; x_wconf 74' lang='lat' dir='ltr'>erat,</span> <span class='ocrx_word' id='word_1_655' title='bbox 761 3308 924 3344; x_wconf 82' lang='lat' dir='ltr'>propterea</span> <span class='ocrx_word' id='word_1_656' title='bbox 937 3306 1022 3345; x_wconf 83' lang='lat' dir='ltr'>quod</span> <span class='ocrx_word' id='word_1_657' title='bbox 1039 3315 1093 3337; x_wconf 83' lang='lat' dir='ltr'>na—</span> 
     </span>
    </p>
   </div>
   <div class='ocr_carea' id='block_1_14' title="bbox 1143 2122 2206 3090">
    <p class='ocr_par' dir='ltr' id='par_1_16' title="bbox 1143 2122 2206 3090">
     <span class='ocr_line' id='line_1_92' title="bbox 1143 2122 2190 2165; baseline -0.002 -8"><span class='ocrx_word' id='word_1_658' title='bbox 1143 2126 1236 2157; x_wconf 87' lang='lat' dir='ltr'>turali</span> <span class='ocrx_word' id='word_1_659' title='bbox 1254 2126 1321 2165; x_wconf 78' lang='lat' dir='ltr'>lege</span> <span class='ocrx_word' id='word_1_660' title='bbox 1339 2126 1421 2156; x_wconf 80' lang='lat' dir='ltr'>esset</span> <span class='ocrx_word' id='word_1_661' title='bbox 1437 2123 1645 2164; x_wconf 78' lang='lat' dir='ltr'>prohibitum.</span> <span class='ocrx_word' id='word_1_662' title='bbox 1664 2122 1863 2160; x_wconf 85' lang='lat' dir='ltr'>Quibusdam</span> <span class='ocrx_word' id='word_1_663' title='bbox 1877 2125 1983 2154; x_wconf 86' lang='lat' dir='ltr'>autem</span> <span class='ocrx_word' id='word_1_664' title='bbox 2000 2123 2190 2155; x_wconf 78' lang='lat' dir='ltr'>calamitosis</span> 
     </span>
     <span class='ocr_line' id='line_1_93' title="bbox 1144 2175 2188 2217; baseline -0.003 -8"><span class='ocrx_word' id='word_1_665' title='bbox 1144 2177 1340 2217; x_wconf 81' lang='lat' dir='ltr'>temporibus</span> <span class='ocrx_word' id='word_1_666' title='bbox 1364 2185 1463 2216; x_wconf 88' lang='lat' dir='ltr'>quum</span> <span class='ocrx_word' id='word_1_667' title='bbox 1481 2175 1586 2206; x_wconf 87' lang='lat' dir='ltr'>anima</span> <span class='ocrx_word' id='word_1_668' title='bbox 1607 2183 1664 2214; x_wconf 88' lang='lat' dir='ltr'>pro</span> <span class='ocrx_word' id='word_1_669' title='bbox 1688 2175 1794 2205; x_wconf 82' lang='lat' dir='ltr'>anima</span> <span class='ocrx_word' id='word_1_670' title='bbox 1820 2176 2027 2214; x_wconf 81' lang='lat' dir='ltr'>repeteretur,</span> <span class='ocrx_word' id='word_1_671' title='bbox 2053 2175 2188 2215; x_wconf 83' lang='lat' dir='ltr'>primam</span> 
     </span>
     <span class='ocr_line' id='line_1_94' title="bbox 1146 2225 2189 2265; baseline -0.003 -5"><span class='ocrx_word' id='word_1_672' title='bbox 1146 2229 1330 2260; x_wconf 81' lang='lat' dir='ltr'>fabulantur</span> <span class='ocrx_word' id='word_1_673' title='bbox 1344 2227 1508 2258; x_wconf 86' lang='lat' dir='ltr'>victimam</span> <span class='ocrx_word' id='word_1_674' title='bbox 1522 2226 1730 2258; x_wconf 80' lang='lat' dir='ltr'>sacrificatam</span> <span class='ocrx_word' id='word_1_675' title='bbox 1742 2227 1774 2256; x_wconf 89' lang='lat' dir='ltr'>et</span> <span class='ocrx_word' id='word_1_676' title='bbox 1783 2225 1931 2265; x_wconf 85' lang='lat' dir='ltr'>deinceps</span> <span class='ocrx_word' id='word_1_677' title='bbox 1940 2227 2041 2257; x_wconf 87' lang='lat' dir='ltr'>totam</span> <span class='ocrx_word' id='word_1_678' title='bbox 2053 2226 2189 2257; x_wconf 85' lang='lat' dir='ltr'>flammis</span> 
     </span>
     <span class='ocr_line' id='line_1_95' title="bbox 1147 2276 2187 2316; baseline -0.003 -5"><span class='ocrx_word' id='word_1_679' title='bbox 1147 2278 1397 2312; x_wconf 81' lang='lat' dir='ltr'>consumendam</span> <span class='ocrx_word' id='word_1_680' title='bbox 1424 2278 1576 2310; x_wconf 81' lang='lat' dir='ltr'>traditam</span> <span class='ocrx_word' id='word_1_681' title='bbox 1604 2286 1681 2308; x_wconf 86' lang='lat' dir='ltr'>esse.</span> <span class='ocrx_word' id='word_1_682' title='bbox 1710 2276 1804 2313; x_wconf 89' lang='lat' dir='ltr'>Quod</span> <span class='ocrx_word' id='word_1_683' title='bbox 1833 2276 1963 2316; x_wconf 89' lang='lat' dir='ltr'>quidem</span> <span class='ocrx_word' id='word_1_684' title='bbox 1996 2277 2187 2309; x_wconf 79' lang='lat' dir='ltr'>sacrificium</span> 
     </span>
     <span class='ocr_line' id='line_1_96' title="bbox 1147 2328 2188 2372; baseline -0.002 -10"><span class='ocrx_word' id='word_1_685' title='bbox 1147 2340 1249 2372; x_wconf 86' lang='lat' dir='ltr'>quum</span> <span class='ocrx_word' id='word_1_686' title='bbox 1272 2332 1381 2370; x_wconf 87' lang='lat' dir='ltr'>postea</span> <span class='ocrx_word' id='word_1_687' title='bbox 1401 2330 1490 2361; x_wconf 87' lang='lat' dir='ltr'>fieret</span> <span class='ocrx_word' id='word_1_688' title='bbox 1509 2337 1546 2359; x_wconf 86' lang='lat' dir='ltr'>ac</span> <span class='ocrx_word' id='word_1_689' title='bbox 1566 2328 1696 2359; x_wconf 78' lang='lat' dir='ltr'>victima</span> <span class='ocrx_word' id='word_1_690' title='bbox 1717 2330 1985 2367; x_wconf 79' lang='lat' dir='ltr'>concremaretur,</span> <span class='ocrx_word' id='word_1_691' title='bbox 2004 2329 2106 2360; x_wconf 87' lang='lat' dir='ltr'>carnis</span> <span class='ocrx_word' id='word_1_692' title='bbox 2126 2329 2188 2360; x_wconf 79' lang='lat' dir='ltr'>fru-</span> 
     </span>
     <span class='ocr_line' id='line_1_97' title="bbox 1146 2379 2188 2420; baseline -0.002 -6"><span class='ocrx_word' id='word_1_693' title='bbox 1146 2383 1269 2415; x_wconf 88' lang='lat' dir='ltr'>stulum</span> <span class='ocrx_word' id='word_1_694' title='bbox 1289 2382 1319 2412; x_wconf 89' lang='lat' dir='ltr'>in</span> <span class='ocrx_word' id='word_1_695' title='bbox 1334 2384 1451 2412; x_wconf 85' lang='lat' dir='ltr'>terram</span> <span class='ocrx_word' id='word_1_696' title='bbox 1466 2380 1636 2419; x_wconf 83' lang='lat' dir='ltr'>decidisse,</span> <span class='ocrx_word' id='word_1_697' title='bbox 1649 2379 1846 2411; x_wconf 83' lang='lat' dir='ltr'>sacerdotem</span> <span class='ocrx_word' id='word_1_698' title='bbox 1869 2388 1944 2410; x_wconf 89' lang='lat' dir='ltr'>vcro</span> <span class='ocrx_word' id='word_1_699' title='bbox 1959 2379 1989 2410; x_wconf 84' lang='lat' dir='ltr'>id</span> <span class='ocrx_word' id='word_1_700' title='bbox 2005 2379 2168 2412; x_wconf 80' lang='lat' dir='ltr'>sustulisse</span> <span class='ocrx_word' id='word_1_701' title='bbox 2179 2405 2188 2420; x_wconf 93' lang='lat'>,</span> 
     </span>
     <span class='ocr_line' id='line_1_98' title="bbox 1144 2432 2187 2476; baseline -0.003 -10"><span class='ocrx_word' id='word_1_702' title='bbox 1144 2444 1309 2476; x_wconf 86' lang='lat' dir='ltr'>quumque</span> <span class='ocrx_word' id='word_1_703' title='bbox 1325 2434 1421 2474; x_wconf 77' lang='lat' dir='ltr'>ignita</span> <span class='ocrx_word' id='word_1_704' title='bbox 1439 2442 1535 2464; x_wconf 87' lang='lat' dir='ltr'>earne</span> <span class='ocrx_word' id='word_1_705' title='bbox 1551 2433 1665 2472; x_wconf 78' lang='lat' dir='ltr'>digitos</span> <span class='ocrx_word' id='word_1_706' title='bbox 1681 2432 1868 2471; x_wconf 83' lang='lat' dir='ltr'>adussisset,</span> <span class='ocrx_word' id='word_1_707' title='bbox 1883 2440 1937 2463; x_wconf 86' lang='lat' dir='ltr'>eos</span> <span class='ocrx_word' id='word_1_708' title='bbox 1962 2433 2042 2463; x_wconf 79' lang='lat' dir='ltr'>sorte</span> <span class='ocrx_word' id='word_1_709' title='bbox 2062 2434 2108 2464; x_wconf 88' lang='lat' dir='ltr'>ori</span> <span class='ocrx_word' id='word_1_710' title='bbox 2131 2433 2187 2463; x_wconf 84' lang='lat' dir='ltr'>ad·</span> 
     </span>
     <span class='ocr_line' id='line_1_99' title="bbox 1145 2479 2189 2526; baseline -0.002 -8"><span class='ocrx_word' id='word_1_711' title='bbox 1145 2488 1280 2518; x_wconf 88' lang='lat' dir='ltr'>movisse</span> <span class='ocrx_word' id='word_1_712' title='bbox 1291 2511 1300 2526; x_wconf 97' lang='lat'>,</span> <span class='ocrx_word' id='word_1_713' title='bbox 1316 2488 1351 2517; x_wconf 91' lang='lat' dir='ltr'>ut</span> <span class='ocrx_word' id='word_1_714' title='bbox 1363 2485 1518 2517; x_wconf 89' lang='lat' dir='ltr'>adustioni</span> <span class='ocrx_word' id='word_1_715' title='bbox 1534 2483 1709 2516; x_wconf 88' lang='lat' dir='ltr'>remedium</span> <span class='ocrx_word' id='word_1_716' title='bbox 1719 2479 1956 2524; x_wconf 84' lang='lat' dir='ltr'>quodamniodo</span> <span class='ocrx_word' id='word_1_717' title='bbox 1967 2484 2082 2523; x_wconf 81' lang='lat' dir='ltr'>serret3</span> <span class='ocrx_word' id='word_1_718' title='bbox 2093 2487 2189 2524; x_wconf 84' lang='lat' dir='ltr'>atque</span> 
     </span>
     <span class='ocr_line' id='line_1_100' title="bbox 1145 2535 2188 2578; baseline -0.002 -9"><span class='ocrx_word' id='word_1_719' title='bbox 1145 2539 1189 2569; x_wconf 85' lang='lat' dir='ltr'>ita</span> <span class='ocrx_word' id='word_1_720' title='bbox 1200 2547 1302 2578; x_wconf 89' lang='lat' dir='ltr'>quum</span> <span class='ocrx_word' id='word_1_721' title='bbox 1320 2547 1357 2569; x_wconf 83' lang='lat' dir='ltr'>ex</span> <span class='ocrx_word' id='word_1_722' title='bbox 1373 2546 1440 2568; x_wconf 87' lang='lat' dir='ltr'>assa</span> <span class='ocrx_word' id='word_1_723' title='bbox 1458 2545 1554 2567; x_wconf 85' lang='lat' dir='ltr'>carne</span> <span class='ocrx_word' id='word_1_724' title='bbox 1568 2535 1783 2575; x_wconf 76' lang='lat' dir='ltr'>degustasset,</span> <span class='ocrx_word' id='word_1_725' title='bbox 1798 2535 1891 2566; x_wconf 85' lang='lat' dir='ltr'>edere</span> <span class='ocrx_word' id='word_1_726' title='bbox 1905 2544 1944 2566; x_wconf 81' lang='lat' dir='ltr'>ex</span> <span class='ocrx_word' id='word_1_727' title='bbox 1967 2544 2004 2567; x_wconf 87' lang='lat' dir='ltr'>ea</span> <span class='ocrx_word' id='word_1_728' title='bbox 2022 2535 2140 2566; x_wconf 88' lang='lat' dir='ltr'>mirum</span> <span class='ocrx_word' id='word_1_729' title='bbox 2156 2537 2188 2568; x_wconf 90' lang='lat' dir='ltr'>in</span> 
     </span>
     <span class='ocr_line' id='line_1_101' title="bbox 1146 2586 2187 2629; baseline -0.002 -8"><span class='ocrx_word' id='word_1_730' title='bbox 1146 2590 1277 2621; x_wconf 88' lang='lat' dir='ltr'>modum</span> <span class='ocrx_word' id='word_1_731' title='bbox 1290 2588 1490 2629; x_wconf 86' lang='lat' dir='ltr'>appetivisse,</span> <span class='ocrx_word' id='word_1_732' title='bbox 1504 2596 1609 2627; x_wconf 85' lang='lat' dir='ltr'>neque</span> <span class='ocrx_word' id='word_1_733' title='bbox 1621 2596 1657 2618; x_wconf 90' lang='lat' dir='ltr'>ea</span> <span class='ocrx_word' id='word_1_734' title='bbox 1668 2587 1867 2626; x_wconf 85' lang='lat' dir='ltr'>abstinuisse,</span> <span class='ocrx_word' id='word_1_735' title='bbox 1879 2586 1934 2618; x_wconf 86' lang='lat' dir='ltr'>sed</span> <span class='ocrx_word' id='word_1_736' title='bbox 1946 2586 2079 2618; x_wconf 89' lang='lat' dir='ltr'>eandem</span> <span class='ocrx_word' id='word_1_737' title='bbox 2092 2588 2187 2619; x_wconf 87' lang='lat' dir='ltr'>etiam</span> 
     </span>
     <span class='ocr_line' id='line_1_102' title="bbox 1146 2638 2187 2678; baseline -0.003 -6"><span class='ocrx_word' id='word_1_738' title='bbox 1146 2650 1220 2672; x_wconf 89' lang='lat' dir='ltr'>cum</span> <span class='ocrx_word' id='word_1_739' title='bbox 1240 2649 1340 2671; x_wconf 78' lang='lat' dir='ltr'>uxore</span> <span class='ocrx_word' id='word_1_740' title='bbox 1359 2639 1618 2670; x_wconf 88' lang='lat' dir='ltr'>communicasse.</span> <span class='ocrx_word' id='word_1_741' title='bbox 1638 2638 1872 2677; x_wconf 75' lang='lat' dir='ltr'>Pygmalionem</span> <span class='ocrx_word' id='word_1_742' title='bbox 1897 2640 2023 2678; x_wconf 84' lang='lat' dir='ltr'>autem,</span> <span class='ocrx_word' id='word_1_743' title='bbox 2042 2647 2075 2669; x_wconf 84' lang='lat' dir='ltr'>re</span> <span class='ocrx_word' id='word_1_744' title='bbox 2096 2647 2187 2669; x_wconf 86' lang='lat' dir='ltr'>com·</span> 
     </span>
     <span class='ocr_line' id='line_1_103' title="bbox 1146 2689 2188 2731; baseline -0.003 -8"><span class='ocrx_word' id='word_1_745' title='bbox 1146 2693 1253 2731; x_wconf 88' lang='lat' dir='ltr'>perta,</span> <span class='ocrx_word' id='word_1_746' title='bbox 1271 2691 1375 2731; x_wconf 85' lang='lat' dir='ltr'>ipsum</span> <span class='ocrx_word' id='word_1_747' title='bbox 1393 2698 1458 2721; x_wconf 91' lang='lat' dir='ltr'>una</span> <span class='ocrx_word' id='word_1_748' title='bbox 1483 2698 1557 2720; x_wconf 91' lang='lat' dir='ltr'>cum</span> <span class='ocrx_word' id='word_1_749' title='bbox 1579 2698 1679 2720; x_wconf 84' lang='lat' dir='ltr'>uxore</span> <span class='ocrx_word' id='word_1_750' title='bbox 1695 2697 1712 2720; x_wconf 91' lang='lat' dir='ltr'>e</span> <span class='ocrx_word' id='word_1_751' title='bbox 1728 2698 1806 2729; x_wconf 88' lang='lat' dir='ltr'>rupe</span> <span class='ocrx_word' id='word_1_752' title='bbox 1828 2689 2022 2729; x_wconf 81' lang='lat' dir='ltr'>praeeipitem</span> <span class='ocrx_word' id='word_1_753' title='bbox 2047 2689 2188 2721; x_wconf 87' lang='lat' dir='ltr'>dandum</span> 
     </span>
     <span class='ocr_line' id='line_1_104' title="bbox 1144 2740 2188 2783; baseline -0.002 -9"><span class='ocrx_word' id='word_1_754' title='bbox 1144 2744 1272 2783; x_wconf 82' lang='lat' dir='ltr'>jussisse</span> <span class='ocrx_word' id='word_1_755' title='bbox 1282 2767 1291 2782; x_wconf 89' lang='lat'>‚</span> <span class='ocrx_word' id='word_1_756' title='bbox 1305 2744 1402 2782; x_wconf 84' lang='lat' dir='ltr'>atque</span> <span class='ocrx_word' id='word_1_757' title='bbox 1414 2741 1511 2773; x_wconf 86' lang='lat' dir='ltr'>alium</span> <span class='ocrx_word' id='word_1_758' title='bbox 1526 2741 1701 2781; x_wconf 80' lang='lat' dir='ltr'>praefecisse</span> <span class='ocrx_word' id='word_1_759' title='bbox 1714 2740 1908 2780; x_wconf 87' lang='lat' dir='ltr'>sacerdotio,</span> <span class='ocrx_word' id='word_1_760' title='bbox 1926 2741 1980 2781; x_wconf 86' lang='lat' dir='ltr'>qui</span> <span class='ocrx_word' id='word_1_761' title='bbox 2002 2749 2103 2781; x_wconf 84' lang='lat' dir='ltr'>quum</span> <span class='ocrx_word' id='word_1_762' title='bbox 2126 2750 2188 2772; x_wconf 89' lang='lat' dir='ltr'>non</span> 
     </span>
     <span class='ocr_line' id='line_1_105' title="bbox 1148 2791 2188 2834; baseline -0.003 -8"><span class='ocrx_word' id='word_1_763' title='bbox 1148 2795 1250 2826; x_wconf 86' lang='lat' dir='ltr'>multo</span> <span class='ocrx_word' id='word_1_764' title='bbox 1275 2796 1347 2834; x_wconf 86' lang='lat' dir='ltr'>post</span> <span class='ocrx_word' id='word_1_765' title='bbox 1374 2793 1456 2824; x_wconf 89' lang='lat' dir='ltr'>idem</span> <span class='ocrx_word' id='word_1_766' title='bbox 1476 2792 1666 2824; x_wconf 84' lang='lat' dir='ltr'>sacrificium</span> <span class='ocrx_word' id='word_1_767' title='bbox 1692 2792 1825 2830; x_wconf 81' lang='lat' dir='ltr'>faceret,</span> <span class='ocrx_word' id='word_1_768' title='bbox 1843 2800 1880 2823; x_wconf 87' lang='lat' dir='ltr'>eo</span> <span class='ocrx_word' id='word_1_769' title='bbox 1905 2791 1988 2832; x_wconf 86' lang='lat' dir='ltr'>quod</span> <span class='ocrx_word' id='word_1_770' title='bbox 2014 2800 2055 2823; x_wconf 79' lang='lat' dir='ltr'>ex</span> <span class='ocrx_word' id='word_1_771' title='bbox 2079 2792 2188 2823; x_wconf 84' lang='lat' dir='ltr'>iisdem</span> 
     </span>
     <span class='ocr_line' id='line_1_106' title="bbox 1148 2838 2188 2883; baseline -0.002 -6"><span class='ocrx_word' id='word_1_772' title='bbox 1148 2846 1296 2877; x_wconf 85' lang='lat' dir='ltr'>carnibus</span> <span class='ocrx_word' id='word_1_773' title='bbox 1311 2844 1516 2883; x_wconf 88' lang='lat' dir='ltr'>comedisset,</span> <span class='ocrx_word' id='word_1_774' title='bbox 1532 2844 1642 2875; x_wconf 90' lang='lat' dir='ltr'>eodem</span> <span class='ocrx_word' id='word_1_775' title='bbox 1660 2843 1755 2875; x_wconf 90' lang='lat' dir='ltr'>etiam</span> <span class='ocrx_word' id='word_1_776' title='bbox 1779 2852 1842 2883; x_wconf 90' lang='lat' dir='ltr'>quo</span> <span class='ocrx_word' id='word_1_777' title='bbox 1866 2843 1916 2874; x_wconf 86' lang='lat' dir='ltr'>ille</span> <span class='ocrx_word' id='word_1_778' title='bbox 1938 2843 2093 2882; x_wconf 83' lang='lat' dir='ltr'>supplicio</span> <span class='ocrx_word' id='word_1_779' title='bbox 2110 2838 2188 2875; x_wconf 82' lang='lat' dir='ltr'>asse-</span> 
     </span>
     <span class='ocr_line' id='line_1_107' title="bbox 1149 2893 2189 2935; baseline -0.003 -7"><span class='ocrx_word' id='word_1_780' title='bbox 1149 2898 1219 2928; x_wconf 86' lang='lat' dir='ltr'>ctus</span> <span class='ocrx_word' id='word_1_781' title='bbox 1234 2897 1284 2928; x_wconf 87' lang='lat' dir='ltr'>sit.</span> <span class='ocrx_word' id='word_1_782' title='bbox 1310 2897 1351 2928; x_wconf 82' lang='lat' dir='ltr'>At</span> <span class='ocrx_word' id='word_1_783' title='bbox 1363 2905 1462 2935; x_wconf 89' lang='lat' dir='ltr'>quum</span> <span class='ocrx_word' id='word_1_784' title='bbox 1478 2895 1610 2926; x_wconf 86' lang='lat' dir='ltr'>ulterius</span> <span class='ocrx_word' id='word_1_785' title='bbox 1623 2903 1672 2926; x_wconf 87' lang='lat' dir='ltr'>res</span> <span class='ocrx_word' id='word_1_786' title='bbox 1686 2894 1938 2934; x_wconf 84' lang='lat' dir='ltr'>progrederetur,</span> <span class='ocrx_word' id='word_1_787' title='bbox 1953 2893 2189 2934; x_wconf 86' lang='lat' dir='ltr'>cupiditateque</span> 
     </span>
     <span class='ocr_line' id='line_1_108' title="bbox 1150 2944 2185 2989; baseline -0.004 -10"><span class='ocrx_word' id='word_1_788' title='bbox 1150 2948 1271 2979; x_wconf 88' lang='lat' dir='ltr'>inducti</span> <span class='ocrx_word' id='word_1_789' title='bbox 1292 2956 1311 2978; x_wconf 90' lang='lat' dir='ltr'>a</span> <span class='ocrx_word' id='word_1_790' title='bbox 1332 2946 1481 2977; x_wconf 85' lang='lat' dir='ltr'>carnibus</span> <span class='ocrx_word' id='word_1_791' title='bbox 1507 2955 1570 2977; x_wconf 91' lang='lat' dir='ltr'>non</span> <span class='ocrx_word' id='word_1_792' title='bbox 1603 2945 1809 2989; x_wconf 87' lang='lat' dir='ltr'>abstinerent,</span> <span class='ocrx_word' id='word_1_793' title='bbox 1836 2944 1890 2976; x_wconf 87' lang='lat' dir='ltr'>sed</span> <span class='ocrx_word' id='word_1_794' title='bbox 1914 2946 2114 2975; x_wconf 88' lang='lat' dir='ltr'>vescerentur</span> <span class='ocrx_word' id='word_1_795' title='bbox 2131 2945 2185 2984; x_wconf 88' lang='lat' dir='ltr'>iis,</span> 
     </span>
     <span class='ocr_line' id='line_1_109' title="bbox 1151 2990 2206 3039; baseline -0.004 -9"><span class='ocrx_word' id='word_1_796' title='bbox 1151 3008 1276 3039; x_wconf 77' lang='lat' dir='ltr'>prenam</span> <span class='ocrx_word' id='word_1_797' title='bbox 1290 2998 1417 3030; x_wconf 86' lang='lat' dir='ltr'>tandem</span> <span class='ocrx_word' id='word_1_798' title='bbox 1432 2997 1539 3028; x_wconf 79' lang='lat' dir='ltr'>inseri-i</span> <span class='ocrx_word' id='word_1_799' title='bbox 1549 2996 1685 3028; x_wconf 83' lang='lat' dir='ltr'>desiisse.</span> <span class='ocrx_word' id='word_1_800' title='bbox 1699 2995 1893 3027; x_wconf 81' lang='lat' dir='ltr'>Abstinentia</span> <span class='ocrx_word' id='word_1_801' title='bbox 1904 2997 2010 3026; x_wconf 86' lang='lat' dir='ltr'>tamen</span> <span class='ocrx_word' id='word_1_802' title='bbox 2023 3004 2041 3026; x_wconf 88' lang='lat' dir='ltr'>a</span> <span class='ocrx_word' id='word_1_803' title='bbox 2051 2990 2206 3035; x_wconf 57' lang='lat' dir='ltr'>piscibus*</span> 
     </span>
     <span class='ocr_line' id='line_1_110' title="bbox 1152 3046 2185 3090; baseline -0.005 -8"><span class='ocrx_word' id='word_1_804' title='bbox 1152 3059 1252 3090; x_wconf 85' lang='lat' dir='ltr'>usque</span> <span class='ocrx_word' id='word_1_805' title='bbox 1265 3050 1304 3081; x_wconf 87' lang='lat' dir='ltr'>ad</span> <span class='ocrx_word' id='word_1_806' title='bbox 1324 3049 1488 3081; x_wconf 87' lang='lat' dir='ltr'>Menandri</span> <span class='ocrx_word' id='word_1_807' title='bbox 1504 3049 1617 3080; x_wconf 88' lang='lat' dir='ltr'>comici</span> <span class='ocrx_word' id='word_1_808' title='bbox 1634 3051 1777 3088; x_wconf 86' lang='lat' dir='ltr'>tempora</span> <span class='ocrx_word' id='word_1_809' title='bbox 1792 3046 1878 3087; x_wconf 82' lang='lat' dir='ltr'>apud</span> <span class='ocrx_word' id='word_1_810' title='bbox 1889 3049 1984 3085; x_wconf 68' lang='lat' dir='ltr'>syros</span> <span class='ocrx_word' id='word_1_811' title='bbox 2005 3047 2185 3086; x_wconf 83' lang='lat' dir='ltr'>permansit.</span> 
     </span>
    </p>
   </div>
   <div class='ocr_carea' id='block_1_15' title="bbox 1635 3123 1693 3155">
    <p class='ocr_par' dir='ltr' id='par_1_17' title="bbox 1635 3123 1693 3155">
     <span class='ocr_line' id='line_1_111' title="bbox 1635 3123 1693 3155; baseline -0.017 0"><span class='ocrx_word' id='word_1_812' title='bbox 1635 3123 1693 3155; x_wconf 81' lang='lat'>32.</span> 
     </span>
    </p>
   </div>
   <div class='ocr_carea' id='block_1_16' title="bbox 1152 3197 2186 3337">
    <p class='ocr_par' dir='ltr' id='par_1_18' title="bbox 1152 3197 2186 3337">
     <span class='ocr_line' id='line_1_112' title="bbox 1194 3197 2186 3241; baseline -0.005 -8"><span class='ocrx_word' id='word_1_813' title='bbox 1194 3201 1360 3241; x_wconf 86' lang='lat' dir='ltr'>Proposuit</span> <span class='ocrx_word' id='word_1_814' title='bbox 1377 3203 1500 3232; x_wconf 82' lang='lat' dir='ltr'>Marcus</span> <span class='ocrx_word' id='word_1_815' title='bbox 1524 3199 1751 3240; x_wconf 82' lang='lat' dir='ltr'>grammaticus</span> <span class='ocrx_word' id='word_1_816' title='bbox 1783 3199 1841 3230; x_wconf 84' lang='lat' dir='ltr'>tale</span> <span class='ocrx_word' id='word_1_817' title='bbox 1865 3198 2027 3238; x_wconf 83' lang='lat' dir='ltr'>quidpiam</span> <span class='ocrx_word' id='word_1_818' title='bbox 2055 3197 2095 3228; x_wconf 83' lang='lat' dir='ltr'>de</span> <span class='ocrx_word' id='word_1_819' title='bbox 2121 3207 2186 3238; x_wconf 84' lang='lat' dir='ltr'>qno</span> 
     </span>
     <span class='ocr_line' id='line_1_113' title="bbox 1152 3249 2186 3294; baseline -0.004 -9"><span class='ocrx_word' id='word_1_820' title='bbox 1152 3254 1368 3294; x_wconf 85' lang='lat' dir='ltr'>dispiceretur.</span> <span class='ocrx_word' id='word_1_821' title='bbox 1388 3254 1562 3284; x_wconf 80' lang='lat' dir='ltr'>Neantliem</span> <span class='ocrx_word' id='word_1_822' title='bbox 1580 3252 1772 3291; x_wconf 69' lang='lat' dir='ltr'>Cyzicenum</span> <span class='ocrx_word' id='word_1_823' title='bbox 1786 3250 1817 3281; x_wconf 89' lang='lat' dir='ltr'>in</span> <span class='ocrx_word' id='word_1_824' title='bbox 1833 3250 1964 3282; x_wconf 84' lang='lat' dir='ltr'>Urbium</span> <span class='ocrx_word' id='word_1_825' title='bbox 1983 3249 2097 3281; x_wconf 74' lang='lat' dir='ltr'>fabulis</span> <span class='ocrx_word' id='word_1_826' title='bbox 2118 3260 2186 3281; x_wconf 87' lang='lat' dir='ltr'>nar-</span> 
     </span>
     <span class='ocr_line' id='line_1_114' title="bbox 1152 3303 2185 3337; baseline -0.004 0"><span class='ocrx_word' id='word_1_827' title='bbox 1152 3315 1219 3337; x_wconf 85' lang='lat' dir='ltr'>rare</span> <span class='ocrx_word' id='word_1_828' title='bbox 1233 3305 1311 3336; x_wconf 83' lang='lat' dir='ltr'>dixit</span> <span class='ocrx_word' id='word_1_829' title='bbox 1331 3305 1414 3335; x_wconf 75' lang='lat' dir='ltr'>bunc</span> <span class='ocrx_word' id='word_1_830' title='bbox 1432 3304 1567 3336; x_wconf 80' lang='lat' dir='ltr'>AEantidi</span> <span class='ocrx_word' id='word_1_831' title='bbox 1582 3304 1676 3335; x_wconf 82' lang='lat' dir='ltr'>tribui</span> <span class='ocrx_word' id='word_1_832' title='bbox 1699 3304 1851 3334; x_wconf 87' lang='lat' dir='ltr'>honorem</span> <span class='ocrx_word' id='word_1_833' title='bbox 1871 3303 2022 3333; x_wconf 79' lang='lat' dir='ltr'>eximium</span> <span class='ocrx_word' id='word_1_834' title='bbox 2043 3303 2185 3333; x_wconf 81' lang='lat' dir='ltr'>habitum</span> 
     </span>
    </p>
   </div>
  </div>
 </body>
</html>
