2289 3728
698 143 970 181 PTOLEMAEI
1003 144 1285 183 EVERGETAE
1314 147 1639 189 FRAGMENTA.

95 229 161 265 τῶν
191 228 383 280 ἐπιχωρίων
413 231 592 278 γυναικῶν,
625 228 707 278 μάλ’
747 229 1024 280 εὐπρεπεστάτην
1056 228 1121 274 τὴν

93 286 183 337 ὄψιν,
205 301 264 323 και
277 285 541 355 Βιλιστίχην,”
524 302 572 323 ετι
600 284 635 323 δὲ
658 286 898 357 Ἀγαθόκλειαν
918 285 977 323 καὶ
1007 288 1120 337 Στρα-

93 343 245 391 τονίκην,
274 338 314 389 ἧς
332 342 369 380 τὸ
390 343 479 393 μέγα
510 345 674 392 μνημεῖον
704 345 856 394 ὑπῆρχεν
885 343 941 379 ἐπὶ
968 345 1010 393 τῇ
1040 358 1123 393 προς

95 400 265 438 Ἐλευσῖνι
296 400 471 452 θαλάσσῃ
492 416 549 437 και
572 400 721 451 Μύρτιον
751 401 809 437 καὶ
837 398 942 442 ἄλλας
970 400 1004 437 δὲ
1023 401 1122 437 πλεί-

93 473 196 504 στας,
216 458 494 509 ἐπιρρεπέστερος
514 456 561 494 ὢν
578 458 661 508 πρὸς
681 458 875 509 ἀφροδίσια.

144 516 316 566 Διδύμην]
336 518 491 562 Eadem,
524 518 672 564 opinor,
699 525 929 552 memoratur
959 530 1018 564 ap.
1042 518 1123 555 Cal·

93 576 291 611 limaclium
320 577 446 624 Epigr.
479 576 538 613 13.
572 596 623 601 -—
645 573 876 623 Βιλιστίχην]
898 577 954 610 De
979 576 1046 611 hac
1076 576 1122 612 cf.

93 634 279 670 Plutarch.
302 635 468 668 Amator.
489 646 521 668 c.
540 645 576 680 9,
598 645 644 680 9,
662 646 701 680 p.
726 632 811 678 753,
829 635 856 668 F
877 645 884 666 ε
907 630 952 668 ‘H
973 631 1008 667 δὲ
1025 632 1125 669 Βελε-

94 689 217 740 στίχη,
247 690 337 739 (vgo
359 686 563 736 Βελεστὶη),
594 689 677 740 πρὸς
696 688 794 735 Διὸς,
815 690 851 725 οὐ
889 688 1062 741 βάρὸαρον
1091 688 1124 732 ἐξ

95 748 220 798 ἀγορᾶς
236 746 396 797 γύναιον,
416 742 455 793 ἧς
477 746 551 798 ἱερὰ
569 746 627 783 καὶ
653 747 752 790 ναοὺς
768 746 997 798 Ἀλεξανδρεῖς
1026 745 1124 797 ἔχου-

93 819 157 850 σιν,
178 804 429 856 ἐπιγράψαντος
449 804 490 841 δι’
522 804 633 855 ἔρωτα
653 808 711 842 τοῦ
750 804 938 855 βασιλέως,
971 803 1124 855 Ἀφροδί-

91 878 151 907 της
165 863 394 913 Βελεστίχης,
413 865 575 901 Glossam
587 863 776 914 Βελεστίχη
791 866 901 899 habet
913 865 1023 899 etiam
1038 865 1123 899 Sui—

91 922 176 966 das3
199 923 372 969 idemque
391 935 424 957 v.
453 921 620 966 Σωτάδης
640 935 790 957 carmen
818 922 964 957 Sotadis
983 922 1029 963 εἷς
1056 922 1122 957 Βε-

90 977 252 1028 λεστίχην
270 987 464 1016 memorat.
486 977 665 1028 Βλίστιχιν
680 978 880 1014 παλλακίδα
900 979 1014 1014 habet
1035 980 1123 1014 Cle-

90 1049 193 1074 mens
226 1038 285 1073 Al.
318 1038 508 1073 Cohortat.
525 1050 560 1084 p.
580 1042 626 1079 42
645 1038 702 1073 ed.
730 1040 840 1082 Pon„
873 1050 983 1085 quam
999 1050 1124 1072 veram

91 1107 165 1129 esse
182 1096 346 1129 nominis
370 1096 525 1130 formam
543 1103 664 1130 censet
685 1096 947 1131 Valckenarius
964 1095 1011 1130 ad
1041 1096 1124 1130 Cal-

91 1152 236 1187 limach.
253 1165 290 1199 p.
314 1165 327 1187 1
339 1152 395 1187 16.
413 1154 578 1187 Eandem
594 1154 788 1188 mulierem
806 1161 912 1188 notat
930 1153 1124 1188 Pausanias

90 1212 134 1254 V,
155 1210 191 1253 8,
223 1223 235 1245 1
250 1224 261 1244 1
281 1238 292 1254 ,
312 1211 377 1245 ubi
402 1209 607 1259 Βελιστίχην
628 1210 666 1246 ἐκ
686 1209 900 1251 Μακεδονίας
915 1212 975 1254 τῆς
996 1208 1050 1246 ἐπὶ
1070 1213 1123 1246 θα-

90 1265 204 1318 λάσσῃ
225 1272 370 1315 γυναῖκα
390 1268 485 1316 bigis
500 1269 537 1302 in
558 1270 728 1315 Olympia
750 1270 874 1304 vicisse
889 1270 937 1304 ait
955 1269 1119 1317 (Olymp.

96 1337 180 1372 129.
216 1326 287 1367 264
317 1338 349 1361 a.
374 1326 448 1373 (ἶ.)-
470 1326 608 1360 Eadem
628 1327 756 1362 Euseb.
789 1327 928 1364 Chron.
958 1339 994 1373 p.
1028 1325 1119 1372 153,

90 1383 158 1416 nisi
178 1383 281 1429 quod
302 1384 338 1417 in
352 1384 478 1431 graecis
487 1396 544 1418 res
559 1384 782 1419 adscribitur
801 1384 1012 1431 Olympiadi
1036 1384 1120 1426 128,

91 1440 129 1472 in
151 1440 270 1474 latinis
293 1453 382 1475 vero
416 1449 591 1488 corrupte
623 1443 757 1489 legitur
778 1455 785 1476 :
809 1446 903 1476 vicsit
926 1442 1122 1476 Philistin-

91 1497 178 1531 clms
207 1499 384 1533 ‘Waceclih
403 1500 488 1534 Non
504 1499 645 1534 diversa
663 1500 708 1534 ab
728 1500 945 1535 Macedonia
961 1500 1028 1534 hac
1045 1498 1123 1534 fue-

90 1558 139 1590 rit
155 1557 336 1592 Bilistiche
349 1584 357 1599 ,
372 1570 452 1603 quae
472 1558 535 1601 (ab
554 1558 680 1592 aulicis
698 1557 905 1605 Ptolemrei)
929 1557 1124 1592 dicebatur

91 1626 206 1661 genus
215 1615 260 1649 ab
277 1615 414 1649 Atridis
426 1615 567 1650 ducere.
584 1615 779 1650 Athenaeus
794 1617 901 1659 XIII,
914 1628 951 1662 p.
969 1614 1056 1660 576,
1073 1617 1120 1650 E:

92 1670 274 1719 Βιλιστίχη
293 1669 327 1707 δὲ
355 1673 376 1715 ἡ
402 1670 553 1720 Ἀργεία,
583 1670 702 1720 ἑταίρα
723 1672 782 1708 καὶ
803 1671 888 1716 αὐτὴ
916 1670 1067 1719 ἔνδοξος,
1085 1670 1124 1707 τὸ

93 1727 184 1777 γένος
203 1728 270 1764 ἀπὸ
290 1731 355 1764 τῶν
377 1728 554 1778 Ἀτρειδῶν
578 1728 754 1775 σώζουσα,
771 1730 815 1771 ὡς
829 1731 858 1766 οἱ
873 1728 915 1765 τὰ
938 1728 1119 1780 Ἀργολικὰ

94 1785 286 1836 γράψαντες
306 1788 510 1835 ἱστοροῦσιν,

146 1847 405 1893 Fragmentum
425 1858 444 1880 e
464 1846 561 1880 libro
582 1849 707 1893 quinto
726 1846 811 1881 vide
830 1847 869 1880 in
892 1846 1023 1894 fragm.
1054 1859 1085 1880 1.

590 1932 625 1967 5.

383 2020 412 2053 E
441 2019 587 2054 LIBRO
617 2020 834 2055 SEPTIMO.

146 2107 250 2142 Idem
272 2108 321 2150 ΙΙ,
341 2118 380 2153 p.
405 2105 468 2152 43,
490 2107 518 2140 Ε
541 2118 548 2140 :
577 2105 792 2152 Πτολεμαῖος
812 2103 846 2140 δὲ
869 2106 886 2140 ὁ
909 2104 1066 2153 βασιλεὺς
1091 2106 1124 2141 ἐν

95 2162 245 2213 ἑὸδόμῳ
251 2162 532 2210 Υπομνημάτων,
542 2177 596 2198 επι
612 2161 776 2212 Κορίνθου
787 2161 987 2211 προάγουσι,
1003 2177 1121 2212 φησιν,

96 2223 177 2269 ἡμῖν
194 2219 248 2257 δια
262 2236 321 2265 της
338 2219 569 2278 Κοντοπορίας
582 2218 795 2267 καλουμενης
806 2248 814 2263 ,
829 2218 919 2255 κατὰ
934 2234 994 2263 την
1011 2217 1124 2270 ἀκρώ-

100 2293 192 2330 ρειαν
217 2276 497 2328 προσὸαίνουσιν,
519 2280 607 2313 εἰναι
626 2275 753 2326 κρήνην
771 2282 865 2325 νᾶμα
886 2276 1035 2312 ἀνιεῖσαν
1054 2275 1127 2326 χιό-

96 2388 143 2418 nis
157 2387 358 2425 mulieribus,
373 2387 487 2417 eximia
500 2387 600 2417 forma
613 2397 621 2424 ;
638 2387 707 2416 tum
727 2386 905 2417 Bilisticlien
919 2399 925 2416 :
940 2395 1035 2425 porro
1048 2395 1123 2416 vero

96 2437 337 2475 Agatliocleam,
354 2440 385 2468 et
407 2437 620 2475 Stratonicen,
639 2437 729 2476 cujus
755 2437 813 2467 snit
839 2437 945 2475 ingens
966 2436 1043 2467 illud
1060 2445 1128 2467 mo-

97 2490 285 2518 numentum
299 2488 337 2518 ad
352 2496 438 2518 mare
453 2496 549 2527 prope
564 2488 688 2518 Eleusin
705 2499 711 2517 :
727 2487 803 2518 item
820 2489 849 2518 Μ
855 2488 969 2526 yrtinm
980 2511 988 2525 ,
1005 2489 1036 2518 et
1052 2487 1129 2518 alias

100 2540 253 2579 plurimas
273 2541 361 2570 :erat
378 2539 459 2570 enim
478 2538 517 2569 ad
533 2541 689 2570 Venerem
709 2539 852 2578 inprimis
867 2539 1024 2579 proclivis.

599 2594 631 2624 5.

139 2648 327 2678 Ptolemaeus
352 2656 406 2678 rex
421 2671 429 2685 ,
452 2647 533 2677 libro
556 2647 688 2686 septimo
714 2647 1021 2678 Commentariorum
1036 2671 1044 2685 ,
1067 2647 1128 2686 ait,

98 2698 287 2730 Corinthum
314 2706 424 2728 versus
451 2697 721 2737 progredientibus
748 2697 838 2727 nobis
866 2706 920 2736 per
945 2697 1027 2727 viam
1058 2706 1130 2736 quae

99 2750 289 2789 Contoporia
307 2749 433 2787 dicitur,
453 2749 508 2779 ubi
522 2749 559 2779 ad
572 2749 681 2787 jugum
701 2750 816 2779 montis
834 2749 1044 2786 adscenditur,
1061 2750 1129 2779 son-

98 2807 163 2835 tem
177 2812 243 2833 esse
255 2826 263 2840 ‚
281 2802 334 2841 qui
351 2809 466 2840 aquam
481 2801 602 2832 emittat
616 2801 687 2831 nive
705 2801 910 2840 frigidi0rem3
926 2810 942 2831 e
961 2809 1024 2840 quo
1038 2802 1130 2831 multi

100 2865 163 2887 non
178 2855 303 2893 bibant,
319 2854 494 2884 metuentes
517 2861 556 2883 ne
577 2852 645 2892 gelu
666 2853 818 2892 rigescant
830 2863 838 2891 ;
858 2853 922 2892 ipse
942 2862 1016 2884 vero
1034 2862 1066 2884 se
1086 2853 1132 2884 bi-

101 2906 182 2936 bisse
197 2905 253 2935 ait.

599 2957 632 2987 (3.

141 3016 209 3045 Non
229 3012 321 3043 fuisse
343 3020 360 3041 a
385 3011 510 3042 luxuria
534 3010 672 3041 alienum
695 3011 779 3041 hunc
803 3020 924 3049 regem,
952 3011 1017 3050 ipse
1034 3011 1128 3042 etiam

102 3066 141 3097 «le
155 3074 187 3096 se
206 3065 356 3095 testatum
381 3063 474 3101 fecit,
500 3065 613 3093 octavo
635 3063 941 3093 Commentariorum
963 3063 1042 3093 libro
1062 3072 1130 3094 nar-

102 3125 175 3146 rans
201 3124 264 3153 quo
289 3118 379 3153 pacto
404 3114 533 3153 Cyrenis
554 3113 698 3144 sacerdos
715 3114 810 3144 suerit
833 3114 985 3153 Apollinis
998 3137 1006 3151 ‚
1024 3117 1054 3144 et
1075 3123 1134 3145 coe-

103 3175 176 3197 nam
196 3165 373 3196 exhibuerit
392 3165 427 3195 iis
447 3164 499 3203 qui
523 3165 595 3195 ante
619 3172 692 3193 eum
716 3164 838 3194 fuerant
860 3165 1054 3202 sacerdotes3
1077 3165 1130 3195 nbi

103 3217 146 3247 ita
162 3216 270 3247 scribit
293 3228 300 3246 ι
320 3228 334 3241 α
354 3215 516 3247 Artemitia
543 3215 632 3253 (sive
657 3214 840 3253 Artemisia)
858 3215 1030 3245 maximum
1049 3215 1130 3254 apud

104 3270 295 3306 Cyrenenses
317 3266 431 3296 festum
459 3278 465 3295 ε
493 3274 556 3304 qno
581 3264 725 3295 sarci-dos
741 3265 891 3304 Apollinis
908 3265 1068 3302 (annuum
1086 3267 1130 3296 est

105 3319 210 3348 autem
233 3316 263 3346 id
285 3315 517 3353 sacerdotium>
534 3324 622 3345 mena
645 3316 759 3354 excipit
783 3306 835 3346 cos
860 3316 913 3354 qni
940 3317 1011 3345 ante
1041 3316 1130 3346 illum

2146 161 2214 191 ¹87

1186 246 1238 272 νος
1254 232 1479 284 ψυχρότερον·
1503 234 1536 278 ἐξ
1552 231 1589 281 ἧς
1612 236 1757 279 πολλοὺς
1779 236 1827 286 μὴ
1850 236 1970 282 πίνειν,
1993 238 2218 289 ἀποπαγήσε-

1186 291 1263 324 σθαι
1279 291 1547 339 προσδοκῶντας,
1568 293 1667 336 αὐτὸς
1688 293 1723 330 δὲ
1743 294 1832 345 λέγει
1852 295 2057 333 πεπωκέναι.

1488 397 1516 429 Ε
1544 398 1688 434 LIBRO
1717 400 1917 437 OCTAVO.

1681 501 1718 537 6.

1238 596 1341 631 Idem
1354 598 1499 645 X11,p.
1522 600 1608 647 549,
1622 602 1672 637 E:
1685 599 1766 638 “Ort
1786 601 1819 638 δὲ
1840 605 1966 654 τρυφῆς
1981 604 2041 641 οὐκ
2055 607 2095 650 ἠν
2111 604 2214 641 ἀλλό-

1185 655 1304 702 τριοςὸ
1327 655 1484 704 βασιλεὺς
1501 660 1595 699 οὗτος
1617 660 1732 705 (Ptol.
1756 661 1863 708 VII),
1882 661 1980 703 αὐτὸς
1997 661 2074 712 περὶ
2095 664 2215 698 ἑαυτοῦ

1137 738 1145 742 -
1186 714 1372 761 μαρτυρεῖ,
1396 728 1429 749 εν
1451 729 1498 764 τῳ
1514 713 1621 764 ὀγδόι)
1641 730 1706 751 των
1727 714 2046 766 (Υπουνηυάτων
2028 719 2216 769 διηγούμε-

1185 783 1238 810 νος
1250 797 1260 814 ,
1279 783 1369 812 οπως
1384 785 1420 806 τε
1440 770 1546 820 ἱερευς
1563 772 1694 821 ἐγένετο
1711 776 1769 809 του
1784 790 1816 810 εν
1835 775 1973 826 Κυρήνῃ
1990 776 2215 822 Λπόλλωνος,

1185 841 1243 863 και
1263 825 1353 868 ὅπως
1371 828 1503 864 δεῖπνον
1520 844 1758 879 παρεσκευασε
1777 846 1844 872 τοις
1865 847 1930 882 προ
1952 834 2052 870 αὐτοῦ
2073 834 2214 884 γενοιιέ-

1185 899 1251 926 νοις
1279 887 1477 935 ιερεῧσι,γ
1457 886 1596 937 γράφων
1628 887 1732 929 οὕτως
1786 907 1799 920 «
1827 888 2039 938 Ἀρτεμίτια,
2071 892 2216 941 μεγίστη

1185 941 1311 993 ἓορτῆ’
1298 958 1331 979 εν
1352 942 1508 993 Κυρηνῃ·
1524 946 1557 980 ἐν
1571 948 1591 994 ᾗ
1606 946 1649 980 δε
1641 960 1746 995 ιερευς
1762 961 1819 982 του
1839 945 2047 989 Ἀπόλλωνος
2078 950 2117 997 (
2104 948 2215 985 ενιαύ·

1185 1015 1254 1042 σιος
1273 999 1310 1036 δέ
1330 1001 1427 1049 εστι)
1449 1001 1607 1045 δειπνίζει
1628 1017 1702 1044 τους
1721 1002 1787 1052 πρὸ
1814 1004 1916 1040 αὑτοῦ
1943 1005 2216 1055 ἱερευσαμένους,

1185 1072 1242 1094 και
1261 1057 1522 1107 παρατίθησιν
1509 1058 1644 1095 εκάστι)
1663 1059 1830 1110 τρυὸλία·
1850 1064 1949 1097 τοῦτο
1965 1060 1999 1097 δε
2021 1063 2090 1098 ἐστι
2110 1078 2215 1114 κερα-

1185 1117 1287 1162 μεοῦν
1307 1113 1424 1164 ἄγγος,
1444 1116 1684 1166 ἐπιδεχόμενον
1711 1118 1756 1159 ὡς
1784 1116 1909 1154 εἴκοσιν
1931 1118 2102 1169 ἀρτάῧας·
2135 1122 2167 1156 ἐν
2189 1138 2216 1171 ῳ

1185 1171 1298 1208 πολλὰ
1315 1171 1375 1221 μὲν
1390 1175 1456 1209 τῶν
1475 1173 1667 1224 ἀγριμαίων
1684 1173 1833 1223 ἔγκειται
1846 1175 2088 1224 πεπονημένα,
2105 1178 2218 1214 πολλὰ

1185 1222 1219 1260 δὲ
1240 1224 1338 1273 σῖτα,
1360 1224 1419 1261 καὶ
1439 1241 1504 1262 των
1534 1225 1669 1276 ἡμερων
1692 1227 1846 1277 ὀρνίθων,
1877 1226 1925 1264 ἔτι
1956 1228 1991 1264 δὲ
2021 1228 2212 1265 θαλαττίων

1184 1281 1324 1331 ιχθύων,
1347 1282 1507 1334 ταρίχους
1526 1299 1561 1320 τε
1592 1283 1719 1327 ξενικου
1749 1284 1888 1321 πλείονα
1917 1284 2019 1334 γε’νη·
2053 1286 2217 1329 πολλάκις

1185 1339 1221 1376 δέ
1231 1355 1317 1382 τινες
1328 1339 1386 1376 καὶ
1397 1340 1557 1392 καθάριον
1575 1342 1643 1390 (sic
1660 1343 1812 1380 Casaub.
1829 1355 1900 1390 pro
1919 1351 2001 1392 vgta
2018 1357 2026 1378 ε
2047 1343 2216 1394 κιθάριον)

1186 1398 1428 1436 ἀκολουθίσκον
1447 1399 1701 1450 προσδιδόασιν.
1725 1399 1880 1449 εΗμεῖς
1863 1400 1897 1437 οὲ
1916 1401 2155 1452 περιειλόμεθα
2173 1401 2216 1437 τὰ

1184 1471 1342 1493 τοιαυτα·
1368 1456 1492 1507 φιάλας
1521 1456 1548 1493 δ’
1569 1456 1775 1508 ὁλαργύρους
1804 1458 2147 1507 κατασκευάσαντες,
2177 1474 2215 1495 το
2250 1478 2255 1481 -

1183 1514 1318 1564 τίμημα
1345 1514 1490 1566 ἔχουσαν
1517 1515 1664 1560 εκάστην
1691 1520 1730 1561 ἧς
1761 1516 2014 1567 προειρήκαμεν
2044 1517 2217 1562 δαπάνης,

1183 1572 1287 1610 ἰ’ππον
1302 1588 1338 1608 τε
1355 1588 1612 1620 κατεσκευασμε
1616 1588 1670 1610 νον
1691 1588 1751 1609 συν
1772 1574 1957 1625 ἱπποκόμω
1976 1573 2035 1611 καὶ
2055 1574 2217 1625 φαλάροις

1186 1631 1381 1682 διαχρύσοις
1402 1629 1590 1679 ἐδώκαμεν,
1611 1631 1669 1667 καὶ
1689 1631 1973 1680 παρεκαλέσαμεν
1995 1631 2135 1669 ἕκαστον
2158 1632 2214 1669 ἐπὶ

1186 1689 1287 1724 αὐτοῦ
1303 1687 1508 1725 καθεσθέντα
1523 1687 1631 1725 οἴκαδ’
1647 1687 1795 1724 ἀπιέναι.
1816 1705 1831 1720 »

1687 1795 1717 1826 7.

1238 1874 1342 1909 Idem
1366 1875 1485 1920 V1,p.
1503 1886 1600 1921 229,
1618 1876 1651 1909 D
1671 1886 1678 1907 :
1698 1873 1914 1921 Πτολεμαῖος
1931 1872 1959 1909 δ’
1979 1875 1996 1909 ὃ
2011 1873 2168 1923 βασιλεὺς
2183 1875 2215 1910 ἐν

1186 1931 1293 1981 ὀγδόι)
1322 1929 1619 1978 Υπομνημάτων,
1656 1929 1733 1980 περὶ
1754 1929 2013 1967 Μασσανάσσου
2042 1930 2097 1967 τὸν
2117 1930 2216 1981 λόγον

1186 1989 1327 2036 ποιούμε
1332 2003 1397 2036 νος,
1410 2003 1469 2024 του
1487 1987 1624 2025 Αιὸύων
1644 1988 1825 2037 βασιλέως,
1842 1986 1925 2038 φησὶ
1941 1986 2031 2023 τάδε·
2051 2006 2066 2020 «
2083 1991 2214 2026 Δεῖπνα

1187 2046 1423 2094 ‘optatui'm-'m
1407 2062 1448 2091 ην
1465 2045 1771 2094 κατεσκευασμένα
1789 2073 1798 2090 ,
1823 2044 1964 2095 κεράμῳ
1983 2060 2086 2082 παντι
2106 2061 2215 2096 χορη-

1186 2103 1335 2153 γούμενα
1356 2105 1504 2153 ἀργυρι).
1525 2102 1631 2144 Π’“1ιὶις
1614 2101 1648 2139 οὲ
1665 2118 1731 2139 των
1752 2103 1785 2138 δε
1773 2102 1915 2152 ευτέρων
1942 2103 2110 2153 τραπέζας
2136 2103 2213 2140 εκό-

1187 2175 1265 2209 σμει
1282 2161 1349 2202 τοῖς
1363 2160 1542 2202 [ταλικοῖς
1559 2162 1726 2207 ἐθισμοῖς·
1741 2159 1783 2196 τὰ
1800 2160 1834 2196 δὲ
1850 2160 2009 2196 κανίσκια
2023 2164 2063 2206 ἠν
2078 2160 2215 2197 ἅπαντα

1187 2223 1318 2268 χρυσᾶ,
1348 2217 1510 2268 γεγονότα
1542 2233 1626 2267 προς
1654 2233 1696 2254 τα
1729 2217 1923 2266 πλεκόμενα
1948 2223 2022 2260 ταῖς
2051 2218 2214 2268 σχοίνοις·

1189 2281 1360 2332 μουσικοῖς
1376 2291 1412 2312 τε
1429 2277 1553 2326 ε’χρῆτο
1570 2274 1797 2319 Ἑλληνικοῖς.
1822 2294 1837 2307 »

1191 2386 1366 2417 sacerdotio
1388 2386 1486 2416 suncti
1513 2388 1605 2423 sunt,
1632 2386 1823 2425 apponitque
1847 2386 1974 2425 singulis
1995 2386 2139 2417 catinos:
2163 2394 2217 2416 vas

1188 2437 1283 2467 fictile
1298 2437 1358 2466 hoc
1371 2437 1436 2473 est,
1453 2436 1576 2467 artabas
1596 2436 1659 2467 sere
1676 2437 1800 2475 capiens
1823 2436 1930 2475 viginti
1945 2448 1953 2474 ;
1979 2437 2010 2466 in
2028 2445 2090 2476 quo
2107 2437 2216 2475 positae

1188 2488 1298 2518 multae
1316 2496 1425 2518 carnes
1441 2488 1548 2518 l'erinae
1562 2487 1725 2526 diligenter
1738 2487 1854 2526 paratae
1866 2511 1874 2526 ‚
1888 2487 2033 2526 panificia
2047 2487 2147 2517 multa
2160 2510 2168 2524 ‚
2186 2488 2217 2518 et

1187 2538 1430 2569 domesticarum
1448 2539 1573 2577 avium,
1591 2538 1784 2568 marinorum
1800 2538 1929 2577 piscium
1947 2541 1978 2568 et
1992 2538 2142 2577 peregrini
2156 2538 2217 2568 sah

1187 2591 1318 2621 samenti
1332 2591 1423 2629 plura
1439 2599 1554 2629 genera
1568 2603 1574 2620 :
1590 2590 1722 2620 subinde
1736 2590 1829 2620 etiam
1844 2590 1986 2621 nonnulli
2003 2590 2129 2629 insuper
2142 2590 2218 2620 dant

1188 2643 1359 2681 elegantem
1387 2651 1520 2682 puerum
1543 2643 1773 2682 pedissequum.
1817 2645 1880 2673 Nos
1902 2651 1999 2680 vero,
2025 2642 2146 2673 omissis
2170 2642 2218 2673 his

1188 2693 1302 2724 talibus
1314 2717 1322 2732 ‚
1341 2693 1458 2732 phialas
1473 2693 1683 2724 conficiendas
1696 2693 1878 2723 curavimus
1891 2702 1929 2723 ex
1949 2692 2048 2723 solido
2067 2695 2194 2732 argento
2206 2717 2215 2731 ‚

1188 2754 1444 2785 unamquamque
1472 2746 1550 2776 tanti
1577 2745 1666 2784 pretii
1690 2746 1798 2784 quanti
1824 2745 1989 2775 constabat
2013 2746 2099 2775 totus
2123 2753 2217 2784 quem

1188 2797 1393 2836 praediximus
1411 2800 1598 2836 apparatus3
1616 2798 1646 2827 et
1663 2799 1776 2835 praeter
1792 2796 1927 2835 phialam
1953 2805 2070 2835 equum
2101 2796 2217 2827 instru-

1188 2850 1275 2878 ctum
1292 2848 1426 2887 phaleris
1446 2847 1597 2877 inauratis
1615 2856 1688 2877 cum
1711 2848 1858 2886 equisone
1877 2846 2021 2877 dedimus
2039 2847 2171 2886 cuique,
2186 2849 2217 2882 et

1194 2909 1286 2930 suum
1303 2906 1463 2939 quemque
1479 2899 1687 2930 conscendere
1702 2899 1895 2938 domumque
1909 2899 1994 2930 abire
2006 2899 2163 2937 jussimus.
2182 2913 2195 2926 »

1682 2955 1717 2985 7.

1231 3008 1419 3038 Ptolemaeus
1443 3015 1497 3037 rex
1510 3030 1518 3045 ‚
1536 3008 1651 3037 octavo
1669 3007 1976 3038 Commentariorum
1999 3006 2037 3036 de
2056 3006 2216 3037 Masinissa

1189 3059 1283 3088 verba
1298 3059 1429 3095 faciens,
1453 3058 1560 3097 Libyas
1580 3068 1650 3097 rege
1662 3082 1670 3097 ,
1692 3060 1758 3089 baec
1771 3058 1878 3089 scribit
1894 3071 1901 3089 :
1923 3071 1937 3084 «
1954 3061 2058 3089 Coenae
2074 3060 2214 3088 Romano

1190 3119 1277 3141 more
1299 3110 1459 3140 instructae
1485 3111 1574 3140 erant
1593 3122 1599 3140 z
1620 3119 1714 3140 omne
1740 3110 1856 3149 fictile,
1882 3110 1967 3149 quod
1989 3109 2213 3148 apponebatur,

1189 3162 1369 3199 argenteum
1398 3162 1475 3191 erat.
1520 3161 1679 3192 Secund-as
1704 3170 1778 3191 vero
1804 3169 1925 3191 mensas
1948 3160 2056 3191 Italico
2084 3159 2215 3189 ornabat

1191 3221 1277 3243 more
1294 3225 1300 3242 :
1319 3212 1468 3251 sportulae
1484 3221 1558 3243 vero
1575 3221 1682 3243 omnes
1697 3220 1800 3242 animae
1813 3212 1919 3245 erant,
1935 3211 1972 3240 ad
1988 3218 2093 3240 earum
2108 3209 2214 3239 simili-

1191 3263 1332 3294 tudinem
1354 3263 1444 3294 sactoe
1465 3272 1537 3302 qnae
1552 3273 1589 3294 cx
1606 3263 1706 3301 juncis
1723 3263 1903 3302 plectuntur
1920 3275 1924 3291 z
1945 3260 2131 3299 musicisque
2148 3261 2214 3289 ute<

1192 3315 1283 3345 batur
1300 3315 1425 3346 Graccis.
1445 3328 1457 3340 ιι
