2289 3728
944 134 1272 172 FRAGMENTA.
2120 143 2165 173 67

538 246 573 270 2.

321 310 348 342 E
378 309 524 343 LIBRO
554 306 790 342 SECUNDO.

93 390 288 424 Athenaeus
312 390 378 431 Vl,
409 401 448 435 p.
474 389 560 433 246,
589 388 615 423 C
644 400 652 422 ε
686 380 986 433 Πτολεμαῖοςχδὸ
1017 387 1074 419 τοῦ

41 444 274 496 Ἀγησάρχου,
298 444 584 493 Μεγαλοπολίτης
600 444 712 493 γένος,
731 444 765 479 ἐν
786 445 827 492 τῇ
849 440 990 492 δευτέρᾳ
1006 443 1073 477 τῶν

42 503 128 554 Περὶ
146 503 202 540 τὸν
224 502 452 552 Φιλοπάτορα
469 503 626 553 ἱστοριῶν
648 499 824 549 συμπότας
840 501 923 552 φησὶ
944 502 992 550 τῷ
1013 502 1076 550 βα-

41 562 128 598 σιλεῖ
158 560 364 610 συνάγεσθαι
386 559 420 603 ἐξ
450 559 588 605 ἁπάσης
607 561 667 605 τῆς
686 558 838 603 πόλεως,
872 557 927 599 οὒς
947 573 1075 608 προσα-

40 619 240 671 γορεύεσθαι
260 617 477 668 γελοιαστάς.

540 676 574 711 3.

344 753 373 787 Ε
401 752 550 787 LIBRO
579 752 770 787 TERTIO.

93 832 199 867 Idem
224 832 281 876 X,
308 845 344 880 p.
375 831 448 874 425
467 860 476 876 ‚
498 833 556 868 F:
584 831 746 872 Κλεινοῦς
776 830 811 866 δὲ
839 832 900 874 τ’ἧς
928 830 1079 880 οἶνοχόου

42 888 263 938 Πτολεμαίου
292 892 351 926 τοῦ
375 887 562 939 βασιλέως,
598 888 743 934 ἐπίκλην
771 887 806 924 δὲ
833 887 1078 940 Φιλαδέλφου,

42 1011 286 1050 HISTORIA
306 1010 595 1059 (PTOLEMAEI
612 1009 679 1058 IV)
700 1009 1080 1047 PHILOPATORIS.

547 1096 581 1127 2.

82 1175 290 1213 Ptolemaeus,
318 1175 486 1215 Agesarchi
514 1173 618 1213 filius,
637 1182 751 1213 genere
780 1173 1081 1214 Megalopolitanus,

43 1227 182 1259 secundo
205 1227 287 1259 libro
303 1229 351 1259 De
370 1227 465 1259 rebus
483 1226 714 1266 Philopatoris,
737 1228 936 1266 compotores
957 1227 1002 1258 ait
1022 1226 1084 1266 regi

43 1288 82 1310 ex
92 1280 159 1310 tota
175 1279 254 1310 urbe
265 1279 334 1318 cogi
350 1279 458 1310 solitos
468 1302 476 1317 ‚
487 1286 606 1318 eosque
617 1278 774 1317 jocatores
787 1277 881 1309 fuisse
894 1278 1080 1318 appellatos.

545 1352 576 1382 3.

86 1419 196 1451 Clinus
209 1418 341 1458 puellae,
358 1427 430 1459 quae
447 1418 531 1458 apud
549 1418 755 1449 Ptolemoeum
772 1427 877 1458 regem
894 1418 1085 1458 cognomine

46 1469 289 1509 Philadelphum
309 1470 469 1509 pincernae
487 1478 620 1501 munere
633 1469 719 1507 fungi
735 1469 827 1500 solita
840 1472 924 1509 erat,
940 1470 1085 1501 meminit

1137 222 1341 268 μνημονεύει
1362 220 1574 269 Πτολεμαῖος
1590 224 1607 259 ὁ
1623 224 1679 258 τοῦ
1697 221 1932 272 Ἀγησάρχου,
1955 223 1986 258 ἐν
2008 224 2049 271 τῇ
2071 222 2168 272 τρίτη

1136 279 1202 313 τῶν
1224 278 1300 327 περὶ
1323 278 1550 328 Φιλοπάτορα
1571 281 1743 330 ἱστοριῶν.

1637 362 1670 398 si.

1191 428 1294 462 Ideni
1328 431 1399 463 Xu
1387 445 1438 473 ιι,
1473 444 1509 477 p.
1546 430 1634 478 378,
1664 437 1690 467 A
1722 446 1729 466 2
1767 432 2018 478 Πτολεμαῖος
2001 433 2031 468 ο’
2063 433 2080 467 ὁ
2114 446 2172 467 του

1141 482 1355 534 Ἀγησάρχου
1382 487 1414 521 ἐν
1450 491 1523 527 ταῖς
1553 502 1630 537 περι
1658 490 1714 524 τὸν
1746 488 1974 538 Φιλοπάτορα
2012 489 2174 541 ἱστορίαις

1143 540 1342 591 βασιλέων
1329 542 1499 592 ἕιρι)μένας
1519 545 1742 596 ἀναγράφων,
1763 546 1864 598 φησί·
1884 546 2096 585 «Φιλίππου
2114 551 2172 583 τοῦ

1141 577 1264 636 lllotxs
1229 599 1338 641 εοόνος
1367 599 1426 636 αὐ
1413 615 1574 643 ησαντος
1604 602 1771 639 Φίλινναν
1804 604 1865 649 τὴν
1889 605 2172 657 ὀρχηστρίδα,
2140 620 2173 647 ις

1139 660 1179 701 ἧς
1199 656 1257 693 καὶ
1277 660 1438 706 γεννῆσαι
1468 657 1658 708 Αριδαῒον,
1678 676 1735 697 τον
1759 661 1845 708 μετὰ
1867 662 1959 699 ’Am
1946 664 2084 712 ςανδρον
2111 666 2175 713 βα·

1141 714 1368 752 σιλεύσαντα·
1387 716 1639 767 Δημητρίου
1608 731 1641 753 οε
1660 733 1717 754 του
1752 720 1986 771 Πολιορκητου
2008 720 2109 793 unat»
2116 721 2176 763 τὰς

1142 788 1331 823 προειρημε
1335 789 1394 816 νας
1428 774 1590 822 Μανίαν,
1626 774 1814 824 Ἀντιγόνου
1846 777 1881 813 δὲ
1912 778 2041 827 Δημω,
2076 779 2109 823 ἐξ
2137 784 2176 825 ἧς

1143 830 1325 868 Αλκυονέα
1360 834 1795 882 γεννηθῆναιρΣελευκου
1835 834 1869 871 δὲ
1910 851 1966 873 του
2010 837 2176 889 νεωτέρου

1143 888 1291 927 Μυσταν
1312 889 1370 927 καὶ
1390 891 1553 929 Νυσαν
1555 893 1638 928 Cf.
1667 895 1871 929 Helaclidae
1889 896 2016 931 Lembi
2034 898 2080 934 fr.
2102 902 2138 939 4.

1146 1000 1336 1031 Ptolemaeus
1352 1000 1521 1040 Agesarchi
1549 1000 1632 1032 silius
1648 1000 1681 1032 in
1705 1001 1798 1032 tertio
1816 1002 1895 1033 libro
1924 1005 1970 1034 De
1996 1005 2089 1036 rebus
2107 1006 2177 1036 Phi-

1145 1050 1304 1090 lopatoris.

1648 1107 1681 1138 4.

1185 1160 1376 1192 Ptolemaeus
1387 1160 1554 1200 Agesarchi
1565 1160 1647 1192 filius
1659 1161 1692 1192 in
1709 1161 1919 1201 Philopatoris
1928 1162 2058 1194 historia
2071 1173 2179 1203 regum

1146 1211 1280 1243 amasias
1293 1220 1458 1243 recensens
1471 1212 1539 1243 hacc
1552 1213 1661 1244 scribit
1675 1226 1682 1243 ε
1706 1226 1721 1240 «
1741 1213 1903 1253 Philippus
1915 1214 2044 1246 Macedo
2062 1215 2179 1246 Philin-

1144 1272 1218 1294 nam
1240 1264 1432 1296 saltatricem
1450 1264 1481 1295 in
1504 1264 1688 1304 dignitatem
1704 1266 1827 1305 evexit,
1850 1274 1891 1298 ex
1913 1275 1977 1306 qua
1993 1267 2086 1298 etiam
2111 1268 2181 1299 Ari-

1144 1315 1250 1347 daeum
1266 1316 1392 1356 genuit,
1415 1316 1470 1357 qui
1487 1318 1558 1357 post
1576 1317 1793 1348 Alexandrum
1814 1319 1956 1358 regnavit
1974 1331 1982 1350 ε
2004 1320 2182 1351 Demetrius

1145 1377 1221 1399 vero
1257 1369 1466 1407 Poliorcetes,
1492 1370 1563 1409 post
1587 1369 1771 1410 praedictas,
1804 1371 1942 1403 Maniam
1970 1384 1977 1402 :
2004 1372 2179 1412 Antigonus

1146 1422 1264 1459 Demo,
1292 1429 1308 1451 e
1323 1429 1386 1460 qua
1401 1423 1495 1452 natus
1511 1423 1557 1452 est
1584 1421 1759 1461 Alcyoneus
1781 1435 1786 1452 :
1812 1422 1961 1454 Seleucus
1977 1432 2052 1454 vero
2074 1423 2180 1462 junior

1145 1473 1281 1511 Mystam
1295 1474 1326 1503 et
1338 1473 1465 1512 Nysam.
1484 1486 1498 1499 υ
