2338 3765
148 181 168 210 G
176 180 191 209 3
200 180 220 209 4

143 256 298 296 στόπολις
319 254 494 294 καλεῖται,
517 245 747 298 καὶπρότερον
769 246 803 282 δὲ
826 239 895 284 Αἶα
914 243 1162 292 ἔπικλήσκετο,

143 317 187 357 ὡς
203 311 375 361 Νικάνωρ.
538 314 545 321 “

629 370 687 406 13.

195 464 316 510 Steph.
338 463 421 508 Byz.
446 457 622 507 Ἱμέρα,
640 455 737 497 πόλις
759 453 968 495 Σικελίας...
987 451 1090 489 Ἔστι
1111 449 1167 487 καὶ

144 520 297 568 ποταμὸς
313 516 450 566 Ἱμέρας
465 544 475 564 ,
493 517 537 556 ὣς
555 512 730 563 Νικάνωρ.

625 610 683 647 Ili.

196 702 297 737 Idem
326 712 332 733 z
365 696 397 734 ’A
408 695 654 745 λάὸαστρα,
684 690 783 733 πόλις
816 689 986 741 Φρυγίας.
1019 689 1164 740 (Ηρόδο-

145 775 198 801 τος
222 760 275 805 ff).
300 755 360 793 Ἐν
380 754 486 804 ταύτῃ
507 752 595 793 λίθος
617 750 804 797 διάσημος,
820 747 865 791 ὥς
887 763 970 800 φησι
992 748 1168 798 Νικάνωρ.

201 819 348 852 «Nemo
383 820 447 848 aut
477 810 780 860 geographorum
812 815 873 843 aut
907 808 1170 843 histoiicmum

145 874 326 923 oppidum
347 873 418 906 hoc
446 870 598 904 nomine
631 868 670 901 in
689 866 848 912 Pluygia
874 866 1061 911 aanoscit,
1097 866 1170 899 imo

146 945 266 979 neque
283 933 359 965 Her
363 929 497 964 odotus
510 927 640 974 ‚cujus
655 924 903 959 testimonium
919 922 1069 957 adducit
1089 924 1172 957 Ste-

144 992 308 1038 phanus,
331 988 377 1022 de
394 1000 438 1021 eo
460 986 687 1020 mentionem
711 982 808 1017 fecit.
829 982 964 1016 Omnes
987 981 1172 1014 unanimi-

146 1056 201 1083 ter
219 1046 310 1081 illud
332 1047 369 1079 in
392 1045 551 1090 AEgypto
573 1042 768 1075 collocant.
792 1040 835 1073 V.
869 1038 1086 1072 Ptolemaeus
1108 1039 1169 1080 lv,

149 1106 184 1150 5,
206 1105 346 1140 Plinius
359 1104 403 1145 V,
435 1115 470 1148 9.
504 1102 675 1135 Ceterum
704 1098 791 1143 quia
822 1095 1058 1130 Alabastrites
1084 1095 1174 1140 lapis

146 1163 374 1198 macularum
387 1157 627 1194 similitudine
639 1163 673 1190 ct
685 1155 786 1189 vario
801 1154 1029 1187 interstincto
1049 1153 1152 1186 colm
1156 1165 1174 1187 c

146 1220 417 1268 Synnadicum,
437 1217 501 1263 qui
519 1228 563 1250 ex
582 1213 752 1261 Synnada
768 1213 906 1258 Mag-nse
921 1211 1053 1257 Plnw
1032 1223 1086 1244 1ae
1103 1223 1175 1257 op-

149 1279 239 1327 pido
279 1276 561 1323 deportabatur,
582 1271 796 1307 examussim
822 1269 978 1303 1·“ε“ῒ(ιἰ01ι
971 1275 1024 1311 12,
1062 1275 1098 1302 et
1127 1268 1173 1302 ad

148 1337 307 1372 cundem
327 1333 572 1380 utplurimum
605 1341 708 1364 usum
729 1326 988 1369 adhibebatur,
1011 1326 1096 1359 hinc
1117 1327 1174 1359 νἰ-

149 1394 259 1429 detur
281 1392 436 1433 fac,tum
467 1388 571 1434 quod
599 1386 768 1421 nonnulli
790 1383 1041 1430 Syznnidicum
1070 1383 1175 1416 illum

149 1453 223 1485 sive
242 1446 615 1496 Phrygiumlapidem
636 1443 881 1478 Alabastriten
896 1441 1176 1487 appellaverint,

151 1517 187 1544 et
213 1508 403 1543 Alabastra
435 1518 479 1539 cx
509 1504 669 1550 AEgypto
692 1503 728 1535 in
748 1500 943 1546 Phrygiam
970 1499 1174 1533 transtule—

298 1567 457 1599 Ermum.
484 1564 539 1597 De
560 1560 747 1607 synnadis
769 1558 857 1592 olim
873 1557 1056 1603 Synnaeis
1071 1557 1178 1592 dictis

368 1624 450 1658 sz.
471 1634 499 1657 s.
522 1633 556 1653 v.

151 1569 237 1601 rint.
261 1583 273 1595 »

151 1639 185 1661 v.
210 1624 335 1670 steph.

638 1685 696 1722 15.

203 1777 327 1812 Scliol.
366 1775 488 1821 Apoll.
526 1771 650 1807 Rhod.
674 1773 738 1818 IV,
773 1770 846 1805 262

152 1832 278 1883 πρώτῳ
299 1831 558 1880 Αἰγυπτιακῶν,
587 1828 645 1864 καὶ
665 1826 761 1864 Λέων
789 1827 822 1862 ἐν
852 1823 976 1875 πρώτῳ
1004 1826 1069 1860 τῶν
1096 1837 1180 1874 προς

877 1782 884 1804 2
912 1766 1060 1815 Κόσμης
1088 1766 1121 1803 δὲ
1146 1767 1178 1802 ἐν

153 1891 213 1935 τὴν
247 1888 399 1939 μητέρα,
435 1886 493 1924 καὶ
526 1885 687 1927 Κνωσσὸς
720 1887 753 1922 ἐν
786 1884 817 1921 α’
844 1885 1095 1934 Γεωγραφικῶν
1120 1885 1181 1927 τῆς

154 1948 283 1994 Ἀσίας,
304 1946 442 1983 πάντων
463 1943 709 1996 ἀρχαιοτάτους
728 1941 934 1992 Αἰγυπτίους
951 1940 1054 1992 φασὶ,
1076 1940 1162 1977 καὶ’
1149 1956 1180 1976 εν

160 2005 323 2057 Αἰγύπτῳ
346 2005 485 2056 πρώτην
507 2005 686 2048 κτισθῆναι
705 2001 802 2038 πόλιν
819 1999 956 2046 Θήὸας.
983 1999 1052 2037 Καὶ
1075 1999 1182 2037 Νικά-

155 2080 222 2115 νωρ
243 2063 276 2100 δὲ
296 2064 424 2105 τούτοις
452 2066 627 2112 συμφωνεῖ
653 2061 711 2097 καὶ
726 2058 940 2110 Ἀρχέμαχος
963 2060 996 2096 ἐν
1015 2063 1088 2099 ταῖς
1108 2059 1180 2095 Με-

156 2121 339 2171 τωνυμίαις
356 2120 415 2157 καὶ
432 2118 629 2169 Ξεναγόρας
649 2119 683 2155 ἐν
697 2117 822 2168 πρώτῳ
842 2116 995 2168 Χρόνιον.

212 2353 584 2410 TELEPHUS
625 2351 1127 2407 PERGAMENUS.

924 2474 1078 2507 Audiuit
1097 2472 1187 2521 (Ve-

505 2537 786 2579 grmnmate'cum
830 2533 1001 2572 latinum,

213 2478 331 2512 Julius
347 2476 574 2522 Capitolinus
595 2477 633 2510 in
662 2478 759 2511 Vero
779 2487 813 2510 c.
838 2486 858 2508 2
883 2485 893 2508 .·

162 2535 244 2581 riis)
279 2536 454 2569 Scaurum
1058 2530 1188 2565 Scauri

1023 2590 1181 2630 GroecOr,

163 2653 191 2685 Τ
197 2662 364 2684 »fintenum
379 2676 388 2692 ‚
411 2649 727 2695 Heplzaestionem,
761 2649 1096 2694 Harpocrationem.
1121 2649 1191 2682 'se—

167 2708 314 2754 lcphum
328 2707 438 2750 hunc,
454 2706 534 2740 Veri
549 2706 776 2751 magistrum,
792 2705 1053 2750 Pergamenum
1068 2704 1188 2747 fuisse,

169 2765 273 2810 cnjus
288 2776 401 2810 opera
423 2764 660 2809 grammatica
678 2769 713 2797 et
732 2763 908 2796 historica
925 2762 1023 2808 apud
1039 2761 1190 2797 Suidam

167 2828 536 2863 r‹·censcntu1‚rccte
563 2820 826 2867 proculdubio
844 2820 970 2854 statuit
982 2820 1188 2854 Salmasius.

161 2595 295 2637 filium,
341 2594 400 2637 qui
425 2594 688 2635 grammaticus
719 2591 880 2624 Adriani
888 2587 967 2633 suit
977 2601 986 2629 ‚·

1202 974 1208 1346 l

930 158 1142 196 TELEPHl
1173 154 1465 194 PERGAMEM

1228 257 1270 286 κ,
1291 242 1353 286 53,
1380 242 1443 276 ubi
1461 241 1658 275 lectionem
1676 235 1796 272 αἴαντα
1815 243 1945 271 contra
1964 235 2167 282 Didymum
2187 235 2246 271 de-

1231 300 1361 336 fcndit
1384 301 1503 344 Atque
1522 298 1787 343 imperatorum
1813 295 2068 329 Romanorum
2089 300 2255 339 tempora

1230 358 1349 404 arguit
1370 357 1463 391 liber
1477 355 1627 401 Telephi
1639 353 1685 388 de
1701 354 1890 400 Augusteo
1904 353 2147 398 Pergameno.
2160 352 2256 385 Diae-

1232 423 1303 449 tam
1324 414 1475 460 Telephi
1496 412 1725 460 grammatici
1756 409 1992 445 commendat
2021 409 2181 444 Galenus
2198 410 2252 443 De

1231 471 1367 506 tuenda
1387 471 1492 506 sanit.
1520 471 1564 512 V,
1591 469 1626 505 6.
1647 469 1750 503 Alius
1778 467 1960 513 Telephus
1982 472 2036 501 est
2050 473 2156 513 pater
2175 466 2258 500 Phi-

1232 530 1329 576 letae,
1346 528 1413 565 Coi
1429 535 1548 574 poetae
1559 553 1568 571 ‚
1587 527 1651 572 qui
1665 525 1868 561 Alexandri
1882 526 1932 560 M.
1946 524 2176 572 temporibus
2191 523 2259 559 flo-

1231 588 1306 621 ruit
1332 585 1480 635 (Suidas
1498 598 1535 621 v.
1555 584 1714 627 Φιλητᾶς
1742 590 1779 618 et
1793 583 1902 618 Phot.
1921 583 2018 619 Bibl.
2049 582 2135 620 cod.
2167 581 2260 629 239,

1232 657 1271 691 p.
1294 644 1383 691 319,
1411 642 1490 691 13).
1521 644 1640 677 Porro
1673 643 1811 676 Herma
1839 642 1878 675 in
1899 641 2166 676 Castro-nuovo
2199 651 2261 674 re—

1231 709 1355 749 perta,
1375 714 1454 748 quae
1475 702 1512 735 in
1539 702 1666 735 Museo
1687 700 1865 734 Vaticano
1890 706 2106 742 asservatur,
2129 698 2262 733 inscri—

1233 761 1398 806 ptionem
1418 759 1568 793 exhibet
1586 758 1725 792 hancce
1748 769 1756 790 :

1529 866 1703 902 IUNOM
1733 866 1976 902 HISTORIAE

1390 976 1638 1012 TELEPHUS
1667 976 1725 1010 ET
1754 974 1954 1010 PRISCUS
1983 975 2025 1009 L.
2056 976 2104 1010 D.

1235 1083 1375 1129 Quodsi
1411 1081 1594 1127 Telephus
1610 1080 1670 1113 hic
1704 1086 1830 1113 noster
1857 1080 1909 1113 est
1931 1080 2200 1126 Pergamenus,
2220 1080 2268 1115 de

1236 1141 1358 1175 Prisco
1374 1139 1466 1173 mihi
1482 1150 1560 1172 non
1582 1143 1744 1182 constat3
1765 1137 1819 1171 sin
1836 1137 2002 1171 Priscum
2020 1144 2127 1183 putes
2144 1138 2264 1172 histo—

1235 1199 1352 1232 ricum
1370 1198 1494 1241 illum,
1515 1196 1578 1242 qui
1598 1196 1664 1229 sub
1687 1194 1897 1229 Theodosio
1925 1195 2016 1229 vixit
2045 1194 2170 1241 (quod
2198 1196 2270 1230 mi-

1236 1268 1303 1290 nus
1322 1254 1555 1302 probabile),
1581 1253 1624 1288 de
1641 1253 1713 1287 alio
1740 1252 1904 1299 quodam
1929 1252 2093 1299 Telepho
2114 1253 2270 1300 cogitari

1238 1314 1357 1348 debet.
1380 1314 1551 1348 Ceterum
1570 1311 1616 1345 de
1632 1311 1872 1357 inscriptione
1889 1310 1957 1344 hac
1977 1323 2011 1347 v,
2044 1311 2208 1345 Visconti
2232 1311 2270 1346 in

1238 1374 1364 1406 Museo
1386 1371 1646 1406 Clzjaramonte
1666 1382 1703 1416 p.
1724 1369 1793 1412 68,
1817 1370 1985 1406 Creuzcr.
2012 1371 2108 1405 Hist.
2139 1371 2268 1406 szst.

1237 1443 1274 1477 p.
1305 1429 1379 1465 258
1399 1436 1477 1464 not.
1498 1431 1552 1463 Dc
1573 1428 1716 1474 scriptis
1732 1427 1881 1473 Telephi
1899 1428 1949 1461 ita
1965 1427 2078 1461 habet
2100 1427 2229 1462 Suidas
2257 1439 2265 1462 τ

1239 1489 1270 1525 Τ
1283 1487 1386 1537 ήλεφ
1398 1501 1437 1527 ος
1451 1516 1460 1532 ,
1485 1483 1733 1535 Περγαμηνὸς,
1764 1482 2018 1533 γραμματικός.
2033 1481 2192 1534 ’Ἔγραψε
2212 1483 2271 1520 καὶ

1241 1544 1340 1586 αὐτὸς
1363 1543 1450 1594 (ἔγρ.
1474 1541 1618 1583 κανόνας
1638 1543 1736 1588 conj.
1758 1542 1969 1577 Hemsterh.
1983 1540 2010 1590 )‚
2033 1542 2066 1578 ἐν
2093 1535 2140 1582 οἷς
2154 1556 2272 1592 παρα-

1239 1603 1368 1639 τίθεται
1391 1600 1481 1637 πόσα
1498 1598 1565 1650 χρὴ
1585 1599 1709 1636 εἰδέναι
1732 1598 1788 1635 τὸν
1805 1597 2063 1649 γραμματικόν.
2095 1598 2182 1650 Περὶ
2203 1600 2271 1635 τῶν

1241 1661 1326 1711 παρ’
1345 1658 1495 1709 τΟμήρῳ
1528 1656 1719 1708 σχημάτων
1749 1659 1936 1708 ῥητορικῶν
1957 1655 2076 1704 βιὸλία
2106 1656 2151 1708 β’.
2185 1657 2273 1709 Περὶ

1242 1717 1430 1762 συντάξεως
1458 1715 1558 1767 λόγου
1593 1718 1747 1754 Ἀττικοῦ
1781 1714 1898 1765 βιὸλία
1935 1715 1973 1753 ε’.
1999 1714 2087 1765 Περὶ
2115 1717 2176 1760 τ’ῆς
2198 1717 2274 1752 καθ’

1241 1776 1402 1826 εΌμηρον
1425 1775 1621 1827 ῥητορικῆς.
1645 1771 1732 1823 Περὶ
1753 1775 1813 1817 τῆς
1833 1770 1992 1824 Ὁμήρου
2017 1771 2076 1808 καὶ
2090 1771 2276 1815 Πλάτωνος

1243 1833 1454 1885 συμφωνίας.
1514 1831 1682 1876 Ποικίλης
1710 1828 1933 1880 φιλομαθείας
1962 1828 2080 1879 βιὸλία
2109 1829 2154 1880 β’.
2178 1829 2276 1871 Βίους

1242 1907 1413 1964 τραγικων
1434 1891 1492 1928 καὶ
1522 1904 1701 1940 κωμικων.
1724 1888 1916 1933 Βιὸλιακῆς
1949 1887 2130 1938 ἐμπειρίας
2155 1887 2274 1938 βιὸλία

1243 1950 1287 2000 γ’,
1308 1952 1340 1987 ἐν
1359 1953 1405 1991 οἷς
1425 1949 1579 1986 διδάσκει
1598 1946 1641 1984 τὰ
1665 1946 1818 1992 κτήσεως
1840 1945 1919 1989 ἄξια
1942 1945 2073 1996 βιὸλία.
2101 1943 2186 1983 “On
2207 1944 2274 1994 μό-

1243 2024 1297 2051 νος
1315 2006 1479 2058 ἱ”Ομηρος
1509 2009 1576 2044 τῶν
1601 2005 1754 2057 ἀρχαίων
1787 2003 1968 2050 ἑλληνίζεμ
2006 2003 2276 2054 Περιήγησιν

1245 2066 1491 2117 Περγάμου.
1533 2064 1643 2115 Περὶ
1669 2067 1739 2101 τοῦ
1779 2065 1818 2100 ἐν
1869 2062 2089 2113 Περγάμῳ
2137 2061 2277 2100 Σεὸα-

1246 2125 1387 2163 στείου
1409 2123 1565 2175 βιδλία
1585 2122 1638 2173 β’.
1667 2121 1874 2172 Περὶτῶν
1896 2119 2130 2166 Ἀθήνησιν
2159 2121 2278 2156 δικα-

1246 2182 1450 2235 στηρίων.
1500 2181 1609 2233 Περὶ
1645 2182 1724 2217 τῶν
1773 2178 1979 2224 Ἀθήνησι
2024 2176 2162 2226 νόμων
2205 2177 2278 2214 καὶ

1248 2243 1361 2279 ἐθῶν.
1382 2240 1486 2291 Περι
1503 2255 1582 2277 των
1604 2237 1846 2290 Περγάμου
1881 2236 2100 2287 βασιλέων
2132 2235 2278 2304 ssntGMa

1249 2300 1286 2336 ε’
1307 2297 1394 2349 Περι
1417 2297 1584 2348 χρήσεως,
1598 2297 1674 2342 ἤτοι
1693 2295 1870 2344 ὀνομάτων
1885 2296 2024 2339 ἐσθητος
2042 2293 2100 2330 καὶ
2120 2309 2188 2330 των
2217 2293 2280 2330 ἄλ-

1248 2358 1316 2394 λων
1331 2360 1377 2398 οἱς
1391 2355 1576 2406 χρώμεθα·
1598 2353 1671 2391 ἔστι
1691 2352 1725 2389 δὲ
1752 2352 1842 2389 κατὰ
1863 2366 2045 2401 στοιχειον.
2108 2350 2194 2401 Περι
2221 2352 2279 2396 τῆς

1251 2413 1446 2454 Οδυσσέως
1482 2412 1630 2457 πλάνης.
1669 2409 1892 2448 Ὠκυτόκιον·
1921 2408 1992 2445 ἔστι
2024 2408 2059 2445 δὲ
2094 2407 2278 2458 συναγωγὴ

1251 2470 1412 2508 ἐπιθέτων
1433 2471 1479 2512 εἷς
1496 2469 1533 2506 τὸ
1556 2469 1638 2505 αὐτὸ
1665 2473 1810 2519 πρᾶγμα
1841 2466 2070 2518 ἁρμοζόντων,
2084 2466 2167 2517 πρὸς
2191 2466 2279 2503 ἕτοι-

1252 2544 1313 2577 μον
1331 2527 1489 2578 εὐπορίαν
1510 2527 1685 2578 φράσεως,
1704 2525 1819 2576 βιῧλία
1837 2524 1933 2562 δέκα.

1306 2589 1417 2623 Initio
1432 2587 1538 2633 liujus
1556 2588 1626 2621 loci
1641 2586 1755 2621 verba
1776 2583 1904 2634 ἔγραψε
1921 2582 1980 2619 καὶ
2006 2582 2105 2624 αὐτὸς
2131 2585 2167 2617 in
2191 2582 2276 2620 cod,

1252 2648 1295 2679 V.
1321 2646 1492 2691 leguntur
1507 2651 1590 2691 post
1600 2643 1711 2680 verba
1736 2656 1743 2677 :
1770 2640 1826 2678 τὸν
1847 2639 2100 2691 γραμματικόν.
2125 2657 2138 2671 «
2160 2640 2278 2686 Quam

1253 2704 1471 2749 scripturam
1502 2703 1530 2737 si
1562 2701 1817 2737 contendimus
1853 2713 1938 2735 curn
1973 2712 2014 2736 ea
2044 2699 2281 2734 conclusione

1252 2762 1397 2807 glossae‚
1415 2773 1525 2807 quam
1549 2760 1647 2795 idem
1668 2759 1788 2795 codex
1820 2759 1994 2801 instituit,
2022 2770 2099 2791 non
2119 2756 2281 2790 dubitari

1253 2819 1375 2853 licebit
1394 2820 1485 2865 quin
1503 2817 1656 2853 studiosi
1670 2818 1839 2852 homines
1860 2817 1960 2851 varia
1977 2814 2205 2861 maiginibus
2227 2812 2281 2847 al—

168 2881 274 2913 (Iffritc
295 2878 457 2924 Didymo
474 2877 578 2912 luisse
595 2877 780 2922 juniorem
798 2877 913 2923 liquet
932 2889 976 2911 cx
1004 2877 1120 2912 schol.
1144 2877 1189 2913 Il.
1220 2895 1224 2910 1
1253 2877 1409 2911 leverint
1437 2877 1559 2911 nescio
1595 2875 1731 2922 quibus
1759 2887 1777 2910 e
1810 2874 1975 2909 fontibus
2000 2873 2127 2920 petita.
2154 2871 2280 2906 Unum

169 2989 228 3018 alia
248 2988 286 3018 ail
310 2989 442 3017 l‘onlum
456 3010 463 3024 ‚
480 2995 551 3025 qum
566 2985 870 3025 nnncSebastopolis
884 2988 1028 3024 vocatur,
1047 2987 1096 3016 cni
1108 2986 1192 3025 prius

169 3043 234 3072 212ae
257 3048 370 3069 noun-n
385 3041 462 3076 crat,
478 3038 629 3069 Nicanore
643 3039 730 3068 teste.

214 3148 356 3184 Himera,
376 3147 489 3177 Sicilia:
507 3146 590 3176 urbs.
610 3148 661 3177 list
681 3146 773 3176 eliam
787 3145 898 3176 ninius
917 3146 1073 3184 Himeras,

173 3208 265 3229 sanor
279 3198 331 3229 ait.

1092 3149 1124 3176 ut
1146 3146 1194 3176 »Ni-

654 3251 706 3281 111.

216 3306 386 3343 Alnlmslra,
401 3305 472 3335 111115
486 3304 635 3342 1’111“)9,ί.ἰ;.
651 3303 845 3338 Herodotus(
864 3303 1049 3333 nei-odorus
1062 3307 1078 3332 fl
1094 3305 1132 3334 ll<
1145 3313 1193 3333 111-

1255 2985 1400 3016 (Ιὶαηιιεέ)
1411 2987 1432 3022 ).
1445 2985 1489 3017 Ad
1501 2994 1569 3016 eam
1582 2985 1658 3025 lapis
1669 2984 1844 3025 pellucidus
1856 2983 2021 3023 reperitur,
2035 2983 2069 3013 nt
2079 2982 2122 3012 ait
2134 2980 2279 3013 Nicanor.

1748 3039 1798 3070 15.

1297 3097 1424 3126 cosmos
1444 3098 1488 3126 De
1502 3095 1595 3126 rebus
1610 3094 1761 3134 AEgyptiis
1774 3093 1892 3133 prium,
1909 3093 1940 3123 et
1956 3093 2019 3123 Leo
2034 3090 2135 3130 primo
2149 3088 2194 3120 Ad
2213 3097 2281 3119 ma-

1255 3148 1349 3186 trem,
1363 3149 1394 3178 et
1405 3149 1542 3178 Cnossus
1552 3149 1652 3186 primo
1666 3144 1954 3185 Geographicorum
1968 3143 2060 3180 Asiae,
2073 3141 2215 3173 omnium
2225 3149 2282 3171 an-

1257 3199 1448 3238 tiquissimos
1464 3198 1623 3238 Aigyptios
1636 3206 1702 3229 esse
1715 3221 1723 3236 ,
1742 3197 1939 3236 primamque
1958 3195 1989 3226 in
2014 3194 2146 3234 AEgypto
2161 3192 2284 3225 'thebas

1258 3250 1367 3281 urbem
1391 3251 1549 3281 conditam
1566 3258 1642 3280 esse.
1690 3249 1825 3280 Nicanor
1851 3256 1980 3287 quoque
2001 3247 2032 3277 et
2051 3245 2285 3277 Archeniaclius

1258 3304 1286 3332 111
1304 3302 1472 3334 Nominum
1489 3300 1716 3332 mutationibus
1731 3308 1801 3330 eum
1822 3299 1869 3330 liis
1886 3298 2066 3329 concinunt.
