2338 3765
102 167 173 200 361

154 246 349 297 Σφοδροῧ
362 273 371 290 ,
391 245 551 294 λαμπροῦ
567 272 577 292 ,
596 242 852 281 πολυδαπάνου.
877 261 890 276 «
914 244 1072 294 Σφοδροῦ
1095 258 1131 280 τε

99 304 207 341 πότου
230 301 429 352 γενομένου,
450 300 631 352 ἐνεδρεύων
662 303 679 338 ὃ
708 301 922 352 Παρσώνδής
951 301 1050 343 αὐτὸς
1071 301 1131 349 μὲν

99 361 211 410 ὀλίγον
241 360 365 406 ἔπινεν,
385 358 522 401 ἐκείνοις
552 358 587 396 δὲ
607 357 714 396 πολὺν
739 360 853 410 ἐγχεῖν
880 361 928 410 τῷ
950 358 1131 410 θεράποντι

99 418 246 456 ἐκέλευε.
268 436 281 450 ›1

586 500 644 524 12.

152 577 237 612 Exc.
272 577 324 610 De
342 575 428 611 virt.
451 587 458 609 :
485 571 569 611 “O-:t
589 575 606 610 ὃ
634 574 870 625 Στρυαγγαῗος
904 573 942 623 (ι)
966 573 1052 623 μετὰ
1073 573 1133 619 τὴν

100 630 273 682 ἀναίρεσιν
303 630 513 679 Μαρμάρεω
539 630 581 680 (2)
600 634 659 667 τοῦ
682 632 806 669 Σακῶν
833 631 1001 680 βασιλέως
1024 630 1134 681 εἴχετο

100 689 200 740 ἔρωτι
217 691 402 738 Ζαριναίας
419 691 459 738 (3)
477 691 555 738 σιγῇ
570 689 699 725 πάλαι·
715 689 855 735 κάκείνη
872 688 905 726 δὲ
923 690 1042 727 αὐτοῦ.
1065 690 1132 726 Καὶ

97 746 170 783 ἐπεὶ
187 746 334 791 πλησίον
348 745 478 794 γίνεται
490 748 507 782 ὁ
524 746 609 797 ἀνὴρ
623 745 846 792 Ῥωξανάκης
862 749 901 796 (4)
917 749 975 792 τῆς
986 746 1130 795 πόλεως,

98 804 175 841 ἔνθα
195 804 328 846 Σάκαις
345 803 382 840 τὸ
411 804 584 854 βασίλειον
611 799 670 850 ἦν,
696 805 890 850 ὑπήντησεν
913 807 1005 857 αὐτῷ
1026 807 1133 854 Ζαρι-

97 862 190 909 ναία,
206 862 264 899 καὶ
277 862 472 911 θεασαμένη
489 862 549 900 σὺν
561 864 672 914 πολλῇ
688 869 781 914 χαρᾷ
795 863 960 906 ἐδεξιοῦτό
974 878 1010 900 τε
1021 862 1133 908 αὐτὸν,

98 919 157 956 καὶ
182 920 321 971 ἐφίλησε
351 919 490 956 πάντων
515 920 682 970 ὁρώντων,
709 921 755 963 εἴς
774 937 810 958 τε
830 921 868 958 τὸ
901 921 996 971 ἅρμα
1030 922 1134 956 αὐτοῦ

99 977 265 1025 μετενέὸη
294 979 356 1027 (5),
379 977 437 1014 καὶ
464 978 698 1027 διαλεγόμενοι
719 973 802 1024 ἧκον
823 980 867 1021 εἷς
888 978 925 1015 τὸ
947 978 1132 1028 βασίλειον.

99 1034 331 1086 ζΥποδέχεται
357 1036 432 1081 δὲὴ
465 1036 633 1087 Ζαριναία
663 1036 721 1073 καί
749 1036 810 1082 τὴν
841 1036 1010 1085 ἑπομένην
1041 1037 1133 1087 αὐτῷ

101 1093 264 1144 στρατιὰν
293 1094 537 1145 λαμπρότατα.
571 1094 635 1132 Ἐκ
661 1094 780 1132 τούτου
808 1095 863 1131 ἐπὶ
884 1097 922 1144 (G)
940 1094 1002 1139 την
1030 1096 1133 1131 αὐτοῦ

100 1151 307 1202 καταγωγὴν
336 1154 571 1203 Στρυαγγαῒος
600 1152 790 1200 ἀπελύετο,
817 1152 1052 1196 ὑποστενάζων
1077 1152 1132 1189 διὰ

100 1208 157 1246 τὸν
181 1209 368 1260 Ζαριναίας
394 1209 519 1260 ἔρωτα.
553 1211 604 1247 Οὐ
632 1213 806 1260 καρτερῶν
828 1211 862 1246 F&
882 1214 1053 1247 κοινοῦται
1084 1212 1133 1260 τῷ

98 1268 294 1319 πιστοτάτῳ
312 1270 377 1304 τῶν
408 1266 592 1317 εὐνούχων,
617 1266 648 1303 οἳ
668 1266 864 1304 συνείποντο
884 1270 925 1304 οἵ.
947 1266 990 1305 ‘O
1020 1267 1055 1304 δὲ
1089 1269 1131 1316 (7)

97 1325 262 1376 θαρρύνας
297 1325 411 1371 αὐτὸν,
443 1325 589 1374 παρῄνει
617 1324 677 1370 τὴν
710 1325 840 1371 πολλὴν
874 1325 1040 1373 ἀτολμίαν
1081 1325 1132 1376 ρί-

96 1385 230 1434 ψαντα,
254 1384 340 1433 αὐτῇ
362 1385 467 1419 εἰπεῖν
486 1383 666 1434 Ζαριναία.
697 1384 767 1420 Καὶ
785 1382 837 1429 ὃς,
865 1384 1028 1429 πεισθεὶς,
1057 1385 1135 1419 ἀνα·

97 1440 256 1487 πηδήσας
275 1441 386 1492 ᾤχετο
406 1444 490 1491 παρ’
507 1441 633 1485 αὐτήν·
652 1441 809 1490 ἀσμένως
827 1441 860 1478 δὲ
880 1441 1008 1487 ἐκείνης
1021 1457 1130 1491 παρα-

99 1498 285 1548 δεξαμένης
317 1498 443 1544 αὐτὸν,
476 1499 588 1535 πολλὰ
619 1500 852 1547 διαμελλήσας
878 1500 935 1536 καὶ
968 1499 1130 1543 στενάξας

98 1557 156 1593 καὶ
178 1555 384 1604 μεταὸαλὼν
402 1557 439 1593 τὸ
456 1559 583 1607 χρῶμα
596 1587 605 1603 ,
634 1558 825 1606 ἐτόλμησεν
847 1557 939 1606 ὅμως
953 1587 963 1606 ,
982 1557 1040 1594 καὶ
1059 1552 1132 1595 εἶπε

97 1613 182 1664 πρὸς
203 1613 324 1659 αὐτὴν,
350 1616 394 1656 ὡς
413 1615 454 1650 δι’
482 1614 604 1664 ἔρωτος
634 1614 686 1659 εἴη
707 1616 852 1666 σφοδροῦ
876 1614 1055 1662 καιόμενος
1084 1618 1133 1666 τῷ

98 1671 194 1723 πόθῳ
234 1673 351 1716 αὐτῆς.
385 1671 427 1709 Ἡ
471 1671 505 1708 δὲ
534 1671 650 1723 πρᾴως
681 1672 776 1720 μάλα
810 1672 1036 1721 ἀναινομένη,
1071 1673 1130 1709 καὶ

99 1731 203 1779 ἑαυτῇ
223 1729 286 1781 ἔφη
316 1729 353 1766 τὸ
380 1735 527 1779 πρᾶγμα
554 1728 718 1779 ἐπαισχὲς
747 1724 833 1766 εἶναι
859 1729 918 1766 καὶ
949 1729 1132 1781 βλαῧερὸν,

96 1787 245 1839 κάκείνῳ
277 1786 364 1824 πολὺ
402 1787 537 1838 αἴσχιον
577 1787 635 1824 καὶ
675 1787 944 1839 βλαῧεριιίτερον,
983 1794 1130 1838 γυναῖκα

96 1844 208 1896 ἔχοντι
220 1845 393 1883 Ῥοιταίαν
404 1845 465 1890 τὴν
483 1845 667 1895 Ἀστιῧοίρα
683 1845 866 1896 Θυγατέρα,
881 1846 922 1891 ἢν
939 1846 1072 1883 ἀκούειν
1090 1846 1131 1898 (8)

97 1902 182 1940 πολὺ
219 1903 350 1940 καλλίω
385 1903 442 1940 καὶ
478 1905 583 1948 αὐτῆς
618 1897 704 1940 εἶναι
742 1903 801 1940 καὶ
842 1904 956 1941 ἄλλων
996 1906 1132 1941 πολλῶν

96 1964 279 2011 γυναικῶν.
313 1964 391 1999 Δεῖν
421 1957 478 1998 οὖν
501 1961 604 1998 αὐτὸν
625 1960 672 2009 μὴ
704 1960 788 2012 πρὸς
816 1961 999 2011 πολεμίους
1030 1962 1132 2011 μόνον

98 2018 331 2070 ἀνδρίζεσθαι,
365 2018 454 2056 ἀλλὰ
483 2020 541 2056 καὶ
569 2019 653 2070 πρὸς
681 2018 723 2056 τὰ
749 2024 909 2065 τοιαῦτα,
942 2020 1079 2057 ἐπειδάν
1100 2037 1133 2058 τι

97 2076 276 2127 προσπέσῃ
299 2080 340 2128 τῇ
359 2079 453 2128 ψυχῇ
468 2092 475 2099 ·
506 2076 565 2114 καὶ
589 2076 636 2126 μὴ
660 2077 826 2128 βραχείας
845 2077 994 2129 τέρψεως
1009 2078 1131 2130 χάριν,

95 2134 137 2180 ἣν
159 2135 216 2172 καὶ
234 2136 271 2172 ἐκ
291 2135 514 2172 παλλακίδων
531 2129 632 2172 οἷόντ’
651 2135 753 2185 ἔχειν,
774 2136 830 2172 τὸν
850 2136 956 2173 πολὺν
974 2138 1133 2174 ἀνιᾶσθαι

95 2193 231 2243 χρόνον,
261 2195 289 2230 εἰ
311 2193 460 2231 αἴσθοιτο
492 2193 665 2231 εΡοιταία.
690 2193 793 2231 Τοῦτ’
824 2187 880 2231 οὖν
902 2196 1035 2243 μεθέντι
1065 2195 1130 2247 ἔφη

86 2250 182 2288 ’ἄλλο
202 2267 234 2288 τι
252 2253 437 2288 αἰτεῖσθαι·
456 2250 588 2293 οὐδενὸς
615 2249 681 2301 γὰρ
704 2251 890 2302 ἀτυχήσειν
909 2254 991 2302 παρ’
1014 2254 1130 2298 αὐτῆς.

96 2306 141 2346 ‘O
163 2307 222 2357 μὲν
245 2308 307 2354 δὴ,
328 2312 471 2346 τοιαῦτα
502 2307 687 2357 εἷπούσης,
721 2308 777 2345 ἐπὶ
806 2308 892 2345 πολὺ
924 2308 1053 2359 ἥσυχος
1073 2304 1132 2355 ἦν,

97 2359 192 2408 αὖθις
212 2366 241 2403 δ’
262 2366 504 2415 ἀσπασάμενος
524 2365 631 2411 αὐτὴν
650 2366 863 2417 ἀπέρχεται,
888 2366 947 2403 καὶ
969 2368 1003 2403 ἐν
1025 2366 1132 2404 πλέο-

98 2439 127 2459 νι
151 2423 190 2473 (9)
211 2423 337 2474 ἀθυμίᾳ
356 2419 414 2470 ἦν,
429 2423 511 2474 πρός
527 2439 564 2460 τε
581 2423 637 2460 τὸν
658 2425 816 2474 εὐνοῦχον
836 2424 998 2474 ὠδύρετο.
1022 2426 1131 2467 Τέλος

98 2481 134 2517 δὲ
150 2481 284 2532 γράψας
299 2483 344 2523 εἷς
362 2480 521 2533 διφθέραν
537 2480 714 2533 ἐξώρκωσε
730 2481 786 2518 τὸν
803 2483 976 2532 εὐνοῦχον,
994 2482 1130 2519 ἐπειδὰν

901 158 1101 196 NICOLAI
1129 158 1420 196 DAMASCENI

1242 251 1394 290 Σφοδροῦ,
1418 247 1612 280 vehementis
1625 271 1633 287 ,
1656 247 1843 287 sumptuosi.
1859 259 1874 274 «
1890 249 1996 284 Quum
2010 248 2118 279 autem
2133 247 2228 279 vehe—

1195 316 1283 338 mens
1295 308 1375 338 esset
1394 306 1531 346 potatio,
1555 305 1729 336 Parsondas
1744 305 1886 336 convivis
1907 305 2056 337 insidians
2077 305 2142 345 ipse
2154 306 2226 345 qui-

1195 365 1266 396 dem
1286 364 1426 404 paullum
1440 363 1587 402 bibebat,
1603 363 1664 394 illis
1678 371 1752 395 vero
1767 363 1907 395 multum
1918 363 1958 395 ab
1972 363 2091 395 famulo
2108 363 2228 394 infundi

1193 423 1334 462 jubebat.
1355 435 1368 449 υ

1686 493 1738 524 12.

1237 578 1310 608 Post
1330 576 1494 607 Mai-maris
1507 578 1657 607 Sacarum
1680 575 1761 615 regis
1783 576 1903 606 caedem
1922 577 2144 615 stryangmus‚
2174 577 2230 615 qui

1192 635 1258 674 jam
1274 634 1393 674 pridem
1411 634 1561 664 Zarinaeoe
1571 642 1679 665 amore
1693 634 1842 665 secretius
1855 634 2006 674 flagrabat
2017 658 2025 673 ‚
2040 636 2118 665 tunc
2130 635 2231 666 inulto

1196 693 1293 731 magis
1317 692 1454 729 exarsit,
1483 701 1586 731 neque
1617 692 1719 723 secius
1747 692 1887 722 Zarina’a
1918 692 2089 732 Stryangeei
2122 701 2237 729 amore<

1196 753 1289 790 capta
1303 752 1380 781 erat.
1406 750 1505 789 Igitur
1522 759 1623 789 quum
1643 751 1844 789 Stryangmus
1860 750 1943 780 haud
1960 750 2070 789 procul
2091 750 2130 781 ab
2153 751 2231 782 urbe

1195 811 1363 840 Roxanace
1376 808 1468 846 esset,
1482 808 1511 838 in
1525 816 1587 847 qua
1602 809 1753 838 Sacarum
1769 807 1851 847 regia
1863 809 1941 846 erat,
1954 807 2092 838 Zarinaea
2102 808 2230 840 obviam

1195 874 1357 906 progressa
1383 874 1455 896 eum
1480 866 1619 896 maxima
1636 865 1798 896 hilaritate
1819 866 1962 905 excepit,
1985 866 2081 906 atque
2097 867 2129 897 in
2153 875 2228 898 eon-

1195 926 1303 964 spectu
1330 923 1474 954 omnium
1493 924 1676 954 exosculata
1707 923 1739 954 in
1762 932 1891 954 currum
1914 923 1999 954 illius
2025 924 2229 956 transcendit.

1196 985 1241 1014 lta
1255 982 1349 1013 ambo
1363 982 1444 1012 inter
1457 990 1490 1012 se
1503 982 1718 1020 colloquentes
1733 981 1886 1020 palatium
1901 981 2105 1013 introierunt.
2124 982 2185 1014 Sed
2199 983 2231 1014 ct

1196 1042 1327 1071 cunctas
1352 1039 1527 1079 Stry-angaei
1542 1039 1648 1079 copias
1663 1039 1803 1070 Zarinaea
1825 1040 1949 1079 excepit
1965 1040 2229 1079 splendidissime.

1197 1098 1271 1130 lnde
1299 1098 1331 1129 in
1360 1097 1443 1129 aedes
1468 1097 1526 1128 sibi
1552 1098 1677 1137 paratas
1691 1098 1891 1137 stryangaeus
1903 1097 1944 1128 ob
1964 1097 2113 1129 Zarinoeae
2140 1107 2231 1130 amo-

1196 1166 1262 1188 rem
1281 1156 1451 1187 identidem
1471 1156 1632 1195 suspirans
1647 1164 1680 1186 se
1698 1156 1823 1195 recepit.
1842 1155 1903 1192 Qui
1923 1164 2023 1195 quum
2036 1157 2152 1188 amoris
2170 1156 2232 1187 im-

1196 1215 1336 1255 potentia
1349 1214 1543 1252 vinceretur,
1568 1213 1715 1243 eunucho
1729 1213 1874 1252 cuidam,
1900 1215 2061 1253 onmium,
2085 1223 2166 1254 quos
2183 1223 2231 1246 se-

1196 1281 1270 1303 cum
1302 1271 1456 1310 habebat,
1484 1271 1683 1310 fidelissimo,
1713 1280 1780 1302 rem
1810 1271 1922 1311 aperit.
1951 1272 2007 1303 llle
2042 1272 2231 1304 confirmato

1197 1333 1381 1370 Sti-yangaeo
1392 1329 1514 1367 suadet,
1528 1330 1698 1369 abjectant
1711 1329 1799 1360 omni
1812 1329 2003 1360 verecundia
2015 1329 2071 1369 ipsi
2082 1330 2232 1362 Zarinoeae

1196 1390 1312 1420 amoris
1328 1389 1393 1419 vim
1411 1389 1556 1419 fateatur.
1582 1389 1692 1427 ltaque
1718 1390 1919 1427 &naugerus
1941 1388 2077 1419 eunuchi
2102 1388 2231 1420 hortatu

1196 1448 1354 1486 extemplo
1368 1446 1407 1477 ad
1420 1446 1593 1477 Zarinaeam
1605 1455 1638 1477 se
1649 1446 1803 1484 contulit3
1819 1455 1837 1476 a
1847 1454 1910 1485 qua
1921 1445 2054 1485 benigne
2067 1447 2230 1486 exceptus,

1197 1507 1268 1545 post
1282 1505 1399 1536 multas
1410 1504 1628 1535 cunctationes
1640 1512 1677 1534 ac
1687 1504 1822 1543 suspiria
1832 1528 1840 1543 ,
1855 1504 1961 1534 colore
1974 1504 2083 1535 vultus
2098 1504 2233 1535 subinde

1198 1564 1415 1601 commutato,
1430 1562 1558 1593 tandein
1584 1562 1788 1593 confirmatus
1806 1562 1954 1592 zai-imvae
1971 1561 2119 1601 exponit,
2138 1571 2172 1593 se
2192 1562 2230 1593 il-

1196 1621 1257 1651 lius
1288 1628 1396 1650 amore
1421 1628 1459 1650 ac
1488 1619 1635 1658 cupidine
1667 1620 1794 1659 penitus
1823 1619 1976 1659 deperire.
2003 1619 2063 1651 Sed
2091 1620 2231 1650 Zarinaea

1193 1678 1257 1711 leni
1277 1678 1413 1717 quadam
1439 1686 1477 1708 ac
1499 1677 1566 1708 initi
1591 1678 1715 1716 repulsa
1728 1686 1828 1716 quum
1848 1677 1906 1708 sibi
1930 1677 2118 1708 damnosum
2138 1677 2168 1708 id
2195 1687 2231 1709 ac

1195 1737 1287 1775 turpe
1304 1735 1426 1766 facinus
1440 1736 1506 1766 fore
1529 1735 1708 1774 respondit,
1725 1736 1795 1765 tuni
1811 1735 1903 1774 longe
1919 1735 1976 1775 ipsi
1996 1736 2178 1774 probrosius
2195 1744 2230 1766 ac

1194 1793 1419 1833 periculosius,
1434 1793 1489 1832 qui
1506 1793 1681 1824 Rhoetaeam
1697 1793 1850 1824 Astibarae
1868 1792 1963 1824 [iliam
1980 1794 2012 1824 in
2031 1794 2231 1825 matrimonio

1198 1851 1345 1889 haberet,
1369 1851 1556 1890 mulierem,
1576 1852 1611 1881 ut
1635 1851 1745 1882 auditu
1771 1851 1944 1890 acceperit,
1966 1851 2069 1882 multo
2088 1852 2230 1884 omnium

1196 1909 1466 1949 piilclierrimani;
1483 1918 1577 1949 porro
1603 1909 1706 1948 ipsum
1723 1918 1787 1940 non
1805 1909 1836 1940 in
1853 1909 1936 1940 bello
1962 1910 2065 1940 solum
2081 1909 2232 1942 adversus

1197 1968 1319 1999 hostem
1331 1992 1339 2007 ,
1356 1968 1410 1999 sed
1426 1968 1521 1998 etiam
1541 1970 1652 1998 eontra
1667 1967 1821 2007 ejusmodi
1847 1967 2038 2008 cupiditates
2060 1967 2230 2000 obfirmato

1196 2026 1302 2057 animo
1331 2035 1397 2057 esse
1419 2013 1554 2065 debere,
1578 2035 1680 2066 neque
1709 2026 1881 2066 voluptatis
1908 2026 2100 2058 brevissimae
2119 2035 2230 2066 causa,

1194 2092 1265 2124 quae
1277 2084 1371 2115 velex
1385 2084 1549 2124 pellicibus
1562 2084 1677 2124 percipi
1691 2086 1807 2123 posset,
1822 2084 1854 2114 in
1865 2084 2033 2115 diuturnas
2047 2093 2138 2116 ruere
2151 2085 2230 2116 cala*

1194 2142 1337 2181 mitates,
1352 2143 1377 2172 si
1397 2142 1524 2181 quidem
1539 2142 1570 2173 id
1587 2143 1717 2173 senserit
1730 2143 1888 2181 Rhoetaea3
1907 2142 2037 2182 proinde
2053 2151 2162 2182 orare,
2177 2144 2229 2181 ut,
2258 2132 2261 2134 ³

1195 2200 1255 2231 hoc
1269 2200 1424 2239 seposito,
1445 2200 1569 2240 quidvis
1582 2200 1666 2231 aliud
1682 2202 1842 2240 posceret,
1861 2200 1979 2232 nullius
1998 2200 2080 2232 enim
2107 2201 2152 2232 rei
2183 2209 2231 2232 re-

1160 2281 1166 2289 .
1194 2258 1315 2297 pulsam
1338 2258 1485 2289 laturum.
1507 2261 1575 2290 Hoc
1593 2260 1794 2298 Stryangaeus
1810 2267 1959 2298 responso
1982 2261 2113 2298 accepto
2130 2268 2228 2299 quum

1193 2316 1248 2346 diu
1264 2316 1382 2346 tacitus
1399 2316 1584 2354 mansisset,
1602 2316 1730 2347 tandem
1752 2317 1890 2355 reginam
1914 2317 2075 2347 osculatus
2087 2316 2229 2348 discessit

1195 2376 1226 2405 et
1236 2374 1327 2411 longe
1340 2374 1450 2412 majori
1463 2398 1470 2412 ‚
1486 2383 1581 2413 quani
1598 2376 1689 2405 antea
1702 2398 1710 2413 ,
1723 2374 1909 2412 (egritudine
1923 2374 2086 2413 perculsus
2096 2398 2104 2411 ,
2119 2383 2227 2405 coram

1192 2432 1339 2462 eunucho
1353 2432 1488 2471 gemitus
1505 2432 1596 2462 edere
1610 2432 1712 2472 ecrpit.
1742 2433 1903 2463 Postremo
1926 2432 2023 2463 literis
2039 2432 2076 2462 ad
2089 2433 2230 2463 Zarinaea

1192 2489 1223 2519 in
1241 2489 1425 2520 membrana
1438 2490 1586 2527 exaratis,
1600 2491 1781 2520 eunuchum
1798 2491 1995 2520 sacramento
2008 2489 2125 2529 adegit,
2143 2491 2226 2529 post-

372 2572 386 2584 Q

99 2603 114 2616 «
130 2592 262 2629 Sumpta
278 2592 384 2620 autem
400 2590 439 2620 de
453 2592 576 2621 Nanaro
590 2591 710 2621 ultione
728 2592 892 2630 (Valesius
908 2592 970 2630 ait)
988 2592 1161 2623 l‘arsondas
1177 2593 1214 2623 ad
1230 2592 1381 2623 Cadusios
1394 2593 1551 2631 confugit,
1566 2602 1585 2623 a
1598 2593 1713 2633 quibus
1729 2593 1792 2624 dux
1807 2595 1930 2625 creatus
1947 2593 2065 2625 bellum
2082 2602 2177 2633 grave
2195 2595 2228 2625 et

98 2636 284 2667 diuturnum
302 2636 409 2666 intulit
427 2638 530 2667 Artreo
548 2637 610 2676 regi
628 2638 810 2676 Medorum,
827 2639 863 2668 ut
877 2647 918 2669 ex
932 2640 1035 2669 Ctesia
1051 2639 1160 2670 scribit
1183 2638 1338 2669 Diodorus
1356 2640 1479 2670 Siculus
1502 2642 1528 2670 ll
1545 2664 1553 2677 ‚
1573 2644 1623 2671 23.
1641 2653 1655 2667 »

143 2686 189 2713 12.
216 2681 294 2713 Cod.
318 2685 440 2713 Tur-on.
459 2682 527 2721 sol.
548 2687 624 2722 228,
642 2687 679 2715 28
695 2693 723 2715 r.
739 2701 779 2706 —
799 2688 877 2723 228,
899 2689 938 2716 32
956 2693 1024 2717 vso.
1046 2687 1120 2717 Post
1141 2686 1299 2723 Amnum,
1314 2685 1352 2715 de
1375 2694 1439 2724 quo
1463 2687 1493 2715 in
1517 2686 1554 2715 t'r.
1573 2685 1779 2716 antecedente
1798 2694 1901 2716 sermo
1919 2685 2005 2724 erat,
2024 2685 2107 2725 apud
2123 2685 2231 2717 Medos

99 2729 241 2768 regnavit
264 2738 318 2767 per
340 2737 438 2759 annos
454 2729 562 2767 viginti
577 2730 657 2760 duos
670 2732 803 2769 Artynas
815 2755 823 2769 ,
838 2731 890 2761 cui
904 2731 1015 2763 deinde
1032 2732 1181 2763 successit
1199 2732 1366 2762 Astibaras.
1389 2731 1454 2761 Sub
1474 2731 1534 2761 hoe
1552 2740 1651 2778 quum
1668 2740 1686 2761 a
1710 2731 1811 2762 Medis
1833 2730 1939 2761 Parthi
1967 2730 2007 2761 ad
2033 2733 2128 2762 Sacas
2145 2731 2230 2763 defe-

99 2775 233 2813 cissent,
247 2774 365 2805 bellum
382 2775 462 2804 inter
483 2778 576 2806 Sacas
590 2777 759 2816 Medosque
774 2778 946 2808 conflatum
963 2780 1023 2813 est.
1039 2777 1255 2809 committitur
1269 2778 1426 2816 proelium.
1448 2779 1531 2808 luter
1551 2777 1732 2816 prudiantes
1753 2776 1870 2807 eminet
1891 2776 1975 2807 Sacis
1997 2777 2122 2815 mulier,
2144 2780 2229 2808 Mar-

100 2829 195 2852 marae
210 2821 289 2859 regis
302 2829 395 2859 uxor,
415 2822 644 2853 venustissima.
660 2823 867 2854 vnlneratam
884 2826 1101 2863 Stryangaeus,
1115 2824 1281 2855 Medorum
1299 2824 1379 2862 regis
1392 2832 1497 2862 gener,
1514 2823 1700 2862 insequitur,
1715 2823 1852 2861 attingit,
1867 2822 1905 2853 de
1919 2831 2000 2861 equo
2014 2823 2163 2855 deturbat
2174 2848 2183 2863 ,
2197 2826 2229 2856 at

100 2867 245 2907 precibus
261 2867 327 2905 ejus
346 2867 451 2897 motus
474 2867 664 2899 incolumem
689 2868 831 2900 dimittit.
864 2870 972 2901 Paullo
990 2872 1058 2910 post
1076 2871 1277 2909 stry-angimus
1300 2880 1317 2901 a
1336 2873 1491 2901 Marmara
1510 2871 1621 2908 captus
1643 2869 1820 2900 destinatur
1850 2868 2015 2907 supplicio.
2035 2871 2230 2909 Deprecatur

103 2922 159 2953 pro
173 2922 210 2943 eo
228 2913 351 2943 Zarina.
372 2915 441 2943 Non
455 2913 692 2953 obtemperante
712 2916 888 2953 Marmara,
912 2916 998 2947 cwdc
1015 2917 1117 2947 mariti
1142 2917 1265 2947 redimit
1285 2917 1420 2947 salutem
1435 2917 1602 2947 servatoris
1617 2916 1664 2947 sui
1678 2927 1686 2953 ;
1702 2925 1775 2946 cuin
1795 2914 1895 2946 Medis
1909 2915 2015 2954 pangit
2030 2916 2130 2946 faedus
2148 2916 2228 2946 ami-

102 2959 203 2996 cium,
218 2968 412 2998 regnumque
426 2959 461 2989 iis
483 2960 589 2991 tradit.
614 2964 797 3000 Sequuntur
813 2972 885 3002 quae
907 2966 1014 2993 nostro
1037 2964 1105 2994 loco
1121 2963 1260 3002 legimus.
1280 2963 1503 2994 Antecedcutia
1519 2963 1655 2994 delibavi
1671 2972 1688 2993 e
1706 2962 1843 2993 Diodoro
1867 2962 1891 2991 ll
1903 2984 1912 2999 ,
1927 2964 1985 2999 3='1;
2005 2965 2168 3001 Anonymo
2185 2963 2230 2992 De

102 3005 194 3037 claris
209 3005 367 3035 mulierib.
388 3013 416 3035 c.
435 3010 470 3043 2,
486 3007 646 3038 Demetrio
662 3010 705 3037 De
719 3008 835 3038 elocut.
852 3008 869 3047 ς’
887 3012 963 3046 218,
981 3011 1093 3040 'lfzclze
1113 3010 1192 3040 llist.
1209 3012 1265 3040 Xll
1277 3034 1285 3048 ,
1302 3014 1371 3041 524.
1393 3011 1452 3046 Qui
1466 3020 1575 3041 omnes
1603 3010 1733 3041 laudant
1753 3009 1889 3040 Ctesiam
1910 3009 1966 3047 (t'r.
1982 3011 2098 3047 25-28)
2111 3034 2119 3047 ,
2134 3017 2228 3049 quem

102 3052 246 3084 Nicotaus
272 3059 401 3090 quoque
425 3052 577 3090 sequitur.
592 3070 632 3074 ——
656 3056 682 3084 1.
709 3055 998 3094 Στρυαγγαῖος]
1020 3055 1063 3085 sic
1083 3055 1178 3086 etiam
1206 3059 1361 3094 Anonym.
1377 3058 1422 3086 De
1444 3056 1522 3086 mul.
1545 3056 1565 3086 l.
1588 3056 1628 3094 l.,
1647 3055 1705 3085 nisi
1733 3054 1817 3094 quod
1834 3054 1932 3085 codex
1963 3055 2002 3085 ibi
2021 3063 2076 3093 pro
2094 3056 2227 3095 Στρυαγ-

102 3098 192 3138 γαίου
230 3097 358 3128 exbibet
384 3100 436 3127 τοῦ
465 3098 617 3137 ἀγγαίου,
649 3099 826 3129 Demetrius
849 3100 869 3129 l.
895 3100 914 3129 l.
945 3113 951 3130 ι
976 3101 1175 3140 Στρυάγὶιος,
1206 3104 1335 3132 'l'zeizes
1362 3102 1383 3132 1.
1414 3102 1460 3134 t:
1486 3102 1658 3142 Στρυά).ιος.
1684 3121 1724 3127 -
1745 3106 1774 3132 2.
1800 3101 2037 3141 Μαρμάρεω]
2070 3103 2227 3142 Μερμέρου

103 3148 295 3181 Auonymus.
315 3142 434 3173 Deinde
453 3144 560 3174 Σακῶν
577 3145 719 3175 Valesius
747 3145 868 3184 scripsit
885 3154 941 3184 pro
958 3150 1106 3186 Θρᾳκῶν,
1124 3147 1207 3186 quod
1231 3147 1331 3177 codex
1350 3147 1480 3186 przrhot.
1497 3165 1535 3169 —-
1551 3152 1580 3178 3.
1597 3146 1829 3187 Ζαριναίας]
1849 3147 1892 3177 sic
1910 3147 2005 3177 etiam
2023 3150 2227 3186 Auouymus;

104 3191 232 3231 Ζαρίναν
258 3189 335 3220 dicit
362 3189 528 3220 Diodorus.
566 3211 605 3216 —
629 3193 658 3221 li.
683 3191 944 3231 Ῥωξανάκης]
976 3195 1025 3224 Cl‘.
1049 3194 1194 3232 stephan.
1222 3195 1295 3232 Byz.
1327 3206 1334 3223 ·.
1357 3194 1553 3226 Ῥοξονοκαία
1566 3218 1574 3231 ,
1603 3194 1706 3228 πόλις·
1733 3193 1767 3223 τὸ
1793 3193 1908 3223 &eversa
1937 3193 2146 3228 Ῥοξονοκαῖος
2175 3193 2226 3223 καὶ

102 3236 351 3273 Ῥοξονοκαιοίτης
368 3237 418 3266 καὶ
437 3237 693 3272 Ἱόξονοκαιανός.
718 3238 851 3269 Aliunde,
871 3238 909 3267 de
926 3239 1003 3269 urbe
1023 3249 1084 3269 nou
1105 3240 1237 3269 constat.
1253 3238 1428 3269 Articulum
1449 3241 1521 3268 ante
1551 3239 1624 3276 ἀνὴρ
1640 3238 1760 3269 addidit
1777 3240 1889 3276 Coi-ny.
1912 3258 1952 3265 --
1970 3243 1998 3267 ἴ».
2015 3239 2203 3277 μετενέὸη
2215 3239 2225 3277 ,1

105 3281 209 3312 Malim
236 3290 308 3312 cuin
334 3281 458 3312 Bremio
476 3284 634 3321 μετανέῧη.
652 3302 693 3308 -
706 3287 734 3314 6.
757 3282 842 3322 ε’πί]
872 3283 916 3313 sio
937 3284 1027 3323 cod.;
1046 3287 1086 3320 εἰς
1104 3285 1191 3317 edili.
1214 3304 1251 3310 --
1266 3288 1292 3315 7.
1308 3285 1541 3315 συνείποντο
1558 3287 1603 3315 οἱ.
1621 3285 1656 3316 '0
1676 3285 1715 3315 δὲ
1739 3286 1753 3314 0
1766 3295 1846 3324 αρρ.
1861 3284 1872 3324 j
1889 3296 1920 3315 σ.
1936 3285 1986 3314 οἱα
2003 3286 2033 3315 δὲ
2052 3286 2078 3315 0.
2105 3284 2222 3321 ‹roilex3

105 3328 120 3358 ὁ
137 3328 167 3358 δὲ
185 3328 234 3359 οἷα
251 3328 286 3365 δὴ
315 3327 423 3366 editt.;
453 3328 503 3359 οἱα
524 3329 559 3365 δὴ
576 3329 645 3368 ejici
674 3329 773 3361 voluit
791 3331 903 3368 Coray.
920 3350 959 3356 —
973 3334 1001 3361 8.
1032 3331 1210 3371 ἀκούειν]
1227 3332 1317 3370 Val.;
1341 3332 1444 3362 ἀκούει
1474 3331 1543 3362 eod.
1559 3350 1598 3356 —
1615 3337 1643 3363 9.
1660 3332 1783 3361 πλέον
1795 3330 1825 3370 ι]
1843 3330 1932 3368 cod„
1951 3331 2065 3361 πλείονι
2082 3330 2172 3361 editt.
2185 3347 2224 3352 -ψ
