2289 3728
658 174 700 211 L.
732 171 884 211 ClNCll
916 171 1162 208 ALIMENTI
1195 172 1514 210 FRAGMENTA.

43 277 149 315 porse
180 266 332 298 Romam
361 266 533 298 venire...
570 262 708 308 legatos
738 272 826 306 opus
855 270 931 292 esse
955 259 1008 292 ad
1036 270 1074 291 se

46 325 154 365 milti,
176 325 277 355 viros
296 321 514 367 prudenter,
537 331 616 351 cam
639 318 763 363 quillus
785 328 867 362 qna?
886 317 1001 349 vellet
1029 315 1075 348 dc

45 378 231 427 republica
252 380 467 425 loqueretur.
487 376 615 423 Legati
634 376 671 408 hi
689 375 858 408 nuntiare
870 373 957 417 jussi
984 384 1066 406 0011-

45 439 135 479 5011,
165 445 206 471 nt
230 440 262 470 si
294 437 347 470 ad
374 438 522 470 comitia
554 437 630 479 ipse
664 434 816 466 Romam
845 433 974 465 venire
1005 442 1074 463 non

42 503 181 543 pos-avt,
208 495 418 528 dictatorem
446 495 481 525 in
507 502 596 537 agro
621 491 786 524 Romano
807 489 944 521 diceret
965 490 1076 520 comi-

48 557 174 587 tiorum
194 564 334 587 canera.
357 551 397 585 Si
412 550 539 583 consul
557 548 751 581 Tarentum
764 544 948 592 priffectns
963 551 1072 584 (ῆς-ΛΝ,

49 610 91 654 Q.
124 610 317 644 Claudium
335 616 534 655 proetorem
550 607 700 652 placere
720 607 755 638 in
785 615 866 637 eam
891 605 1076 647 regionem

48 667 131 700 inde
149 667 327 700 abducere
351 667 530 710 legiones,
550 666 586 696 in
606 674 678 709 qua
692 663 878 708 plurimas
901 663 1077 693 sociorum

48 726 151 759 nrbes
184 727 275 758 tueri
306 731 427 770 posset
464 722 515 771 (c.
544 719 628 770 29).
671 721 900 755 Dictatorem
934 718 1078 752 dictum

51 795 125 817 esse
160 794 179 816 a
211 782 385 827 Quinctio
416 782 457 817 T.
490 780 669 814 Manlium
697 779 929 824 Torquatum
961 777 1080 822 capite

51 839 187 874 deinde
201 840 385 874 tricesimo
402 838 511 873 tertio
529 837 637 871 nobis
656 835 770 870 tradit
794 836 937 877 Livius,
958 833 1004 868 de
1024 834 1080 868 le—

50 899 140 945 gatis
156 910 245 931 vero
265 898 348 944 ipsis
366 897 459 937 nihil
474 895 662 929 memoriae
689 893 868 928 habemus
888 892 1081 938 consigna—

50 962 148 998 tum,
170 967 293 1001 neque
316 955 354 988 in
378 954 483 988 libris
502 951 742 999 sequentibus
768 951 843 985 ulla
861 950 979 986 Cincii
997 949 1083 994 inji-

50 1014 146 1047 citur
167 1013 320 1047 mentio.
347 1014 394 1046 At
414 1012 512 1045 libro
532 1011 627 1045 XXI
641 1037 649 1053 ‚
671 1021 703 1043 0.
728 1008 775 1043 38
796 1009 872 1042 haec
893 1007 1048 1054 legimus
1071 1018 1078 1040 ε

52 1073 91 1107 L.
112 1071 259 1106 Cincius
285 1071 487 1103 Alimentus
502 1071 562 1115 qni
580 1075 727 1114 captum
746 1078 785 1100 se
804 1067 852 1100 ab
871 1065 1083 1099 Hannibale

51 1127 179 1163 scribit
196 1131 357 1163 maxime
377 1135 503 1162 auctor
523 1139 579 1161 me
596 1133 764 1172 moveret,
787 1131 856 1160 etc.
873 1123 926 1171 (v.
947 1123 992 1157 fr.
1019 1137 1037 1168 7
1055 1124 1080 1169 ).

52 1189 146 1221 Eum
166 1188 263 1221 cnim
285 1193 453 1220 nostrum
470 1185 637 1220 Cincium
657 1195 732 1218 esse
751 1183 812 1217 vix
829 1189 881 1217 est
896 1195 962 1216 cur
980 1181 1086 1216 dubi-

51 1246 183 1279 taverit
204 1245 351 1292 Pighius
369 1242 434 1291 (*),
458 1244 523 1290 qui
540 1250 631 1277 tom.
662 1241 721 1285 lI,
751 1253 790 1288 p.
819 1248 888 1281 142
916 1240 964 1274 ad
989 1252 1022 1276 a.
1043 1253 1082 1276 11.

54 1301 126 1344 534
142 1330 150 1345 ‚
172 1303 239 1336 ubi
261 1308 481 1348 quaestorem
502 1303 545 1337 L.
578 1301 746 1335 Cincium
766 1299 993 1333 Alimentum
1011 1311 1086 1345 po-

52 1361 126 1402 nit,
158 1360 256 1394 110110
280 1359 398 1394 silium
424 1359 547 1406 potius
565 1359 633 1393 sibi
652 1357 817 1391 historici
838 1369 949 1403 quam
968 1357 1087 1402 ipsum

52 1418 272 1451 historicum
299 1417 419 1452 videri
446 1424 587 1452 monet.
623 1417 657 1450 Is
676 1416 775 1450 enim
804 1415 849 1449 ab
880 1414 1087 1449 Hannibale

53 1482 180 1522 captus
201 1476 234 1510 ei
258 1475 408 1510 videtur
433 1476 538 1509 initio
567 1475 674 1517 belli,
705 1473 808 1519 cujus
826 1481 953 1520 postca
971 1473 1088 1506 histo-

52 1534 145 1568 riam
173 1534 378 1568 accuratius
401 1533 624 1581 prodiderit.
660 1533 745 1566 Haec
774 1543 864 1565 vero
898 1531 1089 1577 captivitas

55 1604 140 1625 00111
169 1597 325 1637 praetura
344 1603 477 1626 novem
498 1591 600 1625 annis
621 1596 704 1637 post
729 1595 827 1636 gesta
844 1589 947 1622 nullo
973 1587 1088 1622 modo

55 1650 244 1685 conciliari
262 1662 367 1696 posse
385 1651 418 1684 ei
434 1649 595 1691 videtur,
615 1647 719 1694 quod
739 1654 883 1681 senatus
900 1648 1090 1681 Romanus

56 1712 92 1741 et
124 1718 310 1750 censores,
341 1713 383 1740 ut
418 1707 530 1753 ipsius
558 1712 641 1739 utar
674 1705 817 1747 verbis,
848 1716 892 1738 co
922 1710 1090 1750 tempore

56 1777 202 1807 omnes,
225 1765 290 1810 qui
318 1776 420 1798 arma
447 1763 615 1798 hostibus
643 1762 899 1805 tradidissent,
930 1762 968 1795 in
999 1762 1091 1795 Sici-

58 1823 164 1866 liam,
193 1821 372 1867 quamdiu
395 1822 498 1855 Poeni
528 1821 566 1854 in
597 1821 704 1854 Italia
734 1827 869 1862 0550111,
910 1820 1092 1866 relegatos

56 1880 167 1914 variis
182 1879 393 1927 ignominiis
418 1885 454 1912 et
474 1879 576 1925 gravi
593 1879 745 1924 insuper
767 1878 906 1912 malitia
930 1878 1089 1923 procul-

58 1937 201 1972 cabant.
223 1938 271 1971 At
287 1936 434 1970 Vossius
450 1947 632 1970 assensum
651 1942 779 1969 nactus
797 1935 971 1982 Longolii
990 1933 1092 1981 (No-

58 1995 137 2028 titia
169 1994 476 2028 Hermundorum
497 1999 585 2035 etc.,
619 1992 679 2027 ed.
702 1994 860 2027 Ernesti.
896 1996 1007 2038 1794.
1032 1993 1090 2035 II,

59 2065 95 2098 p.
126 2051 192 2100 Δ),
224 2059 260 2086 01
275 2051 506 2086 Licbaldtius
534 2050 692 2098 (Hister.
722 2052 833 2085 Rom.
859 2051 982 2096 Reliq.
1007 2050 1090 2084 Hal.

66 2110 181 2154 1833,
201 2123 241 2157 p.
271 2109 293 2144 6
325 2122 407 2156 sqq.
441 2110 526 2143 coll.
554 2110 781 2143 Lachmann.
806 2111 861 2143 De
882 2109 988 2144 fontt.
1009 2109 1090 2143 Liv.

60 2170 120 2211 11,
149 2181 188 2215 p.
222 2166 286 2216 16)
309 2168 403 2202 110110
424 2167 697 2202 dubitationem
716 2180 847 2201 vanam
879 2179 952 2201 esse
973 2174 1095 2201 osten-

64 2226 213 2263 derunt.
237 2226 466 2260 Historicum
482 2226 603 2272 ipsum
627 2225 740 2260 rebus
767 2238 787 2260 a
802 2238 841 2260 se
867 2226 1023 2259 narratis
1039 2224 1095 2258 af—

63 2284 170 2319 fuisse
188 2291 313 2319 narrat
332 2283 529 2330 Dionysius
554 2283 638 2318 Hal.
661 2285 706 2318 A.
734 2284 781 2317 R.
812 2284 849 2326 I,
872 2295 905 2317 0.
937 2282 972 2326 6,
992 2294 1098 2316 00111-

64 2342 176 2376 111οᾶ0
196 2355 216 2377 a
234 2342 360 2378 Vossio
382 2342 522 2376 allatus.
543 2341 744 2387 Quomodo
765 2353 855 2375 vero
873 2347 977 2387 110101·
1003 2341 1098 2373 1111115

65 2402 135 2434 viri
162 2412 273 2434 senex
304 2405 403 2434 certe
439 2399 505 2432 illo
538 2406 707 2446 tempore
738 2399 970 2446 depontanus
997 2399 1097 2432 bello

64 2459 188 2506 potuit
203 2458 350 2492 adesse?
369 2456 570 2503 Quomodo
588 2457 723 2501 Fabio,
744 2457 808 2503 qui
825 2457 957 2490 harum
973 2468 1099 2490 rerum

67 2523 197 2551 auctor
227 2522 383 2550 vocatur
415 2516 708 2561 antiquissimus,
754 2514 829 2548 dici
857 2514 1100 2560 subaequalis?

68 2576 164 2608 Num
182 2586 297 2620 porro
316 2573 494 2607 credibile
514 2580 567 2607 est
584 2572 630 2607 de
642 2573 726 2606 viro
740 2599 749 2616 ,
769 2584 879 2618 quem
896 2578 1100 2606 senatorem

70 2631 176 2666 fuisse
191 2631 281 2665 dicit
298 2631 495 2676 Dionysius
514 2631 602 2666 Hal.
625 2631 662 2677 I,
687 2634 731 2674 74
745 2657 754 2673 ,
771 2637 812 2663 111
830 2642 915 2664 00111
933 2642 976 2664 ex
994 2638 1100 2676 gente

69 2689 215 2736 plebeia
233 2688 435 2723 oriundum
452 2688 499 2722 ad
516 2700 595 2722 rem
620 2688 809 2734 publicam
828 2688 1017 2722 accessisse
1031 2700 1100 2722 ne—

72 2759 169 2781 00550
189 2748 256 2788 sit,
286 2758 407 2792 neque
430 2745 469 2779 id
487 2747 563 2780 sine
587 2745 715 2789 laude,
744 2746 772 2779 si
801 2758 845 2779 ex
866 2746 996 2792 insigni
1018 2759 1101 2780 cum

72 2804 279 2839 Hannibale
316 2803 581 2847 familiaritate,
619 2815 691 2849 qua
729 2809 855 2848 captus
899 2803 1102 2850 gaudebat,

73 2863 248 2908 colligere
280 2860 421 2906 aliquid
460 2861 566 2903 licet,
608 2860 699 2893 nihil
731 2861 884 2893 omnino
915 2862 1103 2895 memoriae

75 2919 269 2966 proditum
291 2931 364 2953 0550
385 2919 454 2952 nisi
472 2918 662 2952 historiam
682 2930 766 2952 eum
786 2918 990 2965 scripsisse?
1005 2918 1104 2964 Quid

116 3016 160 3055 (Ἴ
186 3028 200 3042 «
219 3015 358 3046 Eandem
380 3015 611 3046 dubitationem
631 3015 728 3046 miror
753 3015 892 3054 proferre
921 3016 1105 3048 clintonem

75 3063 111 3093 F.
130 3062 169 3092 H.
188 3061 227 3092 ad
243 3070 271 3092 a.
292 3065 369 3099 218,
387 3061 474 3100 quod
494 3062 662 3100 Dionysius
681 3065 717 3092 Α.
739 3063 776 3092 R.
797 3063 828 3099 1,
846 3071 872 3100 p.
906 3066 960 3093 187
980 3064 1105 3094 tantum

76 3109 251 3138 senatorem
271 3116 344 3138 eum
361 3108 455 3138 fuisse
474 3108 620 3146 mandet,
638 3116 732 3147 quam
751 3115 881 3138 causam
898 3117 935 3139 eo
951 3108 1016 3147 Jam
1035 3110 1105 3140 irri-

77 3155 143 3184 tam
154 3162 219 3184 esse
235 3154 409 3184 censuerim
421 3178 430 3192 ,
448 3154 534 3193 quod
551 3154 677 3185 Cincius
690 3154 785 3184 homo
802 3153 943 3192 plebeius
960 3163 999 3185 00
1013 3164 1105 3186 sena-

78 3202 128 3231 tor
141 3200 269 3239 quidem
283 3200 348 3231 fieri
364 3202 505 3240 poterat,
520 3201 577 3231 nisi
592 3202 753 3239 quaestura
767 3200 934 3230 minimum
951 3201 1078 3232 functus
1098 3215 1104 3233 z

78 3246 143 3285 Jam
157 3246 249 3284 igitur
265 3245 303 3276 ad
319 3246 546 3285 rempublicam
560 3247 725 3277 accessisse
741 3245 966 3284 Dionysianum
981 3255 1107 3286 quoque

81 3293 226 3323 Cincium
254 3294 388 3332 oportet.
416 3293 466 3324 Cf.
496 3293 535 3323 ‹le
564 3293 672 3324 Cincio
697 3293 877 3324 Clintonem
905 3292 945 3322 ad
970 3301 1021 3322 an.
1049 3297 1107 3324 225

82 3341 112 3368 ot
134 3343 188 3368 190
227 3351 240 3364 ›.

2110 180 2158 211 95

1135 258 1291 304 denique
1310 272 1458 293 movere
1476 272 1541 293 nos
1567 258 1678 293 (lebet
1704 266 1743 292 ut
1764 260 1867 292 initio
1897 259 1983 293 belli
2015 267 2162 307 captum

1135 315 1299 349 dicamus
1326 318 1491 350 Cincium
1512 318 1611 350 nulla
1634 318 1811 363 temporis
1846 318 1998 351 notione
2017 331 2037 352 0
2057 319 2163 352 Livio

1136 373 1291 407 tradita?
1307 375 1402 407 lN'ihil
1423 375 1531 419 igitur
1547 375 1677 418 obstat,
1689 377 1780 421 quin
1796 388 1880 409 cum
1895 377 2031 419 vossio,
2047 378 2165 411 Lach—

1136 442 1296 472 manno,
1326 431 1557 474 Licbaldtio,
1600 433 1743 466 Bluuiio
1775 433 1957 479 (Einleilg
1992 437 2030 467 in
2058 435 2166 468 Rom.»-

1137 488 1203 523 alt.
1231 487 1359 522 Gcsclz.
1379 500 1417 533 p.
1438 487 1509 534 (56)
1533 501 1646 522 unum
1667 490 1903 536 eundemque
1922 498 2056 526 statuas
2081 493 2167 527 Cin—

1138 545 1236 578 cium
1258 551 1457 590 praetorem
1484 552 1519 578 et
1537 545 1771 591 historicum,
1790 561 1948 594 cumque
1965 556 2050 595 post
2070 550 2165 584 illan}

1140 603 1361 648 legationem
1379 614 1475 636 anno
1494 614 1533 637 11.
1563 602 1635 643 540
1652 612 1857 651 susceptam
1875 607 1974 641 dicas
1995 614 2142 653 captum
2157 621 2166 649 ;

1138 661 1285 694 sienim
1315 659 1475 694 eundem
1499 660 1650 705 quidem
1667 668 1866 708 utrumque
1891 664 2079 698 1100110001
2109 666 2168 699 Pi-

1140 718 1315 764 ghianum
1352 728 1496 759 censes,
1530 717 1636 749 initio
1678 730 1765 751 vcro
1798 720 1886 754 belli
1923 728 2090 768 captum,
2132 722 2169 755 id

1141 775 1244 821 quod
1266 782 1349 821 post
1367 775 1652 808 Meierottoncm
1675 774 1787 821 (Diss.
1818 778 1957 813 Livian.
1979 781 2036 823 II,
2058 793 2096 826 p.
2127 781 2167 825 7)

1141 833 1228 867 fecit
1246 833 1474 867 Niebuhrius
1496 831 1611 878 (tom.
1632 833 1670 875 I,
1694 844 1733 878 p.
1762 834 1831 877 287
1859 835 1919 869 ed.
1952 837 2094 884 quart.)
2118 838 2173 871 his

1141 891 1290 927 verbis:
1325 892 1408 925 «Er
1429 902 1506 924 war
1541 892 1697 924 Senator
1722 903 1759 924 u.
1792 892 1841 924 im
1867 891 2173 929 llamiibalischen

1141 950 1281 995 Kriege
1304 950 1456 992 Praetor,
1475 948 1646 994 obgleich
1671 960 1711 982 cr
1735 960 1793 982 am
1814 950 1959 997 Ansaug
1984 952 2173 987 desselben

1146 1008 1210 1042 das
1234 1007 1410 1054 Ungliick
1429 1006 1564 1054 gehabt
1588 1006 1686 1040 hatte
1705 1006 1936 1053 Gefangencr
1954 1009 2020 1043 der
2042 1012 2172 1045 Poenm-

1144 1079 1189 1100 zu
1203 1066 1357 1100 werden
1375 1082 1389 1096 »
1409 1066 1511 1099 —in
1528 1064 1670 1098 nodum
1690 1065 1752 1098 illo
1768 1067 2033 1101 contortiorem
2052 1069 2175 1114 impli-

1146 1125 1287 1159 caberis
1307 1137 1314 1158 :
1337 1137 1445 1168 nam,
1477 1124 1516 1158 id
1541 1122 1647 1170 quod
1678 1129 1784 1157 acute
1805 1130 1931 1157 11101101
1954 1124 2177 1160 Liebaldtius

1144 1194 1182 1228 p.
1225 1194 1244 1226 7
1261 1210 1269 1227 .,
1306 1183 1333 1216 si
1367 1193 1497 1216 revera
1529 1182 1674 1216 Cincius
1707 1180 1808 1215 bello
1839 1182 1979 1215 Punico
2014 1184 2176 1217 secundo

1146 1240 1295 1274 ineunte
1314 1240 1351 1273 in
1373 1239 1586 1274 Hannibalis
1616 1245 1837 1285 potestatem
1856 1241 2029 1283 venisset,
2064 1253 2178 1287 quum

1146 1298 1304 1332 Romani
1321 1298 1485 1344 captivos
1500 1304 1561 1331 aut
1578 1297 1763 1331 redimere
1780 1298 1922 1331 nollent
1938 1298 2036 1343 (Liv.
2053 1300 2178 1343 XXII,

1149 1361 1194 1400 57
1224 1362 1260 1390 et
1281 1356 1343 1389 (11.
1370 1356 1558 1399 XXXIV,
1584 1354 1643 1390 50.
1674 1356 1833 1402 Appian.
1862 1357 1917 1389 De
1944 1356 2030 1392 bell.
2056 1359 2175 1395 110110,

1150 1426 1196 1458 27
1215 1420 1251 1448 et
1268 1413 1331 1448 28.
1349 1414 1516 1448 Macrob.
1540 1414 1614 1448 Sat.
1638 1415 1676 1457 I,
1710 1426 1720 1446 1
1735 1411 1794 1461 1),
1823 1421 1885 1447 aut
1906 1421 2004 1448 certe
2026 1427 2089 1449 cos
2116 1417 2181 1461 qui

1149 1470 1319 1517 fugerant
1350 1472 1551 1519 ignominia
1584 1478 1757 1505 notarent
1793 1471 1894 1518 (Liv,
1926 1472 2078 1518 XXIII,
2118 1473 2179 1510 31.

1148 1529 1272 1574 XXV,
1298 1528 1334 1564 5.
1361 1543 1395 1574 7.
1416 1531 1580 1575 XXVII,
1613 1542 1647 1574 7.
1673 1542 1730 1566 11.
1750 1530 1901 1573 XXIX,
1933 1534 1978 1571 24
1997 1529 2006 1577 )
2023 1558 2031 1573 ,
2059 1544 2182 1567 nonne

1148 1589 1303 1634 propius
1318 1588 1364 1623 ad
1378 1588 1718 1623 veruniaccedcret
1732 1588 1848 1634 Pighii
1867 1600 1976 1634 quam
1991 1589 2183 1624 Niebuhrii

1148 1647 1327 1681 sententia
1339 1674 1348 1690 ,
1364 1648 1501 1693 quippe
1516 1659 1678 1692 quorum
1694 1646 1754 1680 1110
1768 1646 1935 1680 Cincium
1947 1646 2181 1694 redemptum

1151 1703 1198 1738 ad
1214 1711 1412 1750 praeturam
1429 1705 1642 1750 pervenisse
1659 1710 1840 1746 censeret,
1856 1704 1916 1738 ille
1934 1704 1979 1738 ab
1995 1716 2038 1738 eo
2058 1712 2183 1752 postea

1150 1763 1267 1796 ullum
1286 1763 1539 1808 magistratum
1559 1762 1703 1796 obitum
1731 1773 1805 1799 esse
1830 1773 1982 1807 prorsus
2009 1764 2185 1809 negaret?

1151 1820 1217 1854 Cui
1232 1820 1270 1853 id
1285 1832 1435 1867 quoque
1456 1820 1606 1865 adjicio,
1629 1819 1870 1854 Hannibalem
1884 1819 2074 1855 hominem
2090 1822 2186 1855 calli-

1152 1877 1341 1911 dissimum
1361 1879 1481 1924 primo
1506 1878 1593 1911 belli
1614 1884 1781 1924 tempore
1797 1889 1844 1911 ne
1867 1878 2014 1923 captivo
2032 1878 2183 1924 quidem

1152 1942 1226 1969 tam
1268 1942 1438 1970 accurate
1468 1947 1665 1969 numerum
1701 1935 1860 1969 militum
1873 1961 1883 1978 ,
1919 1947 2031 1981 quem
2066 1948 2182 1982 quum

1151 1994 1308 2028 maxime
1316 1994 1487 2028 amisisset
1503 2000 1538 2028 et
1553 1994 1738 2039 reliquum
1753 1993 1916 2036 haberet,
1934 1995 2185 2039 expositurum

1153 2051 1273 2086 fuisse.
1292 2053 1361 2086 Per
1382 2052 1601 2098 captivitatis
1617 2052 1729 2098 igitur
1746 2058 1890 2098 tempus
1913 2051 1958 2085 ab
1980 2052 2060 2098 ipso
2083 2054 2186 2087 Han-

1153 2109 1275 2143 nibale
1296 2110 1412 2143 multa
1431 2109 1579 2143 videtur
1609 2110 1850 2155 comperisse,
1879 2121 1959 2155 quae
1979 2109 2026 2145 ad
2045 2110 2186 2144 bellum

1154 2167 1226 2200 1100
1256 2167 1441 2211 facerent,
1473 2173 1510 2202 et
1542 2166 1601 2200 vel
1631 2166 1682 2200 ibi
1695 2193 1704 2209 ,
1746 2166 1895 2201 fortasse
1927 2173 1968 2200 ut
2002 2164 2184 2216 ἀντίδωρον

1156 2225 1353 2259 Hannibali
1369 2225 1532 2269 offerret,
1551 2237 1626 2271 (1110
1644 2224 1690 2258 (10
1712 2224 1965 2260 Romanorum
1979 2232 2016 2259 et
2033 2226 2189 2271 antiqui-

1157 2289 1229 2317 tate
1247 2290 1283 2317 et
1303 2283 1349 2317 de
1368 2284 1555 2317 novissimi
1578 2283 1667 2316 belli
1686 2283 1820 2328 quibus
1837 2282 2053 2317 interfuerat
2078 2283 2189 2318 rebus

1157 2342 1264 2387 gestis
1292 2342 1489 2375 certiorem
1508 2353 1592 2375 eum
1613 2340 1770 2387 faceret,
1791 2341 1850 2374 vel
1873 2347 1955 2386 post
1974 2341 2188 2387 redemptus

1157 2411 1224 2445 per
1236 2400 1318 2432 vitae
1335 2400 1487 2446 privatae
1503 2400 1619 2433 otium
1635 2410 1727 2444 opus
1743 2410 1848 2431 suum
1862 2398 2078 2432 historicum
2092 2412 2188 2433 com·

1158 2458 1330 2504 posuisse.
1352 2474 1365 2488 »
1387 2460 1472 2492 Haec
1488 2457 1534 2492 de
1554 2458 1627 2491 vita
1646 2457 1762 2493 Cincii
1786 2456 1965 2492 Hertzius.

1214 2517 1413 2551 Historiam
1442 2516 1573 2562 populi
1610 2515 1771 2550 Romani
1810 2527 1830 2549 a
1863 2514 1990 2551 Cincio
2023 2526 2190 2549 sermone

1160 2587 1280 2622 graeco
1302 2574 1475 2609 traditam
1497 2580 1607 2619 atque
1634 2574 1685 2611 ita
1714 2572 1884 2619 quidem,
1914 2579 1954 2607 ut
1982 2573 2191 2619 antiquiora

1161 2636 1329 2680 tempora
1360 2631 1603 2682 κεφαλαιωδῶς
1636 2638 1844 2677 enarraret,
1875 2629 1930 2665 sui
1962 2642 2053 2664 vcro
2080 2631 2191 2677 ipsius

1161 2692 1227 2725 aevi
1244 2688 1371 2726 105811(
1391 2687 1451 2733 τὴν
1472 2686 1652 2739 ἐμπειρίαν
1671 2686 1819 2737 ἀκριὸῶς
1836 2695 2058 2735 exponeret,
2080 2695 2190 2723 testa-

1162 2756 1222 2783 tur
1242 2749 1438 2795 Dionysius
1455 2749 1537 2784 Hal.
1558 2750 1602 2783 A.
1630 2749 1676 2782 R.
1698 2748 1732 2789 1,
1752 2745 1771 2779 5
1801 2746 1856 2794 (v.
1881 2746 1926 2782 fr.
1949 2746 2053 2784 Fabii
2070 2747 2191 2780 Picto-

1162 2807 1211 2840 ris
1224 2805 1230 2851 )
1244 2833 1253 2849 ,
1283 2806 1385 2851 cujus
1404 2805 1516 2840 fidem
1535 2806 1597 2852 qui
1617 2805 1828 2839 subvertere
1846 2803 2083 2846 studuerunt,
2102 2805 2190 2840 nihil

1163 2865 1215 2898 illi
1227 2864 1377 2910 quidem
1391 2864 1646 2910 protulerunt,
1662 2862 1765 2908 quod
1776 2862 1897 2896 notari
1909 2862 1945 2897 h.
1959 2861 1982 2894 I.
1994 2869 2191 2896 mereatur.

1163 2923 1421 2956 Narrationem
1451 2928 1581 2955 auctor
1609 2920 1656 2954 ad
1685 2919 1796 2954 finem
1825 2931 1940 2965 usque
1956 2919 2043 2953 belli
2064 2919 2191 2952 Punici

1166 2980 1319 3014 secundi
1342 2979 1550 3013 deduxerit.
1578 2980 1628 3012 Ex
1648 2977 1858 3024 fragmentis
1878 2988 2032 3010 1111111010
2049 2976 2192 3021 paucis-

1165 3039 1263 3073 simis
1288 3039 1359 3072 hoc
1381 3044 1479 3072 certe
1506 3045 1622 3084 patet,
1645 3037 1813 3073 Cincium
1834 3035 1879 3069 de
1897 3035 2025 3081 priscis
2045 3042 2191 3079 tempo-

1166 3097 1268 3130 ribus
1306 3096 1530 3142 plerumque
1559 3095 1777 3129 consensisse
1807 3106 1890 3127 00111
1927 3093 2060 3133 Fabio,
2092 3091 2192 3135 cujus

1167 3167 1277 3200 opus,
1301 3154 1365 3188 etsi
1397 3154 1545 3199 aequalis
1563 3154 1653 3195 viri,
1687 3159 1769 3186 ante
1790 3151 1916 3184 oculos
1943 3150 2108 3183 habuisse
2133 3149 2188 3181 vi-

1167 3212 1288 3248 detur.
1320 3214 1351 3246 A
1376 3212 1481 3246 Livio
1522 3210 1587 3254 (fr.
1619 3210 1661 3256 (3)
1706 3209 1849 3243 Cincius
1874 3207 2009 3240 dicitur
2036 3207 2190 3249 diligens

1167 3278 1474 3304 montanentornm
1496 3276 1629 3302 (lacior.
