2277 3752
820 133 1072 170 NEANTffls
1103 135 1438 173 FRAGMENTA.
2136 145 2155 174 3

46 220 140 261 ἐνίοις
155 218 328 269 εὐχέρειαν
349 218 411 266 (fr.
430 219 514 265 32).
538 219 648 264 Quod
671 219 821 264 quidem
845 220 1069 265 vituperium
1099 221 1105 247 ¹
1132 220 1265 263 Φανίας
1300 222 1367 269 (fr.
1409 224 1491 271 io),
1525 222 1711 272 Περκώτην
1743 221 1800 257 καὶ
1836 221 2079 273 Παλαίσκηψιν
2112 225 2158 264 εἷς

46 278 142 313 liaud
170 277 303 312 redimi
331 276 486 310 dixerim
514 276 634 310 verbis
652 276 778 319 Plinii,
801 277 859 310 cui
884 277 1071 311 Ncamlees

46 342 95 371 est
116 339 210 369 Inter
240 342 404 368 auctores
433 334 588 368 Groecioe
619 346 689 368 non
707 341 845 380 spretus
881 332 949 381 (fr.
986 333 1067 380 33).

45 393 131 438 Quae
161 390 262 425 haud
292 391 429 437 absque
460 391 579 425 ironia
608 390 706 425 dicta
735 403 809 425 esse
837 403 880 425 ex
905 392 969 434 iis,
991 403 1071 437 quae

45 449 207 484 Neanthe
219 448 313 483 duce
332 455 457 482 narrat
472 448 703 482 incredibilia
718 474 726 491 ,
746 448 851 483 facile
866 456 979 494 patet.
997 451 1069 483 Ve-

45 518 185 543 rumne
205 518 298 553 opus
322 506 473 552 quidem
490 513 542 540 est
562 507 659 540 hisce
691 507 928 551 testimoniis,
956 519 1070 552 quum

45 564 227 599 levitatem
246 564 407 598 auctoris
427 575 471 598 ex
503 564 588 610 ipsis
608 563 819 611 fragmentis
851 564 990 599 affatim
1007 577 1070 599 co-

44 633 218 669 gnoscere
249 622 376 667 possis.
411 623 546 668 Legas,
580 633 724 667 quaeso,
773 621 904 668 fragm.
941 621 987 655 36
1025 621 1071 656 de

45 678 192 713 nomine
210 678 387 725 Capherei
405 679 667 725 promontorii,
681 678 726 715 fr.
752 691 766 713 1
779 691 793 713 1
818 678 863 713 de
884 679 1071 713 Heraclito

44 738 245 790 κυνοὸρώτῳ
258 768 267 784 ,
283 740 329 777 fr.
353 746 374 777 9
395 740 441 775 de
454 748 575 776 morte
589 742 792 788 Sophoclis,
807 741 853 778 fr.
875 754 887 776 1
900 755 917 786 7
935 742 980 776 de
997 743 1070 788 Py-

45 799 195 846 thagora
215 800 307 844 Syro
322 825 331 841 ‚
347 798 392 833 fr.
424 811 472 833 20
507 798 553 833 de
582 798 815 845 Empedoclis
829 797 1069 848 λογοκλοπεία,

44 863 79 890 et
96 857 123 890 si
138 868 218 902 quae
238 856 292 890 his
310 857 452 892 similia.

421 936 694 972 ΕΛΛΗΝΙΚΑ.

541 1035 573 1057 1.

323 1107 350 1140 E
379 1108 524 1142 LIBRO
553 1107 788 1142 SECUNDO.

95 1190 289 1226 Athenaeus
306 1192 379 1235 ΙΙΙ,
401 1202 438 1237 p.
471 1203 536 1226 111
551 1218 560 1235 ‚
582 1192 615 1225 D
637 1201 645 1226 ζ
663 1189 792 1240 Θρόνος
816 1188 919 1240 ἄρτου
947 1189 1070 1238 ὄνομα.

48 1247 227 1293 Νεάνθηςὸ
250 1247 437 1293 Κυζικηνὸς
450 1277 460 1296 ,
475 1248 509 1283 ἐν
528 1246 676 1298 δευτέρῳ
694 1246 907 1293 Ἑλληνικῶν
934 1247 1072 1299 γράφων

46 1304 168 1347 οὕτως·
195 1322 211 1337 «
232 1304 276 1343 <O
300 1305 335 1342 δὲ
360 1305 488 1356 Κόδρος
509 1306 614 1354 τόμον
643 1304 746 1355 ἄρτου
771 1305 828 1342 τὸν
862 1306 1071 1354 καλούμενον

45 1361 158 1414 θρόνον
187 1363 267 1412 (τοῦ
301 1362 510 1410 καλουμένου
531 1361 649 1412 θρόνου
675 1361 853 1410 Casaub.)
880 1362 1070 1412 λαμὸάνει,

46 1419 103 1457 καὶ
139 1419 260 1470 κρέας,
297 1420 355 1457 καὶ
373 1422 422 1472 τῷ
442 1418 671 1471 πρεσῧυτάτῳ
699 1419 838 1468 νέμουσι
863 1419 976 1469 (νέμει
997 1435 1067 1457 em.

46 1479 199 1516 casaub.
213 1479 239 1527 ).
263 1481 335 1514 Res
350 1480 519 1516 obscura.

183 1566 210 1600 E
238 1567 395 1601 LIBRIS
423 1567 599 1602 TERTIO
629 1568 688 1601 ET
715 1568 928 1612 QUARTO.

541 1658 574 1680 2.

96 1732 201 1766 Idem
217 1732 322 1776 XIII,
341 1744 378 1779 p.
399 1733 495 1778 576,
515 1734 548 1768 D
569 1746 577 1767 z
595 1730 746 1776 Νεάνθης
762 1733 790 1768 δ’
805 1734 822 1769 ὁ
840 1731 1027 1778 Κυζικηνὸς
1041 1733 1073 1769 ἐν

46 1789 87 1837 τῇ
107 1787 202 1838 τρίτῃ
232 1786 291 1823 καὶ
310 1787 457 1838 τετάρτῃ
486 1790 552 1824 τῶν
571 1787 786 1834 εΕλληνικῶν
810 1790 967 1840 ἱστοριῶν
1000 1790 1070 1826 Εὐ-

44 1844 170 1896 τέρπης
186 1843 287 1881 αὐτὸν
309 1845 377 1894 (sc.
399 1844 455 1882 τὸν
484 1845 742 1896 Θεμιστοκλέα)
763 1840 849 1883 εἶναί
868 1861 967 1897 φησιν
988 1845 1072 1883 υἱόν.

98 1904 283 1941 Plutarch.
313 1905 488 1939 Themist.
519 1918 551 1939 c.
576 1918 589 1939 1
617 1918 624 1940 :
652 1904 832 1946 Φανίας...
856 1902 916 1949 τὴν
944 1903 1075 1955 μητέρα

45 1959 364 2009 Θεμιστοκλέους...
398 1960 579 2012 Εὐτέρπην
610 1960 813 2012 ἀναγράφει.
854 1961 1010 2007 Νεάνθης
1036 1962 1070 1998 δὲ

48 2017 105 2055 καὶ
121 2018 219 2055 πόλιν
238 2019 323 2068 αὐτῇ
343 2021 403 2063 τῆς
421 2018 554 2066 Καρίας
567 2018 832 2069 Ἁλικαρνασσὸν
853 2019 1068 2070 προστίθησι,

540 2108 575 2143 3.

99 2194 284 2230 Plutarch.
320 2195 494 2231 Themist.
529 2207 562 2231 e.
582 2207 650 2242 29,
682 2208 725 2229 10
758 2209 765 2229 ι
791 2193 916 2236 Πόλεις
936 2195 964 2230 δ’
983 2195 1076 2245 αὐτῷ

49 2254 134 2298 τρεῖς
157 2248 219 2298 μὲν
237 2250 267 2286 οἳ
297 2251 453 2286 πλεῖστοι
478 2250 617 2294 δοθῆναι
643 2249 810 2298 λέγουσιν,
830 2252 874 2292 εἷς
896 2250 996 2299 άρτον
1015 2250 1073 2287 καὶ

49 2301 134 2344 οἶνον
147 2308 204 2344 καὶ
219 2306 312 2358 ὄψον,
328 2309 531 2356 Μαγνησίαν
544 2308 600 2344 καὶ
620 2307 814 2359 Λάμψακον
831 2307 890 2344 καὶ
903 2310 1076 2345 Μυοῦντα·

52 2361 108 2400 δύο
127 2364 155 2400 δ’
188 2363 294 2407 ἄλλας
320 2364 540 2414 προστίθησιν
575 2367 592 2401 ὁ
619 2366 806 2410 Κυζικηνὸς
829 2364 980 2409 Νεάνθης
1016 2364 1073 2400 καὶ

416 2478 709 2516 HELLENICA.

97 2613 267 2650 Thronus,
285 2616 374 2653 panis
386 2624 518 2655 nomen,
539 2618 765 2648 commemorat
784 2618 939 2648 Ncantlies
952 2618 1077 2657 Cyzice-

54 2670 112 2694 nus
131 2664 268 2696 secundo
289 2665 370 2696 libro
391 2668 510 2698 Rerum
533 2669 715 2698 Graecarum
735 2668 779 2698 sic
803 2669 942 2699 scribens
962 2681 969 2699 ε
997 2682 1012 2695 ‹<
1038 2670 1078 2700 Et

53 2713 173 2745 Codrus
185 2715 320 2746 frustum
337 2717 443 2755 panis,
456 2726 553 2757 quem
569 2717 729 2749 thronum
743 2721 874 2757 vocant,
890 2720 1002 2757 sumit,
1026 2722 1076 2749 at-

53 2772 114 2803 que
122 2773 248 2797 carnem
256 2789 266 2805 ,
280 2767 311 2798 et
326 2768 403 2798 natu
417 2757 555 2799 maximo
568 2768 738 2802 distribuit.
756 2782 770 2796 n

549 2823 583 2854 2.

95 2871 250 2903 Neanthes
266 2872 440 2912 Cyzicenus
457 2875 665 2906 Historiarum
680 2877 865 2908 Graecarum
885 2877 965 2908 libro
982 2877 1076 2909 tertio

55 2922 86 2953 et
106 2925 218 2963 quarto
232 2926 367 2956 matrem
384 2927 603 2958 Themistoclis
625 2929 783 2968 Euterpen
805 2928 1079 2968 (Halicarnassen-

55 2972 118 3006 sem
132 2984 171 3008 ex
185 2977 296 3017 Caria)
315 2977 410 3009 fuisse
420 2979 528 3010 tradit.

545 3035 577 3065 3.

98 3083 240 3124 Plerique
262 3087 407 3118 auctores
428 3088 557 3119 tradunt
577 3088 667 3120 datas
682 3089 882 3122 Themistocli
902 3091 995 3123 fuisse
1014 3093 1079 3123 tres

57 3132 214 3174 civitates,
234 3145 371 3175 quarum
397 3147 414 3169 e
434 3139 587 3170 reditibus
607 3149 742 3179 panem,
763 3141 873 3172 vinum
896 3144 927 3173 et
949 3143 1079 3174 obsonia

0 3196 1 3208 ι
28 3190 36 3198 ·
56 3186 196 3224 pararet,
222 3188 431 3227 Magnesiam,
448 3190 655 3229 Lampsacum
672 3192 703 3221 et
726 3193 889 3230 Myuntem
905 3205 912 3224 ι
928 3193 1005 3225 duas
1021 3194 1076 3225 ad-

56 3232 134 3279 dunt
146 3235 184 3265 ad
195 3238 314 3268 vestem
328 3239 498 3278 stragulam
510 3241 541 3271 et
549 3240 699 3272 amictum
710 3242 737 3272 ei
750 3250 912 3274 concessas
922 3245 1080 3276 Neanthes

1132 277 1310 326 στρωμνὴν
1333 278 1391 314 καὶ
1409 280 1623 329 ἀμπεχόνην.

1185 337 1309 372 Schol.
1336 338 1522 383 Aristoph.
1545 341 1668 385 Equit.
1691 339 1736 381 84
1759 353 1767 374 2
1791 337 1835 375 Ὁ
1857 336 2016 387 βασιλεὺς
2033 338 2156 389 δωρεῖ-

1133 407 1190 427 ται
1211 393 1304 442 αὐτῷ
1324 393 1593 444 (Θεμιστοκλεῖ)
1622 398 1710 446 τρεῖς
1729 396 1864 446 πόλεις,
1886 395 2092 444 Μαγνησίαν
2115 397 2160 437 εἷς

1133 455 1239 495 σῖτον,
1264 449 1458 500 Λάμψακον
1488 452 1532 492 εἰς
1552 447 1652 497 οἶνον,
1676 456 1836 491 Μυοῦντα
1865 454 1911 495 εἷς
1938 452 2027 504 ὄψα,
2047 455 2092 495 ὡς
2125 451 2161 489 δὲ

1137 507 1312 551 Κλεάνθης
1334 507 1422 555 (scr,
1438 507 1610 557 Νεάνθης)
1627 509 1685 545 καὶ
1708 510 1895 561 Περκώτην
1914 511 1958 552 εἷς
1979 509 2159 561 στρωμνὴν

1133 564 1190 600 καὶ
1214 564 1460 613 Παλαίσκηψιν
1482 567 1526 607 εἰς
1547 566 1684 610 στολήν.

1448 654 1475 685 E
1506 654 1650 687 LIBRO
1680 655 1844 689 SEX'TO.

1631 757 1664 778 *t-

1186 827 1381 861 Athenaeus
1394 826 1461 860 Vll
1475 852 1484 868 ,
1503 837 1540 871 p.
1560 825 1600 858 31
1615 838 1647 869 1,
1668 826 1695 859 E
1718 837 1725 858 :
1746 822 1789 860 'O
1807 822 1841 859 δὲ
1864 824 2012 871 Γαίσων,
2033 819 2070 862 οὗ
2086 825 2161 877 Ἀρ-

1132 883 1318 934 χέστρατος
1335 881 1557 930 μνημονεύει,
1575 883 1596 925 ἡ
1613 881 1780 923 Γαισωνὶς
1801 882 1903 930 λίμνη
1925 882 2017 932 ἐστὶ,
2036 883 2160 932 μεταξὺ

1135 942 1290 992 Πριήνης
1308 939 1367 977 καὶ
1383 939 1541 984 Μιλήτου
1561 937 1720 987 ἡνωμένη
1742 941 1782 989 τῇ
1803 939 2029 988 θαλάττη,ὡς
2049 941 2161 979 Νεάν-

1133 1002 1193 1043 θης
1212 1000 1229 1035 ὃ
1252 996 1438 1043 Κυζικηνὸς
1457 998 1586 1047 ἱστορεῖ
1618 997 1652 1033 ἐν
1669 999 1711 1047 τῇ
1737 995 1817 1047 ἕκτῃ
1844 998 1910 1033 τῶν
1931 996 2159 1043 “Ελληνικῶν.

1133 1058 1189 1093 Cf.
1208 1058 1380 1103 Ephorus
1393 1056 1439 1091 fr.
1460 1069 1506 1103 91
1528 1056 1541 1103 (
1557 1057 1620 1102 qui
1636 1057 1825 1092 Gaesonem
1844 1054 1998 1090 fluvium
2018 1057 2107 1091 dicit
2126 1058 2163 1091 in

1133 1107 1253 1151 lacum
1275 1112 1529 1160 influente1n);
1561 1114 1745 1150 llerodot.
1762 1114 1835 1157 IX,
1856 1127 1926 1160 973
1954 1115 2082 1148 Gessus
2105 1127 2163 1161 ap.

1133 1175 1292 1209 Plinium
1316 1176 1363 1218 V,
1380 1185 1451 1220 29,
1478 1173 1519 1208 31
1533 1201 1542 1217 ,
1567 1174 1694 1208 Goeszts
1716 1186 1773 1219 ap.
1797 1174 1929 1207 Melam
1950 1174 1966 1207 Ι
1980 1200 1988 1215 ,
2018 1186 2081 1217 17,
2100 1174 2163 1208 ubi

1137 1232 1184 1268 cf.
1211 1233 1433 1267 Tzschucke.

1391 1317 1508 1354 ΩΡΟΙ
1540 1316 1898 1366 [ΚΥΞΙΚΗΝΩΝῙ.

1450 1405 1478 1438 Ε
1508 1404 1650 1439 LIBRO
1680 1405 1846 1438 PRIMO.

1630 1491 1665 1527 5.

1186 1580 1380 1614 Athenaeus
1392 1592 1430 1626 p.
1453 1580 1520 1622 IV,
1542 1592 1554 1613 1
1565 1578 1624 1623 75,
1642 1580 1696 1613 D:
1714 1578 1825 1614 Τοῦτο
1840 1575 1874 1613 δὲ
1887 1577 1924 1613 τὸ
1936 1576 2076 1627 ὄργανον
2093 1578 2160 1629 (se.

1135 1636 1173 1673 τὸ
1183 1634 1365 1686 τρίγωνον)
1387 1635 1540 1681 Νεάνθης
1553 1637 1570 1671 ὁ
1584 1633 1773 1679 Κυζικηνὸς
1792 1635 1831 1671 ἐν
1848 1633 1935 1685 πρώ
1945 1650 1999 1685 τῳ
2018 1633 2075 1671 ‘'ss
2087 1650 2163 1686 ρων

1134 1692 1268 1744 εὕρημα
1286 1686 1372 1729 εἶναι
1390 1692 1481 1741 λέγει
1498 1691 1649 1738 Ἰὸύκου,
1664 1695 1723 1729 τοῦ
1753 1691 1914 1741 <Ρηγίνου
1935 1695 2076 1738 ποιητοῦ
2090 1721 2099 1738 ,
2120 1695 2164 1735 ὡς

1133 1751 1191 1787 καὶ
1208 1750 1443 1801 Ἀνακρέοντος
1459 1750 1496 1786 τὸ
1519 1749 1693 1801 βάρὸιτον.
1717 1750 1770 1787 Cf.
1793 1752 1895 1785 Jubae
1919 1751 2050 1799 fragm.
2078 1752 2115 1789 h,
2139 1753 2163 1788 l.

1134 1810 1335 1847 laudatum.

1630 1885 1666 1921 6.

1189 1961 1320 1995 Strabo
1342 1961 1378 2004 Ι,
1406 1972 1443 2006 p.
1466 1958 1512 2001 45
1540 1972 1547 1993 z
1574 1957 1658 1995 Οὐδ’
1691 1959 1707 1993 ὁ
1732 1957 1883 2007 Σκήψιος
1908 1957 1943 1994 δὲ
1970 1956 2165 2008 Δημήτριος

1136 2011 1192 2063 εῧ,
1212 2015 1301 2053 ἀλλὰ
1328 2015 1386 2052 καὶ
1410 2017 1459 2067 τῷ
1487 2013 1731 2066 Ἀπολλοδώρῳ
1762 2017 1828 2051 τῶν
1858 2015 2034 2066 ἁμαρτιῶν
2066 2015 2163 2052 ἐνίων

1137 2073 1241 2116 αἴτιος
1261 2075 1386 2115 ἐκεῖνος
1406 2072 1568 2118 κατέστη.
1595 2072 1687 2124 Πρὸς
1706 2072 1772 2123 γὰρ
1786 2072 1920 2119 Νεάνθη
1935 2072 1991 2110 τὸν
2012 2075 2166 2120 Κυζικη-

1136 2131 1191 2168 νὸν
1212 2131 1475 2183 φιλοτιμοτέρως
1493 2130 1690 2181 ἀντιλέγων,
1713 2130 1850 2167 εἰπόντα
1866 2131 1919 2167 ὅτι
1937 2132 1966 2167 οἱ
1983 2131 2165 2181 Ἀργοναῦ-

1136 2205 1191 2227 ται
1206 2189 1364 2231 πλέοντες
1381 2191 1426 2232 εἷς
1445 2191 1561 2227 Φᾶσιν
1582 2188 1638 2225 τὸν
1662 2190 1716 2239 ὑφ’
1740 2187 1896 2239 ἰΟμήρου
1923 2188 1981 2225 καὶ
2001 2191 2066 2226 τῶν
2099 2189 2164 2226 ἄλ-

1136 2249 1203 2284 λων
1235 2247 1505 2296 ὁμολογούμενον
1539 2248 1660 2293 πλοῦν,
1682 2246 1863 2298 ἱδρύσαντο
1890 2246 1933 2284 τὰ
1958 2248 2017 2291 τῆς
2037 2246 2165 2289 Ἰδαίας

1138 2305 1264 2355 μητρὸς
1274 2304 1348 2356 ἱερὰ
1361 2304 1439 2356 περὶ
1460 2304 1618 2350 Κύζικον,
1640 2304 1752 2356 ἀρχήν
1773 2319 1855 2355 φησι
1868 2305 1949 2353 μηδ’
1968 2304 2090 2341 εἰδέναι
2105 2305 2164 2349 τὴν

1137 2366 1183 2405 εἷς
1201 2365 1317 2400 Φᾶσιν
1338 2362 1535 2411 ἀποδημίαν
1554 2366 1613 2399 τοῦ
1635 2361 1783 2404 Ἰάσονος
1799 2361 1972 2412 ῧΟμηρον.
2001 2365 2058 2398 De
2073 2370 2163 2398 tem-

1635 2480 1669 2510 4.

1183 2537 1301 2565 Goeson
1314 2557 1322 2572 ‚
1340 2534 1430 2572 cujus
1444 2534 1587 2564 meminit
1603 2533 1823 2564 Archestratus
1835 2556 1843 2570 ,
1860 2533 2001 2564 Gaesonis
2013 2532 2101 2572 palus
2117 2533 2164 2563 est

1139 2585 1218 2615 inter
1234 2584 1365 2615 Prienen
1382 2586 1414 2615 et
1439 2584 1583 2615 Miletum
1602 2584 1681 2614 inari
1698 2583 1884 2622 conjuncta,
1900 2585 1936 2614 ut
1957 2583 2051 2614 tradit
2066 2586 2163 2614 Nean-

1138 2635 1297 2666 tlwslibro
1319 2636 1407 2666 sexto
1430 2635 1674 2666 Hellenicorum.

1330 2704 1562 2741 ANNALES
1592 2703 1969 2741 CYZICENORUM.

1633 2780 1666 2809 5.

1178 2833 1381 2872 Triangulum
1416 2833 1660 2863 instrumentum
1695 2833 1852 2864 Neanthes
1883 2832 2050 2864 Annalium
2083 2832 2163 2863 libro

1137 2884 1237 2923 primo
1251 2881 1413 2914 inventum
1431 2892 1497 2914 esse
1513 2883 1557 2914 ait
1572 2883 1654 2922 Ibyci
1673 2883 1803 2922 Rhegini
1819 2884 1938 2922 poetae,
1958 2882 2162 2922 quemadmo-

1136 2934 1215 2965 dum
1231 2934 1434 2965 Anacreontis
1451 2934 1490 2965 sit
1504 2934 1659 2964 barbiton.

1178 3043 1247 3073 Non
1267 3042 1351 3071 recte
1378 3040 1473 3071 etiam
1495 3040 1673 3071 Demetrius
1701 3041 1862 3079 Scepsius,
1889 3039 1941 3070 sed
1967 3041 1998 3070 et
2020 3048 2161 3070 errorum

1137 3092 1335 3132 quorundam
1356 3099 1482 3122 causam
1502 3090 1695 3131 Apollodoro
1718 3091 1743 3121 is
1764 3090 1911 3130 praebuit.
1956 3092 2034 3120 Nam
2054 3090 2163 3119 contra

1138 3144 1312 3175 Neanthem
1338 3143 1528 3183 Cyzicenum
1548 3143 1668 3181 majore
1687 3142 1887 3173 contentione
1906 3141 2086 3180 disputans,
2109 3140 2162 3179 qui

1137 3195 1260 3226 dixerat
1275 3195 1487 3234 Argonautas,
1504 3203 1604 3233 quum
1626 3194 1810 3232 navigarent
1831 3193 1869 3223 ad
1885 3192 1998 3224 Phasin
2015 3191 2026 3230 (
2036 3199 2106 3230 quae
2123 3190 2161 3220 sit

1137 3246 1177 3276 ab
1199 3247 1337 3276 Homero
1359 3247 1391 3276 et
1415 3245 1483 3276 aliis
1505 3245 1638 3276 testibus
1663 3245 1848 3275 confirmata
1870 3242 2049 3280 navigatio)
2070 3240 2160 3271 idceae

57 3286 227 3322 cyzicenus
242 3289 273 3319 et
290 3289 440 3330 Phanias,
457 3291 605 3323 nimirum
623 3295 775 3325 Percoten
789 3296 821 3325 et
841 3296 1054 3336 Palaescepsin.
1104 3290 1107 3331 Ι
1137 3297 1245 3328 matris
1265 3297 1381 3335 templa
1395 3321 1402 3333 ‚
1433 3304 1504 3335 quae
1528 3297 1602 3326 sunt
1630 3296 1712 3326 circa
1737 3296 1887 3333 cyzicum
1900 3317 1909 3331 ‚
1940 3291 2117 3323 fundavisse
2150 3304 2157 3322 :

1974 3349 1999 3376 1.
