2289 3728
830 200 1358 290 SATYRUS.

96 677 244 723 Satyrus
260 678 525 722 peripateticus
547 673 614 722 (sr.
642 686 681 722 ᾳ.
715 672 773 720 ἢ.)
804 674 945 720 scripsit
971 674 1072 706 Vitas

43 739 203 771 virorum
237 736 445 776 [Iluro-iuni,
476 741 552 767 tum
580 733 908 779 philosophorum,
945 740 1067 766 orato-

42 806 145 836 rum,
175 800 391 840 poetarum,
425 799 502 825 tum
526 803 617 824 vcro
650 791 759 833 etiam
787 802 918 835 regum
939 798 974 823 et
1000 791 1069 823 im-

41 858 270 899 peratorum.
301 851 406 885 Certe
431 850 513 885 Vita
534 849 690 894 Philippi
715 848 771 882 bis
792 848 964 882 laudatur
984 860 1070 881 ver-

42 910 97 944 bis
124 909 266 944 disertis
293 907 365 956 (fr.
408 906 442 943 3.
482 905 540 954 [1).

42 966 232 1002 Alcibiade
275 974 310 1000 et
348 965 526 1011 Dionysio
558 964 636 1009 jun.
679 963 897 1006 traduntur,
934 963 1069 1009 colligo

40 1026 176 1060 horum
205 1036 355 1071 quoque
386 1024 576 1065 virorum,
610 1029 646 1056 et
676 1023 835 1055 aliorum
868 1021 967 1055 haud
997 1021 1071 1055 du-

41 1083 122 1128 bie,
157 1083 248 1117 vitas
277 1094 297 1117 a
320 1082 452 1128 Satyro
480 1081 702 1126 perscriptas
731 1091 819 1114 esse.
850 1078 903 1114 Cf.
932 1079 1070 1112 Hiero-

967 1137 1074 1181 Quod

45 1200 275 1246 ‚Tranquillus
305 1201 342 1232 in
372 1197 633 1231 emmim-andis
659 1196 851 1242 gentilium
884 1195 1070 1229 literarum

41 1260 134 1291 viris
148 1255 249 1302 fecit
271 1256 484 1296 illusll·Ibzcs‚
512 1255 552 1288 id
578 1266 645 1301 ego
668 1257 705 1286 in
731 1251 1068 1297 nostrisfaciam...

43 1317 223 1350 Fecerunt
239 1315 382 1362 quidem
398 1313 465 1347 hoc
487 1314 582 1347 idem
611 1313 714 1359 apud
734 1312 880 1345 ercox
900 1314 1070 1359 Hermip-

37 1386 108 1420 pus
118 1376 399 1421 peripateticus,
428 1373 636 1417 Antigonus
665 1370 866 1414 Calystl'las‘,
897 1370 1068 1414 Satyrus,

41 1432 165 1466 doctus
185 1434 255 1473 vir,
277 1438 313 1464 et
335 1431 440 1475 longe
461 1432 621 1463 omnium
636 1429 864 1461 docui-simas-
885 1430 1070 1462 Aristarc-

41 1501 107 1524 nus
122 1493 288 1524 musicus.
311 1487 396 1533 Ejus
413 1488 536 1533 operis
553 1486 818 1532 compendium
847 1486 933 1520 fecit
953 1488 1068 1521 Hera-

42 1547 154 1582 clides
169 1547 345 1590 Lembus,
371 1557 481 1591 quem
501 1545 567 1578 sub
598 1544 796 1578 Ptolemaeo
821 1544 1071 1579 Philometore

43 1602 258 1652 (181-146)
298 1601 464 1637 floruisse
499 1603 646 1637 scimus.
689 1602 819 1636 Eidem
858 1602 1066 1649 biographo

41 1662 305 1697 vindicandum
318 1667 392 1695 esse
412 1660 550 1694 librum
567 1658 652 1708 Περὶ
666 1657 894 1708 χαρακτήρων
913 1660 971 1707 (fr.
987 1658 1064 1709 20.)

41 1721 246 1767 argumenti
264 1720 358 1754 ratio
378 1718 508 1752 suadet
527 1719 814 1764 quammaxime.

93 1780 273 1813 Praeterea
300 1777 428 1823 Satyro
458 1776 674 1810 tribuuntur
702 1775 810 1818 liber,
843 1787 917 1821 quo
948 1777 1073 1811 (lemos

40 1836 286 1870 Alexandrioe
314 1840 546 1868 recensuerat
582 1832 648 1879 (fr,
690 1837 781 1878 21),
813 1839 924 1879 atque
956 1846 1069 1879 opus,

41 1905 118 1940 quo
139 1893 338 1939 collegerat
367 1888 491 1937 μύθους
522 1888 685 1939 ἀρχαίους
716 1889 779 1937 (fr.
816 1891 900 1938 22).
932 1892 1073 1936 Quibus

40 1950 204 1994 accedit,
239 1957 281 1983 ut
308 1949 467 1992 videtur,
501 1948 594 1982 liber
625 1949 682 1981 De
715 1949 902 1994 lapidibus
921 1953 1071 1994 pretio—

39 2011 90 2042 sis
102 2006 160 2056 (*).
177 2008 319 2042 Mittam
335 2007 514 2052 scriptum
531 2005 627 2040 istud
644 2007 698 2039 De
715 2006 866 2051 gemmis
888 2004 951 2052 (sr.
977 2006 1022 2040 25
1040 2004 1069 2053 )‚

41 2067 179 2112 quippe
195 2063 298 2110 quod
311 2063 358 2097 ad
371 2075 438 2097 nos
456 2076 587 2109 parum
601 2064 785 2109 pertineat
801 2076 809 2105 ς
828 2064 1069 2108 quaerendum

582 908 705 951 Quare
740 918 784 939 ex
823 906 863 938 iis
905 918 984 951 quae
1026 905 1071 939 de

41 1153 172 1188 nymus
202 1141 241 1174 in
270 1139 376 1187 praef.
406 1139 491 1173 libri
520 1140 576 1173 Dc
600 1138 669 1170 vir.
702 1137 904 1183 illustribus
929 1149 937 1169 z

40 2129 162 2157 autem
178 2129 248 2165 est,
266 2133 355 2155 num
375 2122 596 2168 periegetica
616 2122 676 2155 illa
696 2129 732 2155 et
750 2122 1001 2167 mythologica
1023 2123 1070 2156 ab

41 2180 171 2215 eadem
189 2192 301 2214 manu
317 2179 484 2226 profecta
502 2181 593 2226 sint,
614 2192 694 2225 quae
708 2180 881 2213 historica
897 2186 931 2213 et
948 2180 1073 2225 philo-

40 2239 191 2285 sophica
208 2238 363 2284 scripsit.
384 2238 439 2271 Ex
459 2236 672 2284 fragmentis
690 2237 762 2271 hoc
782 2244 923 2270 tantum
941 2238 1069 2283 liquet,

41 2308 126 2331 eurn
139 2322 150 2340 ,
169 2296 233 2342 qui
250 2296 289 2329 in
310 2294 438 2329 demos
460 2295 693 2329 Alexandriae
714 2295 972 2341 inquisivemt,
997 2309 1074 2330 non

40 2361 124 2389 ante
140 2366 295 2401 regnum
310 2354 560 2399 Philopatoris
576 2366 669 2399 opus
683 2366 789 2387 suum
808 2355 1069 2399 composuisse.

39 2414 168 2459 Neque
189 2412 319 2446 dubito
337 2418 527 2447 auctorem
548 2419 624 2445 tum
641 2411 749 2457 hujus
768 2412 871 2455 libri,
890 2419 967 2445 tum
985 2413 1072 2446 alte-

41 2471 117 2505 rius
144 2471 200 2504 De
228 2470 378 2504 vetustis
406 2469 539 2503 fabulis
570 2469 646 2515 ejus
680 2478 753 2503 esse
792 2470 931 2515 Satyri,
971 2470 1074 2515 cujus

42 2528 259 2563 Ptolemaeus
275 2527 515 2574 Hephaestion
531 2528 699 2561 meminit
716 2527 781 2563 lib.
808 2529 836 2562 V
861 2532 914 2573 (p.
941 2532 1009 2573 194
1034 2529 1072 2562 in

41 2586 249 2633 Mythogrr.
265 2582 555 2633 Westermanni)
572 2597 580 2621 :
595 2583 767 2634 Σάτυρος,
783 2586 851 2628 ait,
866 2586 883 2619 ὃ
898 2583 1069 2636 Ἀριστάρ-

41 2655 104 2692 χου
123 2640 309 2692 γνώριμος,
326 2643 425 2686 Ζῆτα
446 2641 601 2677 ἐκαλεῖτο
622 2639 677 2676 διὰ
693 2640 731 2677 τὸ
748 2641 926 2686 ζητητικὸν
951 2643 1067 2681 αὐτοῦ.

42 2700 156 2746 Quod
179 2700 371 2746 epitheton
400 2700 496 2734 bene
526 2699 625 2734 cadit
656 2700 695 2733 in
724 2699 947 2734 laboriosam
969 2701 1071 2735 istam

41 2759 314 2805 periegetarum
338 2757 384 2791 de
415 2757 506 2791 locis
530 2769 733 2803 earumque
754 2757 887 2791 fabulis
913 2757 1071 2805 diligen-

42 2817 130 2851 tiam
164 2814 233 2863 (cf.
267 2815 419 2849 Polemo
454 2812 690 2861 στηλοκόπας,
720 2816 881 2849 Nicanor
911 2817 1071 2851 Aristar—

43 2873 154 2908 cheus
185 2869 398 2919 Στιγματίας
436 2872 554 2906 dictus
567 2900 575 2916 ,
615 2869 699 2907 διότι
735 2870 965 2920 ἐπολυλόγησε
996 2872 1072 2923 περὶ

44 2929 195 2977 στιγμῶν
216 2941 273 2975 ap.
303 2929 466 2963 Eustath.
488 2941 525 2975 p.
549 2941 597 2963 20
611 2955 620 2971 ,
646 2941 704 2962 12.
727 2929 925 2974 Dionysius
943 2928 1072 2964 Ἀσκά-

43 2986 149 3037 λαφος
170 2999 229 3034 ap.
251 2988 373 3033 Etym.
394 2988 446 3021 M.
468 3000 508 3033 p.
542 2984 650 3035 278).
674 2988 751 3021 Jam
772 2999 887 3032 quum
914 2989 1071 3022 Aristar—

44 3045 131 3080 chus
152 3045 219 3080 sub
245 3045 444 3079 Ptolemaeo
470 3045 721 3079 Philometore
749 3045 906 3079 maxime
935 3044 1070 3080 florue-

86 3169 127 3208 (*)
142 3170 243 3210 Satyri
265 3173 309 3201 De
329 3171 497 3202 Mausoleo
509 3171 644 3209 librum,
660 3179 754 3210 quem
769 3171 892 3201 Vitruv.
906 3173 977 3204 VlIl
994 3181 1073 3211 prae-

48 3215 104 3248 fat.
126 3217 297 3253 memorat,
323 3217 486 3248 architecti
504 3217 608 3248 fuerit.
637 3219 738 3256 Atque
767 3218 912 3256 Satyrum
938 3218 1072 3249 archite-

45 3263 152 3300 ctum,
169 3262 223 3301 qui
250 3262 307 3293 sub
326 3263 496 3294 Ptolemaeo
520 3262 725 3302 Philadelpho
750 3263 846 3301 vixit,
872 3263 1018 3294 novimus
1034 3273 1073 3295 ex

45 3308 205 3340 callixeno
218 3316 270 3348 ap.
287 3308 365 3340 Plin.
381 3311 571 3348 XXXVI,*s.
592 3312 644 3348 14,
662 3309 723 3349 §3⁴

1132 673 1199 715 rit,
1237 673 1423 719 Satyrus,
1446 672 1522 718 ejus
1561 674 1762 719 (lii-cimini·
1799 674 1808 721 (
1826 688 1908 710 nain
1944 677 2014 711 hoc
2054 689 2159 713 sensu

1133 728 1301 778 γνώριμος
1332 743 1423 773 vox,
1459 730 1521 764 ubi
1555 731 1601 764 de
1634 732 1721 764 viris
1752 733 1902 767 literatis
1933 746 2053 769 sermo
2089 741 2158 780 est,

1133 788 1302 822 adhiberi
1328 789 1464 833 solet),
1484 800 1561 822 non
1579 800 1652 822 csse
1674 796 1791 834 potest
1812 790 1957 836 Satyrus
1976 795 2161 839 peripate-

1134 846 1244 892 ricus,
1271 845 1373 892 eujus
1395 847 1492 881 Vitas
1520 846 1559 879 in
1582 847 1844 891 compendium
1875 848 2015 894 redegit
2044 852 2161 885 Hera—

1133 902 1245 937 clides
1271 904 1450 947 Lembus,
1475 904 1537 948 qui
1566 910 1602 937 et
1627 904 1702 950 ipse
1721 905 1787 937 sub
1811 905 2008 939 Plolcmseo
2038 908 2161 942 Philo-

1132 967 1274 994 metore
1294 959 1435 997 floruit.
1465 961 1608 995 ——.Sin
1641 973 1723 994 cum
1746 962 1918 996 Clintono
1955 963 2014 1009 (F.
2047 963 2091 999 11.
2115 966 2162 1000 ad

1133 1030 1192 1053 an.
1230 1018 1321 1065 160)
1356 1025 1489 1052 statuas
1518 1015 1687 1067 γνώριμον
1716 1019 1940 1052 vocabulum
1961 1021 1995 1054 h.
2029 1023 2053 1057 1.
2085 1036 2161 1057 non

1131 1077 1362 1122 discipulum,
1387 1076 1449 1110 sed
1460 1074 1695 1120 familiarem
1721 1075 1945 1124 significare,
1968 1086 2075 1125 atque
2100 1082 2162 1116 Sa-

1133 1141 1256 1179 tyrum
1276 1135 1381 1168 initio
1394 1162 1403 1180 ,
1424 1134 1659 1169 Heraclidem
1679 1146 1768 1168 vero
1791 1147 1913 1169 versus
1930 1135 2039 1170 finem
2059 1140 2161 1185 regni

1132 1192 1393 1227 Philometoris
1413 1193 1613 1239 scripsisse,
1644 1191 1724 1226 fieri
1750 1205 1835 1227 sane
1860 1200 1981 1239 potest
2009 1201 2048 1228 ut
2073 1196 2164 1230 alter

1133 1250 1280 1284 alterius
1300 1250 1396 1284 libro
1414 1262 1499 1283 usus
1515 1251 1572 1284 sit.
1597 1251 1827 1296 Quamquam
1845 1252 1969 1297 paullo
1990 1252 2165 1287 artificio-

1132 1307 1208 1340 sior
1226 1308 1318 1341 ratio
1341 1308 1416 1341 haee
1435 1319 1508 1341 esse
1526 1307 1615 1340 mihi
1642 1307 1804 1351 videtur,
1827 1310 2029 1354 praesertim
2050 1323 2162 1356 quum

1131 1365 1375 1410 scriptorum,
1398 1378 1478 1411 quae
1495 1366 1763 1408 recensuimus,
1783 1372 1858 1399 tam
1885 1366 2028 1401 diversa
2045 1369 2090 1402 sit
2109 1370 2166 1402 in-

1133 1422 1255 1465 doles,
1276 1430 1317 1457 ut
1334 1424 1429 1457 inter
1446 1423 1539 1456 duos
1554 1423 1677 1469 potius
1691 1431 1858 1457 auctores
1873 1435 1913 1458 ea
1928 1424 2163 1469 distribuere,

1134 1492 1245 1526 quam
1266 1480 1314 1515 ad
1331 1481 1492 1515 eundem
1521 1480 1661 1515 referre
1683 1482 1806 1515 omnia
1835 1482 1977 1516 animus
2001 1483 2162 1518 inclinet.

1131 1539 1262 1572 Nescio
1295 1551 1341 1572 an
1365 1540 1514 1585 Satyrus
1542 1539 1824 1585 peripateticus,
1858 1540 1921 1584 qui
1955 1538 2083 1587 fragm.
2121 1542 2163 1576 15

1134 1608 1217 1630 cum
1245 1598 1475 1643 Hieronymo
1504 1597 1655 1631 Rhodio
1689 1597 1943 1643 componitur,
1966 1606 2002 1632 et
2025 1599 2100 1645 ipse
2127 1600 2165 1632 in

1133 1654 1270 1688 Rhodo
1285 1655 1415 1697 insula,
1431 1656 1761 1701 peripateticorum
1778 1661 1855 1688 tum
1872 1656 2083 1700 seminario,
2102 1655 2166 1691 do-

1134 1712 1272 1754 cuerit,
1296 1712 1469 1757 idemque
1487 1713 1532 1746 sit
1550 1724 1634 1746 cum
1652 1711 1783 1757 Satyro
1799 1711 1957 1754 Rhodio,
1987 1715 2050 1759 qui
2066 1726 2164 1748 anno

1138 1781 1206 1812 172
1232 1768 1358 1816 (sicuti
1383 1777 1510 1815 postea
1526 1770 1745 1804 Posidonius
1763 1769 1953 1819 Rhodius)
1972 1772 2165 1819 legationis

1132 1822 1302 1873 princeps
1319 1827 1365 1861 ad
1376 1835 1541 1861 senatum
1555 1829 1666 1863 Rom.
1686 1840 1705 1861 a
1721 1827 1862 1862 civibus
1875 1829 2002 1863 missus
2015 1836 2067 1864 est
2083 1828 2165 1878 (Li-

1134 1886 1214 1918 vius
1229 1886 1351 1928 XLII,
1371 1886 1432 1931 14)
1453 1883 1508 1932 Γ).

1176 2015 1216 2052 (*)
1238 2014 1341 2044 Alium
1356 2016 1521 2053 Satyrum,
1539 2014 1593 2053 qui
1611 2013 1720 2044 eodem
1732 2015 1871 2053 tempore
1883 2014 1977 2053 vixit,
1989 2016 2165 2047 Iliensium

1134 2061 1284 2099 levatum
1303 2070 1358 2099 pro
1389 2061 1488 2099 Lyciis
1514 2059 1597 2099 apud
1623 2062 1780 2091 Romanos
1801 2061 2044 2092 intercedentem
2070 2062 2165 2093 habes

1132 2116 1182 2146 ap.
1199 2107 1364 2145 Polybium
1381 2109 1501 2144 xxiii,
1520 2111 1537 2137 3
1550 2131 1558 2145 ,
1575 2110 1604 2137 3.
1619 2123 1660 2128 -—
1676 2108 1806 2145 Satyrus
1820 2107 2017 2138 Achaeorum
2034 2110 2164 2146 leyatus

1133 2162 1182 2192 ap.
1211 2153 1316 2191 Polyb.
1344 2155 1454 2190 xxxi,
1472 2158 1501 2189 6,
1529 2157 1554 2182 1.
1581 2152 1745 2182 Addantur
1762 2164 1768 2181 :
1786 2154 1928 2190 Satyrus
1960 2154 2162 2191 Olynthum,

1133 2199 1260 2236 histrio,
1275 2208 1325 2238 ap.
1345 2200 1500 2229 Plutarch
1519 2199 1625 2230 Morat.
1638 2208 1668 2237 p.
1686 2201 1743 2229 543
1755 2223 1762 2234 ,
1780 2201 1820 2235 Ε;
1837 2199 2024 2229 Athenaeum
2044 2209 2073 2238 p.
2092 2204 2162 2238 591,

1134 2248 1157 2276 E
1167 2270 1175 2284 ‚
1190 2246 1295 2284 ibique
1309 2246 1456 2284 Schwgh.
1471 2268 1479 2282 ,
1495 2245 1621 2275 Diodor.
1640 2247 1709 2275 xvi
1721 2269 1728 2282 ,
1743 2249 1780 2275 55
1791 2268 1799 2282 ,
1815 2249 1831 2275 3
1842 2269 1850 2283 ‚
1865 2245 1969 2284 ibique
1982 2247 2163 2286 wesseling.

1132 2310 1172 2314 ——
1190 2295 1221 2323 S.
1256 2293 1467 2331 leeoqicoms
1478 2315 1485 2327 ,
1501 2291 1742 2322 illuratlzoulus
1755 2314 1762 2328 ,
1782 2291 1953 2330 craqceclzcs
1967 2299 2016 2330 ap.
2040 2292 2164 2323 Lucian.

1134 2340 1283 2378 Necyom.
1306 2343 1359 2376 16,
1380 2347 1410 2377 p.
1438 2342 1512 2376 1¹26,
1537 2339 1568 2368 et
1585 2340 1658 2376 ι11111.
1678 2339 1754 2376 trag.
1776 2341 1832 2377 41,
1857 2347 1887 2377 p.
1912 2340 1969 2368 487
1994 2338 2101 2369 Didot.
2124 2357 2166 2361 -—

1133 2388 1164 2416 S.
1182 2385 1357 2415 Heraclea>
1370 2387 1538 2422 tyrannus
1552 2393 1601 2422 ap.
1622 2386 1832 2414 Memnonem.
1845 2404 1884 2409 --
1897 2386 1929 2414 S.
1945 2383 2011 2414 duo
2025 2387 2162 2424 Bospori

1133 2440 1224 2470 reyes
1243 2440 1293 2470 ap.
1315 2431 1441 2461 Diodor.
1457 2432 1546 2467 XW,
1562 2432 1618 2467 93,
1641 2434 1666 2459 1.
1688 2431 1743 2459 XX
1756 2454 1764 2467 ,
1785 2435 1841 2468 ¹22,
1873 2435 1883 2460 l
1904 2438 1974 2469 sqq.
1988 2450 2027 2455 -
2041 2433 2074 2461 S.
2091 2431 2165 2462 dux

1133 2487 1310 2516 servormn
1325 2480 1358 2507 111
1376 2477 1496 2507 Sicilia
1514 2486 1563 2516 ap.
1580 2477 1708 2507 Diodor.
1730 2480 1877 2515 xxxvl,
1904 2482 1946 2509 10.
1969 2497 2003 2504 -
2021 2481 2053 2509 S.
2075 2487 2164 2510 unus

1134 2533 1177 2555 ex
1195 2526 1342 2562 trt‘qinta
1360 2526 1442 2554 viris
1460 2532 1510 2562 ap.
1532 2524 1732 2562 Xenophont.
1756 2526 1795 2554 H.
1821 2525 1874 2554 Gr.
1895 2527 1954 2561 lll,
1975 2529 2011 2556 54
2031 2527 2063 2556 et
2078 2526 2163 2556 alibi.

1132 2588 1174 2593 -—
1198 2573 1229 2600 S.
1258 2570 1409 2609 sophista
1433 2578 1484 2608 ap.
1508 2570 1622 2600 Athen.
1653 2579 1683 2609 p.
1712 2574 1790 2607 350,
1817 2571 1851 2601 F,
1878 2587 1918 2592 —
1937 2573 1966 2601 S.
1996 2570 2162 2610 quidam,

1133 2626 1226 2656 quem
1247 2626 1287 2647 ex
1308 2616 1435 2647 Aristot.
1453 2618 1609 2647 memorat
1635 2617 1792 2654 Plutarqh.
1809 2618 1889 2647 Mor.
1909 2626 1940 2656 p.
1964 2619 2042 2655 459,
2069 2620 2106 2647 Α.
2124 2633 2166 2639 -

1132 2666 1275 2703 Satyrus
1306 2664 1521 2693 Tunoleontts
1550 2665 1700 2697 amicus,
1726 2664 1919 2702 Theopomp.
1954 2664 1990 2693 fr.
2021 2667 2093 2694 215.
2123 2680 2164 2686 —-

1134 2712 1167 2740 S.
1195 2711 1344 2747 Dionysia·
1370 2709 1447 2747 jwi.
1466 2711 1670 2743 assentator,
1690 2709 1800 2739 Timaei
1824 2710 1861 2740 fr.
1888 2712 1954 2740 127.
1973 2727 2015 2732 —
2033 2711 2065 2741 S.
2097 2711 2163 2741 Ga-

1135 2756 1202 2786 leni
1215 2757 1416 2794 prceeepcotu
1437 2756 1547 2785 Galen.
1564 2757 1609 2792 V,
1628 2764 1657 2794 p.
1678 2759 1733 2786 172
1753 2756 1783 2786 et
1799 2755 1924 2795 passim.
1939 2773 1978 2778 —
1993 2757 2023 2786 S.
2042 2755 2162 2793 Eleus,

1133 2801 1358 2841 olympionicen
1372 2822 1381 2836 ‚
1402 2803 1536 2832 Pausan.
1556 2803 1617 2839 VI,
1634 2803 1664 2839 4,
1685 2805 1714 2839 5,
1731 2803 1790 2832 etc.
