2338 3765
293 140 1139 229 ATHENODORUS
1199 136 1821 225 fiss'ARSENSlS.

63 485 323 522 Athenodoros
341 486 532 519 Tarsenses
552 484 721 517 novimus
742 482 854 525 duos,
875 492 1036 528 quorum

8 554 165 592 uterque
187 545 365 591 insignem
386 543 481 576 inter
501 543 636 576 stoicos
653 540 896 588 philosophos
914 539 1037 574 locum

9 604 137 640 tenuit.
153 604 269 644 Alter,
291 602 349 636 cui
368 613 578 647 cognomen
598 599 816 645 Cordylioni
839 597 887 647 (ι)
904 625 913 642 ,
930 609 1038 632 senex

8 662 153 697 vivebat
168 660 355 707 Pergami,
375 659 610 693 bibliothecae
624 657 817 705 prmi'eetus
836 655 908 704 (2),
925 667 1040 701 usque

9 720 98 755 dum
126 720 215 754 Cato
236 719 360 752 minor
385 729 403 751 e
423 716 663 757 Macedonia,
694 715 759 749 ubi
783 715 942 748 militans
962 720 1038 748 tum

8 777 242 820 subsistebat,
263 777 481 823 Pergamum
512 780 740 808 transvectus
768 772 942 819 precibus
970 773 1041 806 suis

9 835 271 884 philosophum
304 833 568 880 permovisset,
599 838 640 866 ut
660 833 817 866 Romam
851 843 933 865 eum
963 830 1041 876 ipso

11 894 129 929 abiret
156 892 221 939 (3).
247 891 358 938 Apud
386 891 563 926 Catonem
584 889 719 925 deiude
741 889 787 924 ad
808 889 905 923 diem
927 900 1043 934 usque

12 963 227 999 suprenmm
249 957 410 984 versatus
430 955 494 983 est.

65 1010 166 1044 Alter
195 1007 462 1043 Athenodorus
488 1006 670 1041 Sandonis
703 1004 821 1051 filius,
853 1003 1042 1039 Posidonii

12 1067 150 1104 Rhodii
187 1066 408 1113 discipulus,
438 1065 645 1111 Apolloniae
674 1065 770 1098 inter
802 1068 1045 1109 praeeeptores

16 1126 164 1173 Augusti
193 1125 362 1167 Caesaris,
395 1136 478 1158 eum
506 1135 580 1169 quo
609 1124 765 1156 Romam
798 1119 934 1155 deinde
953 1132 1044 1167 pro—

14 1185 128 1219 sectus
144 1190 209 1217 est.
229 1184 284 1216 De
305 1194 349 1216 eo
383 1181 486 1216 loeus
513 1181 681 1215 classicus
708 1178 808 1226 apud
825 1178 1045 1214 Strabonem

13 1243 112 1285 XIV,
141 1254 181 1288 p.
209 1239 282 1285 675
306 1251 314 1276 t
345 1236 567 1287 Ἀθηνόδωροι
591 1235 673 1273 δύο·
693 1230 739 1273 ὧν
766 1238 783 1273 ὃ
805 1234 882 1284 μὲν,
915 1235 1046 1285 Κορδυ-

14 1298 94 1336 λίων
120 1296 374 1346 καλούμενος...
400 1298 417 1332 ὃ
443 1294 478 1332 δὲ
504 1298 563 1332 τοῦ
594 1293 792 1339 Σάνδωνος,
821 1292 856 1330 ὃν
887 1293 943 1329 καὶ
975 1295 1045 1331 Κα-

15 1356 150 1402 νανίτην
174 1355 276 1406 φασὶν
303 1355 373 1391 ἀπὸ
402 1354 522 1403 κώμης
548 1352 655 1401 τινὸς,
691 1352 866 1402 Καίσαρος
892 1350 1044 1401 καθηγή-

16 1431 119 1461 σατο,
139 1414 197 1451 καὶ
217 1417 320 1463 τιμῆς
334 1413 433 1463 ἔτυχε
453 1412 606 1462 μεγάλης
619 1427 626 1434 ·
645 1410 772 1448 κατιών
791 1426 827 1447 τε
849 1411 892 1452 εἷς
907 1410 968 1455 τὴν
987 1425 1048 1445 πα·

16 1475 112 1524 τρίδα
125 1472 191 1518 ἤδη
202 1471 355 1523 γηραιὸς,
367 1471 533 1507 κατέλυσε
548 1468 607 1515 τὴν
619 1471 840 1507 καθεστῶσαν
856 1467 1048 1515 πολιτείαν,

17 1533 129 1573 κακῶς
144 1530 334 1582 φερομένην
352 1528 416 1565 ὑπό
432 1543 467 1564 τε
484 1527 597 1564 ἄλλων
613 1527 670 1563 καὶ
692 1528 823 1571 Βοηθοῦ
834 1555 843 1571 ,
860 1529 967 1562 κακοῦ
989 1525 1049 1574 μὲν

17 1593 175 1635 ποιητοῦ,
191 1591 297 1624 κακοῦ
318 1586 353 1624 δὲ
370 1586 511 1623 πολίτου
523 1615 532 1631 ,
551 1584 778 1633 δημοκοπίαις
795 1584 997 1634 ἰσχύσαντος
1016 1582 1051 1619 τὸ

17 1648 132 1683 πλέον.
191 1646 327 1696 Ἐπῆρε
348 1646 376 1681 δ’
411 1645 512 1680 αὐτὸν
541 1644 599 1680 καὶ
628 1642 822 1687 Ἀντώνιος,
844 1641 921 1678 κατ’
942 1639 1051 1690 ἀρχὰς

19 1704 265 1753 ἀποδεξάμενος
275 1703 312 1740 τὸ
323 1701 451 1754 γραφὲν
463 1703 507 1744 εἷς
521 1700 582 1746 τὴν
598 1703 630 1738 ἐν
643 1699 835 1741 Φιλίπποις
849 1698 944 1744 νίκην
958 1698 1049 1740 ἔπος·

19 1764 76 1800 καὶ
97 1762 146 1800 ἔτι
173 1762 304 1811 μᾶλλον
330 1764 351 1806 ἢ
371 1760 527 1811 εὐχέρεια
544 1762 565 1803 ἡ
588 1758 842 1801 ἐπιπολάζουσα
859 1756 953 1808 παρὰ
984 1756 1052 1798 τοῖς

64 1906 106 1945 (1)
129 1906 240 1937 strabo
257 1906 343 1943 XIV,
362 1913 390 1944 p.
411 1907 471 1935 675
488 1903 619 1942 ι”Ανδρες
634 1902 658 1932 δ’
675 1902 766 1938 αὐτῆς
781 1902 789 1940 (
802 1910 843 1933 sc.
865 1901 898 1931 ἐκ
911 1901 1053 1941 'scalpo-ou)

21 1952 164 1992 γεγόνασι
182 1955 243 1982 τῶν
263 1951 315 1990 μὲν
330 1954 472 1981 στωικῶν
485 1948 676 1988 Ἀντίπατρός
692 1959 724 1979 τε
741 1949 792 1978 καὶ
810 1948 989 1987 Ἀρχέδημος
1003 1949 1053 1978 καὶ

22 2000 149 2039 Νέστωρ
162 2007 169 2014 ·
190 1998 232 2028 ἔτι
249 1998 275 2028 δ’
295 1997 488 2036 Ἀθηνόδωροι
503 1996 574 2033 δύο,
594 1996 636 2025 ὢν
657 1997 673 2025 ὁ
691 1995 743 2034 μὲν
759 1995 980 2034 Κορδυλίων
998 2005 1053 2024 κα-

22 2045 164 2084 λούμενος
175 2068 183 2082 ,
195 2043 363 2074 συνεδίωσε
374 2043 491 2083 Μάρκῳ
506 2042 640 2080 Κάτωνι,
652 2043 704 2072 καὶ
718 2043 841 2081 τελευτᾷ
851 2040 922 2080 παρ’
936 2040 1054 2079 ἐκείνῳ,

23 2093 40 2122 ὁ
53 2092 84 2122 δὲ
99 2094 154 2121 τοῦ
168 2090 322 2125 Σάνδωνος
332 2113 340 2128 ,
354 2090 420 2120 κτλ.

63 2137 261 2176 Cordylionis
271 2136 514 2175 cognomentum
526 2136 649 2174 egregie
663 2134 774 2165 Hasius
783 2157 791 2172 ,
808 2143 838 2164 v.
851 2134 906 2172 cl„
921 2135 1057 2165 restitnit

24 2184 227 2223 grammatico
242 2183 272 2213 ίιι
290 2182 431 2215 Crameri
446 2182 562 2213 Anecd.
581 2181 710 2212 Parisin.
728 2183 759 2219 l,
775 2190 804 2220 p.
824 2185 869 2219 16,
888 2181 939 2211 ubi
954 2181 992 2211 ad
1007 2190 1056 2211 co-

24 2231 102 2261 dicis
113 2239 221 2261 vocem
233 2231 415 2268 corruptam
428 2229 578 2268 Κογκύὶῳ
589 2237 696 2267 margo
705 2228 855 2259 exhil›et:.
865 2252 883 2259 ..
893 2229 1055 2269 νοδώρω...

26 2278 80 2313 λην
93 2287 171 2317 κορ..
186 2276 271 2306 λίωνι
281 2299 289 2313 ,
301 2276 320 2306 i.
338 2284 365 2306 e.
385 2275 578 2315 Ἀθηνοδώρῳ
595 2275 721 2311 ἐπίκλην
736 2275 934 2315 Κορδυλίωνι.

66 2324 108 2361 (2)
122 2322 249 2361 Diogen.
266 2324 300 2352 L.
313 2323 401 2358 VIII,
418 2324 455 2352 34
475 2334 481 2352 :
497 2321 668 2361 (Ἰσίδωρος
682 2323 698 2352 ὁ
715 2322 928 2361 Περγαμηνὸς)
943 2322 1057 2361 ἐκτμη-

26 2369 111 2406 θῆναί
129 2380 218 2408 φησιν
240 2368 274 2399 ἐκ
298 2371 358 2398 τῶν
382 2368 506 2408 βιὸλίων
528 2368 566 2398 τὰ
591 2372 694 2403 κακῶς
717 2368 864 2407 λεγόμενα
889 2370 971 2408 παρὰ
998 2372 1059 2403 τοῖς

28 2417 173 2450 Στωικοῖς
185 2414 236 2445 ὑπ’
254 2415 458 2453 Ἀθηνοδώρου
474 2417 528 2444 τοῦ
545 2416 682 2445 Στωικοῡ
695 2439 703 2453 ,
720 2415 930 2450 πιστευθέντος
951 2416 1005 2451 την
1029 2415 1059 2445 ἐν

31 2461 180 2501 ΙΙεργάμῳ
196 2461 402 2501 βιὸλιοθήκην·
416 2461 482 2490 εἶτα
496 2461 682 2498 ἀντιτεθῆναι
696 2462 774 2492 αὐτὰ
786 2485 794 2500 ,
810 2462 996 2501 φωραθέντος
1005 2465 1059 2492 τοῦ

29 2508 228 2547 Ἀθηνοδώρου
242 2508 294 2538 καὶ
308 2507 566 2542 κινδυνεύσαντος.

72 2556 115 2592 (3)
139 2553 299 2584 Plutarch.
318 2555 387 2584 Cat,
410 2562 452 2583 m.
474 2562 502 2583 c.
524 2558 560 2584 10
579 2566 586 2584 :
614 2553 784 2593 Πυθόμενος
809 2554 1059 2595 δ’Ὰθηνὸδωρον,

30 2601 79 2631 τὸν
94 2600 330 2640 ἐπικαλούμενον
346 2599 553 2640 Κορδυλίωνα,
572 2600 705 2640 μεγάλην
721 2601 777 2636 ἕξιν
793 2601 822 2631 ἐν
836 2604 897 2636 τοῖς
915 2603 1061 2638 Στωικοῖς

31 2648 130 2686 λόγοις
146 2647 274 2687 ἔχοντα,
299 2646 461 2686 διατρίόειν
482 2648 549 2687 περὶ
564 2647 739 2687 Πέργαμον,
755 2648 812 2684 ἤδη
827 2649 950 2687 γηραιὸν
968 2649 1040 2678 ὅντα
1052 2674 1060 2687 ,

32 2694 82 2724 καὶ
102 2693 215 2728 πάσαις
240 2693 487 2732 ἐρρωμενέστατα
508 2695 573 2728 ταῖς
595 2694 790 2732 ἡγεμονικαῖς
812 2694 863 2723 καὶ
890 2694 1061 2733 βασιλικαῖς

0 2766 1 2769 ,
33 2740 201 2776 συνηθείαις
211 2741 262 2770 καὶ
273 2739 382 2778 φιλίαις
394 2739 672 2778 διαμεμαχημένον,
686 2740 770 2770 οὐδὲν
783 2740 860 2779 ᾤετο
873 2740 1000 2779 πέμπων
1011 2742 1062 2771 καὶ

33 2786 153 2826 γράφων
167 2785 316 2825 περαίνειν
330 2786 403 2825 πρὸς
417 2786 518 2821 αὐτὸν,
533 2786 597 2815 ἀλλ’
613 2786 692 2825 ἒχων
706 2785 788 2825 παρὰ
804 2789 858 2816 τοῦ
871 2786 966 2825 νόμου
983 2787 1064 2817 δεδο-

36 2834 125 2872 μένην
142 2832 314 2872 ἀποδημίαν
331 2833 409 2862 δυεῖν
428 2835 543 2871 μηνῶν,
559 2832 701 2862 ἔπλευσεν
718 2833 758 2867 εἶς
772 2833 827 2868 τὴν
840 2832 940 2863 Ἀσίαν
951 2834 1000 2863 ἐπὶ
1013 2834 1063 2864 τὸν

37 2879 145 2918 ἄνδρα,
158 2878 311 2909 πιστεύων
324 2881 385 2912 τοῖς
402 2878 431 2908 ἐν
446 2879 530 2917 αὑτῷ
544 2879 647 2913 καλοῖς
659 2879 699 2917 μὴ
714 2878 878 2917 ἀτυχήσειν
893 2883 945 2915 τῆς
962 2879 1064 2919 ἄγρας.

39 2924 258 2964 Συγγενὸμενος
272 2925 302 2954 δὲ
316 2925 368 2954 καὶ
385 2924 672 2962 καταγωνισάμενος
689 2925 740 2954 καὶ
759 2925 950 2963 μεταστήσας
964 2926 998 2955 ἐκ
1013 2929 1065 2962 τῆς

38 2972 239 3010 προαιρέσεως
259 2971 363 3007 αὐτὸν,
381 2970 452 3008 ἧκεν
468 2971 552 3008 ἄγων
568 2971 609 3005 εἶς
625 2971 659 3000 τὸ
673 2971 888 3010 στρατόπεδον,
903 2974 1065 3011 περιχαρὴς

39 3017 90 3046 καὶ
112 3017 354 3056 μεγαλοφρονῶν,
372 3017 412 3051 ὥς
426 3027 453 3046 τι
470 3017 631 3046 κάλλιστον
642 3017 762 3055 ᾑρηκὼς
773 3039 780 3053 ,
794 3018 845 3046 καὶ
860 3017 1066 3056 λαμπροτερον

41 3062 83 3092 ὧν
104 3063 262 3102 Πομπήϊος
278 3063 345 3092 τότε
361 3063 411 3092 καὶ
429 3063 598 3097 Λεύκολλος
615 3063 706 3092 ἐθνῶν
723 3064 773 3092 καὶ
799 3063 962 3101 βασιλειῶν
979 3074 1066 3093 κατε·

42 3109 201 3148 στρέφοντο
211 3109 265 3139 σὺν
274 3108 375 3144 ὅπλοις
386 3109 559 3147 περιιόντες.
573 3109 700 3139 Catonis
710 3108 749 3138 ad
762 3109 998 3139 Athenodorum
1010 3111 1068 3140 iter

44 3157 195 3185 uir-morat
211 3155 304 3185 etiam
319 3155 349 3184 in
365 3155 469 3185 Mor-al.
491 3163 521 3193 p.
540 3158 598 3186 777
619 3159 626 3189 (
640 3164 669 3193 p.
685 3158 743 3185 949
760 3155 809 3184 ed.
833 3155 902 3185 Did.
914 3156 935 3193 ).

87 3200 170 3230 idem
195 3200 235 3230 ib.
252 3209 280 3230 c.
308 3205 342 3230 16
371 3200 561 3230 Ἐπανελθὼν
584 3200 612 3230 δ’
634 3201 674 3234 εἰς
696 3201 817 3238 Ῥώμην
834 3201 885 3230 τὀν
905 3201 957 3239 μὲν
980 3200 1068 3230 ἄλλον

45 3246 151 3284 χρόνον
168 3245 233 3276 κατ’
251 3245 334 3276 οἶκον
350 3245 542 3285 Ἀθηνοδώρῳ
557 3247 576 3282 ἢ
596 3257 653 3275 κατ
690 3246 801 3285 ἀγορὰν
818 3249 878 3281 τοῖς
898 3247 988 3283 φίλοις
1008 3257 1067 3276 πα-

47 3292 221 3331 ριστάμενος
238 3293 392 3323 διετέλεσε,
409 3293 457 3323 Cs.
480 3293 596 3323 Plinius
612 3294 646 3323 ll.
666 3295 700 3323 N.
719 3294 791 3330 vn,
809 3297 856 3323 3⁴).

1072 3356 1121 3379 *2355

1100 478 1287 527 Ταρσεῦσι,
1304 473 1388 512 ὥστ’
1403 475 1586 517 dicabam<
1601 475 1791 525 σχεδιάζειν
1807 474 1901 524 παρὰ
1916 476 2037 524 χρῆμα
2053 472 2135 522 πρὸς

1102 534 1163 580 τὴν
1194 533 1377 582 δεδομένην
1407 533 1577 578 ὑπόθεσιν,
1606 533 1664 569 καὶ
1696 533 1736 578 δὴ
1770 532 1829 569 καὶ
1858 531 2135 581 γυμνασιαρχβίαν

1103 591 1339 643 ὑποσχόμενος
1357 592 1534 641 Ταρσεῦσι
1549 594 1666 627 τοῦτον
1688 590 1761 627 ἀντὶ
1786 589 2047 640 γυμνασιάρχου
2065 604 2131 625 κα-

2015 647 2133 697 Ἰίφίιμ-

1107 709 1192 759 ράθη
1212 707 1246 744 δὲ
1264 707 1511 757 νοσφισάμενος
1527 706 1568 742 τά
1591 721 1626 742 τε
1645 705 1733 742 ἄλλα
1753 706 1811 742 καὶ
1840 705 2017 742 τοῦλαιον·
2038 707 2137 753 ἐλεγ-

1110 651 1269 696 τέστησε,
1289 648 1347 686 καὶ
1367 648 1410 685 τὰ
1431 648 1645 697 ἀναλώματα
1665 648 1861 685 ἐπίστευσεν
1883 649 1990 698 αὐτῷ.

1103 767 1246 818 χόμενος
1270 767 1297 803 δ’
1328 767 1393 803 ὑπὸ
1425 768 1490 802 τῶν
1520 766 1719 815 κατηγόρων
1752 764 1807 801 ἐπὶ
1839 768 1895 801 τοῦ
1932 763 2131 810 Ἀντωνίου,

1106 830 1294 876 παρῃτεῖτο
1312 824 1373 870 τὴν
1394 823 1498 875 ὀργὴν
1517 823 1577 860 σὺν
1596 823 1709 864 ἄλλοις
1732 822 1789 858 καί
1808 825 1918 859 ταῦτα
1940 821 2059 869 λέγων,
2086 820 2136 857 ὅτι

1103 882 1245 934 ζὨσπερ
1261 882 1420 933 ΓΌμηρος
1438 882 1624 931 ἐξύμνησεν
1647 880 1805 931 Ἀχιλλέα
1826 880 1883 917 καὶ
1901 879 2139 928 Ἀγαμέμνονα

1107 942 1165 979 καὶ
1183 941 1375 987 Ὀδυσσέα,
1407 940 1513 982 οὕτως
1537 939 1603 989 ἐγώ
1631 954 1684 975 σε·
1716 940 1752 974 οὐ
1775 938 1901 979 δίκαιος
1930 934 1985 974 οὖν
2007 939 2075 986 εἶμι
2097 939 2142 977 εἷς

1107 1000 1266 1042 τοιαύτας
1284 999 1426 1050 ἄγεσθαι
1444 997 1608 1040 διαδολὰς
1628 997 1681 1034 ἐπὶ
1704 999 1779 1035 σοῦ.
1841 995 2062 1046 Παραλαὸὼν
2084 990 2140 1031 οὖν

1107 1062 1122 1095 ὁ
1135 1073 1322 1109 κατηγορος
1338 1073 1395 1094 τον
1406 1056 1527 1107 λόγον·
1546 1056 1637 1094 Ἀλλ’
1651 1054 1831 1104 υΟμηρος
1826 1054 1886 1090 μὲν
1897 1069 1988 1104 ,εφη
2004 1083 2013 1101 ,
2031 1053 2141 1090 ἔλαιον

1109 1116 1169 1165 μὲν
1191 1116 1443 1166 Αγαμέμνοιος
1463 1116 1525 1152 οὐκ
1553 1114 1674 1165 ἔκλεψε
1661 1128 1712 1161 ν,
1744 1113 1818 1148 ἀλλ’
1842 1110 1915 1147 οὐδὲ
1938 1111 2044 1160 Ἀχιλ
2037 1110 2142 1153 Λέως·

1109 1190 1148 1211 συ
1171 1174 1228 1211 δέ·
1249 1188 1337 1210 ωστε
1360 1172 1480 1214 δώσεις
1505 1171 1617 1217 δίκην.
1644 1169 1944 1220 Διακρουσάμενος
1965 1169 1992 1205 δ’
2013 1172 2068 1206 οὐν
2090 1173 2143 1205 θε-

1112 1231 1267 1282 ραπείαις
1289 1246 1358 1268 τισι
1375 1229 1436 1276 τὴν
1458 1228 1576 1280 ὀργὴν,
1609 1228 1704 1266 οὐδὲν
1721 1232 1823 1273 ἧττον
1846 1226 2066 1263 διετέλεσεν
2052 1225 2144 1275 ἄγων

1111 1293 1168 1327 καὶ
1186 1289 1296 1341 φέρων
1318 1288 1379 1334 τὴν
1395 1288 1494 1325 πόλιν
1523 1287 1626 1339 μέχρι
1646 1291 1707 1333 τ’ἧς
1726 1288 1967 1336 καταστροφῆς
1984 1288 2042 1320 τοῦ
2065 1285 2144 1322 Ἀν-

1111 1347 1245 1385 τωνίου.
1268 1346 1444 1392 Τοιαύτην
1474 1346 1509 1383 δὲ
1529 1346 1591 1391 τὴν
1612 1346 1711 1382 πόλιν
1741 1343 1950 1381 καταλαδὼν
1971 1345 1988 1379 ὃ
2008 1342 2147 1388 Ἀθηνό-

1111 1408 1214 1456 δωρος
1226 1436 1234 1451 ,
1251 1405 1335 1448 τέως
1355 1403 1416 1453 μὲν
1437 1404 1607 1455 ἐπεχείρει
1622 1403 1715 1453 λόγῳ
1737 1401 1896 1451 μετάγειν
1914 1401 2070 1437 κάκεῖνον
2088 1401 2145 1436 καὶ

1111 1463 1184 1505 τοὺς
1201 1463 1458 1514 συστρατιώτας
1471 1478 1478 1485 -
1499 1464 1544 1504 ὡς
1564 1463 1593 1499 δ’
1615 1462 1676 1498 οὐκ
1692 1459 1877 1510 ἀπείχοντο
1898 1457 2028 1509 ὕὸρεως
2048 1459 2144 1494 οὐδε-

1113 1527 1209 1570 μιᾶς,
1228 1521 1401 1571 ἐχρήσατο
1417 1523 1458 1570 τῇ
1480 1519 1614 1569 δοθείσῃ
1632 1518 1697 1555 ὑπὸ
1714 1521 1772 1554 τοῦ
1797 1516 1969 1566 Καίσαρος
1990 1515 2144 1567 ἐξουσίᾳ,

1112 1579 1171 1616 καὶ
1190 1579 1348 1622 ἐξέὸαλεν
1370 1577 1511 1624 αὐτοὺς,
1533 1575 1723 1627 καταγνοὺς
1744 1575 1866 1627 φυγήν.
1889 1576 1935 1612 Οἱ
1956 1573 1990 1611 δὲ
2011 1576 2146 1624 πρῶτον

1114 1640 1173 1686 μὲν
1191 1635 1553 1687 κατετοιχογράφησαν
1575 1635 1679 1670 αὐτοῦ
1694 1636 1836 1675 τοιαῦτα
1850 1648 1857 1654 ·

1194 1704 1292 1745 Ἔργα
1305 1705 1393 1741 νέων,
1409 1704 1516 1744 βουλαὶ
1531 1703 1562 1733 δὲ
1577 1704 1691 1742 μέσων,
1705 1702 1813 1741 πορδαὶ
1828 1702 1860 1731 δὲ
1874 1701 2038 1740 γερόντων.

1115 1763 1215 1801 Ἐπεὶ
1237 1764 1265 1799 δ’
1286 1763 1410 1804 ἐκεῖνος
1436 1763 1468 1798 ἐν
1496 1762 1635 1802 παιδιᾶς
1658 1759 1752 1810 μέρει
1776 1758 1972 1806 δεξάμενος,
1990 1757 2145 1794 ἐκέλευσε

1115 1820 1396 1871 παρεπιγράψαι,
1417 1843 1465 1846 —
1484 1818 1621 1869 βρονταὶ
1639 1817 1673 1854 δὲ
1689 1817 1864 1868 γερόντων·
1884 1815 2148 1867 καταφρονήσας

1117 1878 1153 1916 δέ
1172 1895 1220 1920 τις
1240 1881 1298 1915 τοῦ
1317 1880 1504 1926 ἐπιεικοῦς,
1523 1876 1659 1913 εὔλυτον
1679 1876 1717 1911 τὸ
1737 1875 1895 1911 κοιλίδιον
1915 1873 2018 1923 ἔχων,
2036 1888 2125 1923 προσ
2139 1896 2148 1901 -

1119 1937 1237 1987 έρρανε
1267 1936 1351 1973 πολὺ
1379 1938 1420 1985 τῇ
1442 1935 1527 1986 θύρᾳ
1557 1934 1614 1970 καὶ
1644 1935 1692 1985 τῷ
1721 1934 1843 1984 τοίχῳ,
1862 1932 1994 1982 νύκτωρ
2016 1931 2149 1981 παριὼν

1127 1994 1190 2040 τὴν
1205 1994 1325 2031 οἰκίαν.
1346 1993 1390 2031 ‘O
1408 1993 1442 2030 δὲ
1459 1995 1518 2037 τῆς
1535 1992 1685 2033 στάσεως
1702 1993 1901 2041 κατηγορῶν
1918 1992 1951 2027 ἐν
1967 1989 2150 2039 ἐκκλησίᾳ,
2165 1990 2169 1994 ’

1118 2050 1177 2096 τὴν
1204 2051 1301 2088 νόσον
1324 2054 1383 2096 τῆς
1403 2051 1551 2096 πόλεως,
1573 2048 1656 2099 ἔφη,
1677 2049 1734 2086 καὶ
1753 2050 1814 2092 τὴν
1835 2047 1996 2098 καχεξίαν
2013 2049 2147 2083 πολλα-

1117 2110 1215 2161 χόθεν
1231 2107 1401 2147 σκοπεῖν
1385 2108 1504 2154 εξεστι,
1519 2123 1577 2145 και
1593 2106 1633 2152 δὴ
1649 2108 1706 2143 καὶ
1722 2108 1759 2143 ἐκ
1770 2109 1835 2142 τῶν
1851 2106 2080 2156 διαχωρημοίτ
2070 2122 2143 2143 ων

1118 2169 1223 2205 Ουτοι
1239 2167 1299 2216 μὲν
1319 2166 1465 2204 Στωικοὶ
1477 2165 1607 2217 ἄνδρες.
1623 2163 1908 2213 Ἀκαδημαϊκός
1891 2164 1924 2199 οὲ
1945 2162 2112 2214 Νέστωρ(
2116 2165 2148 2211 )

1119 2228 1135 2262 ὁ
1151 2224 1227 2261 καθ
1244 2228 1357 2273 ἡμᾶς,
1374 2226 1390 2260 ὁ
1407 2224 1610 2274 Μαρκελλου
1630 2226 1716 2267 καθη
1720 2222 1931 2272 (ησοίμενος,
1949 2225 2006 2258 τοῦ
2023 2220 2151 2257 Ὀκτα-

1124 2282 1216 2323 ουίας
1244 2281 1382 2327 παιδος,
1414 2284 1473 2326 τῆς
1504 2280 1679 2331 Καίσαρος
1709 2279 1869 2330 ἀδελφης.
1894 2277 1963 2315 Καὶ
1995 2280 2088 2319 οὗτος
2118 2277 2152 2314 δε

1120 2340 1270 2391 προέστη
1292 2342 1351 2384 τῆς
1368 2341 1435 2376 πο)
1440 2355 1485 2375 ιτ
1491 2338 1562 2384 ίας,
1584 2336 1820 2385 διαδεξάμενος
1840 2352 1895 2372 τον
1912 2336 2151 2386 Ἀθηνόδωρον,

1119 2415 1177 2436 και
1198 2397 1367 2436 διετέλεσε
1389 2396 1584 2447 τιμώμενος
1604 2393 1701 2446 παρά
1718 2410 1754 2431 τε
1782 2399 1849 2436 τοῖς
1867 2394 2014 2443 ἡγεμόσι
2034 2395 2091 2430 καὶ
2118 2396 2150 2431 ἐν

1119 2460 1161 2509 τῇ
1181 2456 1292 2493 πόλει.

1173 2515 1280 2551 Adde
1301 2516 1449 2551 Luciau.
1472 2514 1638 2549 Maelob.
1661 2526 1692 2547 c.
1719 2523 1760 2546 21
1790 2510 1852 2558 (p.
1872 2511 1917 2552 64
1926 2511 1945 2545 3
1968 2511 2096 2547 Didot.
2111 2512 2150 2557 ):

1121 2573 1384 2623 Ἀθηνόδωρος
1362 2570 1538 2612 ..άνδωνος
1563 2567 1759 2620 Ἰαρσευς
1739 2567 1911 2615 ...τωικὸς,
1932 2566 1965 2609 ὃς
1984 2583 2042 2603 και
2059 2569 2152 2604 διδά-

1122 2632 1276 2672 σκαλος
1263 2645 1315 2679 εγε
1309 2629 1393 2666 ’νετο
1412 2628 1583 2677 Καίσαρος
1598 2642 1633 2663 σε
1623 2625 1767 2662 εδοιστου
1786 2628 1819 2661 θε
1824 2640 1861 2661 ου
1872 2626 1951 2676 ,υφ“
1967 2640 2004 2661 ου
2020 2629 2039 2670 ἡ
2059 2628 2153 2675 Ἰαρ-

1123 2689 1208 2725 σεό)ν
1229 2688 1326 2730 πόλις
1354 2686 1409 2724 καὶ
1433 2687 1542 2737 φόρων
1565 2683 1762 2735 ἐκουφίσθη,
1787 2683 1843 2719 δύο
1867 2699 1926 2719 και
1945 2684 2152 2732 ὀγδοηκοντα

1123 2746 1182 2792 ἔτη
1205 2745 1295 2796 βιοὺς
1316 2746 1534 2789 ἐτελεύτησεν
1555 2744 1589 2779 ἐν
1609 2745 1650 2791 τῇ
1669 2741 1808 2792 πατρίδι
1827 2740 1885 2777 καὶ
1905 2740 2004 2789 τιμὰς
2025 2743 2041 2777 ὁ
2061 2743 2155 2790 Ταρ-

1124 2803 1210 2841 σέων
1231 2805 1336 2852 δῆμος
1354 2804 1446 2853 αὐτῷ
1465 2803 1540 2838 κατ’
1559 2800 1632 2841 ἔτος
1653 2797 1795 2837 ἕκαστον
1813 2797 1975 2846 ἀπονέμει
1990 2800 2034 2840 ὡς
2051 2799 2151 2849 ἥρωι.

1179 2864 1356 2897 Eusebius
1374 2864 1474 2896 Arm.
1488 2861 1626 2896 Chron.
1639 2858 1757 2893 adol.
1779 2870 1863 2903 197,
1885 2870 1895 2890 ι
1919 2856 2128 2904 (91›.Ciu·.)
2145 2872 2150 2891 :

1126 2921 1378 2955 Athenodorus
1400 2915 1832 2964 Tamensisphilosophus
1852 2915 2027 2961 physicus
2047 2916 2151 2964 (woi—

1739 2973 1794 3008 Cf.
1819 2973 1977 3019 Syueell.
2002 2986 2038 3019 p.
2067 2973 2155 3019 318,

1126 2992 1187 3013 cus
1215 2975 1392 3025 Hieron.)
1413 2976 1706 3022 cognosrebatur.

1169 3058 1212 3097 ()
1231 3059 1321 3088 Hunc
1335 3056 1463 3087 Vossius
1483 3056 1591 3086 censet
1617 3061 1684 3084 esse
1706 3053 1886 3087 Nestoi-un,
1905 3050 1995 3088 cujus
2008 3051 2156 3088 Ἱπομυή-

1129 3104 1253 3144 ματαθε
1257 3104 1365 3142 ατρικὰ
1383 3102 1486 3133 laudii
1505 3102 1674 3132 Atheniens
1688 3100 1733 3134 Χ,
1749 3106 1779 3136 p.
1797 3099 1850 3126 sil
1841 3110 1874 3131 ι,
1889 3098 1932 3126 C:
1948 3097 2008 3126 'iilv
2012 3107 2086 3131 nme
2102 3100 2155 3132 (sc

1127 3151 1315 3190 Ηρόδωρος)
1331 3151 1347 3179 ὁ
1362 3149 1516 3188 Μεγανεὺς
1528 3146 1718 3181 σαλπιγκτὴς
1731 3145 1783 3179 τὴν
1798 3153 1863 3181 περι
1858 3142 1935 3172 οδον
1950 3143 2068 3176 δεκάκις
2082 3142 2154 3177 ,καὶ

1129 3195 1254 3225 ἐδείπνει
1269 3195 1437 3230 καθήμειος
1426 3218 1455 3231 ς,
1477 3196 1516 3228 ὡς
1534 3195 1648 3232 ἱστορεῖ
1661 3193 1697 3222 N.
1716 3191 1819 3222 ἐντοῖς
1835 3190 2007 3225 (θεατρικοῖς
2025 3198 2157 3224 νπομνη·

1130 3257 1214 3284 μασι.
1233 3246 1369 3275 Nistoris
1383 3254 1473 3274 nom(
1478 3253 1494 3273 n
1512 3252 1624 3282 ripum·
1629 3242 1749 3272 ndum
1743 3248 1781 3277 ap
1805 3246 1835 3265 s(
1840 3237 1900 3266 ΙιιιΙ.
1922 3237 2024 3274 Emip
2048 3239 2067 3265 l
2072 3236 2120 3264 Ιιιι·
2125 3244 2153 3264 ιι

1134 3297 1167 3322 123
1184 3294 1191 3329 (
1209 3300 1234 3320 v.
1258 3291 1430 3330 Lysimavhi
1450 3292 1485 3320 I'r.
1511 3294 1543 3320 10
1557 3299 1573 3319 ιι
1587 3294 1608 3327 ).
