2338 3765
149 238 222 270 648

149 314 359 366 μιαρώτατος
384 327 441 348 και
461 309 607 347 κάκιστα
630 305 801 354 ἀπολούμε
805 320 857 347 νος
882 302 1093 352 Οὐολόγεσος
1112 315 1172 351 ηρ

148 375 226 417 ξατο
246 374 407 419 πολεμεῖν
426 370 467 405 δι’
488 367 599 404 αἰτίαν
620 364 764 402 τοιάννε,
793 381 808 395 υ

201 430 270 468 Καὶ
291 429 330 473 νὴ
359 427 456 464 Δία
442 442 475 462 εν
493 425 568 474 'Ast
583 424 594 472 ]
615 426 771 459 Sensus.
791 424 927 457 Ionum
957 418 1174 467 loquacitati

148 490 262 524 multa
292 490 478 534 ignosca53
511 492 546 518 at
570 496 589 517 a
606 482 657 517 Gr
661 482 754 516 aeciae
777 479 1011 522 hominibus,
1045 479 1108 524 qui
1129 475 1175 510 ad

149 548 356 583 Atticorum
368 542 577 588 exemplum
587 552 624 574 se
637 549 862 586 componere
874 537 1005 581 solent,
1014 542 1177 570 monstra

150 607 214 639 ista
232 603 465 637 historiarum
480 627 489 643 ‚
516 610 596 645 quae
616 598 655 632 in
681 609 782 643 seqq.
803 596 912 630 nobis
929 593 1086 629 ostendit
1103 595 1177 627 Lu-

150 664 295 703 cianus,
318 659 503 707 proficisci
523 657 684 703 potuisse
713 654 797 700 jure
822 654 977 688 mireris.
1007 653 1178 687 Ceterum

150 719 460 754 innuitLucianus
473 712 857 755 HistoriasCorintliii‚
869 710 915 745 de
927 723 1002 757 quo
1011 722 1044 744 v.
1054 710 1100 746 fr.
1119 722 1175 743 12.

150 798 202 803 —
218 774 420 823 Ἄμεινον...
446 775 503 809 τοῦ
523 769 678 822 Ὁμήρου
696 770 710 819 ]
729 772 866 806 Contra
884 770 920 803 in
943 770 1014 803 hoc
1030 779 1180 814 quoque

151 838 359 871 Homerum
386 831 606 866 imitandum
634 829 742 864 duxit
768 827 971 874 Cephalion
996 827 1180 860 Musarum

150 901 279 928 auctor
296 891 306 939 (
321 904 357 928 v,
375 903 484 937 supra
502 890 527 937 ).
550 909 598 914 —
615 885 717 923 Αἴτια
733 883 806 932 ἅμα
822 884 898 920 κτλ.
917 883 930 932 ]
945 900 960 916 «
978 883 1036 918 Ad
1053 885 1181 918 Hero-

151 952 230 985 doti
259 949 431 983 videlieet
454 945 726 992 Thucydidisve
752 943 978 989 exemplum,
1021 952 1181 987 quorum

151 1009 211 1042 ille

151 1065 257 1109 λοισι,
275 1065 333 1098 liic
355 1071 476 1098 autem
497 1062 553 1109 (I,
573 1061 641 1108 23)
665 1072 672 1094 :

154 1121 288 1172 ἔγραψα
309 1123 458 1170 πρῶτον.
483 1137 496 1150 υ
521 1121 721 1154 llmmxx.

693 1057 776 1095 διότι
794 1058 821 1093 δ’
841 1056 977 1101 ἔλυσαν,
998 1053 1057 1096 τὰς
1074 1052 1183 1094 αἰτίας

209 1241 509 1293 ΚΡΕΠΕΡῌΟΣ
541 1240 567 1275 Κ
578 1236 809 1275 ᾹᾹΠΟΥΡΝ
820 1235 968 1271 ΙΑΝΟΣ
1002 1234 1130 1270 ΙΙΟΜ-

467 1300 862 1340 ΗΗΙΟΥΙΙΟᾹΙΪΗΣ.

653 1424 688 1449 2.

209 1521 312 1555 ldern
331 1518 454 1553 c.15.·
472 1518 600 1564 Ουτος
596 1532 632 1551 υ.
624 1531 654 1552 ;ν
670 1518 828 1551 τοιαῦτα.
841 1513 890 1551 “E
895 1527 986 1563 τερος
1003 1527 1036 1548 οε
1052 1513 1188 1549 Θουκυ-

159 1577 249 1614 δίδου
268 1575 419 1621 ζγλωτης
437 1574 551 1626 ἄκρος,
572 1577 637 1615 οἷος
654 1589 689 1609 ευ
709 1574 803 1621 μάλα
823 1587 871 1607 τω
872 1568 1074 1642 ἀργετύπιγ)
1094 1571 1189 1605 εἰκα-

158 1634 292 1683 σμένος,
306 1634 363 1670 καὶ
378 1633 438 1678 τὴν
454 1632 563 1683 &ps-qv
578 1634 621 1673 ὡς
637 1633 759 1672 ἐκεῖνος
774 1645 834 1666 συν
849 1644 896 1679 τῳ
911 1630 1032 1664 εαυτοῦ
1048 1626 1189 1674 ὀνόματι

156 1692 294 1740 ἤρξατο,
309 1689 538 1742 χαριεστάτην
556 1691 670 1739 ἀρχῶν
687 1689 831 1724 ἁπασῶν
847 1686 904 1723 καὶ
921 1685 1028 1734 θύμου
1043 1688 1100 1721 τοῦ
1117 1684 1189 1721 ’At-

547 1747 642 1798 ‘'09ss
663 1747 743 1797 γάρ·
769 1764 783 1779 «
804 1748 834 1783 Κ
850 1760 865 1795 ρ
879 1744 1007 1795 επέρη
1021 1758 1060 1786 ος
1081 1744 1190 1780 Καλ-

157 1807 415 1856 πουρνιανὸς
437 1803 851 1854 Πομπηιουπολίτης
874 1800 1190 1852 ξυνέγραψετὸν

157 1754 251 1786 τικοῧ
274 1748 525 1786 ἀποπνέουσαν.

156 1865 348 1913 πόλεμον
378 1866 463 1901 τῶν
483 1865 516 1901 Π
532 1862 748 1914 αρΟυαίων
774 1861 845 1898 καὶ
865 1858 1118 1909 εΡωμαίων,
1139 1860 1191 1900 ὡς

157 1923 438 1971 ἐπολέμησαν
467 1921 574 1973 πρὸς
595 1919 833 1966 ἀλλήλους,
864 1918 1102 1971 ἀρξάμενος
1134 1917 1191 1952 εὐ-

158 1980 226 2023 obe
241 1981 306 2024 ξυν
320 1996 328 2016 ι
340 1996 388 2017 στ
399 1996 419 2017 α
432 1979 509 2029 μέν
522 1994 579 2018 ου.
596 1998 611 2012 n
625 1977 740 2016 Ἵὶστε
753 1978 839 2027 μετά
852 1993 890 2027 γε
902 1975 1062 2021 τοιαύτην
1082 1974 1190 2025 ἀρχὴν

158 2039 190 2075 τί
206 2039 244 2075 ἄν
261 2055 312 2075 σοι
330 2039 370 2075 τὰ
382 2037 487 2074 λοιπὰ
503 2037 655 2087 λέγοιμι,
671 2040 772 2074 ὁποῖα
791 2038 824 2073 ἐν
843 2033 1003 2087 Ἀρμενία
1021 2035 1132 2082 ἓδημη
1136 2032 1192 2083 γό-

161 2112 242 2155 ρησε
261 2112 315 2133 τον
335 2099 544 2147 Κερκυραῖον
559 2094 658 2132 αὐτὸν
675 2094 801 2147 ῥήτορα
822 2091 1155 2144 παραστησάμενος,
1170 2089 1191 2135 ἢ

161 2158 227 2192 οἱον
250 2153 447 2199 Νισιῧηνοῒς
464 2153 582 2202 λοιυον
604 2159 671 2195 τοῖς
693 2152 740 2202 μὴ
761 2151 804 2188 τὰ
821 2150 1007 2198 Ρωμαίων
1030 2147 1194 2199 αιρουμέ-

161 2228 228 2254 νοις
244 2212 355 2260 ἐπήγα
360 2227 396 2261 γε
413 2212 509 2261 παρὰ
525 2211 738 2250 Θουκυδίδου
758 2209 977 2261 χρησάμενος
990 2207 1067 2244 όλον
1086 2206 1193 2257 ἄρδην

162 2270 252 2316 πλὴν
274 2270 375 2319 μόνου
403 2273 461 2307 τοῦ
485 2270 703 2318 Πελασγικοῦ
729 2268 787 2304 καὶ
807 2270 873 2303 τῶν
896 2268 1018 2316 τειχῶν
1040 2267 1106 2302 τῶν
1129 2279 1193 2313 μα-

235 1020 242 1042 :
264 1005 307 1041 τά
326 1019 361 1040 τε
382 1003 493 1048 ἄλλα,
516 1002 575 1039 καὶ
592 1000 637 1038 δι’
654 1000 695 1045 ἣν
717 999 829 1036 αἰτίαν
852 997 1070 1046 ἐπολέμησαν
1094 994 1198 1039 ἀλλή-

811 215 1126 257 SCRIPTORUM
1156 213 1301 254 BELLI
1331 208 1575 249 PARTHICI

1235 299 1339 348 κρῧν,
1361 297 1393 332 ἐν
1411 299 1458 337 οἷς
1477 311 1506 331 οι
1527 292 1601 330 τότε
1623 290 1850 340 λοιμώξαντες
1870 289 2031 341 ὤκησαν,
2050 287 2145 327 Ta
2128 292 2155 326 '0'
2173 289 2216 326 ἄλ
2219 291 2263 328 λα

1235 355 1293 393 καὶ
1305 351 1562 393 ἀπὸΑἰΟιοπίας
1576 349 1715 402 ἤρξατο,
1723 346 1811 384 ὥστε
1823 347 1880 384 καὶ
1899 349 1931 390 ἐς
1943 346 2118 396 Αἴγυπτον
2131 348 2262 394 κατέὸη

1236 429 1294 450 και
1314 414 1345 454 ἐς
1362 410 1423 456 τὴν
1444 408 1609 461 βασιλέως
1625 422 1688 457 γην
1709 406 1771 451 τὴν
1792 405 1938 451 πολλὴν,
1960 404 2019 442 καὶ
2048 406 2082 442 ἐν
2099 405 2210 457 ἐκείνῃ
2227 421 2266 456 γε

1238 470 1299 506 ἔμε
1304 484 1368 506 ινεν
1384 471 1419 504 εὐ
1437 481 1557 503 ποιων.
1576 462 1672 514 Ἐγὼ
1692 478 1770 513 γουν
1787 462 1989 500 θάπτοντα”
1973 477 2022 498 ετι
2037 462 2138 499 αὐτὸν
2159 479 2267 500 κατα-

1239 526 1348 564 λιπὼν
1381 540 1456 567 τους
1486 522 1619 564 ἀθλίους
1654 520 1849 566 Αθηναίους
1890 536 1923 558 εν
1958 520 2081 558 Νισίὸι
2117 522 2270 566 ἀπῆλθον

1240 583 1389 635 ἁκριὲῶς
1410 580 1506 624 εἰδὼς
1530 580 1588 617 καὶ
1608 579 1670 616 ὅσα
1693 579 1896 620 ἀπελθόντος
1916 579 2002 629 ἐρεῖν
2023 577 2158 628 ἔμελλε.
2201 578 2272 617 Καὶ

1240 643 1305 692 γὰρ
1323 637 1365 677 αὖ
1382 639 1440 677 καὶ
1469 642 1568 676 τοῦτο
1601 639 1743 678 ἐπεικῶς
1772 635 1861 673 πολὺ
1887 640 1945 673 νῦν
1974 638 2067 683 ἐστι,
2086 635 2125 673 τὸ
2144 635 2273 674 οἴεσθαι

1240 702 1330 738 τοῦτ’
1354 693 1439 736 εἶναι
1465 702 1533 739 τοῖς
1553 694 1766 734 Θουκυδίδου
1786 694 1922 732 ἐοικότα
1953 694 2076 744 λέγειν,
2103 695 2131 731 εἰ
2161 694 2273 744 ὀλίγον

1240 757 1402 809 ἐντρέψας
1419 754 1462 792 τὰ
1480 755 1582 791 αὐτοῦ
1601 752 1729 790 ἐκείνου
1758 751 1851 802 λέγοι
1868 768 1929 796 τις,
1949 752 1962 802 [
1984 752 2091 802 μικρὰ
2113 754 2273 799 κάκεῖνα,

1242 816 1335 857 ὅπως
1354 829 1412 851 και
1433 811 1533 854 αὐτος
1556 811 1596 848 ἂν
1617 810 1721 863 φαίης
1735 839 1745 857 ,
1766 825 1803 847 ου
1823 809 1863 847 δι’
1887 809 1992 856 αὐτὴν
2012 812 2028 826 *
2046 810 2117 846 ἴδια
2138 810 2168 860 ].
2194 811 2274 848 Κά-

1243 879 1334 911 κεῖνο
1351 871 1466 921 ὀλίγου
1479 872 1546 907 δεῖν
1561 869 1770 920 παρέλιπον·
1789 871 1805 905 ὃ
1824 867 1890 919 γὰρ
1907 883 2006 911 αυτος
2023 871 2118 910 ουτος
2133 883 2196 937 συγ
2198 883 2278 919 γ-ρα

1243 947 1322 983 φευς
1348 927 1461 967 πολλὰ
1480 928 1537 965 καὶ
1563 943 1630 964 των
1651 926 1764 963 όπλων
1797 925 1856 962 καὶ
1891 928 1960 962 τῶν
1996 925 2276 976 μηχανημάτων,

1244 991 1291 1030 ὡς
1333 987 1504 1034 Ῥωμαῖοι
1544 984 1632 1022 αυτὰ
1670 983 1912 1033 ὀνομάζουσιν,
1948 982 2053 1026 οὕτως
2090 983 2279 1036 ἀνέγραψε,

1244 1061 1302 1082 και
1330 1043 1458 1095 τάφρον
1483 1045 1528 1085 ὡς
1562 1043 1683 1079 εκεῖνοι
1713 1041 1772 1078 καὶ
1796 1057 1833 1091 γε
1836 1056 1943 1093 φυραν
1971 1041 2031 1078 καὶ
2058 1040 2101 1077 τὰ
2124 1045 2278 1080 τοιαῦτα.

1248 1102 1318 1142 Καί
1349 1118 1406 1152 μοι
1434 1100 1592 1146 ἐννόησον
1611 1099 1729 1145 ἡλίκον
1751 1099 1788 1136 τὸ
1809 1099 1943 1148 ἀξίωμα
1963 1101 2023 1143 τ’ἧς
2050 1099 2202 1150 ἱστορίας
2221 1103 2280 1136 καὶ

1248 1163 1291 1204 ὡς
1320 1159 1516 1209 Θουκυδίδῃ
1545 1158 1689 1209 πρέπον,
1717 1156 1843 1206 μεταξὺ
1872 1159 1940 1193 τῶν
1971 1156 2132 1195 Ἀττικῶν
2157 1158 2281 1207 ὀνομά-

1246 1236 1311 1256 των
1334 1219 1375 1255 τὰ
1397 1218 1617 1256 Ἰταλιωτικὰ
1639 1219 1747 1253 ταῦτα
1767 1217 1962 1265 ἐγκεῖσθαι,
1986 1214 2104 1265 ὥσπερ
2121 1215 2182 1260 τὴν
2205 1231 2284 1268 πορ-

1248 1277 1355 1329 φύραν
1374 1277 1627 1323 ἐπικοσμοῦντα
1648 1273 1706 1310 καὶ
1733 1272 1955 1325 ἐμπρέποντα
1973 1272 2032 1309 καὶ
2052 1273 2188 1315 πάντως
2209 1289 2280 1310 συν-

1251 1335 1389 1387 ᾄδοντα.

1306 1392 1504 1443 Κρέπερῃος
1519 1392 1594 1429 κτλ,
1618 1390 1630 1439 ]
1646 1391 1814 1438 Thucyd.
1833 1392 1915 1427 init.
1935 1404 1943 1426 :
1960 1389 2173 1434 Θουκυδίδης
2191 1389 2286 1435 Ἀθη-

1250 1456 1340 1494 ναῖος
1360 1449 1548 1501 ξυνέγραψε
1567 1448 1623 1486 τὸν
1641 1448 1793 1497 πόλεμον
1811 1447 2096 1493 Πελοποννησίων
2117 1448 2175 1484 καὶ
2187 1448 2286 1493 Ἀθη-

1251 1509 1370 1557 ναίων,
1387 1510 1432 1550 ὡς
1446 1507 1667 1555 ἐπολέμησαν
1685 1506 1766 1556 πρὸς
1787 1504 1972 1551 ἀλλήλους,
1988 1504 2173 1555 ἀρξάμενος
2190 1504 2287 1548 εὐθὺς

1233 1565 1515 1614 καθισταμένου.
1536 1568 1825 1613 Pompeiopolis,
1845 1566 2036 1613 scriptoris
2051 1566 2180 1612 patria,
2195 1578 2286 1600 num

1252 1625 1496 1673 Cappadociae
1514 1625 1625 1659 fuerit
1638 1625 1728 1658 urbs
1747 1636 1793 1658 an
1812 1624 1925 1658 altera
1943 1623 2104 1668 ejusdem
2126 1625 2288 1659 nominis

1253 1685 1291 1717 in
1307 1684 1434 1719 Cilicia
1462 1682 1565 1717 haud
1590 1682 1721 1728 liquet.
1758 1701 1807 1708 -—
1843 1678 1913 1716 Τὸν
1941 1681 2155 1729 Κορκυραῖον
2184 1679 2285 1716 αὐτὸν

1253 1741 1329 1777 κτλ.
1353 1744 1363 1784 ]
1385 1758 1399 1771 α
1417 1740 1551 1775 lisdem
1572 1739 1648 1774 fere
1670 1740 1808 1782 verbis,
1827 1738 1963 1785 quibus
1983 1738 2084 1785 apud
2100 1739 2286 1786 Thucydi·

1254 1805 1339 1839 dem
1358 1805 1387 1847 Ι,
1414 1804 1460 1838 32
1476 1816 1575 1850 sqq.‚
1592 1803 1877 1849 Corcyraeorum
1896 1808 2024 1836 orator
2042 1802 2089 1836 ad
2103 1803 2286 1848 populum

1255 1862 1513 1897 Atheniensem
1529 1861 1658 1904 utitur,
1675 1860 1780 1894 illum
1794 1860 1833 1894 in
1847 1859 2024 1895 Armenia
2041 1860 2287 1894 concionato-

1255 1932 1332 1954 rem
1348 1918 1535 1965 quendam
1553 1917 1791 1952 disserentem
1809 1923 2061 1951 commentum
2078 1929 2152 1952 esse
2167 1917 2227 1953 ait.
2244 1918 2292 1952 Et

1257 1979 1395 2013 Sorano
1417 1974 1571 2023 quidem
1591 1977 1808 2009 Armeniam
1827 1981 2013 2009 oratorem
2028 1974 2176 2010 videtur
2193 1974 2290 2008 indi-

1258 2048 1361 2079 care,
1388 2035 1452 2080 qui
1473 2046 1493 2069 a
1513 2033 1690 2070 Romanis
1703 2032 1882 2068 auxilium
1900 2032 2030 2067 iisdem
2047 2033 2168 2068 verbis
2183 2039 2291 2079 pete-

1258 2101 1335 2137 ret,
1359 2093 1494 2139 quibus
1511 2092 1695 2137 Coreyraei
1715 2103 1777 2137 ap.
1795 2091 1912 2127 Thuc.
1940 2090 1985 2125 ab
2007 2090 2292 2125 Atheniensibus

1257 2157 1403 2198 petunt.
1439 2149 1625 2196 Equidem
1666 2148 1881 2183 Parthicum
1912 2148 2038 2194 potius
2069 2147 2293 2182 crediderim

1259 2215 1468 2250 oratorem,
1489 2207 1555 2253 qui
1588 2206 1760 2253 regulum
1788 2205 1995 2241 Armenum
2023 2204 2152 2241 iisdem
2173 2204 2294 2239 verbis

1259 2265 1305 2300 ad
1323 2265 1444 2299 foedus
1459 2263 1663 2298 ineundum
1688 2263 1923 2306 sollicitaret,
1944 2269 2074 2297 eontra
2093 2262 2140 2297 ad
2161 2262 2294 2297 Corin--

164 2380 248 2411 bello
272 2381 304 2410 vt
327 2380 429 2419 ipsum
445 2388 668 2418 oppressurum
686 2391 692 2409 ι
710 2380 805 2417 atque
828 2377 997 2416 incipiebat
1020 2376 1081 2406 lioc
1101 2375 1195 2405 modo

166 2431 327 2461 historiam
355 2443 361 2460 z
380 2443 393 2456 α
416 2432 668 2469 lmpure'ssimus
686 2431 777 2460 enim
793 2429 852 2459 ille
869 2429 900 2458 ec
913 2429 1069 2466 pessimis
1085 2434 1196 2457 exem-

165 2483 230 2521 plis
242 2483 421 2521 pei-illuns
447 2481 619 2520 Voloqesus
641 2480 768 2511 bellare
784 2480 883 2518 coeptc
899 2479 1042 2518 propter
1055 2485 1198 2508 causam

165 2532 340 2571 ejusmodi.
359 2545 371 2559 »

169 2619 359 2656 Cssliplssli
369 2618 479 2656 EIUS
522 2616 912 2655 CALPURNIANUS
950 2615 1197 2654 ΡΟΜΡΕΙΟ-

537 2680 599 2716 ΡΟ
608 2679 831 2717 LITANUS.

666 2767 699 2797 2.

216 2840 272 2870 llic
286 2839 411 2878 quidem
431 2838 516 2868 talia.
542 2839 627 2869 Alius
650 2847 723 2869 vero
742 2837 933 2878 Thucydidis
954 2839 1090 2871 aemulus
1108 2839 1199 2869 abso-

174 2892 345 2923 lutissimus
360 2891 477 2921 scilieet
499 2892 529 2921 et
553 2892 786 2930 quamrmiximc
800 2891 838 2921 ad
853 2891 1013 2930 archetypi
1028 2891 1075 2921 sui
1093 2891 1201 2921 simili-

175 2943 315 2974 tudinem
337 2943 546 2980 compositus,
570 2942 692 2972 initium
719 2942 825 2973 itidem
847 2944 882 2973 ut
903 2942 984 2972 illea
1003 2951 1060 2972 suo
1076 2943 1203 2972 nomine

177 2995 248 3025 l'eeit
262 3017 269 3030 ,
285 2993 548 3031 elegantissimum
563 2993 704 3023 omnium
716 2994 896 3030 exordium,
915 2996 946 3024 et
959 2993 1040 3032 quod
1057 2993 1202 3032 thymum

178 3045 316 3076 Atticum
329 3043 479 3073 redoleat.
495 3045 574 3073 livre
587 3044 668 3073 enim
682 3054 687 3073 ;
703 3057 715 3069 «
733 3047 929 3084 Crepereius
944 3046 1202 3084 Calpurnmnus

178 3094 510 3134 Ponrpeiopolitanus
530 3094 708 3134 descripsi(
726 3095 851 3126 bellum
870 3096 1077 3127 I’arllwrum
1094 3099 1127 3127 et
1145 3099 1204 3127 Ilo-

178 3155 376 3180 manorum,
403 3147 441 3176 ue
466 3147 553 3175 iulet·
575 3154 608 3174 se
630 3150 850 3185 puqmrrmz!;
878 3149 975 3177 lnile'o
992 3148 1092 3186 ¹sacto
1110 3149 1204 3179 abeo

181 3201 345 3236 tempore,
367 3205 431 3235 quo
459 3196 646 3235 ecunacum
669 3199 728 3226 est.
766 3210 778 3223 ι»
807 3200 841 3227 lit
861 3200 928 3236 post
953 3200 1014 3229 tale
1039 3201 1203 3231 exordium

180 3248 255 3288 quid
275 3247 393 3285 reliqua
408 3246 462 3276 tilii
479 3246 598 3284 dimin,
619 3248 725 3285 quales
743 3248 771 3277 iu
794 3250 937 3278 Armenia
964 3251 1129 3281 conciones
1150 3252 1204 3282 lia-

182 3299 301 3337 buerit,
317 3298 346 3327 iu
362 3298 463 3327 medio
478 3298 629 3337 producto
644 3298 709 3337 ipso
730 3299 781 3328 illo
802 3301 1039 3338 Corcyraeorum
1062 3304 1185 3333 oratore
1196 3328 1204 3342 ,

184 3350 236 3381 <rut
253 3349 376 3389 qualem
394 3349 563 3387 Nisibenis,
579 3349 661 3388 quod
679 3351 833 3380 Romanas
847 3352 949 3389 parim·
966 3360 1026 3382 non
1047 3354 1147 3384 essent
1161 3362 1203 3385 se-

1225 2405 1229 2414 ,
1258 2373 1341 2412 cuti,
1366 2373 1576 2413 pestilentiam
1600 2372 1782 2410 immiserit,
1805 2373 1965 2411 sumptam
1990 2373 2103 2402 mutuo
2128 2371 2294 2402 confertim

1258 2426 1358 2454 totam
1378 2432 1396 2454 a
1412 2423 1598 2462 'thucydide
1610 2447 1618 2461 ‚
1633 2424 1767 2462 excepto
1789 2423 1856 2453 solo
1878 2422 2035 2460 Pelasgico
2049 2424 2081 2453 et
2094 2422 2193 2461 longis
2215 2430 2294 2452 mm·

1259 2475 1351 2505 uibus
1364 2499 1371 2513 ,
1386 2475 1416 2505 in
1431 2474 1548 2513 quibus
1561 2474 1740 2504 habitur-aut
1756 2474 1826 2503 tum
1841 2473 2016 2512 pestilentia
2031 2472 2187 2512 correpti?
2202 2475 2293 2504 Cete-

1261 2536 1330 2557 rum
1350 2529 1382 2558 et
1404 2527 1468 2566 ipsa
1486 2527 1644 2565 inceperat
1663 2526 1702 2556 ab
1715 2525 1891 2564 AEtfflopia,
1908 2525 1955 2556 ita
1969 2527 2005 2556 ut
2020 2524 2133 2556 deinde
2146 2524 2177 2556 in
2199 2526 2294 2565 AEgy-

1260 2580 1348 2617 ptum
1370 2577 1594 2615 descenderet,
1609 2577 1686 2607 etin
1704 2576 1784 2615 regis
1806 2577 1905 2606 terras
1927 2575 2095 2615 plurimas,
2121 2577 2153 2607 et
2175 2575 2294 2607 bonum

1261 2630 1399 2668 sactum,
1421 2629 1505 2668 quod
1532 2629 1562 2659 in
1581 2629 1640 2659 illis
1655 2628 1779 2660 mansit.
1802 2628 1957 2667 Equidem
1979 2628 2183 2668 sepelientem
2205 2628 2294 2659 illum

1261 2681 1292 2711 iu
1318 2680 1414 2712 Nisibi
1441 2680 1571 2710 miseros
1597 2680 1801 2711 Athenienses
1825 2679 2003 2718 relinquens
2033 2679 2177 2718 discessi,
2196 2687 2294 2719 quum

1261 2732 1409 2762 accurrite
1426 2739 1561 2768 nossem,
1576 2739 1647 2769 quac
1661 2730 1757 2761 etiam
1772 2731 1842 2770 post
1851 2738 1957 2761 meum
1971 2730 2142 2761 discessum
2156 2730 2296 2762 dicturus
2336 2743 2338 2747 ¹

1261 2785 1351 2813 esset.
1371 2785 1449 2813 Nam
1470 2790 1578 2812 rursus
1597 2782 1657 2812 lioc
1678 2781 1772 2812 ctiam
1793 2780 1884 2811 valde
1900 2780 2046 2820 frequens
2069 2789 2154 2812 nunc
2176 2783 2243 2820 est,
2261 2783 2297 2812 ut

1263 2834 1373 2872 putent
1388 2833 1447 2863 lroc
1470 2841 1535 2863 esse
1552 2831 1764 2871 'l'lmcydideis
1783 2831 1894 2862 similia
1916 2831 2037 2870 dicere,
2060 2831 2084 2862 si
2101 2832 2170 2871 quis
2192 2831 2297 2871 paucis

1262 2883 1437 2914 immutatis
1454 2883 1518 2922 ipsa
1533 2883 1616 2914 illius
1630 2882 1726 2913 verba
1739 2882 1877 2922 proferat
1894 2881 2034 2922 [minuta
2051 2884 2082 2913 et
2098 2882 2168 2920 illa,
2183 2884 2218 2913 ut
2232 2882 2297 2922 ipse

1262 2944 1391 2975 quoque
1406 2935 1523 2965 dixeris
1535 2958 1543 2973 ‚
1561 2943 1635 2965 nou.

1262 2990 1443 3019 omitterem
1463 2997 1470 3018 z
1488 2988 1571 3018 idem
1588 2988 1671 3019 euim
1691 2988 1741 3018 liic
1755 2988 1890 3027 scriptor
1907 2988 2006 3018 multa
2024 2988 2119 3018 etiam
2135 2995 2298 3018 armorum

1264 3044 1295 3073 et
1318 3043 1537 3073 machinarum
1561 3050 1696 3081 genera,
1722 3043 1759 3073 ut
1776 3041 1907 3073 Romani
1924 3042 1977 3071 illa
2001 3040 2182 3079 nominant,
2206 3040 2249 3071 ita
2265 3040 2298 3071 in

1264 3094 1414 3133 scriplum
1431 3095 1558 3132 retulit,
1576 3095 1689 3125 fossam
1705 3096 1739 3125 ut
1753 3094 1816 3132 illi,
1833 3096 1864 3124 et
1884 3094 2011 3133 pontem
2034 3095 2065 3124 et
2078 3092 2189 3123 similia
2202 3092 2297 3123 latine

1264 3145 1388 3184 dicens,
1406 3154 1468 3176 non
1485 3154 1596 3184 graece.
1617 3146 1656 3175 Et
1671 3144 1774 3184 cogita
1797 3144 1892 3181 mihi,
1907 3152 1979 3183 quac
1998 3143 2037 3174 sit
2057 3143 2194 3174 liistorioe
2217 3143 2298 3174 illius

1265 3195 1398 3233 dignitas
1410 3220 1418 3234 ,
1434 3197 1465 3228 et
1477 3204 1574 3235 quam
1590 3195 1700 3226 deceat
1712 3194 1927 3235 Thucydidem
1942 3218 1950 3232 ,
1962 3194 2043 3225 inter
2054 3193 2157 3225 Attica
2172 3193 2298 3225 nomina

1267 3248 1372 3278 italica
1387 3248 1445 3279 ista
1460 3247 1642 3287 interposita
1659 3257 1726 3279 esse
1739 3270 1747 3286 ,
1773 3256 1845 3287 quee
1859 3247 2022 3286 praetextae
2042 3246 2138 3276 instar
2151 3253 2299 3285 purpura)

1265 3300 1411 3329 ornatum
1436 3298 1552 3330 addant
1577 3301 1607 3330 et
1634 3299 1748 3337 decus,
1775 3298 1967 3337 omninoque
1993 3305 2064 3327 cum
2085 3297 2144 3328 illis
2166 3304 2298 3330 consen-

1266 3350 1355 3383 tiant.

1643 2958 1663 2966 ..
1684 2934 1842 2975 propria}
1862 2934 1943 2966 lllud
1961 2942 2071 2973 parum
2090 2934 2199 2965 aberat
2219 2933 2296 2973 quin
2337 2945 2338 2957 ι
