2289 3728
662 154 989 191 Ascmsst’tADtS
1029 154 1292 191 MYntAEANt
1329 156 1651 195 FRAGMENTA.

95 244 183 290 498,
205 244 253 289 1⁴¹3
272 242 365 285 503,
389 244 428 276 1⁴3.
461 243 510 275 Ex
532 241 739 287 eodemque
760 254 873 288 opere
892 242 1003 288 petita
1035 248 1116 275 sunt

91 313 171 348 quae
186 302 357 347 leguntur
370 313 408 346 p.
427 303 513 344 474,
528 301 568 342 Β,
583 299 629 333 dc
641 299 825 333 cart-lutrio
840 300 976 345 poculo
994 298 1115 346 (quod

91 356 186 393 idem
205 358 315 392 habet
333 357 495 393 Macrob.
513 358 587 392 Sat.
605 359 652 400 V,
669 369 711 390 21
726 356 735 403 )
749 383 758 400 ‚
784 364 819 391 ct
838 369 877 403 p.
897 356 985 400 501‚
1004 358 1050 399 B,
1070 356 1115 390 de

86 416 226 462 phiale.
262 415 477 450 Laudamur
514 415 549 448 in
580 414 635 448 his
663 414 709 448 ab
739 414 955 460 Asclepiade
988 415 1116 449 Crates

87 475 357 520 grannnaticus,
375 485 413 518 p.
433 476 520 518 490,
538 472 565 505 Ε
576 498 585 514 ,
606 472 800 517 Diomwius
818 473 850 505 T
847 471 956 516 leram,
971 484 1009 518 p.
1030 476 1116 518 492,

89 533 118 565 A
133 557 141 573 ‚
158 529 416 564 Promatltidas
435 529 612 575 Dionysio
625 528 753 573 junior
771 541 810 576 p.
832 528 922 576 489,
938 534 981 565 A.
1007 530 1115 564 Unde

87 594 140 623 sat
156 588 270 634 liquet
287 594 477 622 auctorem
493 586 660 633 Pompeji
676 586 826 622 demum
842 595 877 622 et
891 588 1114 634 subsequen-

88 645 184 680 tibus
209 646 436 692 temporibus
458 646 602 682 vixisse.
632 666 683 672 —-
704 646 868 680 Eandem
889 653 1030 681 aetatem
1051 659 1113 681 ar-

86 705 166 751 guit
198 716 292 750 opus
316 701 426 752 Περὶ
451 704 781 751 γραμματικῆς,
811 704 849 737 111
875 716 948 750 quo
969 705 1114 750 Diony—

86 763 179 796 sium
213 760 392 796 Thracem
423 761 687 807 reprehensum
710 774 783 796 esse
806 768 956 796 testatur
986 763 1115 797 Sextus

87 819 292 866 Empiricus
310 830 346 866 p.
367 819 456 865 231,
474 819 494 866 §
513 831 559 863 72
585 831 592 853 :
619 817 873 863 Ἀσκληπιάδης
888 817 999 855 τοίνυν
1021 817 1111 867 με’μ-

88 889 189 925 φεται
211 874 267 911 τὸν
290 876 416 926 Θρᾷκα
447 875 636 921 Διονύσιον,
672 875 851 927 ἐμπειρίαν
881 875 1024 925 λέγοντα
1052 875 1112 921 τὴν

84 932 342 982 γραμματικήν.
361 934 464 969 Idem
481 947 518 980 p.
536 935 626 981 269,
645 935 665 982 §
684 934 756 970 252
781 948 789 969 τ
810 933 1062 979 Ἀσκληπιάδης
1081 937 1113 970 ἐν

83 992 132 1040 τῷ
167 990 283 1041 Περὶ
317 993 639 1041 γραμματικῆς
674 991 750 1042 τρία
792 991 908 1043 φήσας
945 985 1031 1027 εἶναι
1070 991 1112 1028 τὰ

84 1049 205 1097 πρῶτα
218 1051 278 1093 τῆς
296 1051 538 1098 γραμματικῆς
559 1048 645 1099 μέρη
665 1050 741 1087 κτλ.
760 1051 814 1088 Cf.
836 1051 934 1085 idem
951 1064 988 1097 p.
1015 1050 1088 1086 225
1102 1079 1110 1093 ‚

84 1106 105 1153 §
129 1111 189 1152 47,
212 1114 247 1142 et
260 1108 405 1154 passim.
434 1109 602 1154 Denique
629 1109 700 1143 huc
724 1109 831 1143 traho
851 1121 932 1155 quae
953 1121 996 1143 ex
1017 1111 1110 1144 Asel.

83 1166 292 1212 Snpwmeo,
313 1167 366 1200 uti
386 1166 473 1200 libri
493 1166 652 1209 habent,
667 1166 875 1201 afferuntur
895 1166 996 1213 apud
1016 1168 1112 1201 Bek-

85 1222 164 1259 ker.
182 1223 324 1258 Anecd.
342 1236 378 1270 p.
401 1223 489 1268 784,
511 1223 531 1257 8
555 1236 563 1257 :
586 1221 653 1258 Διὰ
668 1226 768 1259 τοῦτο
792 1221 899 1259 δὲκαὶ
916 1224 978 1259 οὐκ
999 1222 1112 1265 ἄλλοις

83 1283 301 1330 χαρακτῆρσι
320 1278 484 1331 χρώμεθα
505 1281 571 1316 τῶν
592 1278 790 1329 στοιχείων,
811 1279 899 1317 ἀλλὰ
917 1285 984 1322 τοῖς
1005 1280 1108 1317 Ἰωνι-

82 1339 170 1384 κοῖς,
187 1339 232 1379 ὡς
265 1337 326 1386 μὲν
356 1336 611 1382 Ἀσκληπιάδης
632 1339 649 1373 ὁ
676 1339 864 1387 Σμυρναῖος
885 1340 983 1388 (lege
1012 1340 1109 1388 Μυρ-

82 1396 218 1444 λεανὸς)
239 1395 343 1445 λέγει,
366 1394 421 1431 διὰ
438 1394 475 1432 τὸ
493 1394 618 1437 κάλλος
634 1394 692 1432 καὶ
706 1395 757 1432 ὅτι
776 1397 921 1433 πλεῖστα
938 1398 1006 1433 τῶν
1028 1412 1108 1445 συγ·

81 1451 297 1502 γραμμάτων
320 1452 450 1495 τούτοις
476 1452 668 1503 ἐγέγραπτο
699 1458 768 1495 τοῖς
789 1456 1046 1504 χαρακτῆρσιν·
1067 1456 1111 1495 ὡς

81 1509 117 1547 δὲ
137 1510 306 1561 Διόδωρος
327 1510 384 1548 καὶ
403 1509 526 1548 Ἀπίων
539 1512 572 1548 ἐν
587 1512 635 1562 τῷ
652 1510 739 1561 Περὶ
755 1513 822 1547 τῶν
843 1511 1038 1561 στοιχείων,
1059 1511 1109 1548 ὅτι

79 1569 236 1606 πλεῖστοι
255 1573 461 1620 συγγραφεῖς
481 1567 539 1605 καὶ
574 1570 604 1606 οἱ
637 1568 779 1614 ποιηταὶ
807 1568 874 1605 ἀπὸ
894 1572 953 1615 τῆς
977 1569 1110 1611 Ἰωνίας

81 1625 208 1669 τούτοις
223 1631 292 1669 τοῖς
307 1625 423 1668 τύποις
443 1626 648 1677 ἐχρήσαντο.
665 1650 715 1654 ——
729 1629 938 1674 Diversum,
963 1630 1108 1676 opinor,

81 1687 126 1721 ab
146 1687 201 1720 his
214 1686 280 1720 fuit
295 1699 387 1733 opus
406 1684 490 1735 Περὶ
510 1700 620 1735 γραμ
633 1702 656 1731 μ
669 1687 840 1731 ατικῶν,
859 1687 1106 1732 cujuslibrum

81 1745 318 1780 undecimum
330 1745 454 1779 laudat
465 1753 594 1779 auctor
605 1746 693 1781 Vitae
706 1746 804 1780 Arati
815 1758 854 1792 p.
873 1744 919 1780 53
933 1746 970 1779 in
983 1747 1107 1793 Biogr.

81 1804 275 1838 VVesterm.
299 1814 307 1835 :
328 1799 582 1845 Ἀσκληπιάδης
616 1801 644 1836 δ’
669 1802 685 1836 ὁ
708 1800 906 1850 Μυρλεανὸς
924 1803 957 1837 ἐν
988 1803 1037 1852 τῷ
1061 1802 1105 1837 ια’

84 1857 169 1907 Περὶ
184 1859 436 1908 γραμματικῶν
457 1855 598 1907 Ταρσέα
614 1857 716 1906 φησὶν
737 1858 838 1894 αὐτὸν
857 1855 1040 1908 (Ἄρατον)
1057 1874 1109 1907 γε-

80 1916 225 1963 γονέναι,
238 1917 273 1951 οὐ
287 1914 412 1952 Σολέα.
426 1917 537 1951 Liber
548 1924 667 1951 sextus
679 1918 811 1951 citatur
822 1917 921 1963 apud
933 1918 1082 1952 Suidam
1097 1931 1104 1952 :

81 1972 239 2024 Ὀρφεὺς,
257 1972 508 2023 Κροτωνιάτης,
525 1972 696 2021 ἐποποιὸς,
711 1972 745 2010 ὃν
771 1973 1011 2024 Πεισιστράτῳ
1029 1989 1106 2010 συν-

80 2036 167 2067 εἷναι
197 2033 244 2082 τῷ
271 2030 422 2082 τυράννῳ
446 2030 700 2076 Ἀσκληπιάδης
733 2030 834 2081 φησὶν
864 2032 897 2067 ἐν
918 2033 967 2082 τῷ
990 2031 1023 2073 ς’
1058 2035 1107 2082 βι-

80 2088 166 2140 6λίῳ
187 2090 253 2125 τῶν
274 2090 547 2138 Γραμματικῶν.
576 2088 810 2139 Δεκαετηρίδα
824 2118 832 2133 ,
864 2088 1106 2139 Ἀργοναυτικὰ

79 2146 137 2183 καὶ
153 2146 241 2183 ἄλλα
258 2143 346 2182 τινά.
373 2148 438 2182 His
457 2147 553 2181 adde
568 2160 648 2193 q'uae
678 2148 776 2182 idem
797 2148 926 2183 Suidas
942 2161 978 2184 v.
1001 2144 1110 2183 Πολέ.

80 2220 175 2252 μων,
202 2206 248 2240 (16
274 2206 473 2240 Polemone
498 2205 698 2239 Aristarchi
727 2207 955 2253 grammatici
976 2208 1106 2252 aequali

79 2276 124 2298 ex
136 2264 282 2310 Asclep.
298 2263 487 2309 Myrleano
503 2262 609 2297 affert
624 2262 678 2309 (ν.
693 2264 873 2298 Polemon
888 2264 933 2300 fr.
949 2277 986 2310 p.
1007 2264 1102 2310 108).

79 2320 288 2356 Referenda
301 2319 349 2354 ad
363 2319 461 2354 idem
483 2332 576 2365 opus
594 2320 710 2354 videri
732 2322 871 2366 possint
886 2322 1105 2368 quaelegun-

79 2383 139 2412 tur
155 2389 214 2424 ap.
233 2377 438 2412 Marcellin.
453 2378 526 2411 vit.
541 2377 742 2425 Thucyd.§
762 2380 808 2422 57
831 2391 838 2412 :
858 2376 984 2414 Ἰστέον
1004 2377 1030 2414 δ’
1055 2378 1105 2414 ὅτι

78 2433 140 2478 τὴν
157 2432 399 2483 πραγματείαν
420 2433 524 2469 αὐτοῦ
554 2434 583 2469 οἱ
606 2432 667 2481 μὲν
684 2434 869 2483 κατένεμον
888 2436 932 2476 εἰς
955 2434 996 2484 ιγ’
1012 2437 1103 2472 ἱστο-

79 2490 169 2541 ρίας,
188 2490 286 2528 ἄλλοι
306 2489 341 2527 δὲ
370 2489 500 2532 ἄλλως·
523 2489 616 2539 ὅμως
635 2491 663 2527 δ’
679 2494 701 2537 ἡ
719 2491 863 2537 πλείστη
884 2492 942 2529 καὶ
967 2495 988 2537 ἡ
1009 2493 1102 2539 κοινὴ

77 2549 266 2599 κεκράτηκε
280 2578 290 2597 ,
307 2548 408 2599 μέχρι
422 2550 488 2584 τῶν
508 2549 542 2593 η’
563 2549 743 2600 διῃρῆσθαι
761 2550 821 2595 τὴν
841 2550 1102 2601 πραγματείαν,

76 2610 120 2647 ὡς
139 2606 198 2642 καὶ
216 2605 385 2655 ἐπέκρινεν
403 2608 420 2642 ὃ
437 2605 691 2652 Ἀσκληπιάδης
709 2609 717 2657 (
732 2607 927 2649 Ἀσκλέπιος
947 2610 1059 2644 codd.
1074 2617 1099 2656 ).

77 2668 212 2700 Verum
238 2666 313 2699 haec
328 2678 372 2700 ex
392 2665 673 2701 Commentariis
689 2671 726 2700 in
750 2669 782 2701 Τ
778 2667 970 2712 lutcytlidis
990 2668 1100 2703 histo·

77 2727 153 2756 rias
189 2723 411 2769 deprompta
450 2735 523 2757 esse
564 2725 731 2771 coarguit
775 2725 888 2759 schol.
934 2726 1100 2772 Thueyd

78 2781 148 2823 VI,
180 2779 226 2815 56
251 2791 259 2815 2
284 2778 676 2828 ἐπιδημιουργοὺς]
703 2779 746 2817 ‘O
769 2779 1022 2826 Ἀσκληπιάδης
1041 2781 1101 2826 τὴν

79 2836 144 2874 ε’πί
170 2836 327 2888 πρόθεσιν
356 2834 517 2886 περιττὴν
547 2830 632 2873 εἶναι
662 2837 767 2887 λέγει.
805 2840 906 2886 Opus
938 2853 1024 2874 1111111
1056 2841 1102 2875 ad

77 2897 259 2931 seniorem
288 2908 333 2930 an
364 2895 412 2930 ad
436 2895 624 2941 juniorem
654 2898 904 2943 Asclepiadem
935 2897 1101 2932 reseren—

79 2954 168 2988 dum
186 2955 250 2997 sit,
277 2954 468 2989 nescimus.
490 2955 545 2987 De
574 2954 686 2988 Attali
706 2961 742 2987 et
774 2956 946 2989 Eumenis
971 2957 1099 3001 aequali

78 3013 214 3058 cogitat
231 3013 390 3057 Kriiger.
412 3012 531 3045 Leben
546 3012 583 3046 d.
607 3011 765 3056 Thucyd.
788 3025 828 3058 p.
849 3012 910 3046 83.
934 3033 983 3039 ——·
999 3014 1099 3048 1³1·ae-

79 3077 176 3103 terea
204 3076 433 3103 memoratur
453 3069 469 3102 ὃ
488 3066 685 3115 Μυρλεανὸς
705 3067 820 3106 Ἀσκλ.
845 3069 878 3104 ἐν
902 3071 969 3110 τοῖς
992 3071 1023 3106 Π
1038 3069 1101 3120 ερὶ

78 3125 297 3176 Κρατίνου
310 3153 319 3170 ,
340 3127 378 3161 111
403 3127 683 3162 Commentariis
704 3128 756 3161 acl
775 3128 976 3169 Cratistum,
1002 3129 1101 3173 apud

79 3185 295 3219 Athenaeum
314 3186 389 3228 XI,
412 3197 450 3231 p.
475 3185 543 3218 501
559 3211 567 3227 ‚
588 3186 614 3218 E
627 3212 635 3227 ‚
655 3185 718 3230 qui
736 3197 849 3230 quum
867 3197 933 3231 per
957 3186 1098 3220 easdem

78 3243 229 3289 paginas
262 3242 308 3276 de
337 3242 560 3288 Asclepiadis
581 3241 739 3286 junioris
761 3243 896 3289 scripto
930 3241 1014 3291 Περὶ
1043 3244 1101 3286 τῆς

80 3297 280 3347 Νεστορίδος
297 3306 398 3345 agat,
412 3299 509 3333 haud
526 3299 638 3334 dubie
653 3300 788 3334 Cratini
803 3300 1041 3346 interpretem
1057 3301 1101 3334 al)

2122 169 2167 198 29
2175 168 2195 199 {J

1178 253 1222 274 eo
1238 241 1494 277 distincturum
1512 245 1616 278 fuisse
1638 245 1838 291 videbitur,
1857 247 1881 279 si
1904 247 2201 295 distinguendum

1178 310 1251 332 esse
1269 300 1493 336 credidisset.
1514 305 1681 337 Attamen
1705 304 1794 337 nihil
1821 304 1876 337 his
1900 304 2097 339 dirimitur.
2125 307 2202 340 Imo

1177 356 1409 400 probabilius
1432 365 1482 391 est
1511 359 1556 392 ad
1578 361 1824 405 antiquiorem
1847 362 2097 407 Asclepiaden}
2129 364 2202 397 hae(-

1178 413 1370 447 rcferenda
1391 427 1474 449 esse.
1506 417 1670 451 Eundem
1704 419 1739 451 in
1771 421 1865 452 alim·
1895 423 2047 453 comicos
2072 428 2200 466 poetas

1177 473 1460 506 connnentarios
1486 475 1664 520 scripsisse
1693 478 1880 523 colligitur
1914 490 1958 511 cx
1988 480 2168 524 Hesychio
2193 492 2200 514 z

1179 527 1550 578 Κολακοφοροκλείδης,
1573 528 1808 579 Ἱεροκλείδης,
1831 532 1867 568 ὃν
1898 533 1953 569 ἐπὶ
1977 534 2120 585 πονηρία
2133 550 2200 571 κω-

1178 582 1360 632 μῳδοῦσιν,
1379 582 1580 635 εἝρμιππος
1601 586 1660 633 μὲν
1674 589 1707 623 ἐν
1734 588 1907 640 Κέρκωψι,
1925 590 2096 642 Φρύνιχος
2117 592 2151 628 δὲ
2169 594 2202 628 ἐν

1180 641 1405 688 Κωμασταῖς.
1445 641 1488 679 Ὁ
1522 642 1556 678 δὲ
1590 643 1842 692 Ἀσκληπιάδης
1877 647 2082 697 Κλεώνυμον
2116 644 2201 686 εἶναι

1176 697 1360 743 ὑπέλαὸεν,
1389 699 1465 736 οὐδὲ
1493 699 1532 737 τὸ
1563 700 1691 738 τέλειον
1719 706 1779 739 τοῦ
1808 703 1971 751 ὀνόματος
2002 706 2199 752 ἐπιστήσας.

1176 759 1253 792 Prae
1268 759 1398 793 ceteris
1420 772 1510 794 vcro
1531 761 1702 795 novimus
1731 762 1807 807 ejus
1844 765 2130 800 Commentarios
2164 771 2202 800 in

1176 817 1482 864 Aristophanem,
1514 831 1607 865 quos
1627 819 1790 854 indicant
1807 822 1921 856 schol.
1945 824 1982 856 in
2011 826 2199 871 Aristoph.

1175 875 1269 910 Rau.
1293 888 1403 920 1270.
1431 876 1541 920 1276.
1565 876 1675 910 1331.
1704 878 1796 919 1344
1813 892 1822 921 3
1841 881 1906 916 Αν,
1925 880 2011 921 348.
2035 880 2121 926 567,
2138 883 2200 916 uhi

1174 934 1387 981 simpliciter
1406 935 1578 969 laudatur
1596 932 1870 982 Ἀσκληπιάδης,
1899 939 1936 971 111
1960 940 2073 976 schol.
2093 942 2199 976 Arist.

1175 992 1273 1028 Nub.
1317 992 1376 1037 37,
1412 992 1458 1027 de
1483 991 1749 1039 significatione
1778 996 1878 1029 vocis
1908 994 2099 1045 δήμαρχος,
2121 1006 2201 1045 post

1174 1050 1409 1084 Aristotelem
1448 1051 1582 1085 citatur
1614 1052 1850 1097 Asclepiades
1887 1054 2157 1089 Alea-matrinas·
2193 1067 2200 1091 :

1174 1106 1232 1142 καὶ
1244 1106 1275 1143 ’A
1283 1105 1762 1157 σκληπιάδηςὸἊλεξανδρεὺς
1773 1107 1848 1150 τοὺς
1860 1107 1948 1145 κατὰ
1963 1110 2066 1157 δῆμον
2081 1111 2200 1161 ἄρχον-

1173 1180 1233 1206 τας
1266 1164 1492 1215 (δημάρχους
1523 1166 1712 1214 κληθῆναι)
1742 1166 1856 1216 φησίν.
1893 1170 2200 1205 Verisilnillimnm

1173 1231 1224 1258 est
1241 1226 1338 1259 hunc
1353 1225 1512 1259 eundem
1528 1237 1601 1259 esse
1619 1238 1701 1259 cuin
1715 1238 1759 1260 co
1772 1227 1834 1272 qui
1846 1227 1994 1272 reliquis
2004 1229 2201 1263 scholiastae

1173 1283 1262 1317 locis
1283 1283 1467 1330 laudatur,
1495 1283 1665 1329 adeoque
1688 1285 1920 1330 Myrleanum
1948 1286 2128 1320 seniorem
2156 1289 2202 1321 si—

1172 1339 1359 1387 gnificari,
1389 1341 1453 1386 qui
1479 1352 1592 1386 quum
1619 1340 1851 1375 Alexandriae
1878 1342 2069 1387 Apollonii
2091 1343 2198 1377 disci-

1171 1397 1271 1442 plina
1302 1397 1479 1432 formatus
1510 1398 1573 1441 sit,
1598 1398 1871 1432 Alexandrinus
1891 1399 1964 1433 dici
1984 1401 2118 1445 potuit.
2147 1423 2197 1426 —

1171 1454 1274 1488 Idem
1287 1482 1297 1501 ,
1323 1456 1473 1503 opinor,
1494 1456 1604 1490 etiam
1627 1455 1911 1490 Commentarios
1932 1460 1968 1490 in
1998 1458 2200 1493 Pisidarum

1170 1513 1313 1559 scripsit
1336 1513 1394 1560 (v.
1419 1514 1533 1548 schol.
1554 1514 1705 1549 Pindar.
1734 1515 1881 1562 Olymp.
1905 1516 1990 1559 Vll,
2010 1519 2071 1556 24.
2093 1518 2176 1551 VIII
2193 1547 2200 1559 ,

1177 1583 1235 1606 10.
1259 1571 1324 1615 283
1342 1572 1448 1618 Pyth.
1480 1573 1554 1614 III,
1579 1573 1748 1617 114.1V‚
1774 1571 2197 1616 18.35.61;N01n.1,

1175 1642 1234 1675 19.
1258 1631 1324 1673 VI,
1350 1632 1391 1672 1)
1415 1636 1451 1664 et
1478 1626 1537 1665 Τὰ
1556 1629 1634 1663 τῶν
1655 1626 1816 1670 ἀξόνων
1839 1627 2097 1676 ἐξηγητικὰ,
2120 1645 2199 1678 quae

1170 1686 1367 1721 laudantur
1393 1686 1493 1733 apud
1524 1688 1644 1733 Etym.
1676 1687 1834 1723 Gudian.
1860 1694 1895 1721 et
1925 1689 2044 1734 Etym.
2079 1690 2129 1725 M.
2164 1703 2198 1725 v,

1171 1741 1316 1792 Κύρὸεις
1341 1743 1395 1791 (ν.
1424 1744 1569 1778 Phaniae
1600 1744 1732 1791 fragm.
1770 1749 1787 1785 4
1821 1752 1909 1780 tom.
1931 1747 1986 1787 ΙΙ,
2013 1759 2053 1792 p.
2083 1751 2154 1793 294
2173 1746 2195 1793 l.

1169 1822 1220 1827 —-
1234 1802 1389 1836 Homero
1404 1814 1555 1848 quoque
1570 1814 1721 1848 operam
1738 1802 1878 1837 dedisse
1895 1802 2056 1849 videtur,
2073 1811 2113 1837 ut
2127 1806 2200 1838 col-

2079 1860 2195 1897 Ἀπολ-

1168 1916 1313 1965 λόδωρος
1335 1918 1554 1964 (discipulus
1575 1918 1825 1964 Asclepiadis)
1856 1916 1890 1953 δὲ
1919 1918 2019 1967 φησὶν
2052 1917 2198 1962 Ἀσκλη-

1170 1860 1257 1905 ligas
1273 1872 1317 1894 ex
1338 1862 1458 1906 Etym.
1480 1861 1530 1896 M.
1547 1872 1583 1906 p.
1608 1859 1690 1903 158,
1711 1860 1752 1894 31
1774 1873 1809 1893 v.
1830 1858 2030 1903 Ἀσπληδών
2052 1873 2058 1895 z

1167 1973 1293 2019 πιάδην
1312 1972 1401 2010 οὕτω
1421 1973 1529 2023 λέγειν
1544 1988 1552 1996 ·
1576 1991 1590 2005 (ι
1614 1974 1850 2017 Σπληδόνα
1875 1974 1903 2010 τ’
1923 1976 2112 2024 ἠγαθέην
2135 1979 2195 2021 (ll.

1168 2035 1223 2075 ΙΙ,
1245 2032 1313 2069 511
1334 2033 1360 2080 ).
1382 2033 1521 2067 Eodem
1544 2034 1704 2079 pertinet
1730 2035 1837 2079 Etym
1872 2035 1921 2071 M.
1944 2048 1981 2081 p.
2015 2034 2105 2081 159,
2133 2040 2172 2077 14
2188 2064 2195 2077 ,

1168 2091 1231 2124 ubi
1254 2089 1375 2126 Ἀσκλ.
1400 2091 1416 2125 ὁ
1438 2088 1688 2138 Μυρλεανὸς
1711 2091 1884 2125 laudatur
1904 2092 1950 2127 de
1970 2092 2194 2141 etymologia

1166 2149 1267 2182 vocis
1288 2146 1493 2189 Ἀστυάναξ.
1512 2148 1565 2184 Cf.
1582 2150 1799 2182 Ammonius
1813 2162 1851 2195 p.
1874 2154 1914 2190 14
1933 2150 1994 2186 ed.
2017 2151 2192 2186 Valcken.

1167 2205 1213 2240 de
1226 2219 1285 2241 vv.
1300 2203 1394 2252 Ἅμα
1410 2213 1445 2241 et
1461 2203 1573 2252 Ὁμοῦ
1595 2219 1602 2239 :
1622 2203 1722 2242 ”Eoe'
1740 2203 1789 2241 ὅτι
1809 2205 1837 2241 δ’
1852 2208 1868 2241 ὁ
1885 2205 2026 2251 ποιητὴς
2043 2206 2080 2242 τὸ
2094 2209 2195 2255 ὁμοῦ

1166 2260 1224 2297 καὶ
1243 2262 1298 2298 ἐπὶ
1311 2265 1469 2312 χρονικοῦ
1485 2261 1603 2297 τάσσει
1618 2262 1860 2311 ἐπιρρήματος,
1874 2262 1916 2304 ὥς
1930 2278 2030 2314 φησιν
2048 2263 2078 2300 Ἀ
2088 2265 2194 2309 σκλη-

1166 2319 1300 2363 πιάδης.
1323 2321 1377 2357 Cf.
1399 2320 1561 2356 VVerfcr.
1588 2321 1610 2353 l.
1639 2321 1664 2356 l.
1693 2333 1730 2366 p.
1761 2319 1849 2361 548.
1872 2343 1923 2348 -
1942 2324 2059 2356 Porro
2084 2325 2192 2369 Myr—

1166 2379 1290 2412 leanus
1311 2379 1402 2413 Ascl.
1427 2379 1462 2412 111
1488 2378 1713 2412 Theocritum
1735 2383 2008 2413 commentarios
2027 2381 2169 2426 scripsit
2184 2408 2191 2420 ,

1165 2443 1203 2469 ut
1228 2450 1270 2470 ex
1291 2437 1438 2471 scholiis
1460 2437 1616 2470 Theocr.
1637 2437 1720 2470 satis
1745 2437 1884 2483 liquet,
1907 2444 1942 2471 et
1972 2438 2122 2472 fortasse
2155 2440 2191 2471 111

1167 2497 1317 2527 Aratum
1336 2491 1471 2542 (schol.
1491 2494 1591 2527 Arati
1607 2493 1795 2529 thenom.
1817 2508 1834 2538 7·
1853 2494 1988 2534 εΙίῶλος
2001 2494 2060 2529 οὐκ
2077 2495 2193 2543 ἀροτή,

1164 2551 1208 2591 ὡς
1228 2549 1481 2594 Ἀσκληπιάδης
1497 2547 1523 2598 ).
1548 2551 1718 2595 Denique
1747 2552 1783 2584 111
1805 2553 1992 2597 Apollonii
2008 2554 2194 2598 Argonau-

1167 2613 1240 2643 tica
1259 2610 1439 2655 scripsisse
1454 2608 1602 2642 videtur
1625 2607 1825 2654 discipulus
1843 2609 1918 2655 ejus
1941 2609 2171 2655 Asclepiades
2183 2637 2190 2650 ‚

1164 2667 1217 2701 uti
1239 2667 1388 2713 colligas
1404 2678 1422 2699 e
1441 2665 1554 2701 schol.
1578 2666 1756 2712 Apollon.
1779 2668 1850 2703 Rh.
1874 2669 1902 2710 Ι,
1926 2667 1999 2708 624
2026 2679 2034 2700 :
2062 2664 2192 2702 Σίκι-

1163 2737 1226 2763 νος
1240 2721 1275 2757 δέ
1295 2723 1365 2758 ἐστι
1382 2721 1479 2765 νῆσός
1495 2736 1543 2762 τις
1558 2720 1696 2771 πρὸτῆς
1714 2721 1904 2763 Εὐὲοίας...
1919 2722 2002 2760 “Ort
2018 2722 2053 2758 δὲ
2073 2722 2189 2758 ἐνθάδε

1166 2779 1259 2821 Θόας
1275 2778 1386 2823 ἐσώθη
1408 2778 1467 2814 καὶ
1486 2778 1607 2816 Κλέων
1622 2781 1638 2813 ὁ
1659 2779 1821 2829 Κουριεὺς
1835 2781 1960 2830 ἱστορεῖ
1974 2779 2031 2816 καὶ
2050 2779 2191 2824 Ἀσκλη·

1163 2838 1288 2883 πιάδης
1307 2838 1532 2887 ὁΜυρλεανὸς
1541 2836 1668 2877 δεικνὺς
1685 2837 1838 2886 ὅτιπαρὰ
1851 2838 2005 2880 Κλέωνος
2025 2838 2066 2874 τὰ
2076 2838 2190 2875 πάντα

1165 2896 1368 2945 μετήνεγκεν
1387 2895 1618 2937 Ἀπολλώνιος.
1639 2897 1754 2931 Simili
1772 2898 1886 2932 modo
1897 2898 2059 2941 Charon,
2086 2898 2188 2933 αὐτοῦ

1165 2957 1220 2989 τοῦ
1242 2953 1467 2990 Ἀπολλωνίου
1484 2953 1663 3003 γνώριμος,
1680 2956 1822 3002 scripsit
1844 2954 1930 3004 Περὶ
1953 2955 2110 3004 ἱστοριῶν
2131 2956 2189 2988 vij

1164 3010 1411 3056 Ἀπολλωνίου,
1434 3019 1586 3048 testante
1605 3013 1720 3049 schol.
1743 3013 1789 3047 ad
1811 3014 1864 3055 II⁷
1885 3013 1972 3054 454.

1216 3071 1268 3104 Ex
1288 3071 1439 3116 reliquis
1459 3069 1687 3118 Asclepiadis
1713 3071 1759 3105 ad
1778 3084 1844 3104 nos
1861 3072 2044 3117 pertinent
2066 3071 2189 3104 Ascle-

1162 3128 1286 3174 piades
1302 3128 1474 3174 Cyprius,
1495 3130 1558 3174 qui
1575 3129 1621 3163 de
1641 3130 1762 3174 Cypro
1779 3135 1813 3162 et
1832 3129 2002 3162 Phoenice
2026 3126 2186 3172 scripsit,

1162 3190 1197 3218 ct
1228 3185 1461 3231 Asclepiades
1492 3187 1577 3220 Arei
1600 3187 1640 3229 f.‚
1671 3186 1753 3219 libri
1788 3182 1873 3233 Περὶ
1904 3181 2100 3232 Δημητρίου
2130 3185 2187 3216 τοῦ

1164 3241 1355 3291 Φαληρέως
1367 3251 1508 3284 auctor,
1523 3250 1557 3277 et
1570 3245 1661 3278 Asel.
1681 3238 2187 3289 Δ“’1Γ.;,ξ>’[111115,(1111Αἰγυπτιακὰ.

1163 3298 1407 3347 θεολογούμενα
1433 3301 1592 3346 collegit.
