2338 3765
913 185 1244 224 FRAGMENTA.

31 277 183 322 Τοιαύτη
202 276 262 324 μέν
279 277 359 319 τιςὴ
379 273 561 324 Θαυμαστὴ
580 276 636 310 τοῦ
653 275 895 324 γραμματικοῦ
913 271 1055 323 φράσις,

29 336 67 372 τὸ
95 335 128 372 δὲ
146 337 284 386 ψευσμα
304 333 413 382 λόγων
444 348 480 370 ου
511 331 679 381 δεόμενον,
698 332 773 367 ἀλλ’
798 332 836 366 ἐκ
864 346 930 366 των
952 328 1059 379 ἔργων

29 391 219 444 περιφανές.
244 392 298 427 Ι)0
318 392 499 426 columnis
519 392 591 425 istis
610 390 694 425 vide
720 389 866 424 doctum
893 389 1058 435 disputi-

31 454 166 487 tioncm
186 451 357 485 Moversii
376 448 580 497 (Plzoem'ztk
582 462 605 483 η
626 456 716 485 tom.
739 450 775 490 Ι,
796 461 834 495 p
854 447 928 493 296
943 459 1023 492 sqq.
1031 446 1056 493 ).

529 554 563 575 2.

318 635 344 667 E
373 631 520 667 LIBRO
549 630 765 676 QUARTO.

78 725 272 760 Africanus
291 735 351 770 ap.
372 722 507 758 Euseb.
540 722 579 757 P.
610 722 651 757 E.
679 720 731 763 X,
759 731 802 754 10
825 732 864 766 p.
889 723 980 766 490,
1000 720 1027 753 Β
1051 731 1058 753 :

28 781 151 819 Ἀπίων
169 778 204 816 δὲ
224 781 241 816 ὃ
267 777 512 823 Ποσειδωνίου,
530 776 789 828 περιεργότατος
807 776 1060 826 γραμματικῶν

28 843 63 878 ἐν
92 854 142 875 τιι)
171 835 271 875 Κατὰ
306 835 479 873 Ἰουδαίων
514 834 638 886 βιὸλίω
667 849 726 871 και
759 835 792 870 ἐν
823 833 970 884 τετάρτῃ
994 848 1060 869 των

27 898 201 948 Ἱστοριων
221 910 319 946 φησι,
337 895 426 930 κατὰ
446 892 586 943 Ἴναχον
605 890 746 963 Ἄργους
768 889 930 941 βασιλέα,
947 889 1056 938 ’Am-'J-

27 969 94 996 σιος
127 951 323 1002 Αἰγυπτίων
350 950 609 1001 βασιλεύοντος,
638 951 829 993 ἅποστηναι
859 947 1061 993 Ἰουδαίους,

26 1016 71 1049 ὧν
88 1013 245 1061 ἡγεῖσθαι
260 1008 404 1047 Μωσέα.
418 1010 555 1044 Eadem
573 1010 683 1055 Sync.
702 1021 742 1055 p.
765 1007 828 1051 64,
848 1009 893 1051 D,
915 1014 951 1041 et
971 1007 1057 1051 148,

26 1074 80 1115 D3
96 1071 258 1105 Justinus
272 1069 364 1104 Coh.
382 1068 428 1103 ad
439 1069 503 1104 Gi.
521 1081 554 1103 e.
573 1080 610 1115 9,
625 1067 690 1101 ubi
703 1078 768 1100 lex
782 1065 885 1100 audit
898 1060 1058 1111 ”.Αμασις

27 1129 92 1178 (Cf.
111 1135 191 1164 not.
211 1127 257 1162 ad
273 1127 490 1162 Manethon.
508 1126 555 1162 fr
581 1124 658 1172 48.)

78 1187 220 1222 Tatian.
236 1184 301 1221 Or.
320 1183 367 1218 ad
383 1183 448 1220 Gr.
465 1196 498 1220 e.
524 1182 571 1229 59
585 1181 592 1232 (
606 1189 642 1216 et
657 1181 792 1217 Euseb.
810 1182 851 1218 P.
871 1182 913 1215 E.
930 1181 980 1224 X,
1000 1192 1058 1224 11,

26 1257 66 1292 p.
84 1246 172 1290 494,
185 1242 230 1289 D)
249 1238 397 1277 εἈπίων
416 1236 694 1289 ὅγραμματικὸς,
713 1236 798 1288 ἀνὴρ
818 1236 1061 1286 δοκιμώτατος,

27 1302 61 1337 ε’ν
77 1303 119 1351 τῇ
145 1298 292 1350 τετάρτῃ
323 1299 390 1333 τῶν
410 1297 655 1345 Αἰγυπτιακῶν
677 1295 788 1344 (πέντε
811 1294 845 1332 δέ
866 1296 948 1332 εἰσιν
969 1297 1061 1346 αὐτῷ

27 1355 193 1409 γραφαί),
215 1355 328 1392 πολλὰ
346 1353 406 1404 μὲν
421 1354 479 1391 καὶ
500 1353 589 1391 ἄλλα
609 1353 692 1405 φησὶ
713 1352 771 1390 καὶ
792 1351 843 1390 ὅτι
864 1352 1062 1404 κατέσκαψε

26 1415 87 1461 τὴν
126 1414 254 1463 Αὕαριν
295 1412 468 1461 Ἄμωσις,
503 1411 592 1449 κατὰ
623 1411 680 1448 τὸν
709 1411 857 1462 Ἀργεῖον
883 1412 1061 1461 γενόμενος

27 1473 181 1524 Ἴναχον,
203 1475 247 1515 ὡς
273 1473 307 1509 ἐν
335 1477 402 1513 τοῖς
426 1470 568 1523 Χρόνοις
599 1469 788 1521 ἀνέγραψεν
821 1472 837 1506 ὅ
870 1469 1064 1515 Μενδήσιος

29 1533 259 1580 Πτολεμαῖος.

84 1588 227 1640 Αὔαριν]
251 1586 376 1638 μαρίαν
396 1589 537 1624 Tatiani
558 1588 645 1624 edd.
674 1595 787 1631 vett.;
814 1586 970 1638 Αὖαρίαν
995 1600 1061 1623 1115.

28 1650 140 1685 Paris.
158 1646 302 1697 λυαρίαν
320 1660 370 1683 m.
390 1648 484 1683 Mut.
504 1644 643 1696 ἀθυρίαν
661 1647 775 1683 Clem.
800 1647 904 1682 Alex.
922 1647 1062 1681 Strom.

29 1709 65 1751 Ι,
87 1720 127 1755 p.
161 1706 254 1751 378,
278 1719 339 1742 21.
363 1705 417 1742 Cf.
441 1706 594 1742 Boeckh.
617 1704 795 1739 lllanetlzo
816 1717 855 1751 p.
889 1708 957 1749 194
981 1716 1062 1749 sqq.

81 1766 194 1800 Clem.
214 1765 314 1799 Alex.
330 1764 403 1799 Str.
421 1765 458 1807 Ι,
477 1775 540 1808 22,
560 1777 599 1810 p.
623 1762 707 1805 138,
730 1775 773 1809 ¹9
787 1763 888 1808 Sylb.
913 1773 921 1798 t
942 1759 1065 1797 Ἀπίων

30 1821 140 1859 τοίνυν
161 1823 177 1858 ὁ
200 1820 439 1873 γραμματικὸς
460 1822 476 1856 ὃ
494 1819 741 1864 Πλειστονίκης
761 1819 951 1865 ἐπικληθεὶς
968 1820 1001 1855 ἓν
1021 1821 1063 1869 τῇ

30 1879 175 1930 τετάρτῃ
210 1881 274 1915 τῶν
302 1879 544 1926 Αἰγυπτιακῶν
575 1878 747 1927 ἱστοριῶν,
782 1877 893 1913 καίτοι
923 1877 1069 1927 φιλαπε-

30 1936 214 1987 χθημόνως
233 1936 316 1987 πρὸς
338 1935 521 1985 Ἑὸραίους
551 1934 780 1983 διακείμενος,
805 1934 862 1970 ἅτε
882 1932 1069 1983 Αἰγύπτιος

31 1995 69 2032 τὸ
89 1994 199 2044 γένος,
219 1996 264 2036 ὡς
280 1993 338 2030 καὶ
356 1993 444 2030 κατὰ
463 1993 635 2031 Ἰουδαίων
658 1992 885 2035 συντάξασθαι
917 1991 1061 2042 βιὸλίον,

33 2052 198 2102 Ἀμώσιος
217 2056 273 2089 τοῦ
294 2052 490 2101 Αἰγυπτίων
507 2051 673 2101 βασιλέως
692 2050 907 2100 μεμνημένος
924 2049 982 2087 καὶ
999 2053 1065 2086 τῶν

31 2109 105 2147 κατ’
128 2109 228 2147 αὐτὸν
247 2108 401 2160 πράξεων
430 2109 587 2159 μάρτυρα
607 2105 833 2157 παρατίθεται
855 2108 1069 2157 Πτολεμαῖον

31 2167 86 2204 τὸν
109 2166 318 2212 Μενδήσιον,
353 2167 410 2203 καὶ
439 2166 481 2202 τὰ
513 2168 571 2211 τῆς
599 2165 718 2209 λέξεως
751 2168 855 2202 αὐτοῦ
885 2160 949 2202 ὦδε
979 2164 1070 2217 ἔχει·

32 2262 46 2277 α
63 2224 269 2275 Κατέσκαψε
286 2224 321 2261 δὲ
335 2223 396 2269 τὴν
410 2223 563 2274 Ἀθυρίαν
578 2223 730 2270 Ἄμωσις
746 2223 835 2261 κατὰ
849 2223 905 2260 τὸν
923 2224 1070 2274 Ἀργεῖον

2081 195 2155 226 509

1120 270 1294 320 γενόμενος
1309 270 1463 321 Ἴναχον,
1480 273 1524 314 ὡς
1540 273 1571 308 ἐν
1588 273 1653 315 τοῖς
1672 273 1810 324 Χρόνοις
1831 273 2018 325 ἀνέγραψεν
2036 277 2053 311 ὁ
2069 276 2159 312 Μεν-

1121 327 1234 372 δήσιος
1257 328 1484 377 Πτολεμαῖος.
1515 348 1528 362 »

1178 388 1336 433 Syncell
1357 400 1395 434 p.
1415 388 1481 431 (3¹3,
1502 390 1557 424 A:
1575 387 1623 424 Οἵ
1637 403 1671 424 τε
1686 387 1751 439 γὰρ
1773 389 1809 424 ἐκ
1829 391 2015 439 περιτομῆς
2035 388 2162 431 πάντες

1123 442 1318 487 Ἰώσηππός
1349 459 1384 479 τε
1419 459 1481 480 και
1507 444 1673 490 Ἰοῦστος,
1696 445 1783 482 οἵτε
1804 445 1836 489 ἐξ
1858 445 2053 496 <Ἑλλήνων,
2087 448 2160 484 llo-

1121 499 1250 549 λεμων,
1283 499 1389 550 φημὶ,
1425 516 1482 537 και
1511 501 1634 538 Απιίιιν
1659 503 1886 540 Ποσειδωνίου
1909 505 1985 552 (sic
2011 518 2161 553 margo;

1126 556 1353 599 Ποσειδώνιος
1386 559 1483 606 libri)
1515 559 1573 595 καὶ
1606 559 1788 609 Ἡρόδοτος
1824 561 1885 606 τὴν
1916 561 1948 604 ἐξ
1984 562 2160 611 Αἰγύπτου

1126 615 1266 666 πορείαν
1287 618 1344 651 τοῦ
1374 614 1516 666 Ἰσραὴλ
1537 616 1626 653 κατὰ
1645 618 1814 669 Φορωνέα
1843 619 1901 656 καὶ
1931 619 2056 657 Ἄπιδα
2084 619 2160 661 τοὺς

1124 672 1282 724 Ἀργείων
1301 673 1451 722 βασιλεῖς
1468 673 1696 725 συνέγραψαν,
1708 675 1887 725 Ἀμώσεως
1904 677 2152 727 βασιλεύοντος.

1174 732 1294 768 Verba
1329 732 1488 778 Syncelli
1515 734 1684 779 supinam
1714 737 1875 770 auctoris
1904 744 2064 783 arguunt
2099 750 2159 772 ne-

1121 789 1348 836 gligentiam.
1370 790 1574 824 Numerum
1592 790 1676 824 libri
1691 793 1791 838 apud
1816 794 2017 840 Josephum
2039 793 2098 841 (fr.
2125 791 2159 839 1)

1122 854 1185 881 aut
1212 847 1314 894 apud
1337 848 1531 882 Tatianum
1545 875 1555 893 ,
1576 849 1808 894 Africanum,
1831 852 2054 886 Clementem
2074 851 2161 898 (qui

1123 918 1250 940 omnes
1273 917 1344 952 pro
1364 918 1440 939 uno
1458 906 1592 953 valent)
1613 915 1832 954 corruptum
1853 921 1928 944 esse
1944 910 2153 955 suspiceris,

1122 976 1242 1010 quum
1260 963 1299 997 in
1318 975 1394 997 uno
1414 963 1623 1010 eodemque
1640 964 1737 998 libro
1750 965 1796 1000 de
1810 966 1935 1012 Moyse
1949 979 2154 1001 sermonem

1123 1021 1232 1056 fuisse
1249 1021 1294 1055 sit
1310 1021 1518 1068 probabile.

1626 1091 1660 1126 3.

1175 1165 1358 1212 Josephus
1379 1165 1417 1200 C.
1436 1165 1572 1211 Apion.
1592 1166 1648 1210 ΙΙ,
1667 1176 1686 1198 2
1705 1175 1713 1201 z
1732 1162 1776 1200 ‘O
1795 1163 1830 1199 δέ
1842 1178 1880 1213 γε
1893 1163 2029 1200 πάντων
2049 1164 2164 1200 πιστό·

1123 1236 1224 1264 τατος
1243 1220 1368 1258 Ἀπίων
1386 1220 1536 1271 ὡρίσατο
1552 1219 1613 1265 την
1637 1219 1748 1263 ἔξοδον
1770 1220 1830 1270 (50.
1847 1236 1913 1256 των
1928 1220 2102 1258 Ιουδαίων
2130 1220 2164 1263 ἐξ

1126 1276 1325 1328 Αἰγύπτου)
1353 1277 1504 1328 ἀκριὸῶς
1531 1276 1621 1314 κατὰ
1646 1276 1708 1323 τὴν
1738 1276 1887 1326 ἑὸδόμην
1920 1277 2162 1325 Ολυμπιάδα,

1128 1335 1187 1373 καὶ
1204 1335 1331 1381 ταύτης
1344 1333 1417 1377 ἔτος
1433 1339 1519 1372 εἶναι
1538 1349 1689 1386 πρωτον,
1708 1336 1741 1371 ἐν
1763 1338 1790 1386 ᾧ
1804 1364 1814 1384 ,
1834 1348 1939 1385 φησι,
1959 1337 2061 1385 Καργ
2062 1335 2164 1380 ηδόνα

1130 1393 1327 1436 (Ι)οίνικες”
1309 1408 1462 1432 εκτισαν.

1182 1455 1310 1489 Aliena
1331 1454 1376 1488 ab
1393 1454 1450 1488 his
1472 1455 1583 1501 plane
1605 1452 1758 1488 tradidit
1783 1453 1828 1487 fr.
1849 1465 1886 1497 2,
1906 1465 1950 1487 ex
1966 1453 2165 1487 Ptolemaeo

1132 1511 1339 1546 Mendesio.
1364 1511 1433 1545 Hic
1458 1512 1627 1557 sequitur
1647 1511 1905 1556 Lysimachum
1932 1512 1978 1557 (v.
2011 1517 2087 1545 not.
2119 1510 2165 1544 ad

1130 1568 1336 1617 Lysimachi
1357 1568 1404 1605 fr.
1429 1568 1463 1616 2)
1480 1596 1488 1612 ,
1511 1570 1527 1603 J
1535 1569 1728 1604 udaeorum
1746 1569 1958 1604 derisorem.

1632 1642 1651 1679 4
1660 1665 1667 1675 ,

1182 1707 1282 1742 Idem
1310 1706 1402 1742 ibid.
1420 1707 1546 1754 paullo
1566 1714 1672 1754 post:
1691 1705 1760 1743 'lov
1788 1704 1822 1741 δὲ
1840 1703 1982 1755 ἀριθμον
2000 1720 2066 1741 τιιν
2084 1706 2163 1741 εὶα-

1131 1761 1278 1799 σθέντων
1309 1778 1364 1799 τον
1382 1761 1483 1799 αὐτὸν
1504 1762 1700 1814 Λυσιμάχῳ
1731 1763 1914 1812 σᾸεδιάσας
1937 1762 2078 1811 (ἕνδεκα
2099 1762 2164 1813 γὰρ

1132 1819 1253 1862 αὐτους
1270 1813 1355 1856 εἷναί
1379 1835 1462 1869 φησι
1493 1819 1692 1870 μυριάδας),
1713 1819 1914 1868 Οαυμαστήν
1933 1835 2008 1856 τινα
2026 1819 2084 1856 καὶ
2104 1835 2160 1855 πι-

1132 1877 1234 1922 θανὴν
1269 1877 1475 1914 ἀποδίδωσιν
1506 1877 1629 1922 αἰτίαν,
1660 1878 1715 1928 ἀφ’
1737 1882 1776 1923 ἧς
1803 1893 1884 1929 φησι
1916 1893 1953 1914 το
1986 1877 2160 1914 σάὸὅατον

1130 1935 1342 1983 ωνομασθαι.
1366 1954 1381 1968 «
1407 1933 1615 1972 Ὀοεύσαντ-
1603 1950 1632 1976 ς
1650 1934 1714 1986 γὰρ
1733 1934 1859 1986 (φησὶν)
1880 1934 1914 1977 ἓξ
1935 1937 2072 1985 ἡμερων
2090 1935 2165 1972 ὁδον

1135 1992 1309 2042 βουὸῶνας
1332 1992 1444 2043 ἔσχον,
1466 1992 1523 2028 καὶ
1541 1991 1596 2029 διὰ
1616 1992 1742 2037 ταύτην
1763 1992 1824 2038 τὴν
1843 1992 1956 2029 αἰτίαν
1973 1996 2015 2044 τῇ
2033 1992 2163 2042 ἓόδόμῃ

1132 2052 1247 2103 ἡμέρᾳ
1274 2051 1511 2089 ἀνεπαύσαντο
1532 2051 1690 2091 σωθέντες
1718 2053 1762 2093 εἷς
1781 2051 1842 2096 τὴν
1872 2050 1988 2101 χώραν
2014 2050 2075 2096 τὴν
2107 2054 2166 2087 νῦν

1136 2108 1303 2146 Ἰουδαίαν
1322 2108 1521 2158 λεγομένην,
1540 2107 1597 2153 καὶ
1618 2108 1782 2144 ἐκάλεσαν
1800 2107 1861 2153 τὴν
1880 2108 2014 2159 ἡμέραν
2032 2107 2164 2145 σάὸῧα-

1133 2183 1204 2213 τον,
1231 2166 1391 2210 σώζοντες
1408 2165 1469 2211 τὴν
1485 2165 1684 2213 Αἰγυπτίων
1710 2167 1877 2214 γλῶτταν·
1895 2165 1933 2202 τὸ
1950 2165 2014 2216 γὰρ
2034 2165 2164 2216 βουὸῶ-

1134 2240 1187 2266 νος
1208 2224 1310 2273 ἄλγος
1326 2223 1486 2260 καλοῦσιν
1505 2222 1686 2271 Αἰγύπτιοι
1704 2223 1950 2262 Σαὲἦάτωσιν.
1978 2242 1992 2256 ιι

33 2329 63 2360 111
79 2337 147 2360 eam
160 2329 336 2367 incidebat,
352 2330 394 2360 ita
404 2330 439 2360 ut
455 2329 590 2359 eundem
606 2337 733 2360 cursum
745 2338 839 2369 quem
854 2330 899 2360 sol
914 2330 944 2359 111
953 2330 1070 2360 {ethere

36 2381 222 2412 absolveret.
240 2394 254 2408 ιι
279 2383 378 2421 Atque
396 2381 614 2420 hujuscemodi
630 2382 677 2412 est
696 2381 879 2412 admiranda
907 2382 960 2412 iila
979 2382 1073 2420 hujus

37 2432 231 2471 grammatici
249 2432 369 2472 phrasis
391 2442 397 2463 z
417 2432 616 2463 mendacium
644 2434 750 2463 autem
774 2433 877 2463 verbis
894 2434 981 2473 argui
1009 2442 1071 2464 non

34 2483 205 2522 desiderat,
220 2483 274 2514 sed
288 2492 327 2514 ex
343 2484 491 2523 operibus
504 2484 618 2523 Moysis
636 2483 761 2515 abunde
776 2486 909 2515 constat.

537 2538 571 2569 2.

75 2591 190 2630 Apion,
218 2590 373 2622 Posidonii
396 2591 499 2629 tilius,
527 2591 758 2622 curiosissimus
774 2592 1070 2631 grammaticorum,

37 2640 67 2671 111
81 2640 161 2671 111110
181 2642 300 2673 contra
317 2641 444 2673 Judaeos
460 2643 491 2672 et
504 2641 537 2672 in
557 2643 670 2680 quarto
691 2643 837 2673 Historiae
858 2645 913 2673 AEn
898 2643 1070 2682 prtiaeae,

34 2691 228 2731 temporibus
239 2692 358 2730 lnaclu
368 2692 552 2731 Argivorum
564 2693 654 2732 regis,
667 2693 809 2724 etAmasi
821 2694 903 2733 apud
913 2696 948 2725 ΑΓ
951 2695 1072 2733 ξ,ΥῙ11105

38 2743 198 2781 regnante,
211 2744 228 2774 J
234 2742 341 2774 udaeos
354 2742 503 2774 defecisse
519 2751 694 2783 eorumque
710 2743 824 2775 duceni
843 2747 963 2776 Mosem
978 2745 1070 2776 fuisse

36 2792 143 2824 tradit.

77 2845 176 2884 Apion
192 2846 426 2885 grammaticus,
441 2846 489 2876 vir
504 2846 644 2885 insignis,
656 2846 686 2877 in
702 2846 782 2877 libro
796 2849 911 2886 quarto
927 2848 1070 2878 Historiae

37 2896 227 2935 AEgyptiacae
242 2897 404 2936 (quinque
421 2897 488 2935 ejus
503 2899 578 2928 sunt
592 2897 661 2928 111111
676 2898 686 2937 )
704 2898 785 2928 inter
801 2898 862 2928 alia
879 2899 979 2929 multa
997 2899 1073 2929 dicit

38 2947 165 2977 Auarim
178 2947 327 2979 evertisse
344 2948 484 2979 Amasim
502 2957 623 2988 regem,
635 2948 688 2988 qui
705 2949 811 2979 Inachi
823 2949 953 2988 {equalis
967 2950 1070 2988 suerit,

38 2998 73 3028 ut
90 2998 119 3028 in
134 2998 299 3030 Chronicis
312 2998 416 3029 tradat
434 2999 623 3030 Ptolemaeus
637 2999 826 3030 Mendesius.

79 3050 177 3090 Apion
201 3051 441 3090 grammaticus,
465 3051 518 3081 cni
557 3050 738 3082 Plistonicae
766 3060 939 3090 cognomen
950 3076 958 3090 ‚
993 3052 1072 3083 libro

38 3104 150 3141 quarto
162 3102 305 3134 Historiae
320 3103 491 3143 AEgyptioe(
499 3113 693 3143 quamquam
706 3104 757 3135 1110
767 3105 893 3135 inimico
905 3106 935 3135 in
945 3105 1073 3136 Judaeos

41 3153 145 3185 animo
162 3156 219 3193 est,
234 3156 344 3195 utpote
360 3156 524 3195 AEgyptius
536 3165 660 3195 genere,
685 3156 764 3187 adeo
776 3158 810 3187 ut
835 3157 930 3187 etiam
957 3157 1072 3188 librum

40 3206 148 3236 contra
161 3207 178 3236 J
182 3205 289 3237 udaeos
300 3207 476 3246 scripserit)
493 3207 613 3238 Amasis
624 3207 703 3247 regis
716 3207 932 3247 AEgyptiorum
949 3217 1073 3239 10111111-

39 3263 101 3294 que
113 3255 152 3286 ab
176 3265 213 3287 eo
234 3258 392 3296 gestarum
425 3258 615 3289 mentionem
645 3258 778 3297 faciens,
802 3260 914 3289 testem
945 3259 1074 3291 adducit

43 3308 243 3340 Ptolemaeum
271 3309 480 3348 Mendesium,
498 3311 593 3350 atque
606 3310 644 3341 ad
664 3310 792 3342 verbum
808 3310 849 3341 ita
864 3311 971 3342 scribit
987 3324 993 3343 :
1014 3314 1073 3343 Ex·

1130 2329 1205 2359 cidit
1232 2328 1395 2368 Atliyriam
1422 2328 1603 2366 (Auarim)
1627 2328 1759 2367 Amasis,
1783 2328 1891 2358 Inachi
1906 2327 2055 2367 aequalis,
2083 2327 2165 2357 utin

1132 2380 1294 2412 Chronicis
1307 2380 1350 2410 ait
1369 2379 1557 2410 Ptolemaeus
1574 2379 1759 2409 Mendesius.
1782 2392 1796 2405 ιι

1173 2431 1274 2463 Judaei
1293 2440 1415 2469 omnes,
1428 2432 1462 2461 ut
1473 2432 1630 2470 Joseplins
1643 2432 1805 2469 0111151115,
1818 2430 1974 2468 01013001,
1988 2432 2021 2461 nt
2037 2430 2163 2461 Polemo

1131 2486 1162 2515 et
1186 2485 1287 2524 Apion
1308 2483 1467 2514 Posidonii
1491 2485 1522 2514 et
1544 2483 1740 2522 Herodotus,
1758 2483 1886 2514 Judaeos
1905 2484 2037 2522 AEgypto
2059 2482 2167 2513 exiisse

1132 2538 1261 2567 narrant
1280 2536 1433 2567 Plioronei
1444 2537 1475 2567 et
1489 2536 1608 2575 Apidis‚
1622 2536 1808 2575 Argivorum
1825 2544 1945 2575 regum,
1961 2535 2166 2574 temporibus,

1133 2590 1282 2628 regnante
1299 2588 1382 2628 apud
1400 2588 1560 2628 AEgyptios
1577 2588 1695 2619 Amosi.

1174 2696 1275 2735 Apion
1293 2696 1368 2734 iste,
1389 2696 1450 2726 fide
1467 2696 1617 2726 nimirum
1636 2695 1853 2734 dignissimus,
1874 2696 2020 2725 accurate
2045 2694 2166 2724 exitum

1131 2747 1274 2778 definivit
1290 2747 1477 2786 Olympiade
1493 2748 1638 2786 septima,
1658 2746 1788 2786 ejusque
1805 2755 1886 2777 anno
1911 2745 2025 2785 primo,
2040 2753 2115 2784 quo,
2134 2746 2168 2774 ut

1131 2798 1192 2836 ait,
1207 2799 1296 2829 Poeni
1313 2798 1534 2838 Carthaginem
1552 2798 1772 2829 condiderunt.

1172 2907 1349 2936 Numerum
1374 2905 1536 2945 pulsorum
1563 2905 1752 2936 ι111111100111111
1778 2905 1877 2944 Apion
1907 2903 2042 2935 eundem
2072 2911 2165 2942 quem

1132 2956 1336 2995 Lysimachus
1350 2958 1549 2986 commentus
1572 2956 1634 2994 (ait
1650 2956 1733 2987 enim
1748 2956 1840 2987 1111550
1857 2963 1966 2986 00111111
1983 2954 2078 2984 miliia
2097 2962 2166 2983 cen<

1130 3008 1199 3038 tum
1213 3008 1245 3038 et
1266 3007 1396 3044 decem)
1421 3006 1532 3036 miram
1553 3006 1711 3046 quandam
1731 3009 1762 3037 et
1784 3006 1962 3037 credibilem
1981 3004 2081 3035 reddit
2099 3012 2166 3033 cau·

1132 3057 1473 3097 sam,eurSabbatum
1486 3058 1724 3088 nominaridicit
1732 3057 1814 3088 diem
1822 3057 1999 3096 septimam.
2018 3068 2031 3079 ιι
2048 3055 2166 3084 Exacto

1135 3109 1240 3147 enim,
1258 3108 1371 3147 inquit,
1393 3117 1449 3139 sex
1474 3108 1595 3139 dierum
1618 3108 1741 3146 itinere,
1756 3108 1918 3147 inguinum
1946 3105 2101 3136 ulceribus
2116 3104 2164 3134 af-

1138 3159 1213 3190 fecti
1227 3161 1312 3197 sunt,
1325 3160 1356 3189 et
1367 3159 1425 3189 hac
1437 3158 1476 3189 de
1490 3167 1582 3189 causa
1591 3159 1725 3199 septima
1733 3158 1782 3189 die
1792 3158 1981 3198 quieverunt
1997 3155 2166 3186 incolumes

1133 3210 1164 3240 in
1182 3210 1324 3248 regione,
1353 3218 1425 3248 quae
1442 3218 1527 3239 nunc
1540 3209 1651 3240 Judwa
1669 3210 1801 3240 vocatur
1817 3221 1823 3236 2
1841 3209 1871 3239 et
1886 3206 2080 3247 appellarunt
2096 3213 2164 3235 eam

1135 3261 1217 3291 diem
1231 3260 1423 3299 Sabbatum,
1438 3261 1561 3290 servata
1585 3260 1800 3299 AEgyptiorum
1820 3266 1914 3295 voce3
1938 3265 2008 3287 nam
2033 3255 2165 3293 inguinis

1135 3311 1276 3342 dolorem
1290 3311 1424 3350 :Egyptii
1441 3311 1552 3341 vocant
1570 3310 1780 3341 Sabbalosin.
1803 3322 1816 3335 ιι
