2338 3765
973 179 1292 222 FRAGMENTA.

83 265 177 301 λικοῧ
198 263 314 305 παιδὸς
329 263 399 299 ἐκεῖ
415 261 570 314 ῥίψαντος
592 262 722 300 ἑαυτόν.
780 263 884 305 Τινὰς
906 264 1021 312 μέντοι
1039 266 1106 302 ἀπό

82 338 167 364 τινος
188 320 371 359 Νειλασίου
389 321 593 365 κεκλῆσθαι,
613 319 717 363 οὕτως
735 321 833 357 αὐτὸν
853 321 1026 368 εἰπόντας,
1046 324 1106 359 οὐκ

83 373 119 415 εὖ
138 379 298 427 λέγοντας
314 377 499 427 ἀπελέγχει
517 379 533 413 ὃ
548 377 730 427 Ἀρριανός.

134 438 299 472 Fortasse
332 436 365 471 ἐν
396 436 465 476 τοῖς
497 434 595 471 Μετὰ
628 433 843 485 Ἀλέξανδρον
864 438 1048 471 Ptolemaei
1073 445 1107 472 et

82 493 263 531 Perdiccae
283 494 432 528 historia
456 506 578 527 ansam
605 493 704 528 dedit
726 501 766 528 ut
786 495 823 528 in
840 495 915 528 haec
932 507 1105 529 excurre-

81 560 138 588 ret
164 559 306 587 auctor.
350 553 570 597 Quanquam
601 564 681 597 quae
702 551 748 586 de
768 553 1029 599 AEgyptiorum
1059 553 1105 587 ad

81 612 240 645 Pontum
255 610 409 644 coloniis
428 608 610 651 feruntur,
624 610 732 643 etiam
750 610 789 643 in
807 610 1029 656 Bithyniacis
1043 622 1107 644 oc-

82 669 263 702 casionem
280 666 326 701 de
345 667 401 701 his
417 666 617 701 disserendi
638 667 803 713 praebere
814 674 999 713 poterant.

565 770 623 802 77·

131 846 292 881 Eustatli.
314 845 354 880 in
375 846 418 880 Il.
436 858 472 891 p.
495 857 578 886 101,
602 843 649 879 38
673 857 680 878 ε
711 845 873 881 Τοιοῦτον
901 844 935 880 δέ
954 858 985 879 τι
1008 842 1066 880 καὶ
1089 845 1105 879 ὃ

79 901 260 953 κρατερός,
286 903 330 943 ὡς
351 901 448 946 δηλοῖ
466 902 548 951 παρ’
567 900 731 951 Ἀρριανῷ
752 899 789 936 τὸ
807 918 821 932 «
843 899 1011 945 Θηὸαίων
1031 900 1106 949 ἐγέ-

80 974 152 995 νετο
171 957 332 1010 κρατερός
354 975 384 1003 n,
406 957 510 1007 ἤγουν
531 956 743 1007 περιεγένετο
759 958 824 993 τῶν
844 956 1011 1001 Θηὸαίων
1029 958 1105 1003 καὶ,

80 1015 283 1067 αὐτόχρημα
307 1017 432 1061 εἰπεῖν,
454 1014 658 1066 ἐκράτησεν.

560 1107 621 1152 78.

130 1195 230 1231 Idem
249 1194 363 1230 1005:
383 1192 471 1235 Τοὺς
489 1192 523 1229 δὲ
542 1193 693 1243 Πέρσας,
711 1185 758 1227 ὧν
776 1191 980 1242 μετρόττολις
996 1194 1016 1236 ἡ
1034 1193 1101 1229 Βα-

79 1251 212 1298 ὅυλὼν,
240 1251 403 1302 Κηφῆναί
427 1265 509 1286 ποτε
536 1249 714 1287 καλεῖσθαί
743 1264 842 1299 φησιν
875 1251 891 1285 ὁ
923 1248 1104 1299 Ἀρριανος.

80 1312 165 1346 Haec
183 1311 229 1346 ad
242 1311 411 1345 Parthica
426 1311 607 1345 retuleris.

556 1414 616 1448 79·

130 1491 259 1526 Suidas
277 1503 311 1525 v.
346 1487 549 1539 βουλυτός
569 1501 577 1526 :
604 1487 785 1539 Ἀρριανός·
804 1506 818 1521 «
841 1487 977 1525 Γίνεται
1006 1487 1102 1538 μάχη

77 1545 225 1598 κρατερὰ
243 1546 317 1583 ἔστε
331 1545 386 1583 ἐπὶ
400 1545 561 1596 βουλυτὸν
581 1546 795 1596 ἀγχώμαλος.
814 1564 827 1578 »
844 1548 1014 1582 Occurrit
1030 1559 1103 1580 vox

78 1605 237 1654 βουλυτός
254 1607 291 1639 in
311 1607 403 1652 Exp.
425 1607 483 1640 Al.
508 1607 557 1651 ΙΙ,
580 1605 615 1648 3,
633 1607 670 1638 in
686 1605 770 1639 Iud.
795 1618 827 1639 c.
848 1610 908 1647 [¹1-
930 1606 1102 1639 Nostrum

76 1665 200 1699 locum
220 1676 239 1699 e
258 1664 436 1699 Parthicis
456 1664 608 1710 petitum
627 1675 701 1697 esse
725 1664 899 1709 opinatur
919 1663 1100 1698 Bernhar-

76 1723 178 1757 dvus

72 1824 188 1855 juvene
211 1825 292 1862 regio
305 1848 313 1863 ‚
330 1825 383 1863 qui
408 1825 438 1854 in
458 1825 589 1854 fluvium
604 1833 636 1854 se
665 1824 792 1854 dederat
808 1824 1009 1863 praecipitem.
1040 1826 1101 1854 Eos

74 1883 161 1913 vero,
172 1875 372 1914 quiaNilasio
385 1875 534 1914 quodam,
551 1884 644 1914 quem
654 1874 774 1913 dicunt,
791 1876 939 1905 vocatum
956 1883 1021 1905 esse
1035 1882 1101 1913 per-

76 1925 195 1964 hibent,
210 1926 324 1956 erroris
337 1925 476 1965 coarguit
490 1925 650 1957 Arrianus.

562 2009 618 2040 77.

115 2090 266 2122 Arrianus
282 2090 326 2121 ait
344 2102 351 2121 z
369 2103 385 2117 «
401 2090 557 2122 Thebanis
573 2090 715 2130 superior
730 2091 798 2122 fuit.
818 2104 832 2118 »

562 2169 618 2200 78.

115 2245 234 2282 Persas,
250 2252 385 2283 quorum
407 2245 588 2283 metropolis
602 2245 757 2285 Babylon,
772 2245 845 2276 olim
867 2245 1026 2285 Cepiieues
1043 2254 1097 2284 ap-

74 2294 203 2333 pellatos
216 2303 282 2326 esse
295 2295 445 2326 Arrianus
460 2295 548 2326 dicit.

566 2373 622 2404 79.

114 2445 262 2474 Arrianus
282 2456 289 2474 :
306 2456 320 2470 «
354 2444 399 2475 Ad
427 2454 588 2485 vesperam
605 2455 704 2486 usque
725 2456 816 2487 aequo
834 2448 933 2479 marte
950 2449 1101 2480 acerrime

72 2496 243 2533 pugnatum
262 2497 318 2527 est.
336 2509 350 2523 »

2116 203 2184 234 601

1649 275 1707 311 80.

1221 348 1325 384 1‹l.v.
1344 349 1571 395 ἐπαινέτης
1591 366 1598 387 :
1623 351 1809 400 Ἀρριανός·
1825 373 1838 386 α
1857 357 1925 392 Τοῦ
1941 356 1974 393 δὲ
1999 357 2053 400 ξὺν
2071 359 2190 407 κόσμιι)

1167 397 1339 446 δρωμένου
1356 401 1531 447 ἐπαινέτης
1550 403 1607 439 καὶ
1633 408 1690 440 τοῦ
1708 406 1903 454 ἀκοσμήτου
1923 410 1955 444 ἐν
1979 411 2027 459 τῷ
2048 399 2191 459 παραυξ-

1169 454 1245 489 τίκα
1269 456 1486 504 ἐπιτιμητὴς,
1511 460 1567 495 καί
1594 464 1650 497 τοῦ
1671 461 1849 512 ἐσύστερον
1870 466 2041 516 κολαστήρ
2064 468 2075 516 (
2096 471 2144 503 sic
2170 484 2189 504 e

1167 512 1279 549 codd.
1298 515 1425 551 Am'lj
1441 518 1715 565 Bm'nluirdyus3
1737 534 1808 567 vgo
1827 523 1995 567 κολαστής
2010 527 2034 572 ).
2054 542 2065 556 υ
2082 528 2189 560 Simi-

1168 568 1213 603 lia
1230 570 1341 604 habes
1357 573 1392 605 in
1409 574 1496 620 Exp.
1519 576 1623 612 Alex.
1648 578 1706 620 lv,
1727 591 1798 623 ους
1825 578 1891 614 Καὶ
1909 580 2007 622 αὐτὸς
2025 583 2185 630 ἐφειστή-

1167 639 1218 660 κει
1238 626 1359 671 Oeae->qq
1376 628 1431 664 καὶ
1453 631 1628 675 ἐπαινέτης
1651 636 1708 668 τοῦ
1728 633 1782 675 ξὺν
1800 637 1969 688 προθυμία
1985 640 2188 688 περαινομέ-

1167 695 1242 728 νου,
1263 684 1430 729 κολαστὴς
1448 685 1482 722 δὲ
1499 691 1556 723 τοῖ)Ι
1574 689 1606 724 ἐν
1621 691 1669 739 τῷ
1684 695 1903 742 παραχρῆμα
1922 695 2091 738 ἐλλιποῧς.

1648 776 1710 812 81.

1219 857 1382 893 Eustath.
1398 857 1444 892 ad
1460 859 1567 896 Dion.
1581 861 1667 907 939,
1682 875 1718 908 p.
1730 862 1801 899 886
1815 865 1873 901 ed.
1886 867 2020 904 Bcrnh.
2036 881 2043 902 ι
2062 866 2190 918 Ἀρρια-

1167 910 1220 954 νὸς
1241 911 1348 949 δὲκαὶ
1368 912 1509 965 διφθέρ
1522 930 1567 956 ας
1584 931 1604 952 κ
1617 917 1858 955 αθάπτεσθα
1873 935 1882 955 ι
1902 921 2003 968 λέγει.

1647 1004 1708 1041 82.

1218 1085 1322 1120 Idem
1350 1086 1389 1120 in
1405 1087 1450 1123 Il.
1475 1101 1511 1132 η,
1535 1100 1547 1121 1
1561 1101 1621 1135 71,
1646 1103 1683 1136 p.
1707 1091 1795 1136 674,
1813 1106 1835 1139 9
1854 1105 1861 1129 :
1881 1091 1954 1137 Τὴν
1979 1093 2012 1130 δὲ
2031 1096 2188 1145 ῥηθεῖσαν

1167 1141 1278 1178 αἰτίαν
1299 1146 1357 1178 τοῦ
1383 1141 1510 1193 κλήρου
1539 1144 1748 1182 ἀναπτύσσει
1780 1162 1843 1183 που
1871 1149 1928 1185 καὶ
1954 1153 1970 1187 ὃ
1996 1150 2185 1202 Ἀρριανὸς,

1165 1199 1274 1249 λέγων
1291 1198 1368 1250 περί
1383 1215 1470 1242 τινος
1487 1199 1537 1236 ὅτι
1553 1203 1598 1243 εἷς
1618 1203 1743 1253 κλῆρον
1761 1203 1836 1246 τοὺς
1854 1206 1943 1242 δεῖνα
1961 1207 2188 1246 καθίστασθαι

1167 1255 1314 1293 ἐδικαίου
1327 1286 1336 1303 ,
1355 1258 1390 1294 οὐ
1406 1257 1509 1293 θέλων
1524 1260 1569 1300 ὡς
1588 1258 1687 1310 γέρας
1707 1260 1787 1297 αὐτὸ
1807 1263 1854 1312 τῷ
1871 1262 1974 1314 ἑτέρῳ
1995 1266 2185 1314 ἀπονείμα-

1166 1318 1267 1363 σθαι,
1289 1314 1363 1352 οὐδὲ
1382 1317 1554 1364 ἀτιμῶσαι
1574 1316 1628 1353 τὸν
1646 1318 1682 1354 οὐ
1700 1319 1920 1369 προκριθέντα
1942 1322 1986 1362 εἷς
2006 1322 2132 1372 μάχην.

1219 1374 1324 1409 Idem
1350 1375 1387 1408 in
1410 1375 1453 1410 Il.
1475 1373 1519 1422 γ’,
1541 1381 1629 1419 204,
1658 1389 1697 1423 p.
1730 1376 1818 1422 405,
1852 1391 1892 1423 17
1925 1392 1932 1413 ε
1959 1378 2009 1415 Τὸ
2043 1378 2188 1430 ξεναγεῖν

1169 1428 1275 1481 (ὅπερ
1293 1429 1416 1467 ταύτόν
1444 1432 1515 1468 ἐστι
1542 1434 1590 1482 τῷ
1613 1432 1784 1483 προξενεῖν
1803 1436 1813 1483 )
1831 1437 1945 1486 γενικῇ
1973 1437 2151 1474 συντάσσει
2170 1441 2186 1475 ὁ

1168 1487 1354 1539 Ἀρριανός.
1775 1532 1778 1535 ,

1218 1548 1328 1594 Apud
1348 1548 1474 1594 Steph.
1491 1550 1575 1595 Byz.
1592 1562 1628 1583 v.
1648 1546 1794 1600 Ἄζωρος
1810 1564 1879 1597 pro
1897 1553 2042 1599 vulgata
2063 1552 2187 1603 (quam

1163 1606 1314 1639 retinuit
1341 1604 1663 1655 Wsestei·111a1111us)
1685 1605 1855 1656 Ἀρριανὸς
1884 1610 1962 1655 lege
1984 1607 2117 1651 Ῥιανὸς
2138 1611 2184 1658 (e

1164 1663 1249 1699 cod.
1272 1663 1431 1710 Rhedig.
1469 1671 1505 1698 et
1532 1665 1609 1699 aliis
1638 1665 1848 1713 nonnullis)
1871 1679 1919 1702 se.
1944 1667 1976 1701 ἐν
2010 1668 2184 1705 Θεσσαλι-

1164 1734 1243 1760 κοις.

1654 1828 1711 1859 80.

1202 1887 1351 1917 Arrianus
1368 1900 1374 1918 ε
1400 1899 1414 1913 «
1437 1889 1554 1918 Eorum
1572 1897 1643 1927 quae
1660 1890 1744 1919 recte
1758 1890 1789 1920 et
1803 1889 1948 1920 decenter
1973 1890 2099 1924 fiebant,
2118 1892 2186 1922 lau·

1161 1937 1273 1976 dator-3
1303 1947 1375 1977 quae
1397 1947 1498 1978 secus,
1512 1939 1543 1969 in
1560 1948 1696 1979 praesens
1710 1940 1814 1971 verbis
1840 1941 2055 1980 reprehensor,
2074 1941 2186 1973 deinde

1159 1989 1274 2020 vindex
1287 1989 1464 2021 exsistebat.
1481 2003 1494 2017 »
1642 2034 1682 2065 81

1200 2086 1348 2118 Arrianus
1355 2087 1449 2118 etiam
1458 2088 1590 2128 διφθέρας
1599 2087 1816 2127 καθάπτεσθαι,
1823 2088 1968 2129 pellibus
1978 2089 2086 2129 indui,
2095 2090 2182 2123 dicit.

1645 2144 1701 2174 82.

1201 2197 1286 2225 Hauc
1300 2204 1395 2235 quam
1408 2195 1473 2226 dixi
1493 2197 1662 2227 sortitionis
1683 2206 1810 2228 causam
1825 2197 1974 2228 Arrianus
1987 2207 2112 2238 quoque
2128 2199 2183 2230 ali-

1159 2246 1229 2275 cubi
1243 2247 1379 2285 explicat
1392 2246 1497 2277 (licens
1511 2248 1668 2286 quendam
1685 2249 1716 2278 in
1733 2250 1848 2279 sortem
1865 2250 1966 2279 certos
1985 2250 2108 2288 aliquos
2120 2259 2177 2281 vo-

1159 2296 1274 2327 candos
1296 2305 1361 2327 esse
1379 2298 1533 2329 censuisse
1545 2322 1553 2336 ‚
1574 2299 1657 2337 quod
1675 2299 1809 2329 noluerit
1823 2299 1912 2329 alteri
1944 2299 2003 2330 hoc
2029 2302 2181 2340 tanquam

1160 2347 1312 2379 honorem
1335 2349 1504 2387 assignari,
1530 2350 1663 2380 alterum
1693 2352 1799 2381 autem
1826 2350 1941 2380 offendi
1961 2360 1997 2381 eo
2016 2352 2099 2391 quod
2118 2352 2182 2391 ipse

1161 2399 1198 2429 ad
1214 2408 1347 2438 pugnam
1362 2400 1557 2430 subeundam
1569 2410 1629 2431 non
1645 2401 1781 2432 delectus
1795 2401 1843 2431 sit.

1200 2451 1338 2481 Verbum
1355 2452 1485 2489 ξεναγεῖν
1505 2452 1608 2490 (quod
1626 2452 1707 2483 idem
1730 2452 1883 2492 significat
1895 2453 1988 2491 atque
2008 2453 2180 2492 προξενεῖν)

1159 2503 1402 2542 genitivojungit
1415 2503 1572 2534 Arrianus.
