2289 3728
547 92 992 183 ARATUS
1053 98 1670 189 SICYONIUS.

78 463 212 508 Anon)
215 473 294 495 mus
306 460 344 494 in
359 460 432 495 Vit.
457 460 508 494 A1
510 466 558 494 ati
574 465 717 506 poetae:
741 455 810 494 Και
821 456 918 493 ἄλλοι
930 456 963 493 δὲ
978 458 1062 493 πολ-

27 518 79 555 λοι
96 517 274 568 γεγόνασιν
292 515 457 574 Ἄρατοι,
473 515 590 566 ἄνδρες
603 513 797 563 ἐλλόγιμοι“
791 515 1061 587 ιστοριργράφοι,

26 575 141 626 ὥσπερ
158 578 175 612 6
195 573 389 620 Κνίδιος,
404 577 440 610 06
458 572 618 624 φέρονται
637 571 916 622 Αἰγυπτιακὰ
941 575 1061 610 ἱστο-

28 650 44 686 ρ
57 649 123 671 ικα
139 632 375 703 συγγράμμ
387 647 407 667 α
420 647 469 668 τα
489 632 661 681 (aliunde
676 645 754 666 non
770 633 898 679 nota),
913 630 971 667 καὶ
987 631 1062 682 τρί-

25 707 79 734 τος
104 690 363 737 Σικυώνιος,
390 693 427 726 οὑ
445 691 534 726 ἐστιν
550 691 571 734 ἡ
591 688 900 731 πολύ6ι6λος’
892 689 1062 740 ιστορία

26 749 126 799 ὑπὲρ
155 748 253 786 τὰλ’
273 746 460 799 βιὸλία”
444 762 586 798 εχουσα.

77 809 340 844 Commentarii
354 808 457 842 Arati
476 807 522 842 de
538 806 677 841 foedere
700 807 862 841 Achaico
880 807 1001 853 deque
1021 807 1064 841 iis

25 868 182 902 maxime
192 867 303 901 rebus
313 878 393 912 quae
404 866 480 912 ipse
492 872 662 913 gesserat,
675 866 937 911 pertinuerunt
947 877 1063 911 usque

25 925 71 960 ad
91 926 150 963 Ol.
180 924 277 971 139,
308 928 328 966 4
357 924 415 958 vel
439 927 524 967 140,
560 936 573 957 1
602 922 696 970 (220
718 936 750 956 a.
774 920 842 971 C.)‚
861 935 936 969 quo
965 935 1062 958 anno

25 990 162 1031 praetor
184 983 407 1018 Achaeorum
434 981 482 1016 ad
512 981 678 1027 Caphyas
697 981 839 1015 cladem
854 994 976 1028 passus
995 989 1060 1016 est.

80 1041 256 1088 Polybius
274 1042 302 1085 Ι,
326 1039 364 1086 3,
390 1052 404 1074 1
428 1034 562 1088 εἌρξει
577 1036 612 1073 δὲ
627 1040 688 1082 τῆς
704 1037 944 1088 πραγματείας
963 1039 1060 1088 ἡμῖν,

27 1100 92 1136 τῶν
114 1096 175 1147 μὲν
197 1096 328 1149 χρόνων
346 1094 544 1145 Ὀλυμπιὰς
576 1095 743 1139 ἑκατοστή
764 1110 799 1131 τε
820 1095 878 1132 καὶ
894 1111 1063 1147 τετταρα-

27 1154 142 1200 κοστή·
157 1157 223 1191 τῶν
241 1152 275 1191 δὲ
293 1152 460 1204 πράξεων,
472 1152 568 1204 παρὰ
586 1152 648 1201 μὲν
662 1157 730 1194 τοῖς
742 1151 914 1198 ςἘλλησιν
929 1155 946 1189 6
963 1168 1064 1204 προσ-

27 1212 218 1264 αγορευθεὶς
238 1211 468 1262 Συμμαχικὸς
494 1210 662 1260 πόλεμος,
683 1210 719 1247 ὃν
744 1213 878 1262 πρῶτον
906 1210 1063 1262 ἐξήνεγκε

26 1273 98 1320 μετ’
120 1270 266 1321 Ἀχαιῶν
283 1268 367 1319 πρὸς
383 1268 558 1311 Αἰτωλοὺς
576 1268 767 1317 Φίλιππος,
782 1269 980 1320 Δημητρίου
1003 1269 1062 1318 μὲν

26 1328 114 1375 υἱὸς,
138 1327 252 1378 πατὴρ
269 1326 303 1364 δὲ
325 1327 502 1377 Περσέως·
533 1326 628 1378 παρὰ
644 1326 678 1363 δὲ
698 1332 766 1369 τοῖς
787 1327 848 1372 τὴν
866 1327 981 1364 Ἀσίαν
998 1345 1064 1365 κα*

25 1390 204 1432 τοικοῧσιν,
219 1385 326 1436 ὃπερι
344 1385 470 1431 Κοίλης
456 1385 629 1436 ςΣυρίας,
649 1384 685 1422 ὃν
700 1385 868 1435 Ἀντίοχος
889 1386 947 1423 καὶ
968 1389 1064 1424 Πτο-

24 1445 190 1494 λεμαιος
178 1460 194 1481 ο
218 1444 434 1494 Φιλοπάτωρ
449 1442 668 1493 ἐπολέμησαν
686 1443 768 1494 πρὸς
786 1443 953 1489 ἀλλήλους
965 1447 1010 1482 ‘gv
1029 1445 1063 1482 δὲ

26 1506 94 1546 τοῖς
109 1503 198 1540 κατὰ
212 1501 274 1548 τὴν
287 1502 439 1540 Ἰταλίαν
457 1502 515 1539 καὶ
531 1501 592 1548 τὴν
608 1501 741 1548 Λιῧύην
760 1502 890 1552 τόποις,
909 1504 1064 1546 ὃσυστὰς

26 1560 211 1611 Ῥωμαίοις
229 1560 287 1598 καὶ
303 1561 571 1612 Καρχηδονίοις,
592 1560 628 1598 ὃν
658 1564 688 1598 οἱ
708 1564 862 1599 πλεῖστοι
885 1577 1060 1613 προσαγο-

27 1620 177 1670 ρεύουσιν
191 1619 414 1657 Ἀννιὸιακόν.
436 1619 596 1658 Ταυταδ’
619 1619 691 1657 ἐστι
706 1623 832 1669 συνεχῆ
852 1621 920 1662 τοῖς
948 1623 1063 1658 τελευ-

26 1678 130 1721 ταίοις
159 1693 220 1724 της
237 1677 379 1729 Ἀράτου
396 1693 456 1715 του
478 1677 667 1716 Σικυωνίου
686 1677 809 1715 συντάῖ
797 1693 890 1721 .,.εως

78 1737 180 1772 Idem
206 1739 266 1781 ΙΙ,
290 1749 359 1782 2,1
393 1735 657 1780 εΚαλλίστην
645 1734 833 1772 υπόστασιν
855 1737 1063 1786 ὑπολαμὸά-

28 1809 138 1835 νοντες
158 1797 244 1830 εἰναι
276 1792 405 1839 ταύτην
441 1792 498 1830 διὰ
527 1792 566 1829 τὸ
576 1795 737 1844 ,πρῶτον
759 1793 821 1841 μὲν
841 1809 902 1839 την
923 1794 1063 1845 Ἀράτου

28 1850 182 1895 σύνταξιν
210 1851 266 1888 επὶ
296 1851 435 1893 τούτους
454 1851 703 1902 καταστρέφειν
728 1867 805 1894 τους
823 1851 960 1904 καιροὺς
982 1854 1060 1902 (Ol.

35 1912 116 1960 139,
136 1917 154 1953 l,
169 1909 177 1960 )
192 1941 202 1960 ,
223 1904 270 1952 οἷς
290 1910 516 1952 συνάπτοντες
532 1909 593 1955 τὴν
616 1909 786 1960 διήγησιν,
805 1909 862 1947 τὸν
882 1910 1063 1948 ἀκόλουθον

30 1968 112 2019 ὑπὲρ
133 1970 198 2004 τῶν
216 1967 393 2012 Ἑλλήνων
409 1967 610 2004 ἀποδιδόναι
626 1967 853 2018 προῃρήμεθα
870 1967 982 2017 λόγον.

81 2028 132 2063 De
165 2027 292 2062 indole
321 2028 676 2062 commentariorum
694 2027 924 2070 Plutarchus,
955 2029 1061 2064 Arat.

31 2099 63 2122 ιι.
90 2085 109 2120 3
130 2099 137 2120 :
157 2080 393 2134 Ἐνδεέστερον
413 2082 533 2128 ἴσωςῆ
563 2084 729 2133 πολιτικῷ
751 2086 925 2134 προσῆκον
942 2077 983 2129 ἦν
1001 2086 1063 2120 ἀν-

31 2142 82 2192 δρὶ
102 2141 180 2193 περὶ
196 2141 255 2179 τὸν
269 2141 368 2191 λόγον
387 2141 580 2178 ἐσπούδασε
603 2139 783 2191 (Ἄρατος)
798 2156 806 2163 ·
826 2140 938 2178 καίτοι
967 2157 1065 2192 γεγο-

30 2199 119 2236 νέναι
136 2198 347 2251 κομψότερον
364 2201 469 2236 εἰπεῖν
484 2198 505 2245 ἢ
524 2201 616 2236 δοκεῖ
635 2215 724 2236 τισιν
742 2201 779 2236 ἐκ
793 2201 859 2236 τῶν
880 2199 1064 2249 Ἵ“πομνη-

32 2258 148 2307 μάτων
187 2257 371 2309 κρίνουσιν,
398 2257 420 2294 ἃ
443 2256 623 2308 παρέργως
639 2257 698 2294 καὶ
718 2256 783 2294 ὑπὸ
803 2263 904 2308 χεῖρα
922 2257 977 2294 διὰ
998 2261 1064 2295 τῶν

31 2315 258 2366 ἐπιτυχόντων
272 2315 449 2364 ὀνομάτων
470 2315 753 2365 ἁμιλλησάμενος
776 2315 954 2355 κατέλιπε.

81 2375 212 2422 Polyb.
236 2376 291 2420 II,
313 2379 359 2417 40
373 2403 382 2421 ,
407 2380 426 2418 4
456 2389 463 2410 :
489 2375 567 2412 Τῶν
589 2373 704 2422 μέντοι
720 2389 758 2424 γε
780 2373 909 2426 Ἀράτῳ
937 2375 1065 2426 διῳκη-

36 2431 158 2481 μένων,
174 2432 234 2469 καὶ
250 2434 320 2479 ν’ὔν,
338 2432 397 2469 καὶ
418 2431 506 2482 μετὰ
527 2436 636 2469 ταῦτα
664 2432 780 2479 πάλιν,
801 2432 1065 2484 ἐπικεφαλαιού-

33 2506 125 2538 μενοι
146 2488 433 2539 μνησθησόμεθα,
466 2489 521 2526 διὰ
549 2490 587 2527 τὸ
607 2489 666 2527 καὶ
688 2490 766 2527 λίαν
802 2490 980 2537 ἀληθινοὺς
1007 2491 1064 2528 καὶ

33 2553 178 2600 σαφεῖς
166 2549 291 2584 εκεῒνον
308 2546 387 2599 περὶ
412 2549 478 2584 τῶν
509 2547 602 2584 ἰδίων
635 2547 878 2599 συντεταχέναι
908 2547 1063 2652 πράξεων

32 2605 375 2656 υπομνηματισμούς.

83 2666 187 2701 Idem
204 2667 255 2709 ΙΙ,
277 2670 356 2710 47:
377 2664 422 2701 Οἱ
442 2665 471 2700 δ’
493 2663 624 2715 Αχαιοι
640 2663 678 2701 τὸ
695 2663 756 2713 μὲν
776 2679 910 2715 πρωτον
930 2664 984 2701 διὰ
1004 2652 1064 2710 της

35 2721 119 2764 ἰδίας
138 2721 316 2770 δυνάμεως
337 2720 506 2771 ὥρμησαν
540 2722 789 2773 ἀντοφθαλμεῖν
806 2728 874 2765 τοῖς
894 2724 1064 2760 Λακεδαι-

36 2779 178 2830 μονίοις·
201 2778 275 2828 ἅμα
297 2778 358 2827 μὲν
374 2778 697 2827 ὑπολαμὸάνοντες,
717 2779 900 2817 κάλλιστον
922 2775 1007 2817 εἶναι
1026 2780 1064 2817 τὸ

36 2836 83 2886 μὴ
104 2837 144 2874 δι’
160 2836 282 2888 ἑτέρων
301 2836 396 2888 σφίσι
415 2837 612 2887 πορίζεσθαι
630 2836 691 2882 τὴν
707 2837 896 2889 σωτηρίαν,
912 2840 988 2875 ἀλλ’
1002 2840 1063 2875 αὖ·

34 2893 108 2937 τοὺς
129 2894 170 2932 δι’
196 2896 306 2931 αὐτῶν
327 2894 446 2938 σώζειν
465 2893 525 2936 τὰς
545 2894 659 2936 πόλεις
676 2894 734 2931 καὶ
751 2894 812 2939 τὴν
836 2894 952 2945 χώραν
966 2911 974 2918 ·
990 2895 1062 2944 ἅμα

36 2952 70 2990 δὲ
92 2952 290 3004 βουλόμενοι
311 2952 370 2990 καὶ
386 2951 448 2998 τὴν
461 2952 542 3004 πρὸς
562 2954 780 3001 Πτολεμαῖον
800 2955 913 3003 τηρεῖν
937 2953 1064 3004 φιλίαν,

37 3010 92 3047 διὰ
109 3010 168 3053 τὰς
184 3010 478 3062 προγεγενημένας
504 3011 720 3061 εὐεργεσίας,
740 3010 799 3047 καὶ
820 3010 867 3059 μὴ
886 3011 1065 3063 φαίνεσθαι

38 3068 121 3118 πρὸς
135 3070 265 3120 ἑτέρους
279 3067 480 3111 ἐκτείνοντες
496 3067 554 3110 τὰς
570 3073 701 3119 χεῖρας.
721 3065 814 3112 ’Ἤδη
840 3068 867 3104 δ’
888 3067 944 3104 ἐπὶ
960 3068 1064 3106 ποσὸν

38 3128 94 3160 τοῖ’)
111 3125 262 3171 πολέμου
273 3125 514 3176 προὸαίνοντος
527 3155 535 3172 ,
550 3125 609 3161 καὶ
633 3128 690 3161 τοῦ
716 3124 777 3174 μὲν
801 3126 1012 3175 Κλεομένους
1030 3126 1066 3163 τό

39 3196 74 3217 τε
94 3185 235 3233 πάτριον
252 3182 444 3232 πολίτευμα
472 3182 748 3229 καταλύσαντος,
766 3182 824 3219 καὶ
839 3182 900 3227 τὴν
928 3182 1065 3232 ἔννομον

42 3239 215 3288 βασιλείαν
234 3241 278 3283 εἷς
301 3240 481 3291 τυραννίδα
507 3241 803 3290 μεταστήσαντος,
824 3241 1001 3291 χρωμένου
1030 3241 1063 3278 δὲ

1122 458 1180 495 καὶ
1196 460 1244 495 τιΝ)
1268 459 1410 512 πολέμω
1430 465 1625 511 πρακτικιΝ)ς
1639 480 1696 502 και
1713 467 1937 518 παραῧόλως·
1958 470 2156 522 προορώμε-

1123 531 1175 558 νος
1190 515 1334 568 Ἄρατος
1353 518 1392 555 τὸ
1405 519 1541 567 μέλλον,
1561 523 1616 558 καὶ
1637 524 1751 567 δεδιως
1769 542 1830 571 την
1850 543 1885 563 τε
1903 529 1968 565 τῶν
1989 530 2155 567 Αἰτωλῶν

1123 573 1272 611 ἐπίνοιαν
1296 575 1354 611 καὶ
1376 576 1555 624 τόλμαν,
1538 594 1646 628 εκρινε
1681 582 1746 631 πρὸ
1770 585 1897 620 πολλου
1931 587 2155 635 λυμαίνεσθαι

1122 631 1183 677 τὴν
1201 632 1364 679 επιὸολῆν
1382 635 1506 670 αὐτῶν.
1545 638 1766 674 Κατανοῧν
1749 640 1782 676 οὲ
1801 642 1857 677 τὸν
1877 643 2064 693 Αντίγονον
2098 648 2155 683 καὶ

1123 689 1280 741 πρᾶξιν”
1263 705 1384 741 εχοντα
1402 707 1460 728 και
1473 691 1621 738 σύνεσιν,
1635 694 1692 731 καὶ
1705 696 1848 740 πίστεως
1863 701 2085 770 ρῖντιποιούμε
2089 720 2155 742 νον·

1122 747 1199 790 τοὺς
1219 747 1253 785 δὲ
1276 750 1427 798 βασιλεῖς
1444 752 1560 801 σαφῶς
1581 750 1699 800 εἷδως,
1720 753 1802 803 φύσε
1809 770 1892 803 ιυ;ν
1922 758 2037 795 οὐδένα
2059 762 2155 798 6011(-

1123 807 1240 849 ζοντας
1257 805 1332 843 οὔτε
1358 807 1475 859 εγθρὸν
1491 808 1568 845 οὔτε
1589 809 1700 859 φίλον,
1715 826 1788 853 ταις
1804 812 1837 848 δὲ
1854 817 1911 850 τοῦ
1930 831 2038 869 συυ.φε
2033 818 2156 868 ’ροντος

1123 863 1287 914 ψήφοις
1270 864 1321 901 αεὶ
1336 880 1543 916 μετρουντας
1557 866 1616 909 τὰς
1637 866 1760 918 ἔχθρας
1778 884 1836 905 και
1853 870 1910 912 τὰς
1928 873 2058 921 φιλίας·
2080 877 2158 912 ἐπε-

1124 922 1249 959 &Dim
1279 924 1396 960 λαλεῖν
1425 923 1509 974 πρὸς
1529 924 1585 961 τὸν
1619 925 1796 975 εἷρημενον
1817 929 1981 976 βασιλέα,
1999 946 2056 968 και
2073 949 2155 970 σου

1123 979 1258 1017 πλεκειν
1282 980 1341 1024 τὰς
1360 986 1496 1032 χεῖρας,
1518 982 1746 1019 ὑποδεικνύων
1769 986 1860 1021 αὐτι)
1882 985 1920 1022 τὸ
1937 989 2158 1040 συμῧηςόυε-

1123 1053 1177 1075 νον
1191 1040 1228 1075 ἐκ
1250 1041 1314 1075 τῶν
1329 1039 1558 1091 πραγμάτων.
1582 1041 1770 1089 Προδηλως
1788 1057 1848 1091 μεν
1864 1046 1920 1079 οὖν
1946 1046 2028 1082 αὐτὸ
2051 1063 2158 1098 πρατε

1123 1112 1191 1134 τειν
1212 1096 1408 1149 ἀσύμφορον
1431 1099 1552 1148 ἡγεῖτο
1572 1098 1628 1135 διὰ
1648 1099 1783 1142 πλείους
1804 1100 1928 1144 αἷτίας.
1947 1102 2016 1140 Τόν
2041 1120 2076 1141 τε
2094 1106 2158 1157 γὰρ

1127 1155 1328 1205 Κλεομένην
1350 1156 1409 1192 καὶ
1440 1155 1518 1199 τοὺς
1551 1157 1724 1200 Αἰτωλοὺς
1757 1160 2014 1209 ἀνταγωνιστας
2046 1178 2157 1214 παρα-

1125 1214 1299 1258 σκευάζειν
1322 1214 1446 1263 ἔμελλε
1471 1216 1556 1266 πρὸς
1578 1214 1640 1261 τὴν
1655 1215 1840 1262 ἐπιῦολην·
1862 1218 1936 1260 τούς
1961 1234 1997 1255 τε
2017 1220 2160 1262 πολλοὺς

1123 1275 1191 1310 τῶν
1212 1273 1362 1324 Ἀχαιῶν
1384 1273 1588 1325 διατρέψειν,
1603 1274 1826 1326 καταφεύγων
1841 1275 1897 1312 ἐπὶ
1910 1276 1986 1319 τοὺς
2004 1279 2156 1330 ἐχθροὺς,

1125 1347 1183 1368 και
1207 1332 1314 1370 δοκῶν
1333 1333 1562 1383 ὁλοσχερῶς
1545 1348 1611 1369 απε
1614 1332 1779 1383 γνωκέναι
1792 1332 1851 1375 τὰς
1876 1350 1910 1371 εν
1925 1336 2038 1378 αὐτοῖς
2054 1337 2158 1373 ἐλπί-

1125 1389 1200 1431 δας·
1216 1388 1299 1440 ὅπερ
1317 1388 1443 1434 ἣκιστα
1458 1389 1637 1441 φαίνεσθαι
1658 1390 1819 1442 πράττων
1835 1391 1956 1428 εοούλ’ε
1943 1407 2011 1429 ετο
2031 1393 2157 1445 Διόπερ

1126 1446 1213 1497 ἔχων
1232 1447 1394 1493 τοιαύτην
1413 1448 1584 1497 πρόθεσιν,
1611 1449 1745 1495 ἀδηλι)ς
1761 1449 1850 1487 αὐτὰ
1872 1451 2029 1488 διενοεῖτο
2051 1468 2090 1503 73
2097 1455 2158 1504 ιρί

1125 1506 1204 1548 ζειν.
1225 1505 1286 1549 Ἐξ
1301 1509 1337 1542 06
1354 1505 1467 1543 πολλὰ
1492 1506 1585 1557 παρὰ
1601 1507 1661 1552 τὴν
1690 1510 1811 1544 ἑαυτοῦ
1841 1524 1980 1557 γνωμην
2008 1526 2160 1561 ηναγκα-

1125 1565 1198 1606 ζετο
1229 1563 1287 1600 καὶ
1320 1563 1430 1613 λεγειν
1452 1578 1511 1600 και
1542 1565 1648 1600 ποιεῖν
1684 1580 1767 1616 προς
1799 1564 1876 1608 τοὺς
1898 1566 2010 1612 ἕκτος,
2041 1568 2082 1604 δι’
2112 1573 2158 1605 ὡν

1125 1621 1247 1669 ἔμελλε
1266 1637 1327 1666 την
1342 1621 1496 1658 ἐναντίαν
1518 1621 1664 1674 ἔμφασιν
1686 1623 1925 1670 ὑποδεικνύων,
1940 1624 2067 1670 ταύτην
2086 1628 2159 1663 ἐπι

1124 1677 1230 1729 κρύψε
1236 1679 1387 1723 σθαιτην
1406 1678 1612 1727 οἰκονομίαν
1630 1673 1698 1716 ΝΩν
1720 1679 1824 1731 χάριν
1850 1680 1922 1717 ἐνια
1940 1681 2067 1719 τούτων
2089 1684 2157 1720 ουδ’

1123 1738 1155 1773 ἐν
1171 1739 1237 1778 τοῖς
1252 1736 1502 1786 ὶποι11η1ασι
1519 1736 1702 1780 κατέταξεν

1178 1798 1264 1830 Haec
1281 1809 1395 1842 quum
1422 1798 1498 1843 ipse
1516 1798 1690 1843 Polybius
1710 1797 1816 1832 fateri
1835 1811 1871 1833 se
1903 1808 2071 1834 coactum
2102 1802 2156 1834 vi-

1125 1853 1230 1896 deat,
1256 1853 1361 1888 facile
1393 1861 1546 1900 apparet
1564 1867 1648 1888 cum
1668 1866 1785 1902 grano
1805 1857 1886 1890 salis
1916 1858 2153 1905 intelligenda

1125 1923 1218 1954 esse,
1251 1924 1331 1957 quae
1358 1911 1404 1946 de
1436 1909 1512 1946 λίαν
1552 1911 1721 1956 ἀληθινοῖς
1754 1914 1855 1947 Arati
1885 1917 2158 1949 commentariis

1124 1969 1223 2003 idem
1253 1970 1430 2016 Polybius
1459 1971 1496 2003 in
1527 1970 1829 2005 antecedentibus
1859 1970 1966 2008 dixit,
2003 1974 2056 2006 Ac
2096 1973 2155 2005 vix

1125 2027 1281 2060 dubium
1313 2039 1386 2061 esse
1406 2034 1546 2074 potest,
1572 2028 1663 2073 quin
1690 2028 1883 2062 historicus
1913 2030 2047 2062 Aratus
2066 2041 2156 2063 eun-

1124 2083 1209 2118 dem
1224 2097 1260 2118 se
1293 2085 1494 2119 ostenderit
1520 2086 1661 2129 virum,
1696 2098 1803 2131 quem
1833 2097 1877 2120 cx
1895 2086 1967 2120 vita
1989 2085 2067 2131 ejus
2095 2099 2153 2120 re-

1124 2141 1267 2188 busque
1284 2143 1389 2190 gestis
1403 2144 1486 2177 satis
1501 2142 1596 2177 bene
1614 2144 1796 2179 novimus.
1829 2143 2152 2188 Quemadmodum

1124 2212 1215 2234 vero
1246 2207 1388 2247 praetor
1417 2201 1638 2236 Achaeorum
1660 2202 1697 2235 in
1712 2201 1868 2248 Polybio
1890 2201 2007 2236 laudis
2034 2203 2157 2248 potius

1123 2270 1334 2304 praeconem
1366 2271 1476 2305 quam
1496 2258 1661 2304 judicem
1682 2259 1728 2293 ab
1746 2259 1847 2293 omni
1861 2259 1983 2294 studio
1999 2272 2155 2294 vacuum

1124 2323 1252 2351 nactus
1267 2318 1328 2361 sit,
1349 2318 1399 2351 sic
1432 2318 1541 2352 etiam
1561 2317 1726 2351 historici
1761 2318 1911 2351 virtutes
1941 2329 1961 2351 a
2000 2318 2156 2363 Polybio

1125 2374 1258 2409 eodem
1291 2375 1408 2409 modo
1435 2382 1661 2422 exaggerata}
1692 2375 1880 2418 videntur,
1916 2385 1992 2421 quo
2018 2374 2157 2420 injustis

1125 2434 1300 2467 conviciis
1311 2433 1560 2468 adversarium
1575 2434 1650 2479 ejus
1672 2434 2155 2480 persequiturPhylarchum

1125 2490 1134 2537 (
1153 2491 1207 2527 Cf.
1225 2492 1296 2528 Vit.
1315 2492 1508 2537 Phylarcli.
1525 2504 1565 2538 p.
1587 2489 1765 2539 LXXX).
1784 2492 1955 2526 Ceterum
1970 2491 2077 2525 adeas
2093 2493 2154 2537 qui

1125 2562 1169 2583 ex
1193 2549 1358 2596 professo
1375 2550 1473 2583 hunc
1489 2550 1613 2584 locum
1634 2556 1859 2593 tractarunt,
1883 2549 2008 2584 Lucas.
2040 2549 2158 2584 Ueber

1124 2607 1195 2639 Pol
1200 2620 1217 2645 ι
1220 2607 1253 2641 b.
1269 2608 1349 2640 Dar
1348 2608 1560 2651 itellmmd(
1553 2620 1581 2640 ’r
1587 2608 1724 2641 (εἰσίω
1726 2607 1763 2643 lt.
1777 2608 2058 2652 Bmzdeskriegs:
2074 2609 2156 2641 Καε-

1124 2665 1289 2711 'eigs’bbcl
1275 2677 1294 2691 ’
1314 2664 1433 2712 1827,
1449 2678 1488 2711 Ι).
1508 2663 1554 2698 55
1575 2678 1653 2711 s.qq
1672 2669 1740 2709 74·
1733 2692 1741 2708 ,
1762 2665 1946 2712 Helvving.
1970 2664 2096 2700 Gesclz.
2115 2666 2154 2698 d>

1124 2723 1208 2758 acle
1224 2724 1381 2758 Bmzdev.
1395 2725 1530 2769 Lemgo
1547 2722 1661 2770 1829·
1655 2750 1663 2766 ,
1682 2723 1902 2760 Meilccker,
1914 2723 2153 2757 Achaicorum

1126 2782 1208 2815 libri
1234 2789 1313 2817 tres.
1341 2750 1676 2827 Dmvn.v(lt.-1827‚
1708 2793 1743 2827 p.
1767 2780 1864 2825 4753
1896 2780 2154 2816 Brandtstaetei’

1128 2839 1258 2875 Gesclz.
1289 2840 1326 2873 (l.
1357 2840 1457 2875 oelol.
1490 2840 1648 2881 Bamlav,
1674 2846 1744 2874 etc.
1776 2839 1913 2881 Berlin,
1956 2838 2069 2881 1844,
2091 2841 2151 2885 qui

1124 2909 1162 2943 p.
1186 2897 1258 2931 206
1280 2897 1405 2931 laudat
1420 2897 1567 2932 Luchiii
1592 2898 1820 2943 Programm.
1841 2897 1956 2932 schol.
1975 2898 2030 2930 De
2049 2899 2155 2931 Armi

1124 2956 1267 2999 Sicyon.
1289 2956 1571 2990 Commentariis
1588 2955 1702 3004 (Kiel.
1730 2952 1824 2988 1838
1837 2954 1872 3002 ),
1899 2966 1974 3000 quo
1994 2955 2047 2987 uti
2064 2954 2152 2987 mihi

1124 3026 1202 3047 non
1221 3014 1334 3049 licuit.

1178 3072 1250 3117 Ap.
1264 3071 1369 3105 Phot.
1386 3070 1481 3105 Bibl.
1500 3070 1585 3107 cod.
1604 3069 1694 3115 160,
1707 3082 1745 3116 p.
1762 3073 1846 3112 104,
1861 3068 1907 3103 30
1921 3069 2034 3105 Bekk.
2051 3071 2149 3103 Arati

1126 3129 1287 3175 Sicyonii
1308 3128 1477 3162 Historiae
1497 3128 1592 3162 intcr
1613 3128 1730 3161 fontes
1758 3133 2023 3169 memorantur,

1126 3187 1283 3231 Sopater
1304 3185 1350 3219 ad
1372 3185 1703 3219 consummandum
1726 3183 1901 3231 Ἔκλογῖὔν
1922 3184 2056 3217 librum
2078 3195 2146 3216 1111«

2058 3139 2150 3172 (IUOS

1127 3244 1311 3278 decimum
1326 3243 1546 3278 adhibuerit.
