<?xml version="1.0" encoding="UTF-8"?>
<!DOCTYPE html PUBLIC "-//W3C//DTD XHTML 1.0 Transitional//EN"
    "http://www.w3.org/TR/xhtml1/DTD/xhtml1-transitional.dtd">
<html xmlns="http://www.w3.org/1999/xhtml" xml:lang="en" lang="en">
 <head>
  <title>
</title>
<meta http-equiv="Content-Type" content="text/html;charset=utf-8" />
  <meta name='ocr-system' content='tesseract 3.04.00' />
  <meta name='ocr-capabilities' content='ocr_page ocr_carea ocr_par ocr_line ocrx_word'/>
</head>
<body>
  <div class='ocr_page' id='page_1' title='image "./fragmentahistori03mueluoft_0626.png"; bbox 0 0 2338 3765; ppageno 0'>
   <div class='ocr_carea' id='block_1_1' title="bbox 163 141 237 174">
    <p class='ocr_par' dir='ltr' id='par_1_1' title="bbox 163 141 237 174">
     <span class='ocr_line' id='line_1_1' title="bbox 163 141 237 174; baseline -0.014 0"><span class='ocrx_word' id='word_1_1' title='bbox 163 141 237 174; x_wconf 84' lang='grc'><strong>616</strong></span> 
     </span>
    </p>
   </div>
   <div class='ocr_carea' id='block_1_2' title="bbox 162 220 1198 1194">
    <p class='ocr_par' dir='ltr' id='par_1_2' title="bbox 162 220 1198 1194">
     <span class='ocr_line' id='line_1_2' title="bbox 164 220 1190 276; baseline 0.001 -18"><span class='ocrx_word' id='word_1_2' title='bbox 164 221 246 259; x_wconf 88' lang='grc' dir='ltr'>σίων</span> <span class='ocrx_word' id='word_1_3' title='bbox 268 222 493 257; x_wconf 76' lang='grc' dir='ltr'>ὑπασπιστῶν</span> <span class='ocrx_word' id='word_1_4' title='bbox 513 226 645 271; x_wconf 79' lang='grc' dir='ltr'>φυγεῖν,</span> <span class='ocrx_word' id='word_1_5' title='bbox 666 221 789 258; x_wconf 81' lang='grc' dir='ltr'>ἐκεῖθεν</span> <span class='ocrx_word' id='word_1_6' title='bbox 808 220 842 257; x_wconf 80' lang='grc' dir='ltr'><strong>δὲ</strong></span> <span class='ocrx_word' id='word_1_7' title='bbox 860 220 958 258; x_wconf 88' lang='grc' dir='ltr'>πόλιν</span> <span class='ocrx_word' id='word_1_8' title='bbox 977 224 1022 265; x_wconf 88' lang='grc' dir='ltr'><strong>εἷς</strong></span> <span class='ocrx_word' id='word_1_9' title='bbox 1041 222 1190 276; x_wconf 82' lang='grc' dir='ltr'>Ἔφεσον</span> 
     </span>
     <span class='ocr_line' id='line_1_3' title="bbox 163 276 1192 330; baseline 0.004 -14"><span class='ocrx_word' id='word_1_10' title='bbox 163 278 355 327; x_wconf 75' lang='grc' dir='ltr'>ἀναγκάσαι</span> <span class='ocrx_word' id='word_1_11' title='bbox 373 277 577 321; x_wconf 78' lang='grc' dir='ltr'>ὑπεξελθεῖν.</span> <span class='ocrx_word' id='word_1_12' title='bbox 596 277 639 315; x_wconf 79' lang='lat' dir='ltr'><strong>‘O</strong></span> <span class='ocrx_word' id='word_1_13' title='bbox 660 276 694 314; x_wconf 77' lang='grc' dir='ltr'><strong>δὲ</strong></span> <span class='ocrx_word' id='word_1_14' title='bbox 710 277 869 320; x_wconf 84' lang='grc' dir='ltr'>Ἀκείλιος</span> <span class='ocrx_word' id='word_1_15' title='bbox 891 279 1037 318; x_wconf 86' lang='grc' dir='ltr'>Κάτωνα</span> <span class='ocrx_word' id='word_1_16' title='bbox 1059 281 1120 330; x_wconf 83' lang='grc' dir='ltr'><strong>μὲν</strong></span> <span class='ocrx_word' id='word_1_17' title='bbox 1147 285 1192 324; x_wconf 85' lang='grc' dir='ltr'><strong>εἷς</strong></span> 
     </span>
     <span class='ocr_line' id='line_1_4' title="bbox 162 334 1192 385; baseline 0.005 -12"><span class='ocrx_word' id='word_1_18' title='bbox 162 335 307 385; x_wconf 80' lang='grc' dir='ltr'>Ἱ)ώμην</span> <span class='ocrx_word' id='word_1_19' title='bbox 329 334 526 372; x_wconf 82' lang='grc' dir='ltr'>ἀπέστειλεν</span> <span class='ocrx_word' id='word_1_20' title='bbox 547 336 808 384; x_wconf 70' lang='grc' dir='ltr'>ἀπαγγελοῦντα</span> <span class='ocrx_word' id='word_1_21' title='bbox 824 335 885 381; x_wconf 77' lang='grc' dir='ltr'><strong>τὴν</strong></span> <span class='ocrx_word' id='word_1_22' title='bbox 905 336 1014 383; x_wconf 86' lang='grc' dir='ltr'>νίκην,</span> <span class='ocrx_word' id='word_1_23' title='bbox 1038 339 1136 383; x_wconf 82' lang='grc' dir='ltr'>αὐτὸς</span> <span class='ocrx_word' id='word_1_24' title='bbox 1158 340 1192 378; x_wconf 78' lang='grc' dir='ltr'><strong>δὲ</strong></span> 
     </span>
     <span class='ocr_line' id='line_1_5' title="bbox 165 391 1193 443; baseline 0.007 -15"><span class='ocrx_word' id='word_1_25' title='bbox 165 394 219 428; x_wconf 81' lang='grc' dir='ltr'><strong>ἐπ’</strong></span> <span class='ocrx_word' id='word_1_26' title='bbox 250 392 424 434; x_wconf 76' lang='grc' dir='ltr'>Αἰτωλοὺς</span> <span class='ocrx_word' id='word_1_27' title='bbox 443 394 518 429; x_wconf 81' lang='grc' dir='ltr'>καθ’</span> <span class='ocrx_word' id='word_1_28' title='bbox 541 391 749 442; x_wconf 44' lang='grc' dir='ltr'>(Ηράκλειαν</span> <span class='ocrx_word' id='word_1_29' title='bbox 771 393 1007 443; x_wconf 81' lang='grc' dir='ltr'>ἐστράτευσεν,</span> <span class='ocrx_word' id='word_1_30' title='bbox 1025 395 1066 441; x_wconf 82' lang='grc' dir='ltr'><strong>ἣν</strong></span> <span class='ocrx_word' id='word_1_31' title='bbox 1086 397 1120 441; x_wconf 78' lang='grc' dir='ltr'><strong>ἐξ</strong></span> <span class='ocrx_word' id='word_1_32' title='bbox 1137 399 1193 434; x_wconf 83' lang='grc' dir='ltr'><strong>εὖ·</strong></span> 
     </span>
     <span class='ocr_line' id='line_1_6' title="bbox 166 449 1195 506; baseline 0.007 -21"><span class='ocrx_word' id='word_1_33' title='bbox 166 452 293 501; x_wconf 76' lang='grc' dir='ltr'>μαροῧς</span> <span class='ocrx_word' id='word_1_34' title='bbox 313 449 448 488; x_wconf 68' lang='grc' dir='ltr'>ἔλαὸεν.</span> <span class='ocrx_word' id='word_1_35' title='bbox 471 449 530 487; x_wconf 80' lang='grc' dir='ltr'><strong>Ἐν</strong></span> <span class='ocrx_word' id='word_1_36' title='bbox 552 449 586 486; x_wconf 78' lang='grc' dir='ltr'><strong>δὲ</strong></span> <span class='ocrx_word' id='word_1_37' title='bbox 603 452 644 500; x_wconf 73' lang='grc' dir='ltr'><strong>τῇ</strong></span> <span class='ocrx_word' id='word_1_38' title='bbox 665 449 854 501; x_wconf 78' lang='grc' dir='ltr'>παρατάξει</span> <span class='ocrx_word' id='word_1_39' title='bbox 870 455 912 503; x_wconf 77' lang='grc' dir='ltr'><strong>τῇ</strong></span> <span class='ocrx_word' id='word_1_40' title='bbox 928 453 1092 505; x_wconf 81' lang='grc' dir='ltr'>γενομένῃ</span> <span class='ocrx_word' id='word_1_41' title='bbox 1113 455 1195 506; x_wconf 81' lang='grc' dir='ltr'>πρὸς</span> 
     </span>
     <span class='ocr_line' id='line_1_7' title="bbox 164 507 1196 562; baseline 0.005 -18"><span class='ocrx_word' id='word_1_42' title='bbox 164 507 334 557; x_wconf 75' lang='grc' dir='ltr'>Ἀντίοχον</span> <span class='ocrx_word' id='word_1_43' title='bbox 352 509 385 544; x_wconf 82' lang='grc' dir='ltr'><strong>ἐν</strong></span> <span class='ocrx_word' id='word_1_44' title='bbox 402 507 647 558; x_wconf 80' lang='grc' dir='ltr'>Θερμοπύλαις</span> <span class='ocrx_word' id='word_1_45' title='bbox 661 508 913 558; x_wconf 68' lang='grc' dir='ltr'>ἐπιφανέστατα</span> <span class='ocrx_word' id='word_1_46' title='bbox 926 516 1052 559; x_wconf 87' lang='grc' dir='ltr'>σημεῖα</span> <span class='ocrx_word' id='word_1_47' title='bbox 1065 513 1196 562; x_wconf 78' lang='grc' dir='ltr'>ἐγένετο</span> 
     </span>
     <span class='ocr_line' id='line_1_8' title="bbox 164 563 1193 618; baseline 0.002 -15"><span class='ocrx_word' id='word_1_48' title='bbox 164 564 364 614; x_wconf 83' lang='grc' dir='ltr'>Ῥωμαίοις.</span> <span class='ocrx_word' id='word_1_49' title='bbox 385 563 628 616; x_wconf 78' lang='grc' dir='ltr'>Ἐπιφανέντος</span> <span class='ocrx_word' id='word_1_50' title='bbox 641 564 705 616; x_wconf 84' lang='grc' dir='ltr'><strong>γὰρ</strong></span> <span class='ocrx_word' id='word_1_51' title='bbox 720 565 892 617; x_wconf 74' lang='grc' dir='ltr'>Ἀντιόχου</span> <span class='ocrx_word' id='word_1_52' title='bbox 908 566 965 603; x_wconf 80' lang='grc' dir='ltr'><strong>καὶ</strong></span> <span class='ocrx_word' id='word_1_53' title='bbox 981 567 1140 618; x_wconf 78' lang='grc' dir='ltr'>φυγόντος</span> <span class='ocrx_word' id='word_1_54' title='bbox 1152 572 1193 618; x_wconf 72' lang='grc' dir='ltr'><strong>τῇ</strong></span> 
     </span>
     <span class='ocr_line' id='line_1_9' title="bbox 164 621 1195 677; baseline 0.004 -18"><span class='ocrx_word' id='word_1_55' title='bbox 164 622 307 672; x_wconf 84' lang='grc' dir='ltr'>ἐπιούσῃ</span> <span class='ocrx_word' id='word_1_56' title='bbox 324 621 439 674; x_wconf 80' lang='grc' dir='ltr'>ἡμέρα</span> <span class='ocrx_word' id='word_1_57' title='bbox 453 621 602 671; x_wconf 81' lang='grc' dir='ltr'>ἐγίνοντο</span> <span class='ocrx_word' id='word_1_58' title='bbox 619 624 648 659; x_wconf 77' lang='grc' dir='ltr'>οἱ</span> <span class='ocrx_word' id='word_1_59' title='bbox 663 621 833 671; x_wconf 60' lang='grc' dir='ltr'><strong>εΡωμαῖοι</strong></span> <span class='ocrx_word' id='word_1_60' title='bbox 850 624 927 676; x_wconf 80' lang='grc' dir='ltr'>περὶ</span> <span class='ocrx_word' id='word_1_61' title='bbox 942 625 1112 677; x_wconf 83' lang='grc' dir='ltr'>ἀναίρεσιν</span> <span class='ocrx_word' id='word_1_62' title='bbox 1130 629 1195 663; x_wconf 83' lang='grc' dir='ltr'><strong>τῶν</strong></span> 
     </span>
     <span class='ocr_line' id='line_1_10' title="bbox 165 680 1195 734; baseline 0.005 -18"><span class='ocrx_word' id='word_1_63' title='bbox 165 681 203 717; x_wconf 80' lang='grc' dir='ltr'><strong>ἐκ</strong></span> <span class='ocrx_word' id='word_1_64' title='bbox 225 682 286 725; x_wconf 73' lang='grc' dir='ltr'><strong>τῆς</strong></span> <span class='ocrx_word' id='word_1_65' title='bbox 306 680 468 731; x_wconf 78' lang='grc' dir='ltr'>σφετέρας</span> <span class='ocrx_word' id='word_1_66' title='bbox 488 680 664 729; x_wconf 86' lang='grc' dir='ltr'>δυνάμεως</span> <span class='ocrx_word' id='word_1_67' title='bbox 684 681 913 718; x_wconf 80' lang='grc' dir='ltr'>πεπτωκότων</span> <span class='ocrx_word' id='word_1_68' title='bbox 934 682 992 718; x_wconf 77' lang='grc' dir='ltr'><strong>καὶ</strong></span> <span class='ocrx_word' id='word_1_69' title='bbox 1014 683 1090 734; x_wconf 80' lang='grc' dir='ltr'>περὶ</span> <span class='ocrx_word' id='word_1_70' title='bbox 1111 685 1195 720; x_wconf 89' lang='grc' dir='ltr'>συλ-</span> 
     </span>
     <span class='ocr_line' id='line_1_11' title="bbox 164 736 1194 790; baseline 0.004 -17"><span class='ocrx_word' id='word_1_71' title='bbox 164 736 268 787; x_wconf 78' lang='grc' dir='ltr'>λογὴν</span> <span class='ocrx_word' id='word_1_72' title='bbox 284 736 444 789; x_wconf 82' lang='grc' dir='ltr'>λαφύρων</span> <span class='ocrx_word' id='word_1_73' title='bbox 462 753 499 775; x_wconf 89' lang='grc' dir='ltr'><strong>τε</strong></span> <span class='ocrx_word' id='word_1_74' title='bbox 524 738 582 775; x_wconf 83' lang='grc' dir='ltr'><strong>καὶ</strong></span> <span class='ocrx_word' id='word_1_75' title='bbox 609 737 742 775; x_wconf 84' lang='grc' dir='ltr'>σκύλων</span> <span class='ocrx_word' id='word_1_76' title='bbox 763 739 821 776; x_wconf 81' lang='grc' dir='ltr'><strong>καὶ</strong></span> <span class='ocrx_word' id='word_1_77' title='bbox 841 739 1085 790; x_wconf 72' lang='grc' dir='ltr'>αἰχμαλώτων.</span> <span class='ocrx_word' id='word_1_78' title='bbox 1109 741 1194 778; x_wconf 81' lang='grc' dir='ltr'>Βού-</span> 
     </span>
     <span class='ocr_line' id='line_1_12' title="bbox 165 794 1197 848; baseline 0.003 -16"><span class='ocrx_word' id='word_1_79' title='bbox 165 797 295 845; x_wconf 89' lang='grc' dir='ltr'>πλαγος</span> <span class='ocrx_word' id='word_1_80' title='bbox 316 794 352 831; x_wconf 87' lang='grc' dir='ltr'>δέ</span> <span class='ocrx_word' id='word_1_81' title='bbox 371 811 438 841; x_wconf 87' lang='grc' dir='ltr'>τις,</span> <span class='ocrx_word' id='word_1_82' title='bbox 459 797 526 832; x_wconf 83' lang='grc' dir='ltr'><strong>τῶν</strong></span> <span class='ocrx_word' id='word_1_83' title='bbox 548 795 616 833; x_wconf 76' lang='grc' dir='ltr'><strong>ἀπὸ</strong></span> <span class='ocrx_word' id='word_1_84' title='bbox 641 796 767 847; x_wconf 83' lang='grc' dir='ltr'>Συρίας</span> <span class='ocrx_word' id='word_1_85' title='bbox 785 796 981 848; x_wconf 77' lang='grc' dir='ltr'>ἱππάρχης,</span> <span class='ocrx_word' id='word_1_86' title='bbox 1007 797 1197 847; x_wconf 80' lang='grc' dir='ltr'>τιμώμενος</span> 
     </span>
     <span class='ocr_line' id='line_1_13' title="bbox 165 853 1197 906; baseline 0.002 -16"><span class='ocrx_word' id='word_1_87' title='bbox 165 853 262 905; x_wconf 81' lang='grc' dir='ltr'>παρὰ</span> <span class='ocrx_word' id='word_1_88' title='bbox 285 856 334 904; x_wconf 76' lang='grc' dir='ltr'><strong>τῷ</strong></span> <span class='ocrx_word' id='word_1_89' title='bbox 357 854 492 903; x_wconf 85' lang='grc' dir='ltr'>βασιλεῖ</span> <span class='ocrx_word' id='word_1_90' title='bbox 509 853 688 905; x_wconf 75' lang='grc' dir='ltr'>Ἀντιόχῳ,</span> <span class='ocrx_word' id='word_1_91' title='bbox 706 853 806 891; x_wconf 80' lang='grc' dir='ltr'>ἔπεσε</span> <span class='ocrx_word' id='word_1_92' title='bbox 834 855 893 892; x_wconf 83' lang='grc' dir='ltr'><strong>καὶ</strong></span> <span class='ocrx_word' id='word_1_93' title='bbox 918 856 1016 899; x_wconf 77' lang='grc' dir='ltr'>αὐτὸς</span> <span class='ocrx_word' id='word_1_94' title='bbox 1038 856 1197 906; x_wconf 75' lang='grc' dir='ltr'>γενναίως</span> 
     </span>
     <span class='ocr_line' id='line_1_14' title="bbox 168 910 1196 963; baseline 0.002 -15"><span class='ocrx_word' id='word_1_95' title='bbox 168 911 434 961; x_wconf 88' lang='grc' dir='ltr'>ἀγωνισάμενος.</span> <span class='ocrx_word' id='word_1_96' title='bbox 456 911 724 963; x_wconf 82' lang='grc' dir='ltr'>Ἀναιρουμένων</span> <span class='ocrx_word' id='word_1_97' title='bbox 745 910 779 948; x_wconf 81' lang='grc' dir='ltr'><strong>δὲ</strong></span> <span class='ocrx_word' id='word_1_98' title='bbox 796 914 862 949; x_wconf 73' lang='grc' dir='ltr'><strong>τῶν</strong></span> <span class='ocrx_word' id='word_1_99' title='bbox 884 912 1067 962; x_wconf 81' lang='grc' dir='ltr'>Ῥωμαίων</span> <span class='ocrx_word' id='word_1_100' title='bbox 1086 913 1196 950; x_wconf 84' lang='grc' dir='ltr'>πάντα</span> 
     </span>
     <span class='ocr_line' id='line_1_15' title="bbox 167 968 1198 1021; baseline 0.001 -15"><span class='ocrx_word' id='word_1_101' title='bbox 167 968 210 1006; x_wconf 80' lang='grc' dir='ltr'><strong>τὰ</strong></span> <span class='ocrx_word' id='word_1_102' title='bbox 230 970 340 1006; x_wconf 76' lang='grc' dir='ltr'>σκῦλα</span> <span class='ocrx_word' id='word_1_103' title='bbox 357 968 415 1006; x_wconf 81' lang='grc' dir='ltr'><strong>καὶ</strong></span> <span class='ocrx_word' id='word_1_104' title='bbox 433 968 602 1018; x_wconf 78' lang='grc' dir='ltr'>μεσούσης</span> <span class='ocrx_word' id='word_1_105' title='bbox 618 972 677 1015; x_wconf 72' lang='grc' dir='ltr'><strong>τῆς</strong></span> <span class='ocrx_word' id='word_1_106' title='bbox 695 969 842 1021; x_wconf 80' lang='grc' dir='ltr'>ἡμέρας,</span> <span class='ocrx_word' id='word_1_107' title='bbox 859 970 982 1017; x_wconf 79' lang='grc' dir='ltr'>ἀνέστη</span> <span class='ocrx_word' id='word_1_108' title='bbox 999 974 1016 1008; x_wconf 87' lang='grc' dir='ltr'>ὁ</span> <span class='ocrx_word' id='word_1_109' title='bbox 1038 971 1198 1009; x_wconf 78' lang='grc' dir='ltr'>Βούπλα-</span> 
     </span>
     <span class='ocr_line' id='line_1_16' title="bbox 167 1026 1195 1079; baseline 0.002 -15"><span class='ocrx_word' id='word_1_110' title='bbox 167 1042 225 1076; x_wconf 87' lang='grc' dir='ltr'><strong>γος</strong></span> <span class='ocrx_word' id='word_1_111' title='bbox 243 1029 281 1064; x_wconf 80' lang='grc' dir='ltr'><strong>ἐκ</strong></span> <span class='ocrx_word' id='word_1_112' title='bbox 302 1029 368 1063; x_wconf 79' lang='grc' dir='ltr'><strong>τῶν</strong></span> <span class='ocrx_word' id='word_1_113' title='bbox 389 1029 528 1078; x_wconf 82' lang='grc' dir='ltr'>νεκρῶν,</span> <span class='ocrx_word' id='word_1_114' title='bbox 549 1026 637 1078; x_wconf 71' lang='grc' dir='ltr'>ἔχων</span> <span class='ocrx_word' id='word_1_115' title='bbox 653 1027 836 1079; x_wconf 86' lang='grc' dir='ltr'>τραύματα</span> <span class='ocrx_word' id='word_1_116' title='bbox 859 1027 941 1064; x_wconf 82' lang='grc' dir='ltr'>δέκα</span> <span class='ocrx_word' id='word_1_117' title='bbox 960 1027 1034 1075; x_wconf 81' lang='grc' dir='ltr'>δύο,</span> <span class='ocrx_word' id='word_1_118' title='bbox 1055 1028 1112 1066; x_wconf 79' lang='grc' dir='ltr'><strong>καὶ</strong></span> <span class='ocrx_word' id='word_1_119' title='bbox 1129 1044 1195 1065; x_wconf 85' lang='grc' dir='ltr'><strong>πα-</strong></span> 
     </span>
     <span class='ocr_line' id='line_1_17' title="bbox 170 1084 1198 1136; baseline 0.001 -14"><span class='ocrx_word' id='word_1_120' title='bbox 170 1084 392 1136; x_wconf 80' lang='grc' dir='ltr'>ραγενόμενος</span> <span class='ocrx_word' id='word_1_121' title='bbox 409 1086 454 1127; x_wconf 88' lang='grc' dir='ltr'><strong>εἷς</strong></span> <span class='ocrx_word' id='word_1_122' title='bbox 469 1085 507 1121; x_wconf 83' lang='grc' dir='ltr'><strong>τὸ</strong></span> <span class='ocrx_word' id='word_1_123' title='bbox 525 1085 752 1135; x_wconf 83' lang='grc' dir='ltr'>στρατόπεδον</span> <span class='ocrx_word' id='word_1_124' title='bbox 770 1086 881 1122; x_wconf 79' lang='grc' dir='ltr'>αὐτῶν</span> <span class='ocrx_word' id='word_1_125' title='bbox 899 1087 1015 1123; x_wconf 81' lang='grc' dir='ltr'>ἀνεῖπε</span> <span class='ocrx_word' id='word_1_126' title='bbox 1031 1088 1139 1136; x_wconf 72' lang='grc' dir='ltr'>λεπτῇ</span> <span class='ocrx_word' id='word_1_127' title='bbox 1157 1089 1198 1136; x_wconf 78' lang='grc' dir='ltr'><strong>τῇ</strong></span> 
     </span>
     <span class='ocr_line' id='line_1_18' title="bbox 170 1142 671 1194; baseline 0 -14"><span class='ocrx_word' id='word_1_128' title='bbox 170 1145 265 1194; x_wconf 80' lang='grc' dir='ltr'>φωνῇ</span> <span class='ocrx_word' id='word_1_129' title='bbox 286 1142 406 1180; x_wconf 79' lang='grc' dir='ltr'>τούσδε</span> <span class='ocrx_word' id='word_1_130' title='bbox 425 1142 501 1185; x_wconf 79' lang='grc' dir='ltr'>τοὺς</span> <span class='ocrx_word' id='word_1_131' title='bbox 521 1142 671 1194; x_wconf 79' lang='grc' dir='ltr'>στίχους·</span> 
     </span>
    </p>
   </div>
   <div class='ocr_carea' id='block_1_3' title="bbox 248 1239 1082 1463">
    <p class='ocr_par' dir='ltr' id='par_1_3' title="bbox 248 1239 1082 1463">
     <span class='ocr_line' id='line_1_19' title="bbox 249 1239 1073 1280; baseline 0.001 -11"><span class='ocrx_word' id='word_1_132' title='bbox 249 1240 372 1270; x_wconf 79' lang='grc' dir='ltr'>Παῦσαι</span> <span class='ocrx_word' id='word_1_133' title='bbox 389 1239 543 1269; x_wconf 75' lang='grc' dir='ltr'>σκυλεύων</span> <span class='ocrx_word' id='word_1_134' title='bbox 560 1241 687 1280; x_wconf 82' lang='grc' dir='ltr'>στρατὸν</span> <span class='ocrx_word' id='word_1_135' title='bbox 702 1241 783 1276; x_wconf 57' lang='lat' dir='ltr'><strong>&amp;mog</strong></span> <span class='ocrx_word' id='word_1_136' title='bbox 801 1242 841 1276; x_wconf 87' lang='grc' dir='ltr'><strong>εἰς</strong></span> <span class='ocrx_word' id='word_1_137' title='bbox 854 1240 949 1280; x_wconf 73' lang='grc' dir='ltr'>χθόνα</span> <span class='ocrx_word' id='word_1_138' title='bbox 963 1240 1073 1280; x_wconf 77' lang='grc' dir='ltr'>βάντα·</span> 
     </span>
     <span class='ocr_line' id='line_1_20' title="bbox 248 1285 1053 1327; baseline 0.002 -12"><span class='ocrx_word' id='word_1_139' title='bbox 248 1285 305 1321; x_wconf 78' lang='grc' dir='ltr'><strong>ἢδη</strong></span> <span class='ocrx_word' id='word_1_140' title='bbox 316 1286 373 1324; x_wconf 82' lang='grc' dir='ltr'><strong>γὰρ</strong></span> <span class='ocrx_word' id='word_1_141' title='bbox 389 1285 533 1324; x_wconf 76' lang='grc' dir='ltr'>Κρονίδης</span> <span class='ocrx_word' id='word_1_142' title='bbox 547 1290 660 1326; x_wconf 79' lang='grc' dir='ltr'>νεμεσᾷ</span> <span class='ocrx_word' id='word_1_143' title='bbox 673 1287 743 1322; x_wconf 71' lang='grc' dir='ltr'>Ζεὺς</span> <span class='ocrx_word' id='word_1_144' title='bbox 761 1287 892 1327; x_wconf 83' lang='grc' dir='ltr'>μέρμερα</span> <span class='ocrx_word' id='word_1_145' title='bbox 905 1288 1053 1324; x_wconf 82' lang='grc' dir='ltr'>λεύσσων,</span> 
     </span>
     <span class='ocr_line' id='line_1_21' title="bbox 250 1331 1014 1372; baseline 0 -11"><span class='ocrx_word' id='word_1_146' title='bbox 250 1331 348 1370; x_wconf 85' lang='grc' dir='ltr'>μηνίει</span> <span class='ocrx_word' id='word_1_147' title='bbox 362 1332 392 1362; x_wconf 80' lang='grc' dir='ltr'><strong>δὲ</strong></span> <span class='ocrx_word' id='word_1_148' title='bbox 409 1331 490 1371; x_wconf 71' lang='grc' dir='ltr'>φόνῳ</span> <span class='ocrx_word' id='word_1_149' title='bbox 505 1336 644 1371; x_wconf 77' lang='grc' dir='ltr'>στρατιᾶς</span> <span class='ocrx_word' id='word_1_150' title='bbox 659 1334 710 1363; x_wconf 84' lang='grc' dir='ltr'><strong>καὶ</strong></span> <span class='ocrx_word' id='word_1_151' title='bbox 728 1336 825 1363; x_wconf 83' lang='grc' dir='ltr'>σοῖσιν</span> <span class='ocrx_word' id='word_1_152' title='bbox 839 1334 884 1363; x_wconf 82' lang='grc' dir='ltr'><strong>ἐπ’</strong></span> <span class='ocrx_word' id='word_1_153' title='bbox 899 1333 994 1372; x_wconf 58' lang='grc' dir='ltr'>ἔργοις</span> <span class='ocrx_word' id='word_1_154' title='bbox 1005 1357 1014 1371; x_wconf 88' lang='grc'>,</span> 
     </span>
     <span class='ocr_line' id='line_1_22' title="bbox 250 1377 1082 1417; baseline 0.001 -10"><span class='ocrx_word' id='word_1_155' title='bbox 250 1378 302 1407; x_wconf 84' lang='grc' dir='ltr'><strong>καὶ</strong></span> <span class='ocrx_word' id='word_1_156' title='bbox 319 1378 431 1417; x_wconf 74' lang='grc' dir='ltr'>πέμψει</span> <span class='ocrx_word' id='word_1_157' title='bbox 446 1379 536 1416; x_wconf 77' lang='grc' dir='ltr'>φῦλον</span> <span class='ocrx_word' id='word_1_158' title='bbox 550 1378 767 1417; x_wconf 74' lang='grc' dir='ltr'>θρασυκάρδιον</span> <span class='ocrx_word' id='word_1_159' title='bbox 781 1379 821 1412; x_wconf 78' lang='grc' dir='ltr'><strong>εἷς</strong></span> <span class='ocrx_word' id='word_1_160' title='bbox 835 1377 929 1417; x_wconf 74' lang='grc' dir='ltr'>χθόνα</span> <span class='ocrx_word' id='word_1_161' title='bbox 947 1379 1000 1414; x_wconf 78' lang='grc' dir='ltr'><strong>τὴν</strong></span> <span class='ocrx_word' id='word_1_162' title='bbox 1014 1380 1082 1416; x_wconf 80' lang='grc' dir='ltr'>σὴν,</span> 
     </span>
     <span class='ocr_line' id='line_1_23' title="bbox 251 1423 1032 1463; baseline 0.003 -11"><span class='ocrx_word' id='word_1_163' title='bbox 251 1423 279 1452; x_wconf 84' lang='grc' dir='ltr'>οἵ</span> <span class='ocrx_word' id='word_1_164' title='bbox 295 1423 324 1453; x_wconf 88' lang='grc' dir='ltr'><strong>σ’</strong></span> <span class='ocrx_word' id='word_1_165' title='bbox 339 1423 431 1463; x_wconf 77' lang='grc' dir='ltr'>ἀρχῆς</span> <span class='ocrx_word' id='word_1_166' title='bbox 446 1424 629 1462; x_wconf 68' lang='grc' dir='ltr'>παύσωσιν,</span> <span class='ocrx_word' id='word_1_167' title='bbox 648 1424 762 1463; x_wconf 71' lang='grc' dir='ltr'>ἀμείψῃ</span> <span class='ocrx_word' id='word_1_168' title='bbox 779 1424 804 1454; x_wconf 79' lang='grc' dir='ltr'><strong>δ’</strong></span> <span class='ocrx_word' id='word_1_169' title='bbox 819 1423 870 1453; x_wconf 76' lang='grc' dir='ltr'>οἱοί</span> <span class='ocrx_word' id='word_1_170' title='bbox 882 1423 910 1461; x_wconf 85' lang='grc' dir='ltr'><strong>γ’</strong></span> <span class='ocrx_word' id='word_1_171' title='bbox 926 1423 1032 1463; x_wconf 77' lang='grc' dir='ltr'>ἔρεξας.</span> 
     </span>
    </p>
   </div>
   <div class='ocr_carea' id='block_1_4' title="bbox 166 1508 1201 1905">
    <p class='ocr_par' dir='ltr' id='par_1_4' title="bbox 166 1508 1201 1905">
     <span class='ocr_line' id='line_1_24' title="bbox 166 1508 1197 1560; baseline 0 -14"><span class='ocrx_word' id='word_1_172' title='bbox 166 1508 406 1559; x_wconf 72' lang='grc' dir='ltr'>Ταραχθέντες</span> <span class='ocrx_word' id='word_1_173' title='bbox 427 1509 462 1545; x_wconf 75' lang='grc' dir='ltr'><strong>δὲ</strong></span> <span class='ocrx_word' id='word_1_174' title='bbox 482 1510 511 1545; x_wconf 83' lang='grc' dir='ltr'>οἱ</span> <span class='ocrx_word' id='word_1_175' title='bbox 532 1509 718 1559; x_wconf 80' lang='grc' dir='ltr'>στρατηγοὶ</span> <span class='ocrx_word' id='word_1_176' title='bbox 736 1510 792 1546; x_wconf 78' lang='grc' dir='ltr'><strong>ἐπὶ</strong></span> <span class='ocrx_word' id='word_1_177' title='bbox 812 1514 878 1551; x_wconf 86' lang='grc' dir='ltr'>τοῖς</span> <span class='ocrx_word' id='word_1_178' title='bbox 896 1512 1044 1560; x_wconf 76' lang='grc' dir='ltr'>ῥηθεῖσιν</span> <span class='ocrx_word' id='word_1_179' title='bbox 1064 1509 1120 1546; x_wconf 76' lang='grc' dir='ltr'><strong>διὰ</strong></span> <span class='ocrx_word' id='word_1_180' title='bbox 1140 1525 1197 1546; x_wconf 88' lang='grc' dir='ltr'><strong>τα-</strong></span> 
     </span>
     <span class='ocr_line' id='line_1_25' title="bbox 166 1565 1195 1617; baseline 0.001 -14"><span class='ocrx_word' id='word_1_181' title='bbox 166 1565 257 1617; x_wconf 79' lang='grc' dir='ltr'>χέων</span> <span class='ocrx_word' id='word_1_182' title='bbox 281 1566 472 1616; x_wconf 80' lang='grc' dir='ltr'>συνήγαγον</span> <span class='ocrx_word' id='word_1_183' title='bbox 493 1566 529 1603; x_wconf 85' lang='grc' dir='ltr'><strong>τὸ</strong></span> <span class='ocrx_word' id='word_1_184' title='bbox 550 1569 676 1612; x_wconf 78' lang='grc' dir='ltr'>πλῆθος</span> <span class='ocrx_word' id='word_1_185' title='bbox 695 1569 740 1609; x_wconf 82' lang='grc' dir='ltr'><strong>εἰς</strong></span> <span class='ocrx_word' id='word_1_186' title='bbox 758 1567 943 1612; x_wconf 79' lang='grc' dir='ltr'>ἐκκλησίαν</span> <span class='ocrx_word' id='word_1_187' title='bbox 961 1567 1019 1604; x_wconf 77' lang='grc' dir='ltr'><strong>καὶ</strong></span> <span class='ocrx_word' id='word_1_188' title='bbox 1038 1567 1195 1604; x_wconf 44' lang='lat' dir='ltr'><strong>{docimi-</strong></span> 
     </span>
     <span class='ocr_line' id='line_1_26' title="bbox 168 1619 1198 1676; baseline 0.001 -16"><span class='ocrx_word' id='word_1_189' title='bbox 168 1638 243 1660; x_wconf 87' lang='grc' dir='ltr'>οντο</span> <span class='ocrx_word' id='word_1_190' title='bbox 263 1624 340 1674; x_wconf 79' lang='grc' dir='ltr'>περὶ</span> <span class='ocrx_word' id='word_1_191' title='bbox 355 1628 412 1660; x_wconf 71' lang='grc' dir='ltr'><strong>τοῦ</strong></span> <span class='ocrx_word' id='word_1_192' title='bbox 433 1624 606 1674; x_wconf 82' lang='grc' dir='ltr'>γεγονότος</span> <span class='ocrx_word' id='word_1_193' title='bbox 621 1625 811 1676; x_wconf 77' lang='grc' dir='ltr'>φάσματος.</span> <span class='ocrx_word' id='word_1_194' title='bbox 834 1623 975 1667; x_wconf 71' lang='grc' dir='ltr'>Ἔδοξεν</span> <span class='ocrx_word' id='word_1_195' title='bbox 993 1619 1049 1661; x_wconf 71' lang='grc' dir='ltr'><strong>οῧν</strong></span> <span class='ocrx_word' id='word_1_196' title='bbox 1068 1625 1123 1662; x_wconf 81' lang='grc' dir='ltr'><strong>τὸν</strong></span> <span class='ocrx_word' id='word_1_197' title='bbox 1138 1623 1198 1674; x_wconf 78' lang='grc' dir='ltr'><strong>μὲν</strong></span> 
     </span>
     <span class='ocr_line' id='line_1_27' title="bbox 166 1679 1200 1731; baseline 0 -13"><span class='ocrx_word' id='word_1_198' title='bbox 166 1679 370 1730; x_wconf 85' lang='grc' dir='ltr'>Βούπλαγον</span> <span class='ocrx_word' id='word_1_199' title='bbox 383 1683 601 1731; x_wconf 62' lang='grc' dir='ltr'>παραχρῆμα</span> <span class='ocrx_word' id='word_1_200' title='bbox 617 1681 703 1729; x_wconf 87' lang='grc' dir='ltr'>μετὰ</span> <span class='ocrx_word' id='word_1_201' title='bbox 717 1680 759 1717; x_wconf 85' lang='grc' dir='ltr'><strong>τὰ</strong></span> <span class='ocrx_word' id='word_1_202' title='bbox 772 1681 936 1731; x_wconf 76' lang='grc' dir='ltr'>λεχθέντα</span> <span class='ocrx_word' id='word_1_203' title='bbox 947 1680 1013 1727; x_wconf 85' lang='grc' dir='ltr'><strong>ἔπη</strong></span> <span class='ocrx_word' id='word_1_204' title='bbox 1028 1682 1200 1719; x_wconf 82' lang='grc' dir='ltr'>ἀποπνεύ-</span> 
     </span>
     <span class='ocr_line' id='line_1_28' title="bbox 168 1737 1200 1789; baseline 0.001 -15"><span class='ocrx_word' id='word_1_205' title='bbox 168 1752 276 1774; x_wconf 90' lang='grc' dir='ltr'>σαντα</span> <span class='ocrx_word' id='word_1_206' title='bbox 296 1737 581 1780; x_wconf 86' lang='grc' dir='ltr'>κατακαύσαντας</span> <span class='ocrx_word' id='word_1_207' title='bbox 596 1738 721 1789; x_wconf 69' lang='grc' dir='ltr'>θάψαι,</span> <span class='ocrx_word' id='word_1_208' title='bbox 738 1738 915 1789; x_wconf 80' lang='grc' dir='ltr'>καθαρμὸν</span> <span class='ocrx_word' id='word_1_209' title='bbox 935 1738 968 1775; x_wconf 78' lang='grc' dir='ltr'><strong>δὲ</strong></span> <span class='ocrx_word' id='word_1_210' title='bbox 990 1738 1200 1783; x_wconf 73' lang='grc' dir='ltr'>ποιήσαντας</span> 
     </span>
     <span class='ocr_line' id='line_1_29' title="bbox 167 1795 1201 1848; baseline 0.001 -16"><span class='ocrx_word' id='word_1_211' title='bbox 167 1799 228 1832; x_wconf 70' lang='grc' dir='ltr'><strong>τοῦ</strong></span> <span class='ocrx_word' id='word_1_212' title='bbox 251 1795 481 1847; x_wconf 75' lang='grc' dir='ltr'>στρατοπέδου</span> <span class='ocrx_word' id='word_1_213' title='bbox 510 1799 609 1832; x_wconf 73' lang='grc' dir='ltr'>θῦσαι</span> <span class='ocrx_word' id='word_1_214' title='bbox 635 1796 691 1833; x_wconf 80' lang='grc' dir='ltr'><strong>Διὶ</strong></span> <span class='ocrx_word' id='word_1_215' title='bbox 723 1795 958 1848; x_wconf 70' lang='grc' dir='ltr'>Ἀποτροπαίῳ</span> <span class='ocrx_word' id='word_1_216' title='bbox 982 1796 1040 1833; x_wconf 81' lang='grc' dir='ltr'><strong>καὶ</strong></span> <span class='ocrx_word' id='word_1_217' title='bbox 1065 1796 1201 1848; x_wconf 76' lang='grc' dir='ltr'>πέμψαι</span> 
     </span>
     <span class='ocr_line' id='line_1_30' title="bbox 168 1852 1197 1905; baseline 0.002 -16"><span class='ocrx_word' id='word_1_218' title='bbox 168 1854 213 1895; x_wconf 83' lang='grc' dir='ltr'><strong>εἷς</strong></span> <span class='ocrx_word' id='word_1_219' title='bbox 231 1852 382 1904; x_wconf 72' lang='grc' dir='ltr'>Δελφοὺς</span> <span class='ocrx_word' id='word_1_220' title='bbox 407 1853 638 1904; x_wconf 78' lang='grc' dir='ltr'>ἐρωτήσοντας</span> <span class='ocrx_word' id='word_1_221' title='bbox 657 1854 712 1891; x_wconf 81' lang='grc' dir='ltr'><strong>τὸν</strong></span> <span class='ocrx_word' id='word_1_222' title='bbox 731 1853 818 1899; x_wconf 76' lang='grc' dir='ltr'>θεὸν,</span> <span class='ocrx_word' id='word_1_223' title='bbox 842 1853 875 1890; x_wconf 93' lang='grc' dir='ltr'><strong>τί</strong></span> <span class='ocrx_word' id='word_1_224' title='bbox 893 1853 961 1905; x_wconf 75' lang='grc' dir='ltr'><strong>χρὴ</strong></span> <span class='ocrx_word' id='word_1_225' title='bbox 979 1854 1098 1893; x_wconf 81' lang='grc' dir='ltr'>ποιεῖν.</span> <span class='ocrx_word' id='word_1_226' title='bbox 1125 1856 1197 1891; x_wconf 57' lang='grc' dir='ltr'>Πομ</span> 
     </span>
    </p>
   </div>
   <div class='ocr_carea' id='block_1_5' title="bbox 167 1962 1203 2560">
    <p class='ocr_par' dir='ltr' id='par_1_5' title="bbox 167 1962 1203 2560">
     <span class='ocr_line' id='line_1_31' title="bbox 167 1962 1200 2003; baseline 0.002 -11"><span class='ocrx_word' id='word_1_227' title='bbox 167 1962 265 2000; x_wconf 78' lang='lat' dir='ltr'><strong>gentis</strong></span> <span class='ocrx_word' id='word_1_228' title='bbox 285 1962 471 1993; x_wconf 87' lang='lat' dir='ltr'><strong>satellitibus</strong></span> <span class='ocrx_word' id='word_1_229' title='bbox 494 1962 635 1995; x_wconf 82' lang='lat' dir='ltr'><strong>Elatcam</strong></span> <span class='ocrx_word' id='word_1_230' title='bbox 653 1963 695 2001; x_wconf 93' lang='lat' dir='ltr'><strong>(v.</strong></span> <span class='ocrx_word' id='word_1_231' title='bbox 715 1963 821 1995; x_wconf 88' lang='lat' dir='ltr'><strong>Livius</strong></span> <span class='ocrx_word' id='word_1_232' title='bbox 838 1968 894 2003; x_wconf 82' lang='grc'>36,</span> <span class='ocrx_word' id='word_1_233' title='bbox 912 1964 960 2002; x_wconf 86' lang='grc'><strong>19)</strong></span> <span class='ocrx_word' id='word_1_234' title='bbox 979 1964 1110 2002; x_wconf 79' lang='lat' dir='ltr'>fugisse,</span> <span class='ocrx_word' id='word_1_235' title='bbox 1128 1964 1200 1995; x_wconf 83' lang='lat' dir='ltr'><strong>inde</strong></span> 
     </span>
     <span class='ocr_line' id='line_1_32' title="bbox 168 2011 1187 2051; baseline 0.001 -9"><span class='ocrx_word' id='word_1_236' title='bbox 168 2012 368 2051; x_wconf 86' lang='lat' dir='ltr'><strong>compulsum</strong></span> <span class='ocrx_word' id='word_1_237' title='bbox 385 2012 544 2050; x_wconf 83' lang='lat' dir='ltr'><strong>Ephesum</strong></span> <span class='ocrx_word' id='word_1_238' title='bbox 557 2011 729 2043; x_wconf 79' lang='lat' dir='ltr'><strong>discedere.</strong></span> <span class='ocrx_word' id='word_1_239' title='bbox 775 2012 890 2043; x_wconf 85' lang='lat' dir='ltr'><strong>Acilius</strong></span> <span class='ocrx_word' id='word_1_240' title='bbox 904 2012 951 2051; x_wconf 89' lang='lat' dir='ltr'><strong>(ut</strong></span> <span class='ocrx_word' id='word_1_241' title='bbox 965 2013 989 2043; x_wconf 89' lang='lat' dir='ltr'><strong>is</strong></span> <span class='ocrx_word' id='word_1_242' title='bbox 1002 2013 1128 2051; x_wconf 86' lang='lat' dir='ltr'><strong>narrat)</strong></span> <span class='ocrx_word' id='word_1_243' title='bbox 1143 2015 1187 2043; x_wconf 88' lang='lat' dir='ltr'><strong>Ca</strong></span> 
     </span>
     <span class='ocr_line' id='line_1_33' title="bbox 169 2063 1201 2102; baseline 0 -9"><span class='ocrx_word' id='word_1_244' title='bbox 169 2065 275 2093; x_wconf 83' lang='lat' dir='ltr'><strong>tonem</strong></span> <span class='ocrx_word' id='word_1_245' title='bbox 286 2087 294 2101; x_wconf 93' lang='lat'><strong>,</strong></span> <span class='ocrx_word' id='word_1_246' title='bbox 311 2063 453 2093; x_wconf 77' lang='lat' dir='ltr'><strong>victoriae</strong></span> <span class='ocrx_word' id='word_1_247' title='bbox 475 2063 664 2094; x_wconf 74' lang='lat' dir='ltr'><strong>nunciandae</strong></span> <span class='ocrx_word' id='word_1_248' title='bbox 681 2071 794 2102; x_wconf 83' lang='lat' dir='ltr'><strong>causa,</strong></span> <span class='ocrx_word' id='word_1_249' title='bbox 813 2065 946 2094; x_wconf 87' lang='lat' dir='ltr'><strong>Romam</strong></span> <span class='ocrx_word' id='word_1_250' title='bbox 969 2063 1074 2100; x_wconf 82' lang='lat' dir='ltr'><strong>misit;</strong></span> <span class='ocrx_word' id='word_1_251' title='bbox 1090 2063 1153 2102; x_wconf 81' lang='lat' dir='ltr'><strong>ipse</strong></span> <span class='ocrx_word' id='word_1_252' title='bbox 1171 2064 1201 2093; x_wconf 93' lang='lat' dir='ltr'><strong>in</strong></span> 
     </span>
     <span class='ocr_line' id='line_1_34' title="bbox 172 2114 1199 2153; baseline 0 -9"><span class='ocrx_word' id='word_1_253' title='bbox 172 2114 289 2145; x_wconf 87' lang='lat' dir='ltr'><strong>AEtolos</strong></span> <span class='ocrx_word' id='word_1_254' title='bbox 301 2114 400 2143; x_wconf 74' lang='lat' dir='ltr'><strong>movit</strong></span> <span class='ocrx_word' id='word_1_255' title='bbox 413 2137 421 2152; x_wconf 90' lang='lat'>‚</span> <span class='ocrx_word' id='word_1_256' title='bbox 439 2114 470 2144; x_wconf 84' lang='lat' dir='ltr'><strong>et</strong></span> <span class='ocrx_word' id='word_1_257' title='bbox 487 2114 670 2144; x_wconf 79' lang='lat' dir='ltr'><strong>Heracleam</strong></span> <span class='ocrx_word' id='word_1_258' title='bbox 693 2114 823 2144; x_wconf 81' lang='lat' dir='ltr'><strong>adortus</strong></span> <span class='ocrx_word' id='word_1_259' title='bbox 835 2138 843 2153; x_wconf 93' lang='lat'><strong>,</strong></span> <span class='ocrx_word' id='word_1_260' title='bbox 861 2114 948 2144; x_wconf 92' lang='lat' dir='ltr'><strong>nullo</strong></span> <span class='ocrx_word' id='word_1_261' title='bbox 970 2115 1093 2153; x_wconf 68' lang='lat' dir='ltr'><strong>negotio</strong></span> <span class='ocrx_word' id='word_1_262' title='bbox 1107 2114 1199 2153; x_wconf 78' lang='lat' dir='ltr'><strong>cepit.</strong></span> 
     </span>
     <span class='ocr_line' id='line_1_35' title="bbox 168 2164 1202 2204; baseline -0.001 -9"><span class='ocrx_word' id='word_1_263' title='bbox 168 2167 204 2195; x_wconf 91' lang='lat' dir='ltr'><strong>lu</strong></span> <span class='ocrx_word' id='word_1_264' title='bbox 220 2173 324 2204; x_wconf 83' lang='lat' dir='ltr'><strong>pugna</strong></span> <span class='ocrx_word' id='word_1_265' title='bbox 337 2166 443 2195; x_wconf 81' lang='lat' dir='ltr'><strong>autem</strong></span> <span class='ocrx_word' id='word_1_266' title='bbox 460 2164 543 2204; x_wconf 88' lang='lat' dir='ltr'><strong>apud</strong></span> <span class='ocrx_word' id='word_1_267' title='bbox 560 2165 785 2204; x_wconf 66' lang='lat' dir='ltr'><strong>Thermopylas</strong></span> <span class='ocrx_word' id='word_1_268' title='bbox 799 2165 947 2195; x_wconf 86' lang='lat' dir='ltr'><strong>Romanis</strong></span> <span class='ocrx_word' id='word_1_269' title='bbox 962 2165 1048 2204; x_wconf 77' lang='lat' dir='ltr'><strong>signa</strong></span> <span class='ocrx_word' id='word_1_270' title='bbox 1062 2165 1202 2195; x_wconf 76' lang='lat' dir='ltr'><strong>illustris-</strong></span> 
     </span>
     <span class='ocr_line' id='line_1_36' title="bbox 168 2216 1203 2256; baseline -0.001 -9"><span class='ocrx_word' id='word_1_271' title='bbox 168 2217 246 2247; x_wconf 81' lang='lat' dir='ltr'><strong>sima</strong></span> <span class='ocrx_word' id='word_1_272' title='bbox 261 2218 334 2247; x_wconf 88' lang='lat' dir='ltr'><strong>sunt</strong></span> <span class='ocrx_word' id='word_1_273' title='bbox 348 2217 442 2248; x_wconf 80' lang='lat' dir='ltr'><strong>facta.</strong></span> <span class='ocrx_word' id='word_1_274' title='bbox 487 2219 564 2247; x_wconf 87' lang='lat' dir='ltr'><strong>Nam</strong></span> <span class='ocrx_word' id='word_1_275' title='bbox 581 2226 680 2256; x_wconf 89' lang='lat' dir='ltr'><strong>quum</strong></span> <span class='ocrx_word' id='word_1_276' title='bbox 695 2225 727 2247; x_wconf 90' lang='lat' dir='ltr'><strong>se</strong></span> <span class='ocrx_word' id='word_1_277' title='bbox 740 2217 925 2248; x_wconf 75' lang='lat' dir='ltr'><strong>ostendisset</strong></span> <span class='ocrx_word' id='word_1_278' title='bbox 941 2216 1014 2256; x_wconf 84' lang='lat' dir='ltr'><strong>ipsis</strong></span> <span class='ocrx_word' id='word_1_279' title='bbox 1030 2217 1203 2248; x_wconf 80' lang='lat' dir='ltr'><strong>Antiochus</strong></span> 
     </span>
     <span class='ocr_line' id='line_1_37' title="bbox 168 2267 1202 2307; baseline 0 -10"><span class='ocrx_word' id='word_1_280' title='bbox 168 2276 204 2298; x_wconf 88' lang='lat' dir='ltr'><strong>ac</strong></span> <span class='ocrx_word' id='word_1_281' title='bbox 232 2267 379 2307; x_wconf 83' lang='lat' dir='ltr'><strong>fugisset,</strong></span> <span class='ocrx_word' id='word_1_282' title='bbox 402 2267 550 2307; x_wconf 79' lang='lat' dir='ltr'><strong>postridie</strong></span> <span class='ocrx_word' id='word_1_283' title='bbox 579 2267 710 2298; x_wconf 86' lang='lat' dir='ltr'><strong>Romani</strong></span> <span class='ocrx_word' id='word_1_284' title='bbox 736 2275 768 2298; x_wconf 86' lang='lat' dir='ltr'><strong>se</strong></span> <span class='ocrx_word' id='word_1_285' title='bbox 796 2267 976 2306; x_wconf 82' lang='lat' dir='ltr'><strong>colligendis</strong></span> <span class='ocrx_word' id='word_1_286' title='bbox 1002 2267 1055 2306; x_wconf 91' lang='lat' dir='ltr'><strong>iis,</strong></span> <span class='ocrx_word' id='word_1_287' title='bbox 1081 2268 1134 2306; x_wconf 93' lang='lat' dir='ltr'><strong>qui</strong></span> <span class='ocrx_word' id='word_1_288' title='bbox 1163 2267 1202 2297; x_wconf 86' lang='lat' dir='ltr'><strong>ab</strong></span> 
     </span>
     <span class='ocr_line' id='line_1_38' title="bbox 171 2317 1203 2357; baseline -0.001 -9"><span class='ocrx_word' id='word_1_289' title='bbox 171 2319 310 2357; x_wconf 86' lang='lat' dir='ltr'><strong>ipsorum</strong></span> <span class='ocrx_word' id='word_1_290' title='bbox 321 2319 409 2357; x_wconf 84' lang='lat' dir='ltr'><strong>parte</strong></span> <span class='ocrx_word' id='word_1_291' title='bbox 423 2318 619 2356; x_wconf 88' lang='lat' dir='ltr'><strong>ceciderant,</strong></span> <span class='ocrx_word' id='word_1_292' title='bbox 633 2319 703 2349; x_wconf 83' lang='lat' dir='ltr'><strong>tum</strong></span> <span class='ocrx_word' id='word_1_293' title='bbox 714 2317 851 2357; x_wconf 82' lang='lat' dir='ltr'><strong>legendis</strong></span> <span class='ocrx_word' id='word_1_294' title='bbox 862 2318 967 2356; x_wconf 87' lang='lat' dir='ltr'><strong>spoliis</strong></span> <span class='ocrx_word' id='word_1_295' title='bbox 977 2318 1071 2356; x_wconf 81' lang='lat' dir='ltr'><strong>atque</strong></span> <span class='ocrx_word' id='word_1_296' title='bbox 1082 2318 1203 2348; x_wconf 80' lang='lat' dir='ltr'><strong>exuviis</strong></span> 
     </span>
     <span class='ocr_line' id='line_1_39' title="bbox 170 2368 1200 2408; baseline 0 -10"><span class='ocrx_word' id='word_1_297' title='bbox 170 2371 202 2399; x_wconf 82' lang='lat' dir='ltr'><strong>et</strong></span> <span class='ocrx_word' id='word_1_298' title='bbox 222 2369 354 2408; x_wconf 79' lang='lat' dir='ltr'><strong>captivis</strong></span> <span class='ocrx_word' id='word_1_299' title='bbox 372 2368 537 2400; x_wconf 83' lang='lat' dir='ltr'><strong>dederunt.</strong></span> <span class='ocrx_word' id='word_1_300' title='bbox 584 2369 630 2400; x_wconf 90' lang='lat' dir='ltr'><strong>Ibi</strong></span> <span class='ocrx_word' id='word_1_301' title='bbox 662 2369 819 2408; x_wconf 81' lang='lat' dir='ltr'><strong>Buplagus</strong></span> <span class='ocrx_word' id='word_1_302' title='bbox 843 2368 973 2407; x_wconf 86' lang='lat' dir='ltr'><strong>quidam</strong></span> <span class='ocrx_word' id='word_1_303' title='bbox 1001 2370 1116 2407; x_wconf 77' lang='lat' dir='ltr'><strong>Syrus,</strong></span> <span class='ocrx_word' id='word_1_304' title='bbox 1146 2369 1200 2408; x_wconf 92' lang='lat' dir='ltr'><strong>qui</strong></span> 
     </span>
     <span class='ocr_line' id='line_1_40' title="bbox 172 2419 1199 2458; baseline -0.002 -8"><span class='ocrx_word' id='word_1_305' title='bbox 172 2428 282 2458; x_wconf 85' lang='lat' dir='ltr'><strong>magno</strong></span> <span class='ocrx_word' id='word_1_306' title='bbox 296 2420 326 2450; x_wconf 91' lang='lat' dir='ltr'><strong>in</strong></span> <span class='ocrx_word' id='word_1_307' title='bbox 343 2419 442 2458; x_wconf 85' lang='lat' dir='ltr'><strong>pretio</strong></span> <span class='ocrx_word' id='word_1_308' title='bbox 460 2419 545 2458; x_wconf 88' lang='lat' dir='ltr'><strong>apud</strong></span> <span class='ocrx_word' id='word_1_309' title='bbox 558 2419 750 2450; x_wconf 86' lang='lat' dir='ltr'><strong>Antiochum</strong></span> <span class='ocrx_word' id='word_1_310' title='bbox 765 2419 876 2456; x_wconf 79' lang='lat' dir='ltr'><strong>suerat,</strong></span> <span class='ocrx_word' id='word_1_311' title='bbox 888 2419 1091 2458; x_wconf 70' lang='lat' dir='ltr'><strong>tur-mamque</strong></span> <span class='ocrx_word' id='word_1_312' title='bbox 1101 2427 1199 2458; x_wconf 88' lang='lat' dir='ltr'><strong>equo·</strong></span> 
     </span>
     <span class='ocr_line' id='line_1_41' title="bbox 173 2469 1202 2509; baseline -0.001 -9"><span class='ocrx_word' id='word_1_313' title='bbox 173 2479 243 2500; x_wconf 89' lang='lat' dir='ltr'><strong>rum</strong></span> <span class='ocrx_word' id='word_1_314' title='bbox 260 2470 412 2508; x_wconf 77' lang='lat' dir='ltr'><strong>duxerat,</strong></span> <span class='ocrx_word' id='word_1_315' title='bbox 428 2470 613 2509; x_wconf 76' lang='lat' dir='ltr'><strong>fortiterque</strong></span> <span class='ocrx_word' id='word_1_316' title='bbox 634 2470 783 2509; x_wconf 83' lang='lat' dir='ltr'><strong>proelians</strong></span> <span class='ocrx_word' id='word_1_317' title='bbox 796 2469 965 2508; x_wconf 85' lang='lat' dir='ltr'><strong>ceciderat,</strong></span> <span class='ocrx_word' id='word_1_318' title='bbox 982 2469 1112 2500; x_wconf 76' lang='lat' dir='ltr'><strong>Romani</strong></span> <span class='ocrx_word' id='word_1_319' title='bbox 1128 2478 1202 2500; x_wconf 89' lang='lat' dir='ltr'><strong>vero</strong></span> 
     </span>
     <span class='ocr_line' id='line_1_42' title="bbox 172 2519 1201 2560; baseline 0.001 -10"><span class='ocrx_word' id='word_1_320' title='bbox 172 2529 271 2559; x_wconf 87' lang='lat' dir='ltr'><strong>quum</strong></span> <span class='ocrx_word' id='word_1_321' title='bbox 284 2520 383 2559; x_wconf 89' lang='lat' dir='ltr'><strong>spolia</strong></span> <span class='ocrx_word' id='word_1_322' title='bbox 398 2520 504 2550; x_wconf 83' lang='lat' dir='ltr'><strong>onmia</strong></span> <span class='ocrx_word' id='word_1_323' title='bbox 520 2520 675 2559; x_wconf 76' lang='lat' dir='ltr'><strong>legerent,</strong></span> <span class='ocrx_word' id='word_1_324' title='bbox 690 2519 793 2550; x_wconf 85' lang='lat' dir='ltr'><strong>media</strong></span> <span class='ocrx_word' id='word_1_325' title='bbox 805 2519 855 2551; x_wconf 89' lang='lat' dir='ltr'><strong>die</strong></span> <span class='ocrx_word' id='word_1_326' title='bbox 871 2528 888 2551; x_wconf 93' lang='lat' dir='ltr'><strong>e</strong></span> <span class='ocrx_word' id='word_1_327' title='bbox 905 2520 1038 2551; x_wconf 86' lang='lat' dir='ltr'><strong>mortuis</strong></span> <span class='ocrx_word' id='word_1_328' title='bbox 1050 2521 1201 2560; x_wconf 75' lang='lat' dir='ltr'><strong>surrexit,</strong></span> 
     </span>
    </p>
   </div>
   <div class='ocr_carea' id='block_1_6' title="bbox 172 2576 1201 2668">
    <p class='ocr_par' dir='ltr' id='par_1_6' title="bbox 172 2576 1201 2668">
     <span class='ocr_line' id='line_1_43' title="bbox 172 2576 1201 2615; baseline 0.001 -8"><span class='ocrx_word' id='word_1_329' title='bbox 172 2577 353 2608; x_wconf 88' lang='lat' dir='ltr'><strong>vulneribus</strong></span> <span class='ocrx_word' id='word_1_330' title='bbox 365 2577 495 2607; x_wconf 79' lang='lat' dir='ltr'><strong>affectus</strong></span> <span class='ocrx_word' id='word_1_331' title='bbox 510 2576 676 2607; x_wconf 83' lang='lat' dir='ltr'><strong>duodecim</strong></span> <span class='ocrx_word' id='word_1_332' title='bbox 687 2601 694 2614; x_wconf 97' lang='lat'><strong>,</strong></span> <span class='ocrx_word' id='word_1_333' title='bbox 709 2577 740 2607; x_wconf 85' lang='lat' dir='ltr'><strong>et</strong></span> <span class='ocrx_word' id='word_1_334' title='bbox 754 2576 784 2606; x_wconf 89' lang='lat' dir='ltr'><strong>in</strong></span> <span class='ocrx_word' id='word_1_335' title='bbox 799 2577 900 2607; x_wconf 85' lang='lat' dir='ltr'><strong>castra</strong></span> <span class='ocrx_word' id='word_1_336' title='bbox 921 2585 1031 2607; x_wconf 86' lang='lat' dir='ltr'><strong>eorum</strong></span> <span class='ocrx_word' id='word_1_337' title='bbox 1054 2576 1201 2615; x_wconf 70' lang='lat' dir='ltr'><strong>advenit,</strong></span> 
     </span>
     <span class='ocr_line' id='line_1_44' title="bbox 173 2627 894 2668; baseline -0.003 -8"><span class='ocrx_word' id='word_1_338' title='bbox 173 2631 267 2668; x_wconf 82' lang='lat' dir='ltr'><strong>atque</strong></span> <span class='ocrx_word' id='word_1_339' title='bbox 280 2629 338 2659; x_wconf 89' lang='lat' dir='ltr'><strong>hos</strong></span> <span class='ocrx_word' id='word_1_340' title='bbox 350 2636 459 2659; x_wconf 87' lang='lat' dir='ltr'><strong>versus</strong></span> <span class='ocrx_word' id='word_1_341' title='bbox 474 2627 548 2659; x_wconf 81' lang='lat' dir='ltr'><strong>exili</strong></span> <span class='ocrx_word' id='word_1_342' title='bbox 562 2636 639 2659; x_wconf 81' lang='lat' dir='ltr'><strong>voce</strong></span> <span class='ocrx_word' id='word_1_343' title='bbox 650 2628 871 2667; x_wconf 81' lang='lat' dir='ltr'><strong>pronunciavit</strong></span> <span class='ocrx_word' id='word_1_344' title='bbox 888 2641 894 2658; x_wconf 72' lang='grc' dir='ltr'>ε</span> 
     </span>
    </p>
   </div>
   <div class='ocr_carea' id='block_1_7' title="bbox 242 2695 1068 2914">
    <p class='ocr_par' dir='ltr' id='par_1_7' title="bbox 242 2695 1068 2914">
     <span class='ocr_line' id='line_1_45' title="bbox 243 2695 983 2731; baseline -0.003 -7"><span class='ocrx_word' id='word_1_345' title='bbox 243 2697 353 2725; x_wconf 81' lang='lat' dir='ltr'><strong>Desiste</strong></span> <span class='ocrx_word' id='word_1_346' title='bbox 368 2696 403 2724; x_wconf 87' lang='lat' dir='ltr'><strong>ad</strong></span> <span class='ocrx_word' id='word_1_347' title='bbox 418 2704 519 2724; x_wconf 83' lang='lat' dir='ltr'><strong>manes</strong></span> <span class='ocrx_word' id='word_1_348' title='bbox 533 2696 648 2724; x_wconf 86' lang='lat' dir='ltr'><strong>turbam</strong></span> <span class='ocrx_word' id='word_1_349' title='bbox 660 2695 783 2731; x_wconf 85' lang='lat' dir='ltr'><strong>spoliare</strong></span> <span class='ocrx_word' id='word_1_350' title='bbox 797 2695 960 2731; x_wconf 78' lang='lat' dir='ltr'><strong>profectam</strong></span> <span class='ocrx_word' id='word_1_351' title='bbox 975 2705 983 2722; x_wconf 73' lang='grc' dir='ltr'>ι</span> 
     </span>
     <span class='ocr_line' id='line_1_46' title="bbox 243 2741 1068 2777; baseline -0.001 -8"><span class='ocrx_word' id='word_1_352' title='bbox 243 2744 401 2770; x_wconf 81' lang='lat' dir='ltr'><strong>succenset</strong></span> <span class='ocrx_word' id='word_1_353' title='bbox 420 2743 534 2777; x_wconf 83' lang='lat' dir='ltr'><strong>Jupiter</strong></span> <span class='ocrx_word' id='word_1_354' title='bbox 551 2743 613 2776; x_wconf 85' lang='lat' dir='ltr'><strong>jam</strong></span> <span class='ocrx_word' id='word_1_355' title='bbox 627 2749 722 2773; x_wconf 86' lang='lat' dir='ltr'><strong>nunc,</strong></span> <span class='ocrx_word' id='word_1_356' title='bbox 737 2741 811 2769; x_wconf 79' lang='lat' dir='ltr'><strong>sacta</strong></span> <span class='ocrx_word' id='word_1_357' title='bbox 830 2742 916 2777; x_wconf 84' lang='lat' dir='ltr'><strong>impia</strong></span> <span class='ocrx_word' id='word_1_358' title='bbox 930 2749 1068 2775; x_wconf 67' lang='lat' dir='ltr'><strong>cerneus,</strong></span> 
     </span>
     <span class='ocr_line' id='line_1_47' title="bbox 242 2787 936 2822; baseline -0.001 -6"><span class='ocrx_word' id='word_1_359' title='bbox 242 2790 335 2816; x_wconf 84' lang='lat' dir='ltr'><strong>Iratus</strong></span> <span class='ocrx_word' id='word_1_360' title='bbox 348 2788 458 2816; x_wconf 64' lang='lat' dir='ltr'><strong>caedem</strong></span> <span class='ocrx_word' id='word_1_361' title='bbox 471 2788 509 2815; x_wconf 85' lang='lat' dir='ltr'><strong>ol)</strong></span> <span class='ocrx_word' id='word_1_362' title='bbox 529 2788 665 2822; x_wconf 76' lang='lat' dir='ltr'><strong>legionis,</strong></span> <span class='ocrx_word' id='word_1_363' title='bbox 680 2790 709 2815; x_wconf 73' lang='lat' dir='ltr'><strong>ct</strong></span> <span class='ocrx_word' id='word_1_364' title='bbox 722 2788 761 2815; x_wconf 86' lang='lat' dir='ltr'><strong>ob</strong></span> <span class='ocrx_word' id='word_1_365' title='bbox 775 2790 822 2816; x_wconf 87' lang='lat' dir='ltr'><strong>tua</strong></span> <span class='ocrx_word' id='word_1_366' title='bbox 843 2787 936 2821; x_wconf 80' lang='lat' dir='ltr'><strong>facta,</strong></span> 
     </span>
     <span class='ocr_line' id='line_1_48' title="bbox 243 2833 974 2868; baseline 0 -8"><span class='ocrx_word' id='word_1_367' title='bbox 243 2835 405 2861; x_wconf 81' lang='lat' dir='ltr'><strong>liumanein</strong></span> <span class='ocrx_word' id='word_1_368' title='bbox 420 2836 597 2868; x_wconf 79' lang='lat' dir='ltr'><strong>gentemque</strong></span> <span class='ocrx_word' id='word_1_369' title='bbox 613 2836 676 2860; x_wconf 80' lang='lat' dir='ltr'><strong>tuas</strong></span> <span class='ocrx_word' id='word_1_370' title='bbox 690 2833 829 2860; x_wconf 77' lang='lat' dir='ltr'><strong>immittet</strong></span> <span class='ocrx_word' id='word_1_371' title='bbox 848 2834 878 2860; x_wconf 88' lang='lat' dir='ltr'><strong>in</strong></span> <span class='ocrx_word' id='word_1_372' title='bbox 894 2841 974 2865; x_wconf 82' lang='lat' dir='ltr'><strong>oras,</strong></span> 
     </span>
     <span class='ocr_line' id='line_1_49' title="bbox 244 2878 991 2914; baseline 0 -8"><span class='ocrx_word' id='word_1_373' title='bbox 244 2879 371 2914; x_wconf 85' lang='lat' dir='ltr'><strong>Imperio</strong></span> <span class='ocrx_word' id='word_1_374' title='bbox 385 2879 436 2906; x_wconf 78' lang='lat' dir='ltr'><strong>tibi</strong></span> <span class='ocrx_word' id='word_1_375' title='bbox 450 2887 514 2914; x_wconf 68' lang='lat' dir='ltr'><strong>quae</strong></span> <span class='ocrx_word' id='word_1_376' title='bbox 535 2881 583 2907; x_wconf 87' lang='lat' dir='ltr'><strong>tua</strong></span> <span class='ocrx_word' id='word_1_377' title='bbox 597 2878 671 2907; x_wconf 82' lang='lat' dir='ltr'><strong>lacta</strong></span> <span class='ocrx_word' id='word_1_378' title='bbox 690 2878 832 2914; x_wconf 77' lang='lat' dir='ltr'><strong>rependat</strong></span> <span class='ocrx_word' id='word_1_379' title='bbox 844 2879 991 2914; x_wconf 85' lang='lat' dir='ltr'><strong>adempto.</strong></span> 
     </span>
    </p>
   </div>
   <div class='ocr_carea' id='block_1_8' title="bbox 175 2936 1204 3283">
    <p class='ocr_par' dir='ltr' id='par_1_8' title="bbox 175 2936 1204 3283">
     <span class='ocr_line' id='line_1_50' title="bbox 175 2936 1203 2974; baseline -0.003 -5"><span class='ocrx_word' id='word_1_380' title='bbox 175 2936 350 2970; x_wconf 73' lang='lat' dir='ltr'><strong>perturbati</strong></span> <span class='ocrx_word' id='word_1_381' title='bbox 383 2936 431 2966; x_wconf 85' lang='lat' dir='ltr'><strong>his</strong></span> <span class='ocrx_word' id='word_1_382' title='bbox 464 2936 566 2967; x_wconf 81' lang='lat' dir='ltr'><strong>verbis</strong></span> <span class='ocrx_word' id='word_1_383' title='bbox 590 2936 707 2974; x_wconf 83' lang='lat' dir='ltr'><strong>duces,</strong></span> <span class='ocrx_word' id='word_1_384' title='bbox 737 2936 880 2967; x_wconf 83' lang='lat' dir='ltr'><strong>celeriter</strong></span> <span class='ocrx_word' id='word_1_385' title='bbox 908 2936 1145 2967; x_wconf 82' lang='lat' dir='ltr'><strong>multitudinem</strong></span> <span class='ocrx_word' id='word_1_386' title='bbox 1175 2936 1203 2966; x_wconf 91' lang='lat' dir='ltr'><strong>iu</strong></span> 
     </span>
     <span class='ocr_line' id='line_1_51' title="bbox 175 2987 1201 3026; baseline -0.002 -7"><span class='ocrx_word' id='word_1_387' title='bbox 175 2989 358 3019; x_wconf 81' lang='lat' dir='ltr'><strong>concionem</strong></span> <span class='ocrx_word' id='word_1_388' title='bbox 375 2989 609 3026; x_wconf 79' lang='lat' dir='ltr'><strong>convocarunt,</strong></span> <span class='ocrx_word' id='word_1_389' title='bbox 626 2996 663 3018; x_wconf 87' lang='lat' dir='ltr'><strong>ac</strong></span> <span class='ocrx_word' id='word_1_390' title='bbox 679 2987 718 3017; x_wconf 86' lang='lat' dir='ltr'><strong>de</strong></span> <span class='ocrx_word' id='word_1_391' title='bbox 740 2989 862 3026; x_wconf 83' lang='lat' dir='ltr'><strong>spectro</strong></span> <span class='ocrx_word' id='word_1_392' title='bbox 882 2988 1110 3019; x_wconf 85' lang='lat' dir='ltr'><strong>consultarunt.</strong></span> <span class='ocrx_word' id='word_1_393' title='bbox 1132 2988 1201 3018; x_wconf 80' lang='lat' dir='ltr'><strong>l&#39;la-</strong></span> 
     </span>
     <span class='ocr_line' id='line_1_52' title="bbox 175 3039 1204 3079; baseline -0.002 -8"><span class='ocrx_word' id='word_1_394' title='bbox 175 3041 241 3072; x_wconf 83' lang='lat' dir='ltr'><strong>cuit</strong></span> <span class='ocrx_word' id='word_1_395' title='bbox 258 3041 292 3071; x_wconf 90' lang='lat' dir='ltr'><strong>ut</strong></span> <span class='ocrx_word' id='word_1_396' title='bbox 316 3040 490 3079; x_wconf 77' lang='lat' dir='ltr'><strong>Buplagus,</strong></span> <span class='ocrx_word' id='word_1_397' title='bbox 519 3039 624 3070; x_wconf 86' lang='lat' dir='ltr'><strong>statim</strong></span> <span class='ocrx_word' id='word_1_398' title='bbox 645 3048 663 3069; x_wconf 86' lang='lat' dir='ltr'><strong>a</strong></span> <span class='ocrx_word' id='word_1_399' title='bbox 680 3039 816 3069; x_wconf 83' lang='lat' dir='ltr'><strong>recitatis</strong></span> <span class='ocrx_word' id='word_1_400' title='bbox 845 3039 986 3069; x_wconf 83' lang='lat' dir='ltr'><strong>versibus</strong></span> <span class='ocrx_word' id='word_1_401' title='bbox 1013 3040 1204 3077; x_wconf 79' lang='lat' dir='ltr'><strong>exstinctus,</strong></span> 
     </span>
     <span class='ocr_line' id='line_1_53' title="bbox 175 3091 1203 3130; baseline -0.002 -7"><span class='ocrx_word' id='word_1_402' title='bbox 175 3093 368 3123; x_wconf 81' lang='lat' dir='ltr'><strong>cremaretur</strong></span> <span class='ocrx_word' id='word_1_403' title='bbox 380 3099 417 3121; x_wconf 88' lang='lat' dir='ltr'><strong>ac</strong></span> <span class='ocrx_word' id='word_1_404' title='bbox 432 3091 636 3130; x_wconf 55' lang='lat' dir='ltr'><strong>sepehretur,</strong></span> <span class='ocrx_word' id='word_1_405' title='bbox 651 3091 838 3120; x_wconf 77' lang='lat' dir='ltr'><strong>lustraretur</strong></span> <span class='ocrx_word' id='word_1_406' title='bbox 848 3091 1016 3128; x_wconf 82' lang='lat' dir='ltr'><strong>exercitus,</strong></span> <span class='ocrx_word' id='word_1_407' title='bbox 1027 3091 1097 3122; x_wconf 86' lang='lat' dir='ltr'><strong>Jovi</strong></span> <span class='ocrx_word' id='word_1_408' title='bbox 1113 3094 1203 3122; x_wconf 87' lang='lat' dir='ltr'><strong>Aver-</strong></span> 
     </span>
     <span class='ocr_line' id='line_1_54' title="bbox 175 3141 1203 3180; baseline -0.002 -7"><span class='ocrx_word' id='word_1_409' title='bbox 175 3142 334 3177; x_wconf 80' lang='lat' dir='ltr'><strong>runcatori</strong></span> <span class='ocrx_word' id='word_1_410' title='bbox 359 3150 484 3172; x_wconf 85' lang='lat' dir='ltr'><strong>sacrum</strong></span> <span class='ocrx_word' id='word_1_411' title='bbox 508 3141 596 3171; x_wconf 81' lang='lat' dir='ltr'><strong>lieret</strong></span> <span class='ocrx_word' id='word_1_412' title='bbox 620 3153 626 3171; x_wconf 90' lang='lat'>:</span> <span class='ocrx_word' id='word_1_413' title='bbox 651 3141 916 3179; x_wconf 74' lang='lat' dir='ltr'><strong>mitterenturque</strong></span> <span class='ocrx_word' id='word_1_414' title='bbox 942 3142 1096 3180; x_wconf 78' lang='lat' dir='ltr'><strong>Delphos,</strong></span> <span class='ocrx_word' id='word_1_415' title='bbox 1128 3142 1203 3180; x_wconf 88' lang='lat' dir='ltr'><strong>qui,</strong></span> 
     </span>
     <span class='ocr_line' id='line_1_55' title="bbox 175 3193 1203 3234; baseline 0 -11"><span class='ocrx_word' id='word_1_416' title='bbox 175 3194 248 3234; x_wconf 83' lang='lat' dir='ltr'><strong>quid</strong></span> <span class='ocrx_word' id='word_1_417' title='bbox 269 3194 423 3233; x_wconf 75' lang='lat' dir='ltr'><strong>agendum</strong></span> <span class='ocrx_word' id='word_1_418' title='bbox 446 3195 543 3232; x_wconf 79' lang='lat' dir='ltr'><strong>esset,</strong></span> <span class='ocrx_word' id='word_1_419' title='bbox 568 3193 796 3232; x_wconf 77' lang='lat' dir='ltr'><strong>perquirerent.</strong></span> <span class='ocrx_word' id='word_1_420' title='bbox 836 3193 1075 3223; x_wconf 67' lang='lat' dir='ltr'><strong>Consultoribus·</strong></span> <span class='ocrx_word' id='word_1_421' title='bbox 1096 3194 1203 3232; x_wconf 80' lang='lat' dir='ltr'><strong>Pythia</strong></span> 
     </span>
     <span class='ocr_line' id='line_1_56' title="bbox 176 3244 417 3283; baseline 0 -9"><span class='ocrx_word' id='word_1_422' title='bbox 176 3245 218 3274; x_wconf 79' lang='lat' dir='ltr'><strong>sir</strong></span> <span class='ocrx_word' id='word_1_423' title='bbox 235 3244 391 3283; x_wconf 71' lang='lat' dir='ltr'><strong>respondit</strong></span> <span class='ocrx_word' id='word_1_424' title='bbox 411 3257 417 3274; x_wconf 80' lang='lat' dir='ltr'><strong><em>z</em></strong></span> 
     </span>
    </p>
   </div>
   <div class='ocr_carea' id='block_1_9' title="bbox 250 3306 1020 3341">
    <p class='ocr_par' dir='ltr' id='par_1_9' title="bbox 250 3306 1020 3341">
     <span class='ocr_line' id='line_1_57' title="bbox 250 3306 1020 3341; baseline 0.003 -8"><span class='ocrx_word' id='word_1_425' title='bbox 250 3308 349 3335; x_wconf 60' lang='lat' dir='ltr'><strong>llrsiui·</strong></span> <span class='ocrx_word' id='word_1_426' title='bbox 366 3315 460 3340; x_wconf 81' lang='lat' dir='ltr'><strong>nuuc,</strong></span> <span class='ocrx_word' id='word_1_427' title='bbox 478 3309 617 3340; x_wconf 61' lang='lat' dir='ltr'><strong>Romano,</strong></span> <span class='ocrx_word' id='word_1_428' title='bbox 639 3310 664 3333; x_wconf 82' lang='lat' dir='ltr'><strong>‹·l</strong></span> <span class='ocrx_word' id='word_1_429' title='bbox 682 3316 730 3341; x_wconf 57' lang='lat' dir='ltr'><strong>jus</strong></span> <span class='ocrx_word' id='word_1_430' title='bbox 747 3306 790 3333; x_wconf 74' lang='lat' dir='ltr'><strong>fae</strong></span> <span class='ocrx_word' id='word_1_431' title='bbox 805 3309 839 3333; x_wconf 60' lang='lat'><strong>&gt;11</strong></span> <span class='ocrx_word' id='word_1_432' title='bbox 855 3306 906 3333; x_wconf 82' lang='lat' dir='ltr'><strong>tibi</strong></span> <span class='ocrx_word' id='word_1_433' title='bbox 924 3307 1020 3335; x_wconf 66' lang='lat' dir='ltr'><strong>cordi,</strong></span> 
     </span>
    </p>
   </div>
   <div class='ocr_carea' id='block_1_10' title="bbox 912 137 1531 179">
    <p class='ocr_par' dir='ltr' id='par_1_10' title="bbox 912 137 1531 179">
     <span class='ocr_line' id='line_1_58' title="bbox 912 137 1531 179; baseline 0.008 -5"><span class='ocrx_word' id='word_1_434' title='bbox 912 137 976 174; x_wconf 89' lang='lat' dir='ltr'><strong>PH</strong></span> <span class='ocrx_word' id='word_1_435' title='bbox 985 138 1231 178; x_wconf 85' lang='lat' dir='ltr'>LEGONTIS</span> <span class='ocrx_word' id='word_1_436' title='bbox 1261 141 1358 178; x_wconf 82' lang='grc' dir='ltr'><strong>ΤΒΑ</strong></span> <span class='ocrx_word' id='word_1_437' title='bbox 1368 140 1531 179; x_wconf 75' lang='lat' dir='ltr'><strong>LLiANt</strong></span> 
     </span>
    </p>
   </div>
   <div class='ocr_carea' id='block_1_11' title="bbox 1254 225 2281 335">
    <p class='ocr_par' dir='ltr' id='par_1_11' title="bbox 1254 225 2281 335">
     <span class='ocr_line' id='line_1_59' title="bbox 1255 225 2278 277; baseline 0 -15"><span class='ocrx_word' id='word_1_438' title='bbox 1255 226 1486 276; x_wconf 83' lang='grc' dir='ltr'>ραγενομένων</span> <span class='ocrx_word' id='word_1_439' title='bbox 1508 226 1542 263; x_wconf 82' lang='grc' dir='ltr'><strong>δὲ</strong></span> <span class='ocrx_word' id='word_1_440' title='bbox 1572 227 1716 264; x_wconf 78' lang='grc' dir='ltr'>Πυθῶδε</span> <span class='ocrx_word' id='word_1_441' title='bbox 1742 228 1809 263; x_wconf 72' lang='grc' dir='ltr'><strong>τῶν</strong></span> <span class='ocrx_word' id='word_1_442' title='bbox 1829 228 1963 277; x_wconf 75' lang='grc' dir='ltr'>θεωρῶν</span> <span class='ocrx_word' id='word_1_443' title='bbox 1992 226 2050 264; x_wconf 84' lang='grc' dir='ltr'><strong>καὶ</strong></span> <span class='ocrx_word' id='word_1_444' title='bbox 2070 225 2278 275; x_wconf 75' lang='grc' dir='ltr'>πυνθανομέ-</span> 
     </span>
     <span class='ocr_line' id='line_1_60' title="bbox 1254 283 2281 335; baseline -0.001 -15"><span class='ocrx_word' id='word_1_445' title='bbox 1254 299 1318 320; x_wconf 90' lang='grc' dir='ltr'><strong>νων</strong></span> <span class='ocrx_word' id='word_1_446' title='bbox 1341 283 1374 320; x_wconf 91' lang='grc' dir='ltr'><strong>τί</strong></span> <span class='ocrx_word' id='word_1_447' title='bbox 1389 284 1559 330; x_wconf 79' lang='grc' dir='ltr'>ποιητέον,</span> <span class='ocrx_word' id='word_1_448' title='bbox 1580 285 1715 320; x_wconf 85' lang='grc' dir='ltr'>ἀνεῖπεν</span> <span class='ocrx_word' id='word_1_449' title='bbox 1737 286 1756 329; x_wconf 84' lang='grc' dir='ltr'>ἡ</span> <span class='ocrx_word' id='word_1_450' title='bbox 1783 283 1894 322; x_wconf 86' lang='grc' dir='ltr'>Πυθία</span> <span class='ocrx_word' id='word_1_451' title='bbox 1913 283 2008 321; x_wconf 84' lang='grc' dir='ltr'>τόνδε</span> <span class='ocrx_word' id='word_1_452' title='bbox 2024 283 2080 321; x_wconf 85' lang='grc' dir='ltr'><strong>τὸν</strong></span> <span class='ocrx_word' id='word_1_453' title='bbox 2096 284 2254 335; x_wconf 81' lang='grc' dir='ltr'>χρησμόν</span> <span class='ocrx_word' id='word_1_454' title='bbox 2273 298 2281 306; x_wconf 93' lang='grc'><em>·</em></span> 
     </span>
    </p>
   </div>
   <div class='ocr_carea' id='block_1_12' title="bbox 1256 363 2285 848">
    <p class='ocr_par' dir='ltr' id='par_1_12' title="bbox 1336 363 2129 404">
     <span class='ocr_line' id='line_1_61' title="bbox 1336 363 2129 404; baseline 0 -9"><span class='ocrx_word' id='word_1_455' title='bbox 1336 364 1439 404; x_wconf 85' lang='grc' dir='ltr'>Ἴσχεο</span> <span class='ocrx_word' id='word_1_456' title='bbox 1452 367 1516 402; x_wconf 75' lang='grc' dir='ltr'>νῦν,</span> <span class='ocrx_word' id='word_1_457' title='bbox 1530 364 1678 403; x_wconf 87' lang='grc' dir='ltr'>Ῥωμαῖε,</span> <span class='ocrx_word' id='word_1_458' title='bbox 1697 363 1765 400; x_wconf 81' lang='grc' dir='ltr'>δίκη</span> <span class='ocrx_word' id='word_1_459' title='bbox 1781 364 1813 394; x_wconf 84' lang='grc' dir='ltr'>δέ</span> <span class='ocrx_word' id='word_1_460' title='bbox 1827 375 1873 394; x_wconf 90' lang='grc' dir='ltr'><strong>τοι</strong></span> <span class='ocrx_word' id='word_1_461' title='bbox 1890 364 2018 404; x_wconf 81' lang='grc' dir='ltr'>ἔμμονος</span> <span class='ocrx_word' id='word_1_462' title='bbox 2032 364 2129 402; x_wconf 80' lang='grc' dir='ltr'>ἔστω,</span> 
     </span>
    </p>

    <p class='ocr_par' dir='ltr' id='par_1_13' title="bbox 1337 410 2098 451">
     <span class='ocr_line' id='line_1_62' title="bbox 1337 410 2098 451; baseline 0.001 -11"><span class='ocrx_word' id='word_1_463' title='bbox 1337 411 1377 449; x_wconf 80' lang='grc' dir='ltr'><strong>μή</strong></span> <span class='ocrx_word' id='word_1_464' title='bbox 1391 421 1439 440; x_wconf 90' lang='grc' dir='ltr'><strong>σοι</strong></span> <span class='ocrx_word' id='word_1_465' title='bbox 1454 411 1609 449; x_wconf 65' lang='grc' dir='ltr'>ἐφορμήσῃ</span> <span class='ocrx_word' id='word_1_466' title='bbox 1632 410 1753 445; x_wconf 78' lang='grc' dir='ltr'>Παλλὰς</span> <span class='ocrx_word' id='word_1_467' title='bbox 1767 411 1843 441; x_wconf 81' lang='grc' dir='ltr'>πολὺ</span> <span class='ocrx_word' id='word_1_468' title='bbox 1859 411 1995 451; x_wconf 83' lang='grc' dir='ltr'>φέρτερον</span> <span class='ocrx_word' id='word_1_469' title='bbox 2009 411 2079 451; x_wconf 87' lang='grc' dir='ltr'><strong>Ἄρη</strong></span> <span class='ocrx_word' id='word_1_470' title='bbox 2090 434 2098 448; x_wconf 94' lang='grc'>,</span> 
     </span>
    </p>

    <p class='ocr_par' dir='ltr' id='par_1_14' title="bbox 1338 456 2131 496">
     <span class='ocr_line' id='line_1_63' title="bbox 1338 456 2131 496; baseline 0.003 -11"><span class='ocrx_word' id='word_1_471' title='bbox 1338 457 1464 495; x_wconf 77' lang='grc' dir='ltr'>χηρώσῃ</span> <span class='ocrx_word' id='word_1_472' title='bbox 1477 457 1501 486; x_wconf 77' lang='grc' dir='ltr'><strong>δ’</strong></span> <span class='ocrx_word' id='word_1_473' title='bbox 1515 456 1626 496; x_wconf 83' lang='grc' dir='ltr'>ἀγοράς</span> <span class='ocrx_word' id='word_1_474' title='bbox 1636 465 1642 471; x_wconf 94' lang='grc'>·</span> <span class='ocrx_word' id='word_1_475' title='bbox 1655 456 1694 486; x_wconf 80' lang='grc' dir='ltr'><strong>σὺ</strong></span> <span class='ocrx_word' id='word_1_476' title='bbox 1710 456 1740 487; x_wconf 80' lang='grc' dir='ltr'><strong>δὲ</strong></span> <span class='ocrx_word' id='word_1_477' title='bbox 1751 480 1759 494; x_wconf 92' lang='grc'>,</span> <span class='ocrx_word' id='word_1_478' title='bbox 1770 457 1857 493; x_wconf 79' lang='grc' dir='ltr'>νήπιε</span> <span class='ocrx_word' id='word_1_479' title='bbox 1867 481 1874 495; x_wconf 90' lang='grc'>,</span> <span class='ocrx_word' id='word_1_480' title='bbox 1885 457 1982 487; x_wconf 82' lang='grc' dir='ltr'>πολλὰ</span> <span class='ocrx_word' id='word_1_481' title='bbox 1994 458 2131 496; x_wconf 83' lang='grc' dir='ltr'>μογήσας</span> 
     </span>
    </p>

    <p class='ocr_par' dir='ltr' id='par_1_15' title="bbox 1256 502 2285 848">
     <span class='ocr_line' id='line_1_64' title="bbox 1335 502 2068 541; baseline 0.004 -10"><span class='ocrx_word' id='word_1_482' title='bbox 1335 502 1409 536; x_wconf 80' lang='grc' dir='ltr'>ἵξεαι</span> <span class='ocrx_word' id='word_1_483' title='bbox 1422 502 1450 536; x_wconf 86' lang='grc' dir='ltr'><strong>ἐς</strong></span> <span class='ocrx_word' id='word_1_484' title='bbox 1467 502 1569 541; x_wconf 79' lang='grc' dir='ltr'>χώρην</span> <span class='ocrx_word' id='word_1_485' title='bbox 1582 503 1635 538; x_wconf 83' lang='grc' dir='ltr'><strong>την</strong></span> <span class='ocrx_word' id='word_1_486' title='bbox 1652 504 1708 539; x_wconf 84' lang='grc' dir='ltr'><strong>σὴν</strong></span> <span class='ocrx_word' id='word_1_487' title='bbox 1722 503 1814 533; x_wconf 83' lang='grc' dir='ltr'>πολὺν</span> <span class='ocrx_word' id='word_1_488' title='bbox 1826 503 1914 533; x_wconf 72' lang='grc' dir='ltr'>ὄλὸον</span> <span class='ocrx_word' id='word_1_489' title='bbox 1930 503 2068 539; x_wconf 83' lang='grc' dir='ltr'>ὀλέσσας.</span> 
     </span>
     <span class='ocr_line' id='line_1_65' title="bbox 1256 560 2283 617; baseline 0.001 -17"><span class='ocrx_word' id='word_1_490' title='bbox 1256 563 1475 606; x_wconf 79' lang='grc' dir='ltr'>Ἀκούσαντες</span> <span class='ocrx_word' id='word_1_491' title='bbox 1492 560 1547 601; x_wconf 62' lang='grc' dir='ltr'><strong>οὖν</strong></span> <span class='ocrx_word' id='word_1_492' title='bbox 1564 567 1621 602; x_wconf 76' lang='grc' dir='ltr'><strong>τοῦ</strong></span> <span class='ocrx_word' id='word_1_493' title='bbox 1638 565 1738 614; x_wconf 88' lang='grc' dir='ltr'>λόγου</span> <span class='ocrx_word' id='word_1_494' title='bbox 1753 564 1873 603; x_wconf 88' lang='grc' dir='ltr'>τούτου</span> <span class='ocrx_word' id='word_1_495' title='bbox 1889 565 1927 603; x_wconf 81' lang='grc' dir='ltr'><strong>τὸ</strong></span> <span class='ocrx_word' id='word_1_496' title='bbox 1945 565 2006 615; x_wconf 82' lang='grc' dir='ltr'><strong>μὲν</strong></span> <span class='ocrx_word' id='word_1_497' title='bbox 2021 567 2283 617; x_wconf 70' lang='grc' dir='ltr'>ἐπιστρατεῦσαι</span> 
     </span>
     <span class='ocr_line' id='line_1_66' title="bbox 1257 621 2282 674; baseline 0.002 -16"><span class='ocrx_word' id='word_1_498' title='bbox 1257 621 1313 658; x_wconf 81' lang='grc' dir='ltr'><strong>ἐπί</strong></span> <span class='ocrx_word' id='word_1_499' title='bbox 1332 637 1406 658; x_wconf 89' lang='grc' dir='ltr'>τινα</span> <span class='ocrx_word' id='word_1_500' title='bbox 1427 638 1493 659; x_wconf 83' lang='grc' dir='ltr'><strong>των</strong></span> <span class='ocrx_word' id='word_1_501' title='bbox 1519 624 1553 658; x_wconf 81' lang='grc' dir='ltr'><strong>ἓν</strong></span> <span class='ocrx_word' id='word_1_502' title='bbox 1571 625 1612 673; x_wconf 75' lang='grc' dir='ltr'><strong>τῇ</strong></span> <span class='ocrx_word' id='word_1_503' title='bbox 1634 622 1785 674; x_wconf 79' lang='grc' dir='ltr'>Εὐρώπῃ</span> <span class='ocrx_word' id='word_1_504' title='bbox 1812 622 2060 661; x_wconf 89' lang='grc' dir='ltr'>κατοικούντων</span> <span class='ocrx_word' id='word_1_505' title='bbox 2081 623 2282 672; x_wconf 81' lang='grc' dir='ltr'>ἀπέγνωσαν</span> 
     </span>
     <span class='ocr_line' id='line_1_67' title="bbox 1256 678 2284 732; baseline 0.004 -17"><span class='ocrx_word' id='word_1_506' title='bbox 1256 678 1294 715; x_wconf 82' lang='grc' dir='ltr'><strong>τὸ</strong></span> <span class='ocrx_word' id='word_1_507' title='bbox 1322 678 1501 729; x_wconf 86' lang='grc' dir='ltr'>παράπαν,</span> <span class='ocrx_word' id='word_1_508' title='bbox 1532 678 1771 723; x_wconf 80' lang='grc' dir='ltr'>ἀναζεύξαντες</span> <span class='ocrx_word' id='word_1_509' title='bbox 1791 680 1826 718; x_wconf 80' lang='grc' dir='ltr'><strong>δὲ</strong></span> <span class='ocrx_word' id='word_1_510' title='bbox 1849 681 1917 718; x_wconf 82' lang='grc' dir='ltr'><strong>ἀπὸ</strong></span> <span class='ocrx_word' id='word_1_511' title='bbox 1944 697 2004 719; x_wconf 91' lang='grc' dir='ltr'><strong>του</strong></span> <span class='ocrx_word' id='word_1_512' title='bbox 2036 680 2284 732; x_wconf 86' lang='grc' dir='ltr'>προειρημένου</span> 
     </span>
     <span class='ocr_line' id='line_1_68' title="bbox 1256 735 2284 791; baseline 0.006 -19"><span class='ocrx_word' id='word_1_513' title='bbox 1256 735 1361 774; x_wconf 86' lang='grc' dir='ltr'>τόπου</span> <span class='ocrx_word' id='word_1_514' title='bbox 1389 737 1613 788; x_wconf 86' lang='grc' dir='ltr'>παρεγένοντο</span> <span class='ocrx_word' id='word_1_515' title='bbox 1644 737 1699 774; x_wconf 81' lang='grc' dir='ltr'><strong>ἔπι</strong></span> <span class='ocrx_word' id='word_1_516' title='bbox 1720 738 1928 776; x_wconf 86' lang='grc' dir='ltr'>Ναύπακτον</span> <span class='ocrx_word' id='word_1_517' title='bbox 1947 743 2006 785; x_wconf 73' lang='grc' dir='ltr'><strong>τῆς</strong></span> <span class='ocrx_word' id='word_1_518' title='bbox 2034 741 2226 791; x_wconf 82' lang='grc' dir='ltr'>Αἰτωλίας,</span> <span class='ocrx_word' id='word_1_519' title='bbox 2247 743 2284 778; x_wconf 80' lang='grc' dir='ltr'>οὗ</span> 
     </span>
     <span class='ocr_line' id='line_1_69' title="bbox 1259 794 2285 848; baseline 0.005 -18"><span class='ocrx_word' id='word_1_520' title='bbox 1259 796 1346 831; x_wconf 80' lang='grc' dir='ltr'>ἐστιν</span> <span class='ocrx_word' id='word_1_521' title='bbox 1364 794 1451 845; x_wconf 81' lang='grc' dir='ltr'>ἱερόν</span> <span class='ocrx_word' id='word_1_522' title='bbox 1469 794 1578 832; x_wconf 82' lang='grc' dir='ltr'>κοινὸν</span> <span class='ocrx_word' id='word_1_523' title='bbox 1597 811 1664 832; x_wconf 78' lang='grc' dir='ltr'><strong>των</strong></span> <span class='ocrx_word' id='word_1_524' title='bbox 1688 794 1878 843; x_wconf 52' lang='grc' dir='ltr'>(Ελληνων,</span> <span class='ocrx_word' id='word_1_525' title='bbox 1902 797 2150 848; x_wconf 78' lang='grc' dir='ltr'>εὖτρεπίζοντες</span> <span class='ocrx_word' id='word_1_526' title='bbox 2169 798 2285 842; x_wconf 82' lang='grc' dir='ltr'>Θυσίας</span> 
     </span>
    </p>
   </div>
   <div class='ocr_carea' id='block_1_13' title="bbox 1258 853 2288 1908">
    <p class='ocr_par' dir='ltr' id='par_1_16' title="bbox 1258 853 2288 1478">
     <span class='ocr_line' id='line_1_70' title="bbox 1259 853 2285 917; baseline 0.006 -28"><span class='ocrx_word' id='word_1_527' title='bbox 1259 854 1514 901; x_wconf 73' lang='grc' dir='ltr'>δημοτελεις,</span> <span class='ocrx_word' id='word_1_528' title='bbox 1497 854 1656 917; x_wconf 74' lang='grc' dir='ltr'>απαρχάς</span> <span class='ocrx_word' id='word_1_529' title='bbox 1669 869 1705 891; x_wconf 81' lang='grc' dir='ltr'><strong>τε</strong></span> <span class='ocrx_word' id='word_1_530' title='bbox 1726 853 1759 897; x_wconf 81' lang='grc' dir='ltr'><strong>ἐξ</strong></span> <span class='ocrx_word' id='word_1_531' title='bbox 1779 853 1884 896; x_wconf 80' lang='grc' dir='ltr'>ἔθους.</span> <span class='ocrx_word' id='word_1_532' title='bbox 1902 855 2042 893; x_wconf 87' lang='grc' dir='ltr'>Τούτων</span> <span class='ocrx_word' id='word_1_533' title='bbox 2061 856 2095 894; x_wconf 79' lang='grc' dir='ltr'><strong>δὲ</strong></span> <span class='ocrx_word' id='word_1_534' title='bbox 2110 859 2285 897; x_wconf 80' lang='grc' dir='ltr'>ἐπιτελου-</span> 
     </span>
     <span class='ocr_line' id='line_1_71' title="bbox 1259 904 2286 959; baseline 0.008 -19"><span class='ocrx_word' id='word_1_535' title='bbox 1259 904 1369 952; x_wconf 84' lang='grc' dir='ltr'>μένων</span> <span class='ocrx_word' id='word_1_536' title='bbox 1400 907 1417 942; x_wconf 84' lang='grc' dir='ltr'>ὁ</span> <span class='ocrx_word' id='word_1_537' title='bbox 1450 920 1638 956; x_wconf 85' lang='grc' dir='ltr'>στρατηγός</span> <span class='ocrx_word' id='word_1_538' title='bbox 1670 906 1861 949; x_wconf 77' lang='grc' dir='ltr'>Πόπλιος’</span> <span class='ocrx_word' id='word_1_539' title='bbox 1847 907 2003 956; x_wconf 81' lang='grc' dir='ltr'>εμμανὴς</span> <span class='ocrx_word' id='word_1_540' title='bbox 2029 909 2206 959; x_wconf 82' lang='grc' dir='ltr'>γενόμενος</span> <span class='ocrx_word' id='word_1_541' title='bbox 2227 926 2286 948; x_wconf 85' lang='grc' dir='ltr'><strong>και</strong></span> 
     </span>
     <span class='ocr_line' id='line_1_72' title="bbox 1258 962 2284 1015; baseline 0.006 -17"><span class='ocrx_word' id='word_1_542' title='bbox 1258 962 1448 1014; x_wconf 75' lang='grc' dir='ltr'>παράφρων</span> <span class='ocrx_word' id='word_1_543' title='bbox 1474 963 1724 1015; x_wconf 76' lang='grc' dir='ltr'>ἀποφθέγγεται</span> <span class='ocrx_word' id='word_1_544' title='bbox 1743 964 1854 1001; x_wconf 87' lang='grc' dir='ltr'>πολλά</span> <span class='ocrx_word' id='word_1_545' title='bbox 1873 980 1948 1002; x_wconf 91' lang='grc' dir='ltr'>τινα</span> <span class='ocrx_word' id='word_1_546' title='bbox 1969 967 2214 1014; x_wconf 80' lang='grc' dir='ltr'>ενθουσιωδῶς,</span> <span class='ocrx_word' id='word_1_547' title='bbox 2242 968 2284 1004; x_wconf 80' lang='grc' dir='ltr'><strong>τὰ</strong></span> 
     </span>
     <span class='ocr_line' id='line_1_73' title="bbox 1260 1020 2283 1075; baseline 0.005 -18"><span class='ocrx_word' id='word_1_548' title='bbox 1260 1020 1320 1070; x_wconf 82' lang='grc' dir='ltr'><strong>μὲν</strong></span> <span class='ocrx_word' id='word_1_549' title='bbox 1350 1022 1383 1057; x_wconf 82' lang='grc' dir='ltr'><strong>ἐν</strong></span> <span class='ocrx_word' id='word_1_550' title='bbox 1405 1021 1542 1072; x_wconf 86' lang='grc' dir='ltr'>μέτρῳ,</span> <span class='ocrx_word' id='word_1_551' title='bbox 1565 1021 1636 1058; x_wconf 80' lang='grc' dir='ltr'>ἔστι</span> <span class='ocrx_word' id='word_1_552' title='bbox 1658 1023 1685 1058; x_wconf 79' lang='grc' dir='ltr'><strong>δ’</strong></span> <span class='ocrx_word' id='word_1_553' title='bbox 1709 1021 1730 1058; x_wconf 83' lang='grc' dir='ltr'>ἃ</span> <span class='ocrx_word' id='word_1_554' title='bbox 1754 1021 1815 1058; x_wconf 86' lang='grc' dir='ltr'><strong>καὶ</strong></span> <span class='ocrx_word' id='word_1_555' title='bbox 1833 1023 2086 1073; x_wconf 81' lang='grc' dir='ltr'>καταλογάδην.</span> <span class='ocrx_word' id='word_1_556' title='bbox 2111 1026 2283 1075; x_wconf 89' lang='grc' dir='ltr'>Διαγγελ-</span> 
     </span>
     <span class='ocr_line' id='line_1_74' title="bbox 1259 1079 2287 1131; baseline 0.004 -15"><span class='ocrx_word' id='word_1_557' title='bbox 1259 1079 1370 1122; x_wconf 80' lang='grc' dir='ltr'>θέντος</span> <span class='ocrx_word' id='word_1_558' title='bbox 1391 1079 1424 1116; x_wconf 78' lang='grc' dir='ltr'><strong>δὲ</strong></span> <span class='ocrx_word' id='word_1_559' title='bbox 1454 1082 1501 1129; x_wconf 73' lang='grc' dir='ltr'><strong>τῷ</strong></span> <span class='ocrx_word' id='word_1_560' title='bbox 1523 1079 1645 1125; x_wconf 74' lang='grc' dir='ltr'>πλήθει</span> <span class='ocrx_word' id='word_1_561' title='bbox 1672 1083 1733 1116; x_wconf 77' lang='grc' dir='ltr'><strong>τοῦ</strong></span> <span class='ocrx_word' id='word_1_562' title='bbox 1752 1079 1955 1131; x_wconf 87' lang='grc' dir='ltr'>πράγματος</span> <span class='ocrx_word' id='word_1_563' title='bbox 1983 1081 2135 1119; x_wconf 81' lang='grc' dir='ltr'>συνέθεον</span> <span class='ocrx_word' id='word_1_564' title='bbox 2163 1082 2287 1126; x_wconf 83' lang='grc' dir='ltr'>πάντες</span> 
     </span>
     <span class='ocr_line' id='line_1_75' title="bbox 1259 1136 2288 1190; baseline 0.005 -17"><span class='ocrx_word' id='word_1_565' title='bbox 1259 1136 1341 1188; x_wconf 75' lang='grc' dir='ltr'>πρὸς</span> <span class='ocrx_word' id='word_1_566' title='bbox 1360 1136 1420 1182; x_wconf 71' lang='grc' dir='ltr'><strong>τὴν</strong></span> <span class='ocrx_word' id='word_1_567' title='bbox 1440 1136 1568 1183; x_wconf 74' lang='grc' dir='ltr'>σκηνὴν</span> <span class='ocrx_word' id='word_1_568' title='bbox 1588 1141 1646 1175; x_wconf 71' lang='grc' dir='ltr'><strong>τοῦ</strong></span> <span class='ocrx_word' id='word_1_569' title='bbox 1664 1137 1838 1183; x_wconf 86' lang='grc' dir='ltr'>Ποπλίου,</span> <span class='ocrx_word' id='word_1_570' title='bbox 1854 1137 1927 1187; x_wconf 85' lang='grc' dir='ltr'><strong>ἅμα</strong></span> <span class='ocrx_word' id='word_1_571' title='bbox 1949 1137 2009 1187; x_wconf 80' lang='grc' dir='ltr'><strong>μὲν</strong></span> <span class='ocrx_word' id='word_1_572' title='bbox 2030 1142 2288 1190; x_wconf 78' lang='grc' dir='ltr'>ὑπαγωνιῶντες</span> 
     </span>
     <span class='ocr_line' id='line_1_76' title="bbox 1260 1194 2287 1246; baseline 0.006 -16"><span class='ocrx_word' id='word_1_573' title='bbox 1260 1194 1317 1231; x_wconf 84' lang='grc' dir='ltr'><strong>καὶ</strong></span> <span class='ocrx_word' id='word_1_574' title='bbox 1338 1194 1614 1244; x_wconf 79' lang='grc' dir='ltr'>ἐκπεπληγμένοι</span> <span class='ocrx_word' id='word_1_575' title='bbox 1642 1194 1697 1231; x_wconf 81' lang='grc' dir='ltr'><strong>ἐπὶ</strong></span> <span class='ocrx_word' id='word_1_576' title='bbox 1727 1196 1777 1246; x_wconf 81' lang='grc' dir='ltr'><strong>τῷ</strong></span> <span class='ocrx_word' id='word_1_577' title='bbox 1807 1194 1864 1232; x_wconf 82' lang='grc' dir='ltr'><strong>τὸν</strong></span> <span class='ocrx_word' id='word_1_578' title='bbox 1885 1195 2064 1245; x_wconf 83' lang='grc' dir='ltr'>κράτιστον</span> <span class='ocrx_word' id='word_1_579' title='bbox 2097 1199 2208 1235; x_wconf 78' lang='grc' dir='ltr'>αὐτῶν</span> <span class='ocrx_word' id='word_1_580' title='bbox 2229 1198 2287 1236; x_wconf 80' lang='grc' dir='ltr'><strong>καὶ</strong></span> 
     </span>
     <span class='ocr_line' id='line_1_77' title="bbox 1260 1251 2287 1306; baseline 0.006 -18"><span class='ocrx_word' id='word_1_581' title='bbox 1260 1251 1445 1301; x_wconf 78' lang='grc' dir='ltr'>δυνάμενον</span> <span class='ocrx_word' id='word_1_582' title='bbox 1463 1254 1667 1303; x_wconf 75' lang='grc' dir='ltr'>ἀφηγεῖσθαι</span> <span class='ocrx_word' id='word_1_583' title='bbox 1685 1255 1759 1302; x_wconf 89' lang='grc' dir='ltr'>μετ’</span> <span class='ocrx_word' id='word_1_584' title='bbox 1776 1253 1955 1304; x_wconf 80' lang='grc' dir='ltr'>ἐμπειρίας</span> <span class='ocrx_word' id='word_1_585' title='bbox 1967 1255 2195 1306; x_wconf 79' lang='grc' dir='ltr'>ἠτυχηκέναι,</span> <span class='ocrx_word' id='word_1_586' title='bbox 2214 1256 2287 1304; x_wconf 84' lang='grc' dir='ltr'><strong>ἅμα</strong></span> 
     </span>
     <span class='ocr_line' id='line_1_78' title="bbox 1260 1308 2288 1361; baseline 0.005 -15"><span class='ocrx_word' id='word_1_587' title='bbox 1260 1308 1295 1346; x_wconf 77' lang='grc' dir='ltr'><strong>δὲ</strong></span> <span class='ocrx_word' id='word_1_588' title='bbox 1313 1309 1445 1346; x_wconf 78' lang='grc' dir='ltr'>ἀκούειν</span> <span class='ocrx_word' id='word_1_589' title='bbox 1465 1308 1665 1359; x_wconf 82' lang='grc' dir='ltr'>βουλόμενοι</span> <span class='ocrx_word' id='word_1_590' title='bbox 1683 1310 1727 1346; x_wconf 87' lang='grc' dir='ltr'><strong>τὰ</strong></span> <span class='ocrx_word' id='word_1_591' title='bbox 1750 1311 1937 1361; x_wconf 87' lang='grc' dir='ltr'>λεγόμενα,</span> <span class='ocrx_word' id='word_1_592' title='bbox 1961 1311 2050 1349; x_wconf 79' lang='grc' dir='ltr'>ὥστε</span> <span class='ocrx_word' id='word_1_593' title='bbox 2063 1313 2156 1356; x_wconf 87' lang='grc' dir='ltr'>τινὰς</span> <span class='ocrx_word' id='word_1_594' title='bbox 2176 1314 2288 1351; x_wconf 72' lang='grc' dir='ltr'>αὐτῶν</span> 
     </span>
     <span class='ocr_line' id='line_1_79' title="bbox 1259 1364 2288 1422; baseline 0.004 -19"><span class='ocrx_word' id='word_1_595' title='bbox 1259 1367 1457 1409; x_wconf 81' lang='grc' dir='ltr'>πιεσθέντας</span> <span class='ocrx_word' id='word_1_596' title='bbox 1473 1367 1658 1418; x_wconf 85' lang='grc' dir='ltr'>βιαιότερον</span> <span class='ocrx_word' id='word_1_597' title='bbox 1672 1369 1914 1419; x_wconf 67' lang='grc' dir='ltr'>ἀποπνιγῆναι.</span> <span class='ocrx_word' id='word_1_598' title='bbox 1927 1368 1981 1407; x_wconf 81' lang='grc' dir='ltr'><strong>Τὰ</strong></span> <span class='ocrx_word' id='word_1_599' title='bbox 1997 1369 2057 1419; x_wconf 79' lang='grc' dir='ltr'><strong>μὲν</strong></span> <span class='ocrx_word' id='word_1_600' title='bbox 2067 1364 2122 1407; x_wconf 61' lang='grc' dir='ltr'><strong>οὖν</strong></span> <span class='ocrx_word' id='word_1_601' title='bbox 2132 1372 2164 1407; x_wconf 79' lang='grc' dir='ltr'><strong>ἐν</strong></span> <span class='ocrx_word' id='word_1_602' title='bbox 2175 1369 2288 1422; x_wconf 88' lang='grc' dir='ltr'>μέτρῳ</span> 
     </span>
     <span class='ocr_line' id='line_1_80' title="bbox 1262 1424 2288 1478; baseline 0.005 -18"><span class='ocrx_word' id='word_1_603' title='bbox 1262 1424 1405 1475; x_wconf 80' lang='grc' dir='ltr'>ῥηθέντα</span> <span class='ocrx_word' id='word_1_604' title='bbox 1427 1426 1483 1461; x_wconf 77' lang='grc' dir='ltr'><strong>ὑπ’</strong></span> <span class='ocrx_word' id='word_1_605' title='bbox 1501 1426 1603 1462; x_wconf 75' lang='grc' dir='ltr'>αὐτοῦ</span> <span class='ocrx_word' id='word_1_606' title='bbox 1615 1454 1625 1471; x_wconf 93' lang='grc'>,</span> <span class='ocrx_word' id='word_1_607' title='bbox 1646 1424 1695 1462; x_wconf 85' lang='grc' dir='ltr'><strong>ἔτι</strong></span> <span class='ocrx_word' id='word_1_608' title='bbox 1714 1425 1805 1468; x_wconf 81' lang='grc' dir='ltr'>ὄντος</span> <span class='ocrx_word' id='word_1_609' title='bbox 1824 1427 1858 1462; x_wconf 84' lang='grc' dir='ltr'><strong>ἐν</strong></span> <span class='ocrx_word' id='word_1_610' title='bbox 1884 1428 1925 1476; x_wconf 78' lang='grc' dir='ltr'><strong>τῇ</strong></span> <span class='ocrx_word' id='word_1_611' title='bbox 1942 1430 2073 1478; x_wconf 75' lang='grc' dir='ltr'>σκηνῇ,</span> <span class='ocrx_word' id='word_1_612' title='bbox 2096 1427 2168 1464; x_wconf 80' lang='grc' dir='ltr'>ἐστὶ</span> <span class='ocrx_word' id='word_1_613' title='bbox 2186 1428 2266 1465; x_wconf 84' lang='grc' dir='ltr'>τάδε</span> <span class='ocrx_word' id='word_1_614' title='bbox 2280 1443 2288 1451; x_wconf 92' lang='grc'><em>·</em></span> 
     </span>
    </p>

    <p class='ocr_par' dir='ltr' id='par_1_17' title="bbox 1341 1499 2096 1540">
     <span class='ocr_line' id='line_1_81' title="bbox 1341 1499 2096 1540; baseline 0.001 -11"><span class='ocrx_word' id='word_1_615' title='bbox 1341 1499 1384 1529; x_wconf 86' lang='grc' dir='ltr'>Ὦ</span> <span class='ocrx_word' id='word_1_616' title='bbox 1399 1499 1520 1538; x_wconf 80' lang='grc' dir='ltr'>πατρὶς,</span> <span class='ocrx_word' id='word_1_617' title='bbox 1532 1499 1596 1531; x_wconf 83' lang='grc' dir='ltr'>οἷόν</span> <span class='ocrx_word' id='word_1_618' title='bbox 1610 1510 1658 1530; x_wconf 91' lang='grc' dir='ltr'><strong>σοι</strong></span> <span class='ocrx_word' id='word_1_619' title='bbox 1669 1499 1776 1540; x_wconf 84' lang='grc' dir='ltr'>λυγρὸν</span> <span class='ocrx_word' id='word_1_620' title='bbox 1792 1500 1870 1539; x_wconf 81' lang='grc' dir='ltr'>φέρει</span> <span class='ocrx_word' id='word_1_621' title='bbox 1887 1499 1954 1539; x_wconf 82' lang='grc' dir='ltr'><strong>Ἄρη</strong></span> <span class='ocrx_word' id='word_1_622' title='bbox 1969 1499 2074 1537; x_wconf 75' lang='grc' dir='ltr'>Ἀθήνη</span> <span class='ocrx_word' id='word_1_623' title='bbox 2088 1524 2096 1538; x_wconf 93' lang='grc'>,</span> 
     </span>
    </p>

    <p class='ocr_par' dir='ltr' id='par_1_18' title="bbox 1340 1545 2008 1584">
     <span class='ocr_line' id='line_1_82' title="bbox 1340 1545 2008 1584; baseline 0.001 -9"><span class='ocrx_word' id='word_1_624' title='bbox 1340 1545 1431 1581; x_wconf 83' lang='grc' dir='ltr'>ἡνίκα</span> <span class='ocrx_word' id='word_1_625' title='bbox 1447 1545 1617 1584; x_wconf 78' lang='grc' dir='ltr'>πορθήσασ’</span> <span class='ocrx_word' id='word_1_626' title='bbox 1631 1545 1730 1582; x_wconf 83' lang='grc' dir='ltr'>Ἀσίην</span> <span class='ocrx_word' id='word_1_627' title='bbox 1742 1546 1912 1576; x_wconf 63' lang='grc' dir='ltr'>πολύολνῧον</span> <span class='ocrx_word' id='word_1_628' title='bbox 1923 1546 2008 1583; x_wconf 84' lang='grc' dir='ltr'>ἵκηαι</span> 
     </span>
    </p>

    <p class='ocr_par' dir='ltr' id='par_1_19' title="bbox 1341 1591 2044 1632">
     <span class='ocr_line' id='line_1_83' title="bbox 1341 1591 2044 1632; baseline 0.001 -11"><span class='ocrx_word' id='word_1_629' title='bbox 1341 1591 1468 1627; x_wconf 86' lang='grc' dir='ltr'>Ἰταλίην</span> <span class='ocrx_word' id='word_1_630' title='bbox 1485 1591 1513 1626; x_wconf 84' lang='grc' dir='ltr'><strong>ἐς</strong></span> <span class='ocrx_word' id='word_1_631' title='bbox 1534 1595 1637 1630; x_wconf 84' lang='grc' dir='ltr'>γαῖαν,</span> <span class='ocrx_word' id='word_1_632' title='bbox 1655 1592 1851 1632; x_wconf 78' lang='grc' dir='ltr'>ἐϋστεφάνους</span> <span class='ocrx_word' id='word_1_633' title='bbox 1864 1603 1896 1622; x_wconf 87' lang='grc' dir='ltr'><strong>τε</strong></span> <span class='ocrx_word' id='word_1_634' title='bbox 1909 1593 2025 1628; x_wconf 79' lang='grc' dir='ltr'>πόληας</span> <span class='ocrx_word' id='word_1_635' title='bbox 2036 1615 2044 1627; x_wconf 84' lang='grc'>,</span> 
     </span>
    </p>

    <p class='ocr_par' dir='ltr' id='par_1_20' title="bbox 1342 1637 2104 1678">
     <span class='ocr_line' id='line_1_84' title="bbox 1342 1637 2104 1678; baseline 0.003 -11"><span class='ocrx_word' id='word_1_636' title='bbox 1342 1637 1504 1676; x_wconf 85' lang='grc' dir='ltr'>Θρινακίην</span> <span class='ocrx_word' id='word_1_637' title='bbox 1516 1641 1607 1674; x_wconf 84' lang='grc' dir='ltr'>νῆσον</span> <span class='ocrx_word' id='word_1_638' title='bbox 1621 1638 1823 1678; x_wconf 82' lang='grc' dir='ltr'>πολυήρατον,</span> <span class='ocrx_word' id='word_1_639' title='bbox 1835 1638 1871 1674; x_wconf 83' lang='grc' dir='ltr'><strong>ἢν</strong></span> <span class='ocrx_word' id='word_1_640' title='bbox 1885 1637 2011 1668; x_wconf 87' lang='grc' dir='ltr'>κτίσατο</span> <span class='ocrx_word' id='word_1_641' title='bbox 2021 1638 2104 1675; x_wconf 79' lang='grc' dir='ltr'>Ζεύς,</span> 
     </span>
    </p>

    <p class='ocr_par' dir='ltr' id='par_1_21' title="bbox 1340 1683 2106 1724">
     <span class='ocr_line' id='line_1_85' title="bbox 1340 1683 2106 1724; baseline 0.001 -11"><span class='ocrx_word' id='word_1_642' title='bbox 1340 1683 1423 1718; x_wconf 81' lang='grc' dir='ltr'>’Ήξει</span> <span class='ocrx_word' id='word_1_643' title='bbox 1434 1684 1491 1723; x_wconf 83' lang='grc' dir='ltr'><strong>γὰρ</strong></span> <span class='ocrx_word' id='word_1_644' title='bbox 1502 1684 1626 1723; x_wconf 83' lang='grc' dir='ltr'>στρατιὴ</span> <span class='ocrx_word' id='word_1_645' title='bbox 1637 1684 1857 1724; x_wconf 77' lang='grc' dir='ltr'>πολυφέρτατος</span> <span class='ocrx_word' id='word_1_646' title='bbox 1867 1707 1875 1722; x_wconf 91' lang='grc'>,</span> <span class='ocrx_word' id='word_1_647' title='bbox 1887 1684 2088 1723; x_wconf 73' lang='grc' dir='ltr'>ὀὸριμόθυμος</span> <span class='ocrx_word' id='word_1_648' title='bbox 2097 1708 2106 1723; x_wconf 89' lang='grc'>,</span> 
     </span>
    </p>

    <p class='ocr_par' dir='ltr' id='par_1_22' title="bbox 1341 1729 2066 1768">
     <span class='ocr_line' id='line_1_86' title="bbox 1341 1729 2066 1768; baseline 0.001 -9"><span class='ocrx_word' id='word_1_649' title='bbox 1341 1729 1465 1765; x_wconf 81' lang='grc' dir='ltr'>τηλόθεν</span> <span class='ocrx_word' id='word_1_650' title='bbox 1482 1729 1510 1764; x_wconf 84' lang='grc' dir='ltr'><strong>ἐξ</strong></span> <span class='ocrx_word' id='word_1_651' title='bbox 1526 1729 1625 1765; x_wconf 82' lang='grc' dir='ltr'>Ἀσίης</span> <span class='ocrx_word' id='word_1_652' title='bbox 1637 1753 1644 1768; x_wconf 85' lang='grc'>,</span> <span class='ocrx_word' id='word_1_653' title='bbox 1656 1730 1720 1760; x_wconf 82' lang='grc' dir='ltr'>ὅθεν</span> <span class='ocrx_word' id='word_1_654' title='bbox 1734 1729 1821 1766; x_wconf 84' lang='grc' dir='ltr'>ἡλίου</span> <span class='ocrx_word' id='word_1_655' title='bbox 1838 1730 1960 1760; x_wconf 85' lang='grc' dir='ltr'>ἀντολαί</span> <span class='ocrx_word' id='word_1_656' title='bbox 1977 1732 2066 1767; x_wconf 86' lang='grc' dir='ltr'>εἰσιν,</span> 
     </span>
    </p>

    <p class='ocr_par' dir='ltr' id='par_1_23' title="bbox 1342 1775 2140 1816">
     <span class='ocr_line' id='line_1_87' title="bbox 1342 1775 2140 1816; baseline 0.003 -11"><span class='ocrx_word' id='word_1_657' title='bbox 1342 1776 1393 1805; x_wconf 86' lang='grc' dir='ltr'><strong>καὶ</strong></span> <span class='ocrx_word' id='word_1_658' title='bbox 1406 1776 1545 1815; x_wconf 82' lang='grc' dir='ltr'>βασιλεὺς</span> <span class='ocrx_word' id='word_1_659' title='bbox 1558 1776 1663 1811; x_wconf 46' lang='lat' dir='ltr'><strong>&amp;taeda</strong></span> <span class='ocrx_word' id='word_1_660' title='bbox 1678 1776 1793 1807; x_wconf 87' lang='grc' dir='ltr'>στεινὸν</span> <span class='ocrx_word' id='word_1_661' title='bbox 1808 1775 1901 1816; x_wconf 88' lang='grc' dir='ltr'>πόρον</span> <span class='ocrx_word' id='word_1_662' title='bbox 1915 1776 2140 1813; x_wconf 80' lang='grc' dir='ltr'>Ἑλλησπόντου</span> 
     </span>
    </p>

    <p class='ocr_par' dir='ltr' id='par_1_24' title="bbox 1341 1820 2090 1862">
     <span class='ocr_line' id='line_1_88' title="bbox 1341 1820 2090 1862; baseline 0 -11"><span class='ocrx_word' id='word_1_663' title='bbox 1341 1820 1430 1857; x_wconf 83' lang='grc' dir='ltr'>ὅρκια</span> <span class='ocrx_word' id='word_1_664' title='bbox 1447 1822 1541 1852; x_wconf 80' lang='grc' dir='ltr'>πιστὰ</span> <span class='ocrx_word' id='word_1_665' title='bbox 1553 1825 1644 1861; x_wconf 84' lang='grc' dir='ltr'>ταμεῖ</span> <span class='ocrx_word' id='word_1_666' title='bbox 1653 1822 1725 1862; x_wconf 86' lang='grc' dir='ltr'>πρὸς</span> <span class='ocrx_word' id='word_1_667' title='bbox 1738 1822 1877 1862; x_wconf 85' lang='grc' dir='ltr'>κοίρανον</span> <span class='ocrx_word' id='word_1_668' title='bbox 1889 1822 2090 1862; x_wconf 86' lang='grc' dir='ltr'>Ἠπειρώτην,</span> 
     </span>
    </p>

    <p class='ocr_par' dir='ltr' id='par_1_25' title="bbox 1343 1867 2127 1908">
     <span class='ocr_line' id='line_1_89' title="bbox 1343 1867 2127 1908; baseline 0.003 -11"><span class='ocrx_word' id='word_1_669' title='bbox 1343 1867 1405 1902; x_wconf 75' lang='grc' dir='ltr'>ἄξει</span> <span class='ocrx_word' id='word_1_670' title='bbox 1416 1868 1441 1898; x_wconf 84' lang='grc' dir='ltr'><strong>δ’</strong></span> <span class='ocrx_word' id='word_1_671' title='bbox 1454 1869 1495 1903; x_wconf 84' lang='grc' dir='ltr'><strong>εἰς</strong></span> <span class='ocrx_word' id='word_1_672' title='bbox 1510 1868 1612 1905; x_wconf 79' lang='grc' dir='ltr'>Ἀσίην</span> <span class='ocrx_word' id='word_1_673' title='bbox 1624 1869 1662 1908; x_wconf 66' lang='grc' dir='ltr'><strong>(ἲ)</strong></span> <span class='ocrx_word' id='word_1_674' title='bbox 1676 1870 1818 1908; x_wconf 80' lang='grc' dir='ltr'>στρατιὴν</span> <span class='ocrx_word' id='word_1_675' title='bbox 1833 1868 1994 1908; x_wconf 87' lang='grc' dir='ltr'>ἀνάριθμον</span> <span class='ocrx_word' id='word_1_676' title='bbox 2007 1868 2127 1908; x_wconf 79' lang='grc' dir='ltr'>ἀγείρας</span> 
     </span>
    </p>
   </div>
   <div class='ocr_carea' id='block_1_14' title="bbox 1333 1971 2142 2143">
    <p class='ocr_par' dir='ltr' id='par_1_26' title="bbox 1333 1971 2142 2143">
     <span class='ocr_line' id='line_1_90' title="bbox 1335 1971 2053 2005; baseline 0.001 -8"><span class='ocrx_word' id='word_1_677' title='bbox 1335 1971 1376 1998; x_wconf 88' lang='lat' dir='ltr'><strong>Ne</strong></span> <span class='ocrx_word' id='word_1_678' title='bbox 1396 1971 1482 2005; x_wconf 84' lang='lat' dir='ltr'><strong>longe</strong></span> <span class='ocrx_word' id='word_1_679' title='bbox 1499 1972 1603 2005; x_wconf 75' lang='lat' dir='ltr'><strong>majori</strong></span> <span class='ocrx_word' id='word_1_680' title='bbox 1620 1972 1799 1999; x_wconf 83' lang='lat' dir='ltr'><strong>instructum</strong></span> <span class='ocrx_word' id='word_1_681' title='bbox 1810 1971 1918 1999; x_wconf 85' lang='lat' dir='ltr'><strong>robore</strong></span> <span class='ocrx_word' id='word_1_682' title='bbox 1931 1972 2053 1999; x_wconf 86' lang='lat' dir='ltr'><strong>Martem</strong></span> 
     </span>
     <span class='ocr_line' id='line_1_91' title="bbox 1333 2016 2047 2052; baseline -0.001 -8"><span class='ocrx_word' id='word_1_683' title='bbox 1333 2018 1477 2045; x_wconf 82' lang='lat' dir='ltr'><strong>Immittat</strong></span> <span class='ocrx_word' id='word_1_684' title='bbox 1491 2018 1583 2044; x_wconf 83' lang='lat' dir='ltr'><strong>Pallas</strong></span> <span class='ocrx_word' id='word_1_685' title='bbox 1603 2017 1655 2045; x_wconf 90' lang='lat' dir='ltr'><strong>tibi</strong></span> <span class='ocrx_word' id='word_1_686' title='bbox 1666 2039 1673 2051; x_wconf 87' lang='lat'><strong>,</strong></span> <span class='ocrx_word' id='word_1_687' title='bbox 1690 2017 1739 2052; x_wconf 86' lang='lat' dir='ltr'><strong>qui</strong></span> <span class='ocrx_word' id='word_1_688' title='bbox 1756 2016 1819 2045; x_wconf 83' lang='lat' dir='ltr'><strong>sora</strong></span> <span class='ocrx_word' id='word_1_689' title='bbox 1830 2017 1942 2045; x_wconf 83' lang='lat' dir='ltr'><strong>civibus</strong></span> <span class='ocrx_word' id='word_1_690' title='bbox 1963 2019 2047 2044; x_wconf 82' lang='lat' dir='ltr'><strong>atrox</strong></span> 
     </span>
     <span class='ocr_line' id='line_1_92' title="bbox 1334 2061 2142 2097; baseline -0.001 -8"><span class='ocrx_word' id='word_1_691' title='bbox 1334 2065 1428 2097; x_wconf 82' lang='lat' dir='ltr'><strong>Atque</strong></span> <span class='ocrx_word' id='word_1_692' title='bbox 1442 2061 1545 2089; x_wconf 88' lang='lat' dir='ltr'><strong>domos</strong></span> <span class='ocrx_word' id='word_1_693' title='bbox 1556 2062 1667 2090; x_wconf 82' lang='lat' dir='ltr'><strong>viduet.</strong></span> <span class='ocrx_word' id='word_1_694' title='bbox 1684 2063 1752 2090; x_wconf 86' lang='lat' dir='ltr'><strong>Post</strong></span> <span class='ocrx_word' id='word_1_695' title='bbox 1771 2062 1878 2090; x_wconf 90' lang='lat' dir='ltr'><strong>multos</strong></span> <span class='ocrx_word' id='word_1_696' title='bbox 1888 2081 1895 2095; x_wconf 82' lang='lat'><strong>,</strong></span> <span class='ocrx_word' id='word_1_697' title='bbox 1911 2061 2009 2094; x_wconf 81' lang='lat' dir='ltr'><strong>stulte,</strong></span> <span class='ocrx_word' id='word_1_698' title='bbox 2028 2061 2142 2090; x_wconf 81' lang='lat' dir='ltr'><strong>labores</strong></span> 
     </span>
     <span class='ocr_line' id='line_1_93' title="bbox 1333 2107 2026 2143; baseline -0.001 -8"><span class='ocrx_word' id='word_1_699' title='bbox 1333 2108 1449 2135; x_wconf 80' lang='lat' dir='ltr'><strong>Amissis</strong></span> <span class='ocrx_word' id='word_1_700' title='bbox 1468 2108 1572 2143; x_wconf 89' lang='lat' dir='ltr'><strong>opibus</strong></span> <span class='ocrx_word' id='word_1_701' title='bbox 1589 2110 1703 2143; x_wconf 84' lang='lat' dir='ltr'><strong>repetes</strong></span> <span class='ocrx_word' id='word_1_702' title='bbox 1721 2110 1769 2136; x_wconf 82' lang='lat' dir='ltr'><strong>tua</strong></span> <span class='ocrx_word' id='word_1_703' title='bbox 1788 2108 1890 2135; x_wconf 86' lang='lat' dir='ltr'><strong>limina</strong></span> <span class='ocrx_word' id='word_1_704' title='bbox 1902 2107 2026 2140; x_wconf 74' lang='lat' dir='ltr'><strong>magnis.</strong></span> 
     </span>
    </p>
   </div>
   <div class='ocr_carea' id='block_1_15' title="bbox 1262 2192 2338 2854">
    <p class='ocr_par' dir='ltr' id='par_1_27' title="bbox 1262 2192 2338 2847">
     <span class='ocr_line' id='line_1_94' title="bbox 1264 2192 2326 2233; baseline -0.002 -9"><span class='ocrx_word' id='word_1_705' title='bbox 1264 2196 1335 2230; x_wconf 93' lang='lat' dir='ltr'><strong>Quo</strong></span> <span class='ocrx_word' id='word_1_706' title='bbox 1352 2194 1478 2233; x_wconf 87' lang='lat' dir='ltr'><strong>audito,</strong></span> <span class='ocrx_word' id='word_1_707' title='bbox 1506 2194 1638 2226; x_wconf 82' lang='lat' dir='ltr'><strong>Romani</strong></span> <span class='ocrx_word' id='word_1_708' title='bbox 1663 2202 1757 2224; x_wconf 90' lang='lat' dir='ltr'><strong>omne</strong></span> <span class='ocrx_word' id='word_1_709' title='bbox 1771 2193 1937 2224; x_wconf 89' lang='lat' dir='ltr'><strong>consilium</strong></span> <span class='ocrx_word' id='word_1_710' title='bbox 1959 2192 2165 2232; x_wconf 76' lang='lat' dir='ltr'><strong>expeditionis</strong></span> <span class='ocrx_word' id='word_1_711' title='bbox 2180 2192 2211 2223; x_wconf 90' lang='lat' dir='ltr'><strong>in</strong></span> <span class='ocrx_word' id='word_1_712' title='bbox 2233 2195 2291 2223; x_wconf 83' lang='lat' dir='ltr'><strong>ali·</strong></span> <span class='ocrx_word' id='word_1_713' title='bbox 2323 2227 2326 2230; x_wconf 14' lang='grc' dir='ltr'><strong><em>Δ</em></strong></span> 
     </span>
     <span class='ocr_line' id='line_1_95' title="bbox 1262 2242 2327 2284; baseline -0.001 -10"><span class='ocrx_word' id='word_1_714' title='bbox 1262 2253 1356 2284; x_wconf 83' lang='lat' dir='ltr'><strong>quem</strong></span> <span class='ocrx_word' id='word_1_715' title='bbox 1384 2247 1519 2284; x_wconf 76' lang='lat' dir='ltr'><strong>Europae</strong></span> <span class='ocrx_word' id='word_1_716' title='bbox 1549 2244 1756 2275; x_wconf 83' lang='lat' dir='ltr'><strong>habitatorem</strong></span> <span class='ocrx_word' id='word_1_717' title='bbox 1782 2243 1987 2283; x_wconf 82' lang='lat' dir='ltr'><strong>suscipiendae</strong></span> <span class='ocrx_word' id='word_1_718' title='bbox 2013 2242 2214 2282; x_wconf 78' lang='lat' dir='ltr'><strong>abJecerunt3</strong></span> <span class='ocrx_word' id='word_1_719' title='bbox 2237 2244 2291 2281; x_wconf 87' lang='lat' dir='ltr'><strong>et,</strong></span> <span class='ocrx_word' id='word_1_720' title='bbox 2325 2280 2327 2282; x_wconf 17' lang='grc' dir='ltr'><strong><em>ι</em></strong></span> 
     </span>
     <span class='ocr_line' id='line_1_96' title="bbox 1262 2295 2326 2340; baseline -0.001 -13"><span class='ocrx_word' id='word_1_721' title='bbox 1262 2297 1356 2327; x_wconf 89' lang='lat' dir='ltr'><strong>motis</strong></span> <span class='ocrx_word' id='word_1_722' title='bbox 1370 2297 1495 2335; x_wconf 86' lang='lat' dir='ltr'><strong>castris,</strong></span> <span class='ocrx_word' id='word_1_723' title='bbox 1513 2305 1531 2327; x_wconf 89' lang='lat' dir='ltr'><strong>a</strong></span> <span class='ocrx_word' id='word_1_724' title='bbox 1552 2296 1636 2327; x_wconf 87' lang='lat' dir='ltr'><strong>dicto</strong></span> <span class='ocrx_word' id='word_1_725' title='bbox 1658 2297 1729 2327; x_wconf 90' lang='lat' dir='ltr'><strong>loco</strong></span> <span class='ocrx_word' id='word_1_726' title='bbox 1753 2297 1951 2335; x_wconf 81' lang='lat' dir='ltr'><strong>Naupactum</strong></span> <span class='ocrx_word' id='word_1_727' title='bbox 1974 2296 2148 2333; x_wconf 81' lang='lat' dir='ltr'><strong>venerunt,</strong></span> <span class='ocrx_word' id='word_1_728' title='bbox 2168 2295 2293 2327; x_wconf 83' lang='lat' dir='ltr'><strong>AEtoliae</strong></span> <span class='ocrx_word' id='word_1_729' title='bbox 2316 2326 2326 2340; x_wconf 53' lang='grc' dir='ltr'><em>Ι</em></span> 
     </span>
     <span class='ocr_line' id='line_1_97' title="bbox 1265 2347 2292 2388; baseline 0 -9"><span class='ocrx_word' id='word_1_730' title='bbox 1265 2349 1392 2388; x_wconf 86' lang='lat' dir='ltr'><strong>urbem,</strong></span> <span class='ocrx_word' id='word_1_731' title='bbox 1415 2349 1469 2379; x_wconf 89' lang='lat' dir='ltr'><strong>uhi</strong></span> <span class='ocrx_word' id='word_1_732' title='bbox 1483 2357 1652 2379; x_wconf 87' lang='lat' dir='ltr'><strong>commune</strong></span> <span class='ocrx_word' id='word_1_733' title='bbox 1666 2350 1712 2379; x_wconf 88' lang='lat' dir='ltr'><strong>est</strong></span> <span class='ocrx_word' id='word_1_734' title='bbox 1726 2351 1911 2380; x_wconf 76' lang='lat' dir='ltr'><strong>Graecorum</strong></span> <span class='ocrx_word' id='word_1_735' title='bbox 1928 2348 2104 2387; x_wconf 85' lang='lat' dir='ltr'><strong>templum;</strong></span> <span class='ocrx_word' id='word_1_736' title='bbox 2123 2347 2229 2387; x_wconf 89' lang='lat' dir='ltr'><strong>ibique</strong></span> <span class='ocrx_word' id='word_1_737' title='bbox 2241 2356 2292 2379; x_wconf 88' lang='lat' dir='ltr'><strong>sa·</strong></span> 
     </span>
     <span class='ocr_line' id='line_1_98' title="bbox 1263 2399 2329 2442; baseline 0 -11"><span class='ocrx_word' id='word_1_738' title='bbox 1263 2401 1379 2432; x_wconf 82' lang='lat' dir='ltr'><strong>crificia</strong></span> <span class='ocrx_word' id='word_1_739' title='bbox 1397 2401 1521 2440; x_wconf 85' lang='lat' dir='ltr'><strong>publica</strong></span> <span class='ocrx_word' id='word_1_740' title='bbox 1535 2403 1565 2432; x_wconf 86' lang='lat' dir='ltr'><strong>et</strong></span> <span class='ocrx_word' id='word_1_741' title='bbox 1577 2401 1729 2440; x_wconf 87' lang='lat' dir='ltr'><strong>primitias</strong></span> <span class='ocrx_word' id='word_1_742' title='bbox 1738 2400 1776 2431; x_wconf 88' lang='lat' dir='ltr'><strong>de</strong></span> <span class='ocrx_word' id='word_1_743' title='bbox 1793 2409 1879 2431; x_wconf 91' lang='lat' dir='ltr'><strong>more</strong></span> <span class='ocrx_word' id='word_1_744' title='bbox 1889 2399 2093 2431; x_wconf 83' lang='lat' dir='ltr'><strong>adornarunt.</strong></span> <span class='ocrx_word' id='word_1_745' title='bbox 2108 2401 2183 2431; x_wconf 83' lang='lat' dir='ltr'><strong>Haec</strong></span> <span class='ocrx_word' id='word_1_746' title='bbox 2193 2408 2292 2440; x_wconf 89' lang='lat' dir='ltr'><strong>quum</strong></span> <span class='ocrx_word' id='word_1_747' title='bbox 2316 2409 2329 2442; x_wconf 54' lang='grc' dir='ltr'><strong>,ῃ</strong></span> 
     </span>
     <span class='ocr_line' id='line_1_99' title="bbox 1263 2445 2338 2491; baseline -0.001 -8"><span class='ocrx_word' id='word_1_748' title='bbox 1263 2453 1506 2490; x_wconf 62' lang='lat' dir='ltr'><strong>celebrati-‚entur</strong></span> <span class='ocrx_word' id='word_1_749' title='bbox 1518 2453 1688 2491; x_wconf 86' lang='lat' dir='ltr'><strong>imperator</strong></span> <span class='ocrx_word' id='word_1_750' title='bbox 1705 2451 1854 2490; x_wconf 87' lang='lat' dir='ltr'><strong>Publius,</strong></span> <span class='ocrx_word' id='word_1_751' title='bbox 1874 2451 1992 2481; x_wconf 87' lang='lat' dir='ltr'><strong>insania</strong></span> <span class='ocrx_word' id='word_1_752' title='bbox 2006 2452 2181 2490; x_wconf 64' lang='lat' dir='ltr'><strong>vorieptus,</strong></span> <span class='ocrx_word' id='word_1_753' title='bbox 2192 2451 2293 2482; x_wconf 81' lang='lat' dir='ltr'><strong>multa</strong></span> <span class='ocrx_word' id='word_1_754' title='bbox 2316 2445 2338 2488; x_wconf 59' lang='grc' dir='ltr'><strong>ξ’</strong></span> 
     </span>
     <span class='ocr_line' id='line_1_100' title="bbox 1263 2501 2338 2548; baseline 0 -15"><span class='ocrx_word' id='word_1_755' title='bbox 1263 2503 1369 2534; x_wconf 89' lang='lat' dir='ltr'><strong>divino</strong></span> <span class='ocrx_word' id='word_1_756' title='bbox 1383 2503 1478 2534; x_wconf 88' lang='lat' dir='ltr'><strong>animi</strong></span> <span class='ocrx_word' id='word_1_757' title='bbox 1492 2503 1640 2534; x_wconf 86' lang='lat' dir='ltr'><strong>instinctu</strong></span> <span class='ocrx_word' id='word_1_758' title='bbox 1655 2502 1889 2542; x_wconf 82' lang='lat' dir='ltr'><strong>pronunciavit,</strong></span> <span class='ocrx_word' id='word_1_759' title='bbox 1906 2502 2050 2541; x_wconf 82' lang='lat' dir='ltr'><strong>quaedam</strong></span> <span class='ocrx_word' id='word_1_760' title='bbox 2067 2501 2221 2540; x_wconf 86' lang='lat' dir='ltr'><strong>versibus,</strong></span> <span class='ocrx_word' id='word_1_761' title='bbox 2233 2502 2294 2533; x_wconf 85' lang='lat' dir='ltr'><strong>alia</strong></span> <span class='ocrx_word' id='word_1_762' title='bbox 2314 2503 2338 2548; x_wconf 43' lang='lat'><strong>4:</strong></span> 
     </span>
     <span class='ocr_line' id='line_1_101' title="bbox 1263 2549 2330 2592; baseline -0.001 -8"><span class='ocrx_word' id='word_1_763' title='bbox 1263 2554 1365 2584; x_wconf 82' lang='lat' dir='ltr'><strong>soluta</strong></span> <span class='ocrx_word' id='word_1_764' title='bbox 1376 2554 1527 2584; x_wconf 76' lang='lat' dir='ltr'><strong>oratione</strong></span> <span class='ocrx_word' id='word_1_765' title='bbox 1573 2555 1652 2590; x_wconf 84' lang='lat' dir='ltr'><strong>Quae</strong></span> <span class='ocrx_word' id='word_1_766' title='bbox 1668 2562 1715 2584; x_wconf 85' lang='lat' dir='ltr'><strong>res</strong></span> <span class='ocrx_word' id='word_1_767' title='bbox 1728 2561 1825 2592; x_wconf 91' lang='lat' dir='ltr'><strong>quum</strong></span> <span class='ocrx_word' id='word_1_768' title='bbox 1843 2554 1923 2584; x_wconf 88' lang='lat' dir='ltr'><strong>esset</strong></span> <span class='ocrx_word' id='word_1_769' title='bbox 1935 2552 2071 2583; x_wconf 81' lang='lat' dir='ltr'><strong>indicata</strong></span> <span class='ocrx_word' id='word_1_770' title='bbox 2085 2551 2292 2591; x_wconf 88' lang='lat' dir='ltr'><strong>multitudini,</strong></span> <span class='ocrx_word' id='word_1_771' title='bbox 2313 2549 2330 2591; x_wconf 63' lang='grc' dir='ltr'><strong>ξ’</strong></span> 
     </span>
     <span class='ocr_line' id='line_1_102' title="bbox 1263 2592 2334 2641; baseline -0.001 -7"><span class='ocrx_word' id='word_1_772' title='bbox 1263 2613 1373 2635; x_wconf 87' lang='lat' dir='ltr'><strong>omnes</strong></span> <span class='ocrx_word' id='word_1_773' title='bbox 1385 2605 1423 2635; x_wconf 87' lang='lat' dir='ltr'><strong>ad</strong></span> <span class='ocrx_word' id='word_1_774' title='bbox 1442 2604 1542 2636; x_wconf 78' lang='lat' dir='ltr'><strong>Publii</strong></span> <span class='ocrx_word' id='word_1_775' title='bbox 1558 2604 1730 2635; x_wconf 82' lang='lat' dir='ltr'><strong>tentorium</strong></span> <span class='ocrx_word' id='word_1_776' title='bbox 1748 2604 1991 2641; x_wconf 77' lang='lat' dir='ltr'><strong>concurr-‚erunt</strong></span> <span class='ocrx_word' id='word_1_777' title='bbox 2008 2603 2142 2634; x_wconf 85' lang='lat' dir='ltr'><strong>simulet</strong></span> <span class='ocrx_word' id='word_1_778' title='bbox 2158 2605 2292 2634; x_wconf 85' lang='lat' dir='ltr'><strong>conster·</strong></span> <span class='ocrx_word' id='word_1_779' title='bbox 2305 2592 2334 2626; x_wconf 58' lang='lat'><strong>’&#39;3&#39;</strong></span> 
     </span>
     <span class='ocr_line' id='line_1_103' title="bbox 1263 2628 2333 2694; baseline -0.001 -9"><span class='ocrx_word' id='word_1_780' title='bbox 1263 2655 1327 2686; x_wconf 86' lang='lat' dir='ltr'><strong>nati</strong></span> <span class='ocrx_word' id='word_1_781' title='bbox 1349 2656 1443 2694; x_wconf 83' lang='lat' dir='ltr'><strong>atque</strong></span> <span class='ocrx_word' id='word_1_782' title='bbox 1462 2655 1569 2686; x_wconf 87' lang='lat' dir='ltr'><strong>dolore</strong></span> <span class='ocrx_word' id='word_1_783' title='bbox 1585 2655 1710 2692; x_wconf 75' lang='lat' dir='ltr'><strong>affecti</strong></span> <span class='ocrx_word' id='word_1_784' title='bbox 1735 2663 1771 2685; x_wconf 85' lang='lat' dir='ltr'><strong>eo</strong></span> <span class='ocrx_word' id='word_1_785' title='bbox 1800 2654 1885 2694; x_wconf 92' lang='lat' dir='ltr'><strong>quod</strong></span> <span class='ocrx_word' id='word_1_786' title='bbox 1901 2653 2039 2693; x_wconf 87' lang='lat' dir='ltr'><strong>optinms</strong></span> <span class='ocrx_word' id='word_1_787' title='bbox 2058 2653 2195 2693; x_wconf 90' lang='lat' dir='ltr'><strong>ipsorum</strong></span> <span class='ocrx_word' id='word_1_788' title='bbox 2226 2628 2333 2686; x_wconf 47' lang='lat' dir='ltr'><strong>dux?⁵</strong></span> 
     </span>
     <span class='ocr_line' id='line_1_104' title="bbox 1263 2677 2332 2745; baseline 0 -11"><span class='ocrx_word' id='word_1_789' title='bbox 1263 2706 1358 2745; x_wconf 80' lang='lat' dir='ltr'><strong>atque.</strong></span> <span class='ocrx_word' id='word_1_790' title='bbox 1374 2706 1578 2745; x_wconf 79' lang='lat' dir='ltr'><strong>peritissimus</strong></span> <span class='ocrx_word' id='word_1_791' title='bbox 1594 2706 1625 2736; x_wconf 90' lang='lat' dir='ltr'><strong>in</strong></span> <span class='ocrx_word' id='word_1_792' title='bbox 1644 2714 1713 2736; x_wconf 90' lang='lat' dir='ltr'><strong>eam</strong></span> <span class='ocrx_word' id='word_1_793' title='bbox 1729 2705 1904 2736; x_wconf 86' lang='lat' dir='ltr'><strong>devenisset</strong></span> <span class='ocrx_word' id='word_1_794' title='bbox 1919 2704 2096 2735; x_wconf 87' lang='lat' dir='ltr'><strong>miseriam:</strong></span> <span class='ocrx_word' id='word_1_795' title='bbox 2113 2705 2145 2735; x_wconf 86' lang='lat' dir='ltr'><strong>et</strong></span> <span class='ocrx_word' id='word_1_796' title='bbox 2161 2703 2290 2743; x_wconf 88' lang='lat' dir='ltr'><strong>cupien-</strong></span> <span class='ocrx_word' id='word_1_797' title='bbox 2307 2677 2332 2738; x_wconf 51' lang='grc' dir='ltr'><strong>ᾖ·</strong></span> 
     </span>
     <span class='ocr_line' id='line_1_105' title="bbox 1265 2744 2335 2796; baseline -0.001 -10"><span class='ocrx_word' id='word_1_798' title='bbox 1265 2757 1311 2787; x_wconf 79' lang='lat' dir='ltr'><strong>tes</strong></span> <span class='ocrx_word' id='word_1_799' title='bbox 1333 2756 1443 2787; x_wconf 85' lang='lat' dir='ltr'><strong>audire</strong></span> <span class='ocrx_word' id='word_1_800' title='bbox 1478 2765 1550 2796; x_wconf 76' lang='lat' dir='ltr'><strong>quae</strong></span> <span class='ocrx_word' id='word_1_801' title='bbox 1581 2757 1710 2788; x_wconf 81' lang='lat' dir='ltr'><strong>diceret.</strong></span> <span class='ocrx_word' id='word_1_802' title='bbox 1754 2757 1794 2787; x_wconf 88' lang='lat' dir='ltr'><strong>Et</strong></span> <span class='ocrx_word' id='word_1_803' title='bbox 1821 2756 1929 2786; x_wconf 87' lang='lat' dir='ltr'><strong>tantus</strong></span> <span class='ocrx_word' id='word_1_804' title='bbox 1957 2755 2015 2786; x_wconf 75' lang='lat' dir='ltr'><strong>fuit</strong></span> <span class='ocrx_word' id='word_1_805' title='bbox 2040 2763 2231 2792; x_wconf 88' lang='lat' dir='ltr'><strong>concursus,</strong></span> <span class='ocrx_word' id='word_1_806' title='bbox 2259 2744 2335 2786; x_wconf 73' lang='lat' dir='ltr'><strong>ut‘</strong></span> 
     </span>
     <span class='ocr_line' id='line_1_106' title="bbox 1264 2777 2335 2854; baseline -0.002 -16"><span class='ocrx_word' id='word_1_807' title='bbox 1264 2807 1393 2847; x_wconf 86' lang='lat' dir='ltr'><strong>quidam</strong></span> <span class='ocrx_word' id='word_1_808' title='bbox 1410 2807 1628 2838; x_wconf 84' lang='lat' dir='ltr'><strong>vehementius</strong></span> <span class='ocrx_word' id='word_1_809' title='bbox 1650 2807 1745 2847; x_wconf 87' lang='lat' dir='ltr'><strong>pressi</strong></span> <span class='ocrx_word' id='word_1_810' title='bbox 1773 2806 2014 2837; x_wconf 77' lang='lat' dir='ltr'><strong>suffocarentur.</strong></span> <span class='ocrx_word' id='word_1_811' title='bbox 2057 2806 2193 2844; x_wconf 88' lang='lat' dir='ltr'><strong>Versus,</strong></span> <span class='ocrx_word' id='word_1_812' title='bbox 2215 2777 2335 2854; x_wconf 48' lang='lat' dir='ltr'><strong>quos}</strong></span> 
     </span>
    </p>
   </div>
   <div class='ocr_carea' id='block_1_16' title="bbox 1265 2834 2335 3095">
    <p class='ocr_par' dir='ltr' id='par_1_28' title="bbox 1265 2834 2335 3091">
     <span class='ocr_line' id='line_1_107' title="bbox 1265 2834 2335 2917; baseline -0.004 -28"><span class='ocrx_word' id='word_1_813' title='bbox 1265 2859 1316 2889; x_wconf 83' lang='lat' dir='ltr'><strong>ille</strong></span> <span class='ocrx_word' id='word_1_814' title='bbox 1332 2859 1570 2898; x_wconf 84' lang='lat' dir='ltr'><strong>pronunciavit,</strong></span> <span class='ocrx_word' id='word_1_815' title='bbox 1586 2867 1684 2898; x_wconf 89' lang='lat' dir='ltr'><strong>quum</strong></span> <span class='ocrx_word' id='word_1_816' title='bbox 1705 2858 1787 2889; x_wconf 87' lang='lat' dir='ltr'><strong>esset</strong></span> <span class='ocrx_word' id='word_1_817' title='bbox 1809 2857 1914 2888; x_wconf 88' lang='lat' dir='ltr'><strong>adhuc</strong></span> <span class='ocrx_word' id='word_1_818' title='bbox 1930 2856 1961 2887; x_wconf 92' lang='lat' dir='ltr'><strong>in</strong></span> <span class='ocrx_word' id='word_1_819' title='bbox 1974 2855 2130 2895; x_wconf 84' lang='lat' dir='ltr'><strong>tentorio,</strong></span> <span class='ocrx_word' id='word_1_820' title='bbox 2145 2855 2178 2886; x_wconf 91' lang='lat' dir='ltr'><strong>hi</strong></span> <span class='ocrx_word' id='word_1_821' title='bbox 2195 2856 2290 2887; x_wconf 81' lang='lat' dir='ltr'><strong>sunt:</strong></span> <span class='ocrx_word' id='word_1_822' title='bbox 2304 2834 2335 2917; x_wconf 45' lang='grc' dir='ltr'><strong>,ᾖ</strong></span> 
     </span>
     <span class='ocr_line' id='line_1_108' title="bbox 2294 2917 2333 3095; baseline 0 -5"><span class='ocrx_word' id='word_1_823' title='bbox 2294 2917 2333 3095; x_wconf 53' lang='grc' dir='ltr'>Ξ</span> 
     </span>
    </p>
   </div>
   <div class='ocr_carea' id='block_1_17' title="bbox 2277 2822 2338 3765">
    <p class='ocr_par' dir='ltr' id='par_1_29' title="bbox 2277 2822 2338 3765">
     <span class='ocr_line' id='line_1_109' title="bbox 2277 2822 2338 3765; baseline 0 -564"><span class='ocrx_word' id='word_1_824' title='bbox 2277 2863 2338 3765; x_wconf 95' lang='lat' dir='ltr'><strong>  </strong></span> <span class='ocrx_word' id='word_1_825' title='bbox 2334 2822 2338 3201; x_wconf 95' lang='lat' dir='ltr'><strong>  </strong></span> 
     </span>
    </p>
   </div>
   <div class='ocr_carea' id='block_1_18' title="bbox 1334 2940 2221 3337">
    <p class='ocr_par' dir='ltr' id='par_1_30' title="bbox 1334 2940 2221 3247">
     <span class='ocr_line' id='line_1_110' title="bbox 1334 2940 2090 2978; baseline -0.004 -8"><span class='ocrx_word' id='word_1_826' title='bbox 1334 2942 1413 2970; x_wconf 85' lang='lat' dir='ltr'><strong>Eheu</strong></span> <span class='ocrx_word' id='word_1_827' title='bbox 1426 2949 1512 2978; x_wconf 88' lang='lat' dir='ltr'><strong>quam</strong></span> <span class='ocrx_word' id='word_1_828' title='bbox 1526 2942 1624 2970; x_wconf 89' lang='lat' dir='ltr'><strong>dirum</strong></span> <span class='ocrx_word' id='word_1_829' title='bbox 1643 2942 1737 2970; x_wconf 86' lang='lat' dir='ltr'><strong>Pallas</strong></span> <span class='ocrx_word' id='word_1_830' title='bbox 1749 2941 1818 2974; x_wconf 82' lang='lat' dir='ltr'><strong>tibi,</strong></span> <span class='ocrx_word' id='word_1_831' title='bbox 1836 2940 1947 2976; x_wconf 86' lang='lat' dir='ltr'><strong>patria,</strong></span> <span class='ocrx_word' id='word_1_832' title='bbox 1967 2941 2090 2967; x_wconf 84' lang='lat' dir='ltr'><strong>Martem</strong></span> 
     </span>
     <span class='ocr_line' id='line_1_111' title="bbox 1335 2985 2136 3023; baseline -0.002 -9"><span class='ocrx_word' id='word_1_833' title='bbox 1335 2989 1476 3016; x_wconf 76' lang='lat' dir='ltr'><strong>linniittet</strong></span> <span class='ocrx_word' id='word_1_834' title='bbox 1487 3008 1495 3021; x_wconf 93' lang='lat'><strong>,</strong></span> <span class='ocrx_word' id='word_1_835' title='bbox 1511 2990 1664 3023; x_wconf 83' lang='lat' dir='ltr'><strong>postquam</strong></span> <span class='ocrx_word' id='word_1_836' title='bbox 1679 2987 1821 3015; x_wconf 82' lang='lat' dir='ltr'><strong>Ausonias</strong></span> <span class='ocrx_word' id='word_1_837' title='bbox 1835 2986 1972 3013; x_wconf 86' lang='lat' dir='ltr'><strong>remearis</strong></span> <span class='ocrx_word' id='word_1_838' title='bbox 1985 2985 2020 3013; x_wconf 84' lang='lat' dir='ltr'><strong>ad</strong></span> <span class='ocrx_word' id='word_1_839' title='bbox 2034 2985 2136 3015; x_wconf 84' lang='lat' dir='ltr'><strong>urbes.</strong></span> 
     </span>
     <span class='ocr_line' id='line_1_112' title="bbox 1336 3031 1953 3066; baseline -0.003 -6"><span class='ocrx_word' id='word_1_840' title='bbox 1336 3035 1489 3061; x_wconf 85' lang='lat' dir='ltr'><strong>Devastata</strong></span> <span class='ocrx_word' id='word_1_841' title='bbox 1504 3033 1569 3060; x_wconf 80' lang='lat' dir='ltr'><strong>Asia</strong></span> <span class='ocrx_word' id='word_1_842' title='bbox 1583 3033 1679 3060; x_wconf 79' lang='lat' dir='ltr'><strong>natale</strong></span> <span class='ocrx_word' id='word_1_843' title='bbox 1689 3033 1842 3066; x_wconf 88' lang='lat' dir='ltr'><strong>solumque</strong></span> <span class='ocrx_word' id='word_1_844' title='bbox 1855 3031 1953 3064; x_wconf 85' lang='lat' dir='ltr'><strong>beata,</strong></span> 
     </span>
     <span class='ocr_line' id='line_1_113' title="bbox 1335 3074 2221 3112; baseline -0.005 -7"><span class='ocrx_word' id='word_1_845' title='bbox 1335 3078 1589 3112; x_wconf 76' lang='lat' dir='ltr'><strong>Tin-inaciamquc,</strong></span> <span class='ocrx_word' id='word_1_846' title='bbox 1607 3077 1695 3105; x_wconf 71' lang='lat' dir='ltr'><strong>defun</strong></span> <span class='ocrx_word' id='word_1_847' title='bbox 1719 3084 1805 3112; x_wconf 88' lang='lat' dir='ltr'><strong>quam</strong></span> <span class='ocrx_word' id='word_1_848' title='bbox 1824 3084 1875 3103; x_wconf 79' lang='lat' dir='ltr'><strong>rex</strong></span> <span class='ocrx_word' id='word_1_849' title='bbox 1897 3074 2048 3108; x_wconf 78' lang='lat' dir='ltr'><strong>fundavit,</strong></span> <span class='ocrx_word' id='word_1_850' title='bbox 2068 3081 2221 3102; x_wconf 70' lang='lat' dir='ltr'><strong>alumnam.</strong></span> 
     </span>
     <span class='ocr_line' id='line_1_114' title="bbox 1337 3115 2154 3157; baseline -0.005 -8"><span class='ocrx_word' id='word_1_851' title='bbox 1337 3124 1408 3149; x_wconf 84' lang='lat' dir='ltr'><strong>Nam</strong></span> <span class='ocrx_word' id='word_1_852' title='bbox 1426 3123 1529 3157; x_wconf 83' lang='lat' dir='ltr'><strong>procul</strong></span> <span class='ocrx_word' id='word_1_853' title='bbox 1541 3115 1575 3150; x_wconf 74' lang='lat' dir='ltr'><strong>ex</strong></span> <span class='ocrx_word' id='word_1_854' title='bbox 1592 3123 1656 3149; x_wconf 74' lang='lat' dir='ltr'><strong>Asia</strong></span> <span class='ocrx_word' id='word_1_855' title='bbox 1667 3142 1674 3154; x_wconf 88' lang='lat'><strong>‚</strong></span> <span class='ocrx_word' id='word_1_856' title='bbox 1696 3129 1752 3157; x_wconf 86' lang='lat' dir='ltr'><strong>qua</strong></span> <span class='ocrx_word' id='word_1_857' title='bbox 1768 3123 1835 3148; x_wconf 86' lang='lat' dir='ltr'><strong>sunt</strong></span> <span class='ocrx_word' id='word_1_858' title='bbox 1855 3119 2036 3155; x_wconf 77' lang='lat' dir='ltr'><strong>Hyperionis</strong></span> <span class='ocrx_word' id='word_1_859' title='bbox 2054 3121 2154 3150; x_wconf 78' lang='lat' dir='ltr'><strong>orius,</strong></span> 
     </span>
     <span class='ocr_line' id='line_1_115' title="bbox 1337 3165 2100 3202; baseline -0.005 -8"><span class='ocrx_word' id='word_1_860' title='bbox 1337 3167 1479 3195; x_wconf 74' lang='lat' dir='ltr'><strong>Adveniet</strong></span> <span class='ocrx_word' id='word_1_861' title='bbox 1493 3168 1588 3201; x_wconf 80' lang='lat' dir='ltr'><strong>gravis</strong></span> <span class='ocrx_word' id='word_1_862' title='bbox 1601 3170 1687 3202; x_wconf 85' lang='lat' dir='ltr'><strong>atque</strong></span> <span class='ocrx_word' id='word_1_863' title='bbox 1706 3166 1810 3194; x_wconf 86' lang='lat' dir='ltr'><strong>animis</strong></span> <span class='ocrx_word' id='word_1_864' title='bbox 1820 3165 1965 3193; x_wconf 76' lang='lat' dir='ltr'><strong>exercitus</strong></span> <span class='ocrx_word' id='word_1_865' title='bbox 1979 3165 2100 3198; x_wconf 75' lang='lat' dir='ltr'><strong>ingens,</strong></span> 
     </span>
     <span class='ocr_line' id='line_1_116' title="bbox 1336 3209 2013 3247; baseline -0.004 -8"><span class='ocrx_word' id='word_1_866' title='bbox 1336 3213 1530 3247; x_wconf 70' lang='lat' dir='ltr'><strong>&#39;rr-ajectoque</strong></span> <span class='ocrx_word' id='word_1_867' title='bbox 1549 3211 1624 3239; x_wconf 77' lang='lat' dir='ltr'><strong>freto</strong></span> <span class='ocrx_word' id='word_1_868' title='bbox 1638 3219 1689 3239; x_wconf 86' lang='lat' dir='ltr'><strong>rex</strong></span> <span class='ocrx_word' id='word_1_869' title='bbox 1703 3211 1817 3245; x_wconf 81' lang='lat' dir='ltr'><strong>angusti</strong></span> <span class='ocrx_word' id='word_1_870' title='bbox 1832 3209 2013 3245; x_wconf 83' lang='lat' dir='ltr'><strong>Hellesponti</strong></span> 
     </span>
    </p>

    <p class='ocr_par' dir='ltr' id='par_1_31' title="bbox 1336 3254 2084 3292">
     <span class='ocr_line' id='line_1_117' title="bbox 1336 3254 2084 3292; baseline -0.003 -10"><span class='ocrx_word' id='word_1_871' title='bbox 1336 3260 1408 3284; x_wconf 72' lang='lat' dir='ltr'><strong>(lum</strong></span> <span class='ocrx_word' id='word_1_872' title='bbox 1423 3256 1544 3283; x_wconf 70' lang='lat' dir='ltr'><strong>(louiiuu</strong></span> <span class='ocrx_word' id='word_1_873' title='bbox 1564 3257 1643 3292; x_wconf 82' lang='lat' dir='ltr'><strong>Epiri</strong></span> <span class='ocrx_word' id='word_1_874' title='bbox 1665 3256 1829 3283; x_wconf 77' lang='lat' dir='ltr'><strong>firmissima</strong></span> <span class='ocrx_word' id='word_1_875' title='bbox 1844 3254 1952 3283; x_wconf 56' lang='lat' dir='ltr'><strong>l‘u‘dcra</strong></span> <span class='ocrx_word' id='word_1_876' title='bbox 1963 3255 2084 3288; x_wconf 76' lang='lat' dir='ltr'><strong>junget,</strong></span> 
     </span>
    </p>

    <p class='ocr_par' dir='ltr' id='par_1_32' title="bbox 1342 3298 2103 3337">
     <span class='ocr_line' id='line_1_118' title="bbox 1342 3298 2103 3337; baseline -0.007 -8"><span class='ocrx_word' id='word_1_877' title='bbox 1342 3304 1432 3337; x_wconf 82' lang='lat' dir='ltr'><strong>Inque</strong></span> <span class='ocrx_word' id='word_1_878' title='bbox 1454 3302 1549 3329; x_wconf 73' lang='lat' dir='ltr'><strong>Asiam</strong></span> <span class='ocrx_word' id='word_1_879' title='bbox 1565 3302 1721 3329; x_wconf 77' lang='lat' dir='ltr'><strong>innumero</strong></span> <span class='ocrx_word' id='word_1_880' title='bbox 1739 3299 1878 3327; x_wconf 78' lang='lat' dir='ltr'><strong>conflatas</strong></span> <span class='ocrx_word' id='word_1_881' title='bbox 1894 3299 1985 3326; x_wconf 86' lang='lat' dir='ltr'><strong>milite</strong></span> <span class='ocrx_word' id='word_1_882' title='bbox 2001 3298 2103 3328; x_wconf 68' lang='lat' dir='ltr'><strong>turbas</strong></span> 
     </span>
    </p>
   </div>
  </div>
 </body>
</html>
