2289 3728
121 173 189 203 112

115 261 236 288 tamen
264 255 388 300 potuit
407 256 463 288 vel
487 256 560 300 ipse
585 254 641 288 vel
662 253 911 300 posteriorum
930 255 1148 300 grammati—

115 324 244 346 corum
265 313 396 358 aliquis
416 324 459 346 ex
481 312 634 346 diversis
650 312 724 345 istis
745 312 1019 345 commentariis
1034 325 1150 346 unum

118 381 255 415 corpus
271 368 438 411 efficere,
462 368 790 415 idque-nominare
809 366 1021 417 Περιήγησιν
1039 370 1151 405 οἰκου-

115 425 231 472 μένης.
258 443 269 455 »
292 428 377 460 Haec
398 427 592 462 Prellerus.
621 427 764 471 Quibus
787 426 968 474 subjungo
998 440 1079 474 quae
1104 428 1151 463 ad

113 483 234 518 Suidae
252 484 314 517 ista
336 482 368 517 ἐν
388 475 434 523 οἷς
452 481 510 518 καὶ
528 483 708 530 Κοσμικὴν
730 483 866 534 περιήγ.
885 486 1028 520 notavit
1043 487 1150 520 Bern-

112 541 274 586 hardyus
291 553 297 574 :
321 557 334 570 «
351 541 472 575 Habet
490 542 553 575 ista
573 543 761 576 conclusio
773 543 964 589 scriptoris
979 543 1025 577 ad
1040 542 1151 577 finem

112 598 363 644 properantis,
387 598 491 644 quod
512 599 549 632 in
573 598 844 634 dubitationem
863 599 998 634 adduci
1020 601 1146 647 possit.

111 655 203 689 Nam
226 662 267 688 ut
285 655 398 701 ipsam
421 656 670 703 inscriptionis
698 669 843 691 causam
862 669 902 691 110
924 660 1114 693 materiam
1132 671 1151 693 a

113 711 242 745 studiis
258 711 376 746 doctae
394 714 622 759 antiquitatis
638 714 874 749 abhorruisse
903 723 1062 759 constat,
1083 728 1151 750 nec

113 769 323 804 Polemonis
338 771 376 804 in
389 771 518 806 litteris
538 773 810 819 qualiacunque
834 772 910 817 ejus
927 774 979 807 rei
1001 774 1151 820 vestigia

114 826 447 873 deprehenduntur
463 841 471 862 ε
495 830 545 864 1111
562 829 793 876 disciplinam
815 831 929 864 aetatis
945 831 1152 876 Byzantinae

114 885 213 919 haud
227 886 358 919 leviter
373 888 520 920 ornavit
535 885 747 936 Περιήγησις
763 885 980 933 οἰκουμένης,
1000 894 1152 923 auctore

113 943 314 988 Dionysio,
336 943 439 994 cujus
459 944 505 978 ad
526 945 805 979 similitudinem
827 945 887 979 illa
913 945 1004 979 solet
1025 945 1151 979 diver-

113 1000 271 1034 sissimos
297 1000 343 1035 de
362 1001 475 1036 rebus
502 1002 686 1036 historicis
701 1003 1030 1049 geographicisque
1049 1015 1153 1036 com—

114 1059 314 1093 mentarios
333 1059 489 1105 exigere.
507 1061 589 1094 Huc
615 1061 763 1093 accessit
781 1060 1010 1105 praeconium
1028 1061 1152 1106 perie-

113 1123 225 1162 getae,
247 1117 351 1162 quod
380 1130 441 1151 sua
472 1125 603 1164 sponte
623 1117 822 1151 videbatur
848 1118 895 1151 ad
918 1119 1030 1151 totius
1051 1118 1152 1153 orbis

114 1173 402 1221 descriptionem
422 1183 600 1221 spectare.
623 1176 698 1209 Nos
719 1176 830 1221 igitur
860 1188 975 1221 quum
1005 1177 1151 1211 titulum

115 1233 409 1266 commentitium
432 1234 467 1266 in
499 1234 648 1278 Dionys.
667 1244 706 1278 p.
731 1231 804 1278 519
833 1233 1149 1278 repudiassemus,

115 1289 278 1323 Prellero
292 1296 413 1323 tamen
428 1302 504 1323 non
518 1291 627 1336 plane
639 1291 882 1336 persuasimus
898 1303 905 1324 :
925 1291 951 1324 is
967 1292 1064 1325 enim
1083 1292 1152 1328 Πε-

117 1343 273 1393 ριήγησιν
287 1345 484 1392 οἰκουμένης
499 1359 575 1381 11011
586 1348 704 1381 50111111
721 1349 885 1393 agnoscit
895 1376 903 1391 ,
918 1348 981 1382 sed
995 1350 1153 1395 primam

115 1404 223 1437 etiam
236 1404 381 1438 classem
393 1404 697 1439 Polemoniorum
706 1406 935 1440 voluminum
947 1408 1149 1452 constituit,

116 1473 227 1506 quam
242 1461 299 1495 vel
317 1461 392 1507 ipse
408 1462 461 1495 vel
477 1463 728 1508 posteriorum
743 1465 1071 1509 grammaticorum
1086 1466 1153 1499 ali—

115 1519 195 1565 quis
210 1532 251 1553 ex
270 1520 378 1553 variis
392 1520 497 1554 libris
511 1521 548 1553 in
562 1533 678 1554 unum
694 1533 830 1567 corpus
846 1521 1035 1556 redactam
1050 1523 1152 1556 evul-

112 1578 220 1624 garit.
252 1577 434 1611 Nimirum
455 1577 561 1611 finxit
580 1579 638 1612 vir
659 1578 893 1613 doctissimus
912 1580 1153 1615 Polemonem

115 1635 153 1667 in
166 1635 377 1669 enarrandis
388 1636 602 1681 regionibus
616 1637 898 1682 quamplurimis
909 1649 1061 1683 operam
1075 1650 1154 1673 eru-

115 1692 229 1727 ditam
242 1694 518 1740 consumpsisse.
536 1694 720 1739 Equidem
737 1695 951 1729 industriam
969 1696 1064 1731 illius
1078 1698 1154 1743 opi-

114 1762 185 1784 nor
210 1751 249 1784 in
268 1750 403 1785 finibus
423 1751 637 1786 Graecorum
657 1759 989 1787 monumentorum
1017 1766 1058 1788 ac
1085 1754 1155 1789 do—

114 1809 307 1843 nariorum
322 1821 396 1843 sese
412 1810 633 1843 continuisse
646 1823 654 1853 3
674 1810 809 1856 quibus
823 1811 974 1845 comites
985 1838 994 1854 ,
1008 1812 1153 1856 silibet,

115 1865 228 1900 addas
248 1866 390 1899 libellos
416 1866 461 1900 de
481 1866 641 1901 Dodone
662 1875 697 1901 et
718 1867 764 1901 de
786 1868 1039 1904 Samothrace.
1062 1870 1153 1903 Nam

116 1921 252 1963 Κτίσεις
275 1922 454 1958 Ἰταλικῶν
476 1922 534 1958 καὶ
556 1924 747 1960 Σικελικῶν
768 1926 831 1972 (111
848 1925 894 1959 de
913 1928 1089 1972 suspectis
1108 1929 1153 1961 ti—

116 1982 200 2015 tulis
229 1994 344 2016 unum
370 1990 406 2016 et
435 1995 518 2016 eum
546 1983 805 2017 incredibilem
833 1984 1008 2031 attingam
1026 1982 1035 2033 )
1067 1998 1154 2020 cave

116 2040 265 2086 colligas
282 2052 301 2074 e
318 2040 434 2077 schol.
460 2042 584 2087 Apoll.
608 2043 666 2084 IV,
695 2041 767 2083 324
794 2040 864 2090 (fr.
884 2042 953 2090 38)
976 2055 984 2077 :
1007 2036 1046 2078 οἷ
1064 2058 1155 2090 μνη-

116 2095 249 2144 μονεύει
272 2095 440 2144 Πολέμων
465 2098 497 2133 ἐν
518 2097 625 2133 κτίσει
651 2097 829 2135 Ἰταλικῶν
862 2098 920 2135 καὶ
944 2101 1152 2137 Σικελικῶν·

117 2168 199 2202 quae
218 2157 245 2190 si
265 2158 499 2203 corrigantur
516 2158 565 2191 sic
584 2165 626 2191 ut
642 2170 708 2204 par
726 2165 790 2202 est,
813 2158 845 2192 ἐν
863 2156 971 2194 κτίσει
991 2160 1152 2196 Παλικῶν

115 2214 181 2247 τῶν
213 2214 415 2257 Σικελικῶν,
445 2227 555 2248 nemo
587 2228 665 2249 non
696 2228 737 2250 ca
761 2217 925 2250 censebit
954 2217 1001 2251 ad
1029 2219 1153 2253 locum

115 2272 295 2306 Macrobii
312 2273 355 2315 V,
378 2284 421 2318 19
437 2272 632 2307 referenda
650 2271 716 2320 [v.
734 2273 775 2307 sr.
796 2273 842 2307 83
856 2272 886 2321 ].
907 2290 922 2304 υ
939 2276 1025 2309 Haec
1040 2277 1154 2311 Bern-

115 2329 277 2376 hardyus
289 2356 298 2372 ,
318 2330 381 2375 qui
398 2342 509 2375 quam
527 2330 565 2364 in
582 2332 778 2376 postremis
795 2331 1045 2376 conjecturam
1062 2346 1154 2380 pro-

117 2387 217 2429 tulit,
241 2399 320 2421 eam
352 2393 611 2433 argumentum
639 2388 835 2436 fragmenti
857 2389 901 2425 sr.
934 2390 980 2424 38
1004 2392 1153 2427 minime

117 2445 370 2486 commendat,
390 2457 511 2492 neque
533 2446 739 2493 quidquam
760 2447 847 2482 inde
866 2448 1067 2493 lucramur,
1086 2452 1152 2485 nisi

116 2502 211 2538 forte
232 2504 339 2538 etiam
353 2504 491 2537 librum
510 2506 565 2539 De
583 2506 691 2539 Ponti
708 2506 863 2539 urbibus
877 2507 1068 2541 Polemoni
1088 2509 1152 2542 ab-

113 2559 357 2605 judicandum
406 2574 479 2596 esse
514 2564 709 2597 censueris.
750 2564 922 2598 Ceterum
954 2567 1152 2601 rectissime

116 2618 376 2665 Bernhardyus
396 2620 579 2654 monuisse
603 2621 694 2654 mihi
715 2620 878 2666 videtur,
900 2622 990 2656 nihil
1008 2624 1153 2658 subesse

117 2682 158 2709 ut
171 2674 338 2722 κοσμικὴν
360 2674 562 2724 περιήγησιν
582 2690 601 2712 a
621 2678 734 2713 Suida
749 2688 1077 2715 commemoratam
1095 2682 1152 2717 de-

120 2739 357 2779 torqueamus
377 2734 423 2768 ad
441 2735 717 2781 inscriptionem
738 2738 877 2783 operis,
897 2749 972 2783 quo
988 2751 1152 2786 compre-

119 2791 369 2825 henderentur
388 2793 523 2839 scripta
541 2794 678 2836 omnia,
702 2806 782 2840 quae
800 2795 846 2830 de
862 2796 1012 2843 singulis
1028 2799 1152 2845 regio—

118 2847 225 2881 nibus
237 2849 389 2882 Polemo
402 2851 612 2896 singillatim
627 2852 795 2886 emiserat
805 2880 814 2896 ,
832 2859 867 2887 et
882 2854 918 2887 in
933 2866 1016 2889 suos
1030 2856 1149 2901 quod-

119 2916 192 2950 que
206 2905 321 2939 libros
333 2905 582 2942 distribuerat.
597 2908 641 2942 Et
655 2921 701 2943 ne
718 2909 839 2944 dicam
852 2912 995 2945 nullum
1007 2912 1082 2958 ejus
1098 2914 1151 2948 rei

121 2961 299 2995 indicium
314 2963 351 2996 in
370 2963 584 3010 fragmentis
602 2978 812 3010 occurrere,
830 2969 983 3003 omnino
1001 2982 1076 3003 non
1087 2982 1152 3005 ve—

120 3019 269 3053 risimile
283 3027 335 3054 est
349 3022 452 3066 quod
466 3023 501 3056 in
515 3022 767 3058 describendis
777 3024 923 3059 Graeciae
938 3027 1151 3073 regionibus

119 3076 314 3122 praecipuis
331 3083 441 3123 atque
459 3077 504 3112 de
522 3079 591 3113 llio
606 3082 722 3126 patria
741 3089 777 3115 et
794 3082 954 3117 Dodona
971 3090 1005 3117 et
1021 3084 1151 3119 Samo—

121 3132 273 3175 thracia,
293 3134 588 3179 antiquariorum
606 3136 760 3184 deliciis‚
778 3140 945 3184 praestitit
960 3141 1150 3186 Polemon,

121 3189 218 3224 idem
235 3190 292 3224 vel
308 3192 423 3225 simile
440 3192 531 3238 quid
549 3195 657 3228 etiam
672 3194 719 3229 de
735 3196 885 3241 reliquis
901 3198 1007 3232 terris
1021 3199 1149 3234 Graeco

119 3247 259 3281 homini
280 3254 358 3283 tum
376 3251 600 3295 patentibus,
623 3252 668 3286 ab
689 3264 733 3286 eo
762 3255 963 3299 praestitum
992 3268 1065 3291 esse
1093 3259 1149 3292 vel

927 142 1218 203 roLEMoiws
1248 166 1465 204 mmsis

1218 255 1254 288 in
1269 255 1404 301 quibus
1417 255 1661 300 antiquarium
1676 253 1883 300 periegesin
1897 260 2026 288 auctor
2045 255 2254 299 instituerit,

1214 313 1360 346 nonnisi
1385 312 1461 347 duo
1488 318 1760 355 memorantur,
1796 309 1933 351 Κτίσεις
1963 311 2030 346 τῶν
2064 311 2098 347 ἐν
2128 309 2256 361 Πόντῳ

1214 368 1348 405 πόλεων
1361 377 1396 404 01
1419 368 1556 410 Κτίσεις
1569 368 1750 406 Ἰταλικῶν
1768 366 1826 403 καὶ
1849 368 2039 404 Σικελικῶν
2058 367 2251 418 (πόλεων),

1215 429 1278 473 qui
1309 429 1394 474 ipsis
1418 429 1532 462 titulis
1563 427 1749 462 diversum
1783 438 1803 461 a
1831 426 1962 460 ceteris
1995 433 2254 473 argumentum

1214 486 1427 529 ostendunt,
1474 485 1578 532 quod
1608 485 1774 531 quamvis
1807 495 1892 517 cum
1930 484 2137 529 antiquaria
2173 497 2257 519 mo-

1213 550 1477 577 numentorum
1493 543 1741 589 descriptione
1765 542 1890 576 multis
1917 541 2129 576 nominibus
2161 555 2257 577 con-

1211 599 1380 645 junctum
1415 602 1479 647 sit,
1508 607 1630 634 tamen
1657 600 1844 647 peculiare
1873 599 2065 646 quoddam
2085 600 2257 647 scriptio-

1213 670 1301 691 num
1331 670 1446 705 genus
1472 659 1674 694 constituit.
1707 658 1830 692 Libris
1856 657 1902 692 de
1923 658 2053 702 Ponti,
2089 658 2201 692 ltaliae
2221 665 2257 693 et

1213 716 1343 750 Siciliae
1371 716 1580 750 civitatibus
1601 715 1715 750 addas
1741 712 1877 756 Κτίσεις
1900 715 1968 750 τῶν
1985 714 2019 749 ἐν
2033 714 2169 750 Φωκίδι
2188 714 2256 751 πό-

1213 773 1298 807 λεων
1318 771 1375 808 καὶ
1401 771 1480 822 περὶ
1504 775 1564 816 τῆς
1585 771 1668 822 πρὸς
1690 770 1877 816 Ἀθηναίων
1907 771 2101 820 συγγενείας
2129 773 2255 820 αὐτῶν,

1215 839 1251 865 01
1264 832 1349 865 libri
1365 828 1451 880 Περὶ
1463 831 1529 866 τῶν
1543 831 1576 866 ἐν
1595 828 1832 877 Λακεδαίμονι
1848 830 1996 867 πόλεων.
2016 832 2158 866 Titulos
2172 832 2256 867 illos

1211 888 1424 936 jungendos
1455 901 1529 923 esse
1563 895 1599 923 et
1630 889 1781 923 classem
1812 888 1999 934 quandam
2029 889 2254 935 scriptorum

1216 947 1523 980 Polemoniorum
1551 947 1802 992 constituisse,
1835 947 1945 981 etiam
1974 945 2061 980 inde
2083 946 2253 993 colligas,

1215 1004 1319 1050 quod
1335 1017 1462 1039 01111105
1473 1011 1606 1051 praeter
1616 1016 1733 1039 unum
1748 1004 1794 1038 de
1805 1005 1940 1039 Italicis
1953 1004 2108 1039 urbibus
2123 1003 2256 1052 (quem

1214 1062 1414 1097 scholiastae
1436 1063 1625 1109 Apollonii
1642 1062 1838 1109 debemus)
1854 1074 1874 1097 a
1894 1062 2007 1097 Suida
2028 1062 2255 1107 conjunctim

1217 1120 1459 1164 exhibentur,
1482 1121 1659 1154 nimirum
1679 1120 1809 1155 Suidas
1831 1132 1877 1154 ex
1904 1120 2071 1167 catalogo
2095 1122 2256 1168 scripto—

1215 1190 1318 1221 rum,
1341 1190 1453 1224 quem
1475 1185 1558 1212 ante
1579 1179 1710 1213 oculos
1732 1178 1912 1221 habebat,
1931 1190 2047 1212 unum
2069 1178 2255 1224 quendam

1216 1236 1340 1269 locum
1361 1237 1590 1282 exscripsisse
1612 1237 1694 1270 satis
1711 1236 1853 1270 habuit.

1268 1294 1441 1330 Ceterum
1457 1292 1641 1340 Κοσμικὴν
1661 1295 1763 1328 11111111
1778 1291 1983 1341 περιήγησιν
2003 1291 2079 1337 ἤτοι
2097 1307 2256 1344 γεωγρα-

1215 1350 1292 1402 φίαν
1328 1365 1472 1387 merum
1510 1353 1740 1400 grammatici
1778 1353 1969 1399 Byzantini
2001 1360 2254 1387 commentum

1215 1422 1302 1453 esse,
1314 1423 1385 1457 pro
1397 1411 1592 1457 explorato
1608 1423 1686 1444 non
1696 1411 1901 1457 posuerim.
1920 1410 2027 1447 Certe
2041 1423 2116 1444 non
2133 1411 2255 1446 omitti

1214 1469 1358 1502 silentio
1380 1468 1490 1502 debet
1510 1469 1613 1503 locus
1634 1469 1799 1503 Athenaei
1820 1466 1829 1518 (
1847 1469 1894 1503 sr.
1915 1481 1962 1515 9²
1976 1467 1986 1516 )
2001 1495 2010 1512 ,
2032 1468 2098 1502 ubi
2121 1468 2254 1504 lauda-

1216 1532 1275 1559 tur
1293 1524 1431 1567 Σκύλοιξ
1451 1523 1472 1569 ἢ
1493 1524 1678 1574 Πολέμων.
1697 1527 1819 1561 Verba
1837 1527 1976 1569 ionica,
1999 1539 2079 1572 quae
2103 1525 2166 1573 (ex
2191 1528 2255 1561 ln-

1215 1584 1283 1618 diae
1315 1583 1491 1634 περίπλῳ)
1527 1585 1580 1618 1111
1611 1584 1828 1627 afferuntur,
1867 1585 2053 1630 Scylacem
2075 1592 2250 1631 arguunt.

1217 1642 1338 1686 Quare
1359 1643 1542 1677 Prellerus
1561 1639 1688 1685 illud-t]
1712 1640 1880 1689 Πολέμων
1896 1643 1945 1676 1111
1964 1643 2136 1689 intelligit
2151 1649 2191 1676 ut
2210 1644 2255 1678 sit

1218 1696 1357 1741 Σκύλαξ
1379 1696 1414 1734 ὃν
1438 1697 1608 1747 Πολέμων
1632 1699 1871 1749 παρατίθεται.
1893 1700 2005 1745 Quod
2029 1712 2157 1734 verum
2179 1713 2254 1736 esse

1214 1764 1354 1803 potest,
1371 1757 1435 1791 sed
1447 1764 1588 1792 certum
1599 1771 1677 1792 nou
1691 1765 1755 1792 est.
1773 1757 2096 1804 Quemadmodum
2120 1759 2252 1794 eodem

1216 1816 1300 1849 loco
1314 1816 1506 1850 Athenaeus
1529 1816 1608 1862 (vel
1626 1817 1751 1863 potius
1765 1816 1948 1862 Didymus
1959 1844 1968 1862 ‚
1982 1828 2026 1850 ex
2042 1828 2117 1863 quo
2133 1823 2253 1851 totum

1216 1873 1308 1907 illud
1330 1881 1439 1921 caput
1459 1871 1583 1922 fluxit)
1606 1875 1766 1908 Hecataei
1793 1875 1924 1908 Milesii
1939 1874 2145 1921 periegesin
2175 1887 2250 1909 non

1217 1931 1414 1977 genuinam
1440 1930 1504 1964 sed
1521 1931 1565 1965 ab
1585 1932 1757 1966 Hecataeo
1774 1931 1974 1966 Eretriensi
1990 1932 2251 1978 interpolatam

1217 2000 1292 2023 esse
1302 1987 1496 2035 significat,
1510 1990 1559 2023 sic
1570 1990 1696 2023 similis
1705 1989 1752 2024 de
1767 1996 1918 2023 auctore
1933 1990 2054 2036 operis
2066 1989 2250 2024 dubitatio

1216 2047 1330 2081 inesse
1348 2053 1471 2093 potest
1490 2042 1613 2081 verbis
1631 2044 1767 2088 Σκύλαξ
1791 2043 1812 2090 ἢ
1836 2044 2020 2094 Πολέμων,
2038 2048 2113 2081 51νο
2134 2048 2162 2081 15
2177 2059 2251 2081 110-

1216 2111 1289 2138 5101·
1305 2105 1458 2138 Polemo
1477 2117 1523 2139 an
1543 2105 1633 2139 alius
1652 2105 1776 2140 fuerit.
1800 2126 1850 2130 -—
1870 2105 1998 2139 Suidas
2012 2104 2127 2139 Indiae
2148 2103 2248 2154 περί-

1216 2160 1323 2195 πλουν
1342 2161 1473 2195 tribuit
1489 2162 1630 2207 Scylaci
1648 2162 1795 2208 polybii
1809 2163 1939 2208 aequali
1955 2189 1964 2205 ,
1982 2163 2129 2196 Panaetii
2146 2163 2250 2197 fami-

1216 2218 1294 2252 liari
1305 2233 1312 2262 3
1324 2218 1359 2252 id
1373 2225 1497 2265 aperte
1508 2219 1636 2253 falsum
1645 2226 1696 2254 est
1706 2233 1715 2263 3
1726 2232 1811 2254 nam
1819 2219 1944 2254 laudat
1954 2220 2053 2254 hunc
2063 2221 2251 2267 Periplum

1216 2277 1432 2311 Aristoteles
1448 2277 1555 2312 Polit.
1570 2279 1656 2321 VII,
1679 2281 1736 2318 14.
1753 2277 1853 2314 Fieri
1867 2290 1956 2312 vero
1969 2279 2093 2324 potuit
2107 2285 2148 2312 ut
2162 2279 2253 2326 Scy-

1215 2333 1467 2378 laeisjunioris
1483 2341 1586 2369 aetate
1597 2335 1642 2369 ab
1662 2347 1705 2369 eo
1716 2336 1917 2369 Polemone
1933 2335 2024 2384 (sive
2039 2342 2166 2371 nostro
2177 2337 2251 2371 sive

1215 2389 1324 2437 alio),
1343 2402 1451 2436 quem
1468 2390 1497 2435 ej
1505 2391 1631 2426 usdem
1646 2393 1814 2426 I'atzoetii
1826 2393 1988 2426 sodalem
2007 2391 2136 2427 Suidas
2147 2392 2249 2436 dicit,

1215 2453 1251 2480 et
1280 2449 1343 2493 qui
1364 2448 1515 2483 fortasse
1535 2462 1619 2483 011111
1650 2450 1798 2496 Scylace
1814 2449 1964 2495 juniore
1993 2451 2032 2483 iu
2051 2450 2155 2485 Caria
2183 2463 2252 2497 per
2270 2476 2271 2480 ,

1214 2512 1358 2552 tempus
1374 2507 1529 2553 aliquod
1543 2507 1645 2553 degit
1661 2506 1780 2555 (certe
1798 2508 1844 2542 de
1864 2508 1977 2543 Cariae
1995 2508 2153 2542 urbibus
2173 2508 2250 2543 duo

1214 2562 1417 2610 fragmenta
1446 2564 1531 2612 (34.
1553 2564 1623 2612 35)
1646 2566 1860 2599 Polemonis
1878 2565 2058 2600 habemus
2071 2563 2096 2614 )‚
2115 2578 2249 2601 novam

1213 2622 1354 2668 antiqui
1387 2623 1509 2668 operis
1540 2623 1793 2658 recensionem
1818 2624 2036 2658 institueret.
2061 2628 2108 2660 At
2144 2624 2250 2659 nimis

1212 2679 1288 2713 haec
1303 2681 1440 2713 incerta
1458 2686 1562 2724 sunt,
1579 2676 1622 2714 ut
1644 2680 1781 2715 diutius
1796 2682 1839 2715 iis
1859 2682 2045 2715 immorari
2068 2681 2192 2717 velim.

1266 2737 1444 2784 Sequitur
1464 2738 1577 2772 altera
1600 2739 1812 2785 inscriptio,
1835 2736 2109 2783 ἹΞλλοιδικός,
2137 2751 2246 2785 quam

1213 2794 1341 2829 Suidas
1352 2796 1400 2829 ita
1411 2802 1604 2839 memorat,
1615 2803 1658 2830 ut
1669 2797 1778 2834 etiam
1791 2797 1829 2830 in
1840 2809 2048 2844 cognomen
2059 2797 2249 2844 scriptoris

1212 2852 1340 2887 abiisse
1357 2853 1475 2887 videri
1494 2854 1619 2899 possit.
1640 2854 1832 2889 Laudatur
1846 2856 1972 2889 titulus
1992 2854 2138 2890 duobus
2158 2856 2247 2890 locis

1212 2911 1376 2944 Athemei
1411 2910 1479 2957 (sr.
1500 2922 1547 2944 22
1567 2918 1601 2945 et
1623 2909 1710 2960 28),
1725 2912 1789 2947 sed
1809 2913 1858 2947 ita
1871 2920 1912 2947 ut
1929 2912 1975 2947 de
1992 2913 2151 2947 auctoris
2165 2913 2245 2954 sno-—

1211 2968 1309 3002 mine
1325 2967 1511 3013 injiciatur
1527 2968 1726 3003 dubitatio.
1747 2970 1840 3004 Nam
1852 2971 2015 3016 'utroque
2034 2969 2118 3004 loco
2132 2970 2244 3005 Athe-

1212 3038 1310 3059 naeus
1326 3027 1376 3060 ait
1396 3038 1403 3059 τ
1427 3023 1596 3073 Πολέμων
1616 3024 1638 3069 ἢ
1660 3023 1750 3067 ὅστις
1771 3024 1860 3062 ἔστιν
1879 3028 1896 3062 ὅ
1916 3026 2064 3071 ποιήσας
2082 3025 2138 3062 τὸν
2161 3028 2239 3063 ἐπι-

1211 3083 1425 3135 γραφόμενον
1446 3083 1663 3122 Ἑλλαδικόν.
1680 3086 1786 3122 Idem
1805 3099 1916 3134 opus,
1933 3088 2042 3122 titulo
2062 3089 2101 3121 in
2116 3089 2243 3136 vulga-

1212 3145 1346 3178 riorem
1360 3144 1517 3179 formam
1529 3146 1623 3179 male
1634 3152 1790 3189 mutato,
1801 3145 1952 3180 laudant
1964 3146 1984 3179 J
1987 3146 2038 3179 ul.
2051 3145 2243 3182 Africanus

1214 3200 1283 3248 (fr.
1311 3201 1354 3235 13
1370 3200 1378 3250 )
1398 3209 1432 3236 01
1451 3203 1642 3237 scholiasta
1663 3202 1849 3251 Aristidis,
1866 3215 2025 3249 quorum
2043 3203 2104 3238 ille
2127 3201 2240 3239 Πολέ-

1213 3273 1285 3305 μων
1301 3259 1335 3294 ἐν
1353 3259 1394 3307 τῇ
1412 3257 1532 3309 πρῴτῃ
1547 3261 1614 3294 τῶν
1632 3258 1846 3303 (Ελληνικῶν
1864 3260 2020 3309 ἱστοριῶν
2038 3261 2047 3308 (
2063 3261 2108 3295 (10
2121 3261 2240 3308 Apide

119 3307 279 3352 praestari
300 3308 474 3353 potuisse.
504 3310 861 3360 Praeter-nominatos
880 3319 1000 3347 autem
1023 3314 1148 3359 libros,
1180 3312 1185 3350 l
1212 3329 1296 3363 rege
1315 3318 1471 3364 Argivo,
1492 3319 1558 3352 sub
1578 3330 1653 3364 quo
1671 3331 1752 3365 pars
1770 3319 2026 3365 [Egyptiorum
2043 3321 2077 3353 in
2099 3320 2238 3365 Syriam
