2338 3765
108 163 178 195 372

108 244 141 281 δὲ
160 234 351 292 ἀνθρώπους
373 240 417 281 εἷς
440 237 500 283 τὴν
518 237 661 283 πλησίον
677 236 801 285 λίμνην
820 235 956 287 ἀγαγὼν
978 230 1031 274 οἶα
1052 236 1133 273 ἀθέ-

108 317 162 343 ους
185 302 226 349 (7)
253 298 455 335 ἐπόντωσεν.

593 370 653 406 25.

160 468 286 514 Steph.
313 468 397 512 Byz.
431 477 438 500 ἱ
472 461 660 513 Νῆραῧος,
680 461 778 504 πόλις
810 462 946 513 Συρίας.
969 462 1137 504 Νικόλαος

109 518 272 569 τετάρτω.
284 517 335 555 Τὸ
357 515 484 552 ἐθνικὸν
502 512 696 565 Νηράὸιος,
725 518 770 557 ὡς
783 517 840 551 τοῦ
855 514 1032 566 Τόρρηὲος
1048 517 1137 565 Τορ-

110 575 236 627 ρήέιος.

591 641 653 680 26,

161 738 288 784 Steph.
321 737 406 782 Byz.
437 748 444 769 ε
481 732 678 782 Ἀσκάλων,
708 732 806 774 πόλις
837 732 965 783 Συρίας
985 732 1067 782 πρὸς
1097 734 1139 782 τῇ

110 792 277 844 Ἰουδαίᾳ.
313 790 445 833 Ξάνθος
477 791 510 826 ἓν
541 790 692 840 τετάρτῃ
730 791 912 828 Λυδιακῶν
946 791 1059 840 φησιν,
1090 788 1141 825 ὅτι

110 850 288 891 Τάνταλος
302 848 361 886 καὶ
375 848 543 890 Ἀσκαλος
556 847 676 890 παῖδες
687 846 884 896 “Υμεναίου·
899 847 955 884 τὸν
971 847 1006 883 δὲ
1019 845 1055 884 Ἄ
1063 862 1142 883 σκα-

110 912 167 947 λον
187 907 252 945 ὑπὸ
271 907 434 955 Ἀκιαμοῧ
450 909 508 942 τοῦ
526 906 645 943 Λυδῶν
662 904 829 955 βασιλέως
844 905 1018 956 αἱρεθέντα
1037 919 1141 954 στρα-

110 965 212 1017 τηγὸν
229 966 273 1007 εἷς
289 963 417 1015 Συρίαν
434 966 652 1018 στρατεῦσαι,
665 963 766 999 κάκεῖ
777 963 944 1014 παρθένου
957 961 1141 1012 ἐρασθέντα

111 1025 209 1062 πόλιν
229 1022 364 1069 κτίσαι,
383 1022 424 1067 ἣν
446 1020 505 1072 ἀφ’
522 1022 642 1057 ἑαυτοῦ
663 1019 768 1063 οὕτως
787 1020 961 1068 ὠνόμασε.
983 1020 1038 1058 Τὰ
1051 1018 1140 1056 αὐτὰ

112 1082 170 1119 καὶ
191 1081 363 1122 Νικόλαος
380 1082 414 1117 ἐν
431 1078 578 1130 τετάρτῃ
593 1079 739 1130 ἱστορίᾳ.

593 1185 655 1218 27.

166 1269 256 1303 Exc.
284 1269 337 1302 De
357 1268 441 1301 virt.
460 1278 467 1300 ε
488 1263 572 1301 ἶΌτι
594 1261 810 1311 Σαλμωνέως
839 1262 879 1311 (ι)
899 1261 1050 1312 θυγάτηρ
1071 1260 1143 1311 ἐγέ-

115 1338 208 1373 νετο,
226 1323 300 1369 ἥτις
320 1325 502 1374 ἐρασθεῖσα
520 1325 578 1358 τοῦ
596 1320 723 1372 πατρὸς
744 1320 799 1356 ὑπ’
825 1319 1022 1369 ἀμηχανίας
1040 1319 1145 1364 αὑτὴν

116 1380 335 1431 διειργάσατο
363 1380 429 1431 (2),
453 1379 531 1430 πρὶν
559 1378 671 1428 γάμου
704 1379 866 1429 κυρῆσαι.
897 1377 941 1415 ‘0
967 1377 1083 1428 πατὴρ
1110 1376 1144 1414 δὲ

118 1439 204 1488 αὖτῇ
225 1436 329 1487 τιμὴν
347 1436 461 1480 ἔταξεν
484 1434 550 1473 ἀνὰ
570 1442 637 1473 πᾶν
659 1435 731 1478 ἔτος
750 1435 941 1486 πανήγυριν
961 1435 1116 1485 ἄγεσθαι.

601 1528 662 1567 28.

168 1619 267 1654 Ibid.
294 1630 302 1655 ζ
322 1615 406 1654 “Ort
424 1614 631 1664 Καμὸλίτας
654 1615 693 1664 (ι)
718 1614 878 1665 βασιλεὺς
894 1614 1037 1656 Λυδίας.
1059 1615 1148 1651 Τοῦ-

118 1690 174 1711 τον
189 1674 326 1723 λέγεται
341 1672 429 1710 οὕτω
443 1672 700 1723 γαστρίμαργον
717 1671 846 1723 σφόδρα
857 1671 1038 1722 γενέσθαι,
1061 1671 1149 1708 ὥστε

118 1731 176 1768 καὶ
212 1731 273 1777 τὴν
308 1733 412 1768 αὑτοῦ
443 1732 590 1780 γυναῖκα
612 1729 819 1766 ἐπιθύσαντα
849 1729 889 1779 (2)
924 1731 1148 1780 καταφαγεῖν.

121 1790 230 1832 Αὐτός
243 1805 281 1840 γε
301 1789 369 1838 μὴν
383 1819 392 1834 ,
414 1789 452 1837 (3)
476 1788 593 1825 ἑαυτὸν
611 1787 708 1832 δόξας
729 1787 794 1825 ὑπὸ
813 1790 1005 1839 φαρμακῶν
1025 1787 1152 1838 βεὲλά-

121 1851 221 1899 φθαι,
259 1845 465 1898 περιῧοήτου
496 1849 557 1883 τοῦ
593 1846 797 1896 πράγματος
827 1845 1029 1895 γενομένου,
1063 1845 1153 1898 ξίφος

124 1904 224 1955 ἔχων,
238 1903 434 1950 πληθούσης
451 1905 575 1954 ἀγορᾶς
595 1905 628 1941 ἐν
644 1904 739 1955 μέσῳ
753 1903 835 1946 στὰς
852 1897 955 1940 εἶπεν·
971 1923 985 1938 «
996 1898 1049 1942 ΨΩ
1066 1906 1151 1950 Ζεῦ,

120 1964 147 1999 εἷ
177 1961 238 2012 μὲν
268 1963 328 1998 ἀπ’
351 1963 500 2010 ἐμαυτοῦ
530 1960 678 2009 δέδρακα
707 1965 817 1998 ταῦτα
854 1961 875 1998 ἃ
895 1961 1072 2011 δέδρακα,
1101 1961 1153 1999 τί·-

121 2034 221 2069 σαιμι
238 2021 270 2056 ἐν
291 2020 430 2071 ἐμαυτῷ
448 2018 508 2061 τὰς
531 2018 645 2061 δίκας·
666 2019 695 2055 εἷ
715 2017 749 2055 δὲ
773 2018 839 2056 ὑπὸ
860 2021 1052 2069 φαρμακῶν
1073 2020 1153 2056 δια-

122 2078 274 2130 φθαρεὶς,
291 2079 320 2115 οἱ
341 2077 401 2127 ἐμὲ
431 2076 667 2129 φαρμάξαντες
695 2077 848 2116 πάθοιεν.
869 2095 885 2110 »
904 2079 1027 2115 Ταῦτα
1062 2071 1154 2124 εἶπε,

120 2136 203 2183 καὶ,
235 2135 392 2188 ὁρώντων
417 2134 570 2182 πάντων,
591 2134 710 2173 ἑαυτὸν
733 2134 921 2187 ἀπέσφαξε.
944 2135 1016 2173 Καὶ
1036 2137 1066 2172 οἱ
1092 2134 1153 2184 μὲν

123 2196 240 2231 τοῦτον
260 2194 463 2244 ἐκερτόμουν
483 2194 528 2234 ὡς
545 2192 815 2244 γαστρίμαργον,
832 2194 862 2230 οἳ
884 2191 918 2229 δὲ
933 2191 1094 2244 ᾤκτειρον
1111 2195 1156 2235 ὡς

124 2250 340 2302 φρενοὸλαὸἧ
357 2250 422 2287 ὑπὸ
439 2253 642 2302 φαρμακῶν.
667 2249 850 2294 Ἓδόξαζον
874 2250 907 2287 δὲ
932 2250 989 2287 τὸν
1016 2250 1155 2302 Ἰάρδα-

124 2322 178 2344 νον
203 2308 245 2356 (4)
274 2310 381 2344 ταῦτα
400 2307 625 2354 πεποιηκέναι
646 2307 701 2344 διὰ
719 2306 758 2344 τὸ
779 2306 888 2358 ἔχθος.

913 150 1117 189 NlCOLAl
1147 150 1429 190 DAMASCENI

1198 242 1323 274 dionem
1347 241 1499 282 oppidum
1528 240 1609 280 cepit
1634 247 1671 270 ac
1702 239 1816 279 diruit,
1845 240 1963 271 incolas
1991 248 2087 280 vero,
2114 241 2226 282 utpote

1197 300 1327 331 deorum
1342 299 1576 338 contemptores
1587 322 1596 337 ,
1613 297 1716 329 vicino
1732 297 1764 328 in
1780 297 1849 329 lacu
1865 298 2046 330 submersit.

1686 377 1742 408 25.

1240 465 1380 496 Nerabus
1391 489 1399 503 ,
1414 464 1489 495 urbs
1506 463 1604 503 Syriae
1615 488 1624 503 ,
1639 465 1675 495 ut
1692 464 1839 496 Nicolaus
1856 466 1992 496 testatur
2005 465 2086 497 libro
2101 468 2228 506 quarto.

1199 525 1319 555 Nomen
1332 522 1447 562 gentile
1468 521 1640 560 iveramus,
1658 522 1750 553 sicuti
1769 532 1787 553 a
1806 523 1967 555 Torrhebo
1983 523 2137 555 formatur
2153 526 2230 556 Tor-

1201 581 1338 612 rhebius.

1690 647 1747 680 26.

1242 743 1386 780 Ascalon,
1401 742 1476 772 urbs
1493 742 1589 781 Syriae
1600 742 1692 781 juxta
1705 744 1721 773 J
1727 742 1847 773 udaeam
1863 743 1963 782 posita
1972 767 1980 782 ‚
1995 743 2121 775 condita
2134 745 2180 776 est
2192 745 2233 776 ab

1204 801 1333 839 Ascalo,
1355 801 1391 831 ut
1405 800 1499 830 refert
1512 800 1658 831 Xanthus
1674 802 1719 830 De
1734 800 1828 831 rebus
1841 800 2002 839 Lydorum
2014 801 2094 832 libro
2104 804 2231 841 quarto.

1202 859 1275 890 Fuit
1299 859 1406 889 autem
1426 857 1555 888 Ascalus
1581 857 1746 897 Hymenaei
1773 857 1872 896 filius,
1893 858 1988 889 frater
2012 860 2154 897 Tantali,
2179 862 2234 900 qui

1203 925 1301 957 quum
1325 916 1364 946 ab
1387 915 1515 947 Aciamo
1544 924 1614 954 rege
1645 915 1805 954 Lydorum
1835 915 1902 946 dux
1929 918 2118 948 constitutus
2135 918 2235 958 eSset,

1203 974 1377 1006 exercitum
1404 970 1436 1004 in
1452 973 1575 1013 Syriam
1598 973 1708 1012 duxit,
1725 973 1780 1004 ubi
1793 974 1922 1013 virginis
1943 975 2108 1014 cujusdam
2127 984 2235 1008 amore

1204 1034 1314 1072 captus
1332 1032 1444 1063 urbem
1463 1031 1604 1062 condidit
1626 1031 1665 1062 de
1681 1040 1738 1062 suo
1754 1032 1882 1063 nomine
1895 1033 2094 1072 appellatam.
2118 1034 2236 1066 Eadem

1204 1091 1351 1122 Nicolaus
1369 1098 1497 1130 quoque
1511 1090 1619 1121 narrat
1636 1090 1848 1121 Historiarum
1862 1090 1944 1122 libro
1957 1092 2083 1131 quarto.

1693 1174 1747 1205 27.

1248 1270 1406 1302 Salmonei
1420 1269 1494 1308 filia,
1507 1277 1606 1309 quum
1619 1277 1727 1300 amore
1740 1269 1836 1309 patris
1846 1270 1937 1309 capta
1950 1272 2041 1310 esset,
2057 1279 2122 1311 prae
2134 1271 2239 1303 anxie-

1207 1330 1271 1359 tate
1290 1328 1386 1358 animi
1411 1327 1515 1358 adhuc
1536 1327 1623 1365 virgo
1646 1327 1703 1358 sibi
1730 1328 1867 1358 mortem
1885 1328 2048 1360 conscivit.
2069 1329 2130 1360 Sed
2151 1331 2241 1369 pater

1209 1386 1241 1416 in
1284 1385 1437 1416 honorem
1472 1384 1544 1416 filiae
1573 1385 1713 1416 sollenne
1740 1386 1909 1425 quotannis
1944 1386 2057 1417 festum
2090 1387 2241 1419 celebrari

1208 1443 1353 1475 instituit.

1700 1539 1758 1570 28.

1253 1616 1428 1648 camblitas
1440 1624 1497 1647 rex
1513 1615 1618 1655 Lydiae
1631 1617 1728 1647 tantae
1741 1616 1924 1648 voracitatis
1939 1616 2033 1647 fuisse
2047 1616 2242 1656 perhibetur,

1213 1678 1247 1705 ut
1265 1683 1355 1705 suam
1374 1682 1502 1713 quoque
1521 1682 1653 1704 uxorem
1678 1674 1709 1704 in
1725 1673 1877 1704 sacrificio
1891 1674 2058 1705 manderit.
2083 1674 2183 1713 CuJus
2199 1675 2243 1705 rei

1212 1731 1295 1761 fama
1313 1738 1414 1770 quum
1431 1729 1549 1769 ubique
1570 1729 1731 1769 divulgata
1743 1731 1842 1768 esset,
1855 1729 1920 1769 ipse
1936 1739 1955 1760 a
1966 1730 2113 1761 veneficis
2126 1731 2243 1771 appeti-

1211 1791 1282 1821 tum
1295 1797 1329 1819 se
1343 1787 1474 1819 credens
1484 1811 1492 1826 ‚
1510 1787 1630 1818 nudato
1646 1786 1747 1826 gladio
1761 1788 1845 1818 stans
1857 1787 1888 1817 in
1904 1787 2132 1819 confertissimo
2151 1787 2220 1819 foro
2236 1801 2243 1819 ι

1215 1860 1229 1874 α
1241 1849 1259 1878 J
1264 1846 1399 1887 uppiter,
1416 1845 1530 1885 inquit,
1545 1845 1570 1876 si
1581 1845 1708 1885 quidem
1721 1853 1790 1876 mea
1803 1846 1914 1885 sponte
1925 1845 1957 1876 id
1971 1845 2091 1877 facinus
2102 1846 2245 1886 suscepi,

1212 1905 1285 1936 dem
1302 1899 1367 1944 ipse
1381 1904 1507 1935 sceleris
1521 1903 1581 1934 mei
1597 1912 1705 1943 poenas
1724 1916 1731 1934 :
1746 1903 1794 1934 sin
1807 1903 1964 1934 veneficiis
1977 1903 2178 1943 quorundam
2193 1905 2246 1936 ho-

1217 1964 1339 1994 minum
1356 1963 1387 1993 in
1403 1963 1541 1993 furorem
1555 1970 1664 1993 versus
1675 1986 1683 2001 ‚
1698 1963 1768 1992 tum
1782 1961 1814 1992 in
1827 1961 2004 2000 maleficos,
2019 1962 2072 2002 qui
2088 1971 2140 1994 me
2155 1963 2247 1994 malis

1213 2021 1335 2052 artibus
1345 2006 1554 2060 appetierunt,
1562 2019 1689 2051 sceleris
1699 2028 1791 2059 poena
1802 2020 1931 2051 recidat.
1942 2033 1957 2047 n
1971 2022 2026 2051 His
2035 2020 2138 2059 dictis,
2146 2023 2246 2052 semet

1215 2079 1247 2110 in
1261 2080 1431 2118 conspectu
1445 2077 1588 2109 omnium
1605 2078 1772 2109 interfecit.
1788 2080 1891 2115 Quem
1904 2077 1954 2108 alii
1969 2077 2118 2109 conviciis
2130 2086 2244 2109 onera-

1215 2138 1307 2176 runt,
1336 2141 1371 2168 ut
1389 2146 1537 2168 voracem
1557 2137 1630 2175 alii,
1656 2136 1769 2176 partim
1801 2136 1836 2167 ut
1868 2135 2020 2166 furiosum
2044 2144 2103 2166 nec
2133 2136 2249 2167 mentis

1216 2196 1394 2235 compotem
1417 2195 1554 2227 miserati
1569 2196 1655 2226 sunt.
1677 2197 1774 2226 Porro
1803 2194 1971 2226 lai-danum
1994 2193 2087 2232 huJus
2099 2194 2246 2226 maleficii

1215 2255 1378 2284 auctorem
1401 2253 1495 2284 fuisse
1519 2252 1772 2292 suspicabantur,
1796 2252 1837 2283 ob
1862 2252 2040 2283 inimicitias
2070 2260 2150 2292 quas
2171 2261 2246 2284 cum

1217 2311 1375 2343 Camblita
1391 2310 1572 2342 exercebat.

124 2429 177 2454 την
194 2418 264 2448 εἷλε.
281 2435 321 2440 -
334 2421 364 2449 7.
382 2418 447 2448 οἷα
466 2418 622 2457 ἀθέους]
640 2418 746 2449 omisit
762 2417 893 2456 Suidas3
915 2418 1028 2449 deinde
1047 2426 1103 2457 pro
1123 2418 1276 2448 ἑπόντωσε
1291 2417 1384 2448 habet
1398 2418 1628 2455 κατεπόντωσε,
1643 2417 1726 2456 quod
1750 2417 1844 2448 etiam
1858 2419 1965 2447 nostro
1979 2417 2000 2447 l.
2021 2416 2127 2458 reponi
2140 2417 2247 2451 velim.

168 2468 218 2494 26.
244 2465 331 2494 [lanc
347 2463 579 2502 expeditionem
598 2465 758 2495 cohaerere
773 2464 880 2500 aliquo
898 2463 994 2494 modo
1020 2472 1093 2495 cum
1110 2464 1208 2495 altera
1223 2465 1262 2495 sr.
1282 2467 1319 2495 24
1339 2466 1515 2495 memorata
1539 2464 1740 2503 probabiliter
1755 2463 1865 2494 statuit
1883 2463 2015 2495 sevinus
2041 2463 2062 2494 l.
2081 2463 2101 2494 l.
2123 2471 2151 2502 p.
2177 2465 2248 2495 240.

127 2509 277 2540 Alcimius
294 2519 348 2540 rex
363 2518 426 2540 non
448 2509 689 2540 confundendus
713 2518 785 2540 curn
813 2509 934 2540 Alcime
954 2518 1042 2549 rege,
1059 2508 1149 2547 cujus
1167 2510 1311 2541 Xanthus
1330 2510 1385 2548 (fr.
1404 2511 1457 2550 ιο)
1475 2511 1619 2541 meminit
1637 2519 1688 2550 ap.
1709 2509 1839 2541 suidam
1864 2518 1894 2539 v.
1914 2509 2029 2544 Ξάνθος
2042 2533 2050 2547 ,
2065 2510 2097 2540 et
2114 2509 2179 2548 ipse
2200 2509 2251 2540 Ni-

127 2556 235 2586 colaus
252 2556 363 2594 fragm.
389 2558 438 2586 49.
461 2556 613 2586 Tantalus
637 2564 700 2586 non
722 2559 769 2586 est
785 2556 837 2586 illc
862 2555 977 2586 Niobes
1000 2558 1109 2595 pater;
1133 2563 1206 2584 nam
1229 2554 1314 2585 hunc
1336 2557 1480 2587 Xanthus
1503 2557 1561 2595 (fr.
1586 2557 1640 2595 13)
1665 2560 1835 2587 Assaonem
1855 2555 2036 2595 appellavit.

171 2604 223 2632 27.
254 2601 332 2632 cod.
365 2603 443 2631 Tur.
467 2601 535 2639 sol.
564 2606 644 2640 229,
666 2605 783 2632 25-27
802 2610 868 2632 vso.
885 2619 927 2624 -
953 2605 979 2633 1.
997 2601 1181 2632 Salmoneus
1202 2609 1263 2630 non
1286 2603 1331 2632 est
1358 2603 1538 2633 notissimus
1561 2603 1613 2633 ille
1637 2605 1783 2640 Graecus,
1804 2602 1857 2633 sed
1882 2601 1988 2640 Lydus
2007 2600 2131 2640 aliquis.
2157 2599 2251 2631 Modo

129 2648 213 2678 recte
232 2655 265 2677 se
280 2655 396 2677 nomen
414 2647 536 2677 habeat.
560 2649 595 2678 ln
612 2649 751 2678 mentem
772 2647 857 2678 venit
870 2656 926 2686 pro
943 2649 1132 2686 Σαλμωνέως
1149 2648 1278 2678 fortasse
1293 2648 1385 2680 fuisse
1399 2651 1607 2690 Καλαμῶνος,
1625 2650 1827 2688 fabulamque
1843 2649 1999 2688 pertinere
2013 2647 2051 2678 ad
2071 2647 2251 2688 Καλαμίνην

131 2692 270 2727 (Κολόην
285 2693 419 2730 Strabo)
440 2692 548 2732 λίμνην
567 2693 714 2731 nymphis
735 2701 874 2731 sacram,
898 2693 937 2724 ad
954 2702 1050 2733 quarn
1070 2695 1183 2725 festum
1200 2696 1368 2733 quotannis
1390 2696 1467 2735 Lydi
1483 2696 1685 2727 celebrabant
1708 2698 1757 2733 (v.
1784 2696 1900 2726 Plinius
1914 2697 1962 2732 ΙΙ,
1982 2698 2034 2726 96.
2055 2693 2164 2725 Sotion
2181 2694 2250 2725 Mir.

128 2742 167 2770 43
187 2739 237 2770 ed.
259 2740 565 2777 wester111.;varr0
582 2741 605 2770 R
632 2741 668 2770 R.
693 2741 754 2776 lll,
773 2742 805 2770 17
818 2763 826 2778 ‚
841 2741 857 2770 4
873 2741 903 2770 et
919 2740 1010 2779 plura
1028 2748 1080 2779 ap.
1096 2740 1251 2777 Forbiger.
1275 2743 1389 2780 Geoqr.
1412 2745 1457 2780 ll,
1478 2751 1509 2782 p.
1528 2746 1581 2774 177
1594 2743 1616 2781 ).
1639 2742 1698 2773 Sed
1717 2743 1784 2773 haec
1800 2742 1893 2773 nimis
1909 2742 2038 2772 incerta.
2058 2739 2252 2771 Probabiuus

129 2787 175 2816 est
189 2785 328 2815 fabulam
349 2785 495 2824 Lydicam
512 2784 760 2824 componendam
777 2793 843 2816 esse
859 2793 933 2816 cum
952 2794 988 2816 ea
1006 2794 1079 2825 quae
1095 2785 1134 2816 de
1153 2788 1297 2825 Smyrna,
1313 2788 1454 2819 Thiantis
1472 2788 1519 2819 vel
1539 2788 1694 2819 Phoenicis
1715 2788 1764 2819 vel
1780 2788 1905 2827 Cinyrae
1922 2786 2022 2826 patris
2037 2793 2145 2819 amore
2161 2787 2252 2825 capta

129 2831 422 2868 circumferebatur,
439 2831 617 2870 festumque
632 2831 707 2861 illud
725 2831 825 2862 simile
839 2832 933 2863 fuisse
949 2832 1087 2863 Adoniis.
1099 2849 1138 2853 —
1152 2836 1181 2863 2.
1199 2832 1413 2873 διειργάσατο]
1433 2830 1613 2874 διἐργάσατο
1634 2834 1753 2871 codex;
1768 2834 1951 2874 διεχρήσατο
1974 2832 2062 2862 editt.

171 2881 221 2908 28.
252 2876 327 2908 cod.
355 2875 512 2914 Turasol.
532 2880 591 2907 229
604 2899 613 2912 ‚
638 2880 756 2907 28—32
771 2885 835 2907 vso.
857 2879 889 2908 et
910 2878 962 2908 t'ol.
984 2880 1037 2909 154
1050 2901 1058 2915 ‚
1078 2882 1153 2908 1-6
1177 2886 1207 2908 r.
1226 2879 1349 2910 Scilicet
1365 2880 1442 2911 ordo
1461 2881 1606 2911 foliorum
1630 2880 1775 2911 turbatus
1793 2883 1850 2910 est.
1872 2879 1994 2910 Folium
2018 2881 2077 2909 229
2091 2876 2204 2908 desinit
2221 2876 2252 2907 in

132 2923 225 2953 verba
238 2924 263 2953 εἰ
279 2923 331 2962 μὲν
349 2922 401 2952 ἀπ’
419 2923 433 2952 ε’
452 2939 510 2959 -,
528 2922 582 2953 fol.
603 2926 657 2954 154
674 2922 781 2962 incipit
797 2935 804 2954 ε
830 2928 947 2963 μαυτοῡ
961 2925 1091 2965 δέδρακα
1116 2923 1180 2954 κτλ.
1208 2924 1377 2956 Historiam
1403 2929 1541 2957 nostram
1557 2935 1573 2957 e
1598 2927 1725 2957 Xantho
1746 2925 1873 2956 brevius
1891 2924 1998 2954 narrat
2017 2923 2187 2954 Athenmus
2203 2925 2229 2953 X
2242 2947 2252 2962 ‚

135 2980 164 3008 p.
181 2971 259 3007 415,
277 2972 314 3000 D.
330 2985 370 2990 —
388 2973 412 2998 ι.
430 2968 671 3008 Καμὸλίτας]
691 2969 860 3008 Κάμῧλητα
878 2971 929 3001 τὸν
945 2971 1146 3010 βασιλεύοντα
1162 2971 1270 3002 Λυδῶν
1283 2995 1291 3010 ,
1311 2973 1488 3003 Athenaeus.
1506 2974 1662 3012 corrupte
1685 2972 1826 3003 AElianus
1844 2973 1881 3001 V.
1900 2971 1938 3000 H.
1957 2971 1989 3007 1,
2004 2971 2041 3000 27
2057 2969 2138 3000 inter
2159 2969 2252 3004 ἀδδη-

133 3016 243 3055 φάγους
258 3016 397 3046 recenset
414 3014 565 3054 Κάμὸητα
583 3016 634 3046 τὸν
650 3016 760 3046 Λυδόν.
780 3019 826 3047 Ex
851 3018 1001 3049 Athenaeo
1017 3026 1074 3048 sua
1088 3018 1189 3048 hausit
1208 3020 1391 3051 Eustathius
1403 3020 1434 3050 in
1453 3022 1544 3051 Hom.
1566 3028 1595 3059 p.
1620 3022 1698 3058 356,
1716 3021 1767 3056 49,
1795 3018 1849 3049 uhi
1874 3025 1989 3048 nomen
2005 3016 2085 3055 regis
2105 3017 2254 3055 corrupte

135 3062 295 3102 Καμὸύσις
308 3060 466 3092 scribitur.
482 3078 523 3083 —
536 3066 565 3092 2.
581 3062 839 3103 ἐπιθυσαντα]
860 3066 972 3104 Coray.
988 3076 996 3104 ;
1021 3065 1250 3103 ἐπιθυμήσαντα
1267 3065 1386 3104 codex;
1404 3066 1734 3106 κατακρεουργήσαντα
1757 3063 1902 3096 Xanthus
1919 3071 1970 3101 ap.
1998 3062 2195 3093 Athenaeum.
2212 3078 2254 3084 —

133 3114 164 3141 3.
179 3108 292 3143 αὐτός
308 3118 349 3148 γε
369 3108 438 3147 μὴν
457 3106 544 3147 κτλ]
569 3108 740 3139 Athenaeus
752 3109 796 3139 sic
814 3109 907 3141 habet
922 3120 930 3141 z
945 3111 1075 3142 Ἔπειτα
1091 3113 1171 3152 πρωὶ
1186 3114 1310 3153 εὑρόντα
1333 3115 1387 3151 τὴν
1406 3116 1493 3153 χεῖρα
1504 3117 1556 3151 τῆς
1569 3113 1711 3153 γυναικὸς
1727 3113 1854 3143 ἐνοῦσαν
1871 3111 1901 3141 ἐν
1916 3112 1960 3150 τῷ
1976 3108 2128 3149 στόματι,
2145 3108 2254 3139 ἑαυτὸν

133 3155 306 3195 ἀποσφάξαι
325 3155 506 3194 περιὸοήτου
520 3158 571 3191 τῆς
595 3155 728 3195 πράξεως
745 3157 918 3195 γενομένης.
945 3159 1024 3193 Quae
1054 3159 1193 3190 narratio
1218 3160 1377 3191 rudiorem
1397 3161 1617 3200 antiquitatem
1647 3159 1785 3198 redolet,
1814 3160 1845 3189 et
1861 3166 1901 3188 ex
1920 3157 2050 3195 antiquo
2072 3153 2252 3194 logographi

133 3210 228 3241 opere
253 3201 414 3237 manavit,
439 3200 520 3231 dum*
531 3203 637 3231 nostra
653 3210 670 3232 c
691 3202 814 3233 Xantho
830 3203 968 3242 Dionysii
992 3205 1159 3243 Mytilenaei
1185 3205 1349 3245 depromta
1368 3206 1493 3237 fuerint.
1519 3224 1560 3229 —
1573 3207 1604 3237 4.
1626 3204 1839 3245 Ἰάρδανον]
1857 3203 1910 3235 His
1928 3202 2136 3234 admonemur
2157 3202 2253 3232 Cam-

135 3248 244 3278 blitem
263 3255 300 3277 ex
331 3246 497 3285 postremis
516 3246 609 3277 fuisse
627 3247 750 3286 regibus
776 3248 924 3287 Atyadis‚
947 3258 1026 3288 quos
1054 3251 1212 3282 subsecuti
1237 3254 1311 3283 sunt
1330 3252 1513 3283 Heraclidae.
1534 3253 1657 3283 Etenim
1681 3250 1857 3282 Herodotus
1885 3251 1896 3281 l
1909 3273 1918 3286 ‚
1942 3252 1958 3280 7
1986 3259 1995 3281 ;
2022 3247 2111 3287 Παρὰ
2137 3245 2254 3276 τούτων

138 3303 141 3322 π
155 3303 198 3325 sc,
216 3297 276 3324 τῶν
292 3293 435 3333 πρότερον
449 3293 596 3332 Ἄγρωνος
612 3293 857 3332 βασιλευσάντων
870 3298 921 3331 τῆς
945 3296 1056 3332 Λυδίης
1068 3296 1077 3334 )
1090 3297 1284 3337 Ἡρακλεῖδαι
1300 3299 1524 3339 ἐπιτραφθέντες
1538 3299 1628 3338 ἔσχον
1643 3299 1695 3335 τὴν
1712 3297 1854 3337 ἀρχῆνιὲκ
1872 3294 2052 3335 θεοπροπίου
2066 3317 2073 3331 ,
2097 3293 2131 3324 ἐκ
2147 3292 2254 3327 δούλης
