2289 3728
87 140 131 171 ,ὓ
809 124 1091 163 Μ’ΜΡΗΙῦἱδ
1119 126 1469 164 HERACLEOTAE

83 223 280 258 δύσπνοιαν.
303 218 505 278 Φάρμακον
513 221 570 253 οὖν
589 215 682 251 αὖτι)
696 215 794 251 τουδε
819 218 876 252 τοῦ
897 216 1024 257 πάθους
1035 230 1108 253 συν-

84 273 204 316 έταξαν
237 288 266 309 οι
281 272 404 321 ἰατροι,
428 284 525 320 φασι,
546 271 564 317 Γ
570 267 684 308 εὶόνας
699 265 826 309 ὶεπτὰς
848 267 1108 304 κατασκευάσαι

88 330 272 379 μηκίστας·
291 332 363 365 εἶτα
394 326 519 366 ταύτας
539 324 594 361 διὰ
613 339 679 360 των
699 325 746 360 π)
740 339 855 374 ευρων
875 341 933 362 και
961 341 1020 371 της
1041 340 1111 362 κοι-

87 388 162 429 ὶίας
178 386 291 423 διιιε)0
280 402 320 430 ιν,
339 383 419 420 ὅταν
437 384 482 424 εἷς
501 382 603 418 ὕπνον
626 380 714 432 τύχῃ
737 381 952 433 βαθύτερον’
937 398 1109 431 εμπεσων.

86 439 154 482 ΙἮν
173 444 208 480 δὲ
229 442 295 493 ἄρα
311 445 409 479 τοῦτο
427 438 583 489 ἐπιμελὲς
601 439 738 482 ἐκείνοις
770 440 864 491 δρᾶν,
885 439 956 477 ἔστ’
977 439 1017 476 ἂν
1047 438 1110 482 ὅλη

83 500 139 538 διὰ
155 517 214 545 της
230 497 484 549 πεπωρωμένης
503 512 562 533 και
576 497 698 547 τρόπον
712 495 788 533 τινὰ
806 496 985 547 ἀλλοτρίας
1005 498 1109 533 αὐτου

85 559 209 610 σαρκὸς
229 557 374 626 διεῗρπεν
391 558 412 601 ἡ
438 553 580 606 βελόνη·
600 556 675 592 ἀλλ’
695 554 819 598 ἐκεῖνός
839 570 877 603 γε
895 554 1003 592 ἔκειτο
1018 554 1112 591 λίθου

85 615 251 666 διαφερων
271 613 379 652 οὐδέν.
399 614 442 651 Εἰ
459 612 528 649 δὲ’
510 612 650 664 αφίκετο
666 612 705 650 τὸ
723 615 760 663 βε
753 612 818 655 ’ὶος
834 612 913 649 ἔνθα
934 611 1052 649 λοιπον
1072 615 1112 656 ἠν

86 675 178 709 αὐτι)
198 674 235 708 τὸ
250 673 350 720 σῶμα
374 668 562 721 ἐρρωμένον
588 685 647 706 και
676 669 773 717 ἴδιον,
800 670 875 706 &DJ
904 670 965 706 οὐκ
995 671 1033 706 ἐκ
1055 672 1115 713 τῆς

87 730 173 779 ἄγαν
193 730 340 777 πιμελῆς
357 728 547 779 ἀλλότριον,
574 730 763 771 τηνικαῦτα
787 727 846 764 καὶ
862 729 986 768 ἐκεῖνος
1003 725 1113 776 ᾐσθά-

85 803 160 824 νετο
176 787 234 824 καὶ
251 786 406 837 ἠγείρετο
426 787 464 823 ἐκ
479 789 538 823 τοῦ
559 784 676 824 ὕπνου.
693 785 779 827 Τοὺς
797 784 832 822 δὲ
851 784 1115 836 χρηματισμοὺς

85 847 232 882 ἐποιεῖτο
250 846 319 886 τοῖς
341 842 557 894 βουλομένοις
579 844 671 892 αὐτῷ
693 842 870 893 προσιέναι
887 841 1032 878 κιὸωτὸν
1057 844 1115 877 τοῦ

87 903 246 951 σώματος
261 900 552 953 προὸαλλόμενος.
575 901 620 938 Οἱ
656 898 690 936 δὲ
719 898 794 936 οὐδὲ
823 898 968 936 κιῧωτόν
1002 914 1116 950 φασιν,

88 959 176 996 ἀλλὰ
196 959 397 1011 πυργίσαον,
430 958 487 995 ἵνα
500 957 544 995 τὰ
565 957 625 1005 μὲν
657 955 761 993 λοιπὰ
790 956 876 1008 μέρη
907 957 1009 994 αὐτοῦ
1031 960 1116 994 ἀπο-

87 1017 335 1069 κρύπτοιτο,τὸ
350 1016 384 1054 δὲ
401 1015 583 1068 πρόσωπον
600 1014 699 1064 μόνον
719 1014 884 1066 ὑπερέχον
906 1014 1115 1065 διαλέγηται.

340 1132 657 1182 [ΠΕΡΙΠΛΟΥΣ
679 1132 866 1181 ΑΣῙΑΣ.]

555 1249 612 1280 17.

142 1343 336 1378 Athenaeus
353 1342 462 1385 XIII,
484 1354 523 1388 p.
546 1340 631 1388 596,
650 1343 679 1376 E
703 1354 710 1375 :
734 1340 805 1377 Καὶ
824 1342 845 1384 ἡ
867 1339 899 1382 ἐξ
917 1339 1063 1390 Ἐρέσου
1083 1339 1116 1376 δὲ

88 1401 148 1445 τ’ἦς
167 1398 284 1450 ἑτέρας
311 1399 330 1417 ¹*
351 1398 370 1417 ²*
395 1396 531 1448 Σαπφὼ
550 1400 608 1434 τοῧ
634 1398 739 1434 καλοῦ
769 1393 914 1439 Φάωνος
941 1397 1121 1448 ἐρασθεῖσα

90 1455 290 1508 περιὸόητος
305 1450 358 1501 ἦν,
378 1453 422 1497 ὥς
442 1469 525 1505 φησι
545 1453 680 1505 Νύμερις
705 1455 738 1491 ἐν
758 1453 923 1506 Περίπλῳ
940 1454 1067 1497 Ἀσίας.

142 1517 216 1559 Τῆς
237 1512 353 1564 ἑτέρας
377 1511 558 1560 ὁμώνυμος
576 1513 616 1550 Σ.
637 1514 893 1561 Casaubonus3
921 1511 954 1555 ἐξ
980 1511 1122 1563 Ἐρέσου

92 1573 128 1609 δέ
150 1587 198 1613 τις
220 1571 339 1621 ἑταίρα
377 1572 420 1608 Σ.
450 1572 650 1615 Meursius,
677 1571 899 1618 suffragante
923 1572 1123 1606 VVesselin-

90 1632 166 1678 gio,
186 1650 237 1657 —
259 1632 314 1665 De
333 1631 447 1665 altera
459 1629 526 1663 hac
543 1629 693 1675 Sappho
715 1641 758 1663 ex
777 1630 994 1663 commentis
1012 1636 1119 1674 nata,

92 1700 173 1734 quae
208 1687 255 1722 de
287 1688 437 1733 antiqua
468 1687 613 1733 poetria
636 1686 1009 1733 circumferebantur,
1038 1687 1124 1722 vide

95 1745 211 1788 Bode,
230 1746 323 1779 llist.
346 1746 452 1780 Poes,
475 1756 530 1791 gr.
551 1744 605 1778 III
623 1756 662 1790 p.
685 1742 757 1785 413
772 1770 781 1787 ‚
805 1747 878 1790 419
898 1751 933 1778 et
953 1756 1045 1789 quos
1064 1745 1125 1779 ille

94 1803 229 1837 laudat.
251 1823 298 1828 —
315 1803 486 1837 Ceterum
507 1801 620 1835 verba
641 1800 674 1835 ἐν
690 1798 845 1850 περίπλῳ
870 1801 1020 1837 ΑΣΙΑΣ
1037 1814 1124 1836 cor—

93 1866 202 1906 rupta
227 1871 301 1894 esse
315 1871 358 1893 ex
377 1858 410 1894 ἐν
439 1855 536 1906 (βῬ)
551 1855 630 1907 περὶ
659 1855 928 1907 ἩρακΛΙΞΙΑΣ
946 1860 1127 1905 suspicor.

95 1918 159 1952 Sin
179 1917 361 1964 genuinus
379 1922 432 1951 est
447 1916 572 1950 titulus
589 1916 696 1960 libri,
716 1915 854 1950 referre
874 1915 921 1950 ad
939 1927 1023 1950 eum
1043 1917 1127 1952 licet

93 1975 294 2021 sequentia.

579 2048 634 2084 18.

147 2142 271 2178 Schol.
302 2142 426 2189 Apoll.
451 2141 523 2177 Rh.
539 2141 593 2185 11,
632 2140 718 2177 168.
754 2139 892 2191 Νύμφις
917 2139 1129 2191 (Νύμφαιος

97 2199 183 2235 cod.
208 2199 345 2247 Paris.)
363 2197 423 2246 μὲν
444 2195 508 2247 γάρ
536 2211 637 2247 φησιν
668 2199 814 2248 ἱστορεῖν
843 2197 1054 2248 Ἀκαρίωνα,
1084 2200 1128 2240 ὡς

99 2255 165 2306 ἄρα
189 2255 326 2305 Φρύγες
347 2255 551 2292 διαπλεῦσαι
576 2254 775 2304 βουλόμενοι
795 2255 852 2292 τὸν
875 2255 1042 2306 πορθμὸν,
1059 2270 1127 2292 κα·-

97 2311 310 2349 τεσκεύασαν
339 2316 419 2349 ναῦν
450 2312 595 2362 ἔχουσαν
625 2313 927 2363 ἐγκεχαραγμένην
954 2312 1129 2364 προτομὴν

387 2438 545 2487 [A81AE
566 2440 848 2489 Pramus]

593 2529 649 2560 17.

142 2598 242 2630 Etiam
259 2606 298 2628 ex
312 2601 406 2629 Ereso
419 2598 553 2629 oriunda
566 2601 665 2632 altexa
678 2602 824 2642 quaedam
841 2604 966 2643 sappho
979 2612 1051 2644 quae
1065 2605 1132 2644 pul-

101 2657 192 2680 crum
220 2648 378 2680 Phaonem
397 2649 533 2689 amavit,
557 2652 688 2683 celebris
707 2653 784 2691 suit,
802 2655 836 2684 nt
861 2654 905 2685 ait
927 2655 1078 2694 Nymphis
1102 2655 1133 2686 in

101 2701 180 2732 Asiae
195 2702 328 2741 periplo.

596 2772 648 2803 18.

143 2850 293 2890 Nymphis
305 2851 348 2882 ait
370 2860 498 2883 narrare
513 2852 691 2883 Andronem
702 2877 711 2892 ,
738 2854 896 2893 quomodo
910 2855 1046 2894 Phryges
1059 2856 1133 2886 olim

102 2902 218 2933 fretum
236 2902 378 2941 trajicere
393 2905 551 2943 volentes,
575 2913 688 2936 navem
706 2907 941 2937 construxerint
956 2915 1028 2946 quae
1045 2907 1134 2938 bovis

101 2953 234 2993 effigiem
252 2954 282 2984 in
294 2963 385 2993 prora
399 2955 553 2993 habebam
572 2957 850 2995 eaquetransveeti
865 2957 903 2989 «le
925 2958 1035 2997 insigni
1050 2959 1134 2989 navi-

101 3003 141 3043 gii
158 3012 244 3035 mare
258 3005 334 3036 illud
348 3006 532 3045 appellarint
551 3008 732 3046 Bosporum.

1173 217 1309 266 ταύρου·
1337 215 1613 253 διαπλευσάντων
1633 213 1665 251 δὲ
1694 215 1818 259 αὐτῶν,
1841 213 1909 250 ἀπὸ
1936 216 1993 250 τοῦ
2017 213 2122 256 εἴδους
2141 217 2200 251 τοῧ

1172 274 1250 325 περὶ
1267 273 1304 311 τὸ
1325 274 1452 325 σκάφος
1465 275 1778 324 προσαγορευθῆναι
1794 271 1831 308 τὸ
1847 271 1995 320 πέλαγος
2012 271 2202 322 Βόσπορον.

1225 333 1316 368 Cod.
1336 333 1515 369 Parisin...
1535 328 1586 366 ὅτι
1607 330 1743 381 Φρύγες
1759 328 1796 366 τὸ
1813 328 1961 365 παλαιὸν
1981 327 2202 379 βουληθέντες

1174 389 1379 439 διαπερᾶσαι
1398 388 1455 425 τὸν
1484 387 1645 438 πορθμὸν,
1667 386 1924 424 κατεσκεύασαν
1958 389 2040 422 ναῦν
2077 386 2203 437 ταύρου

1173 447 1278 483 τύπον
1299 445 1354 482 ἐπὶ
1381 448 1441 491 τῆς
1465 445 1603 496 πρώρας
1624 444 1784 495 ἔχουσαν,
1804 444 1861 481 καὶ
1886 447 1930 486 ὡς
1955 445 2061 480 εἰπεῖν
2081 458 2206 494 ταυρο-

1173 503 1373 553 πρόσωπον,
1394 502 1454 540 καὶ
1483 502 1593 553 ταύτῃ
1623 502 1725 553 φησὶν
1757 501 1876 544 αὐτοὺς
1896 502 2122 552 διαπερᾶσαι,
2147 500 2207 538 καὶ

1174 560 1230 597 τὸν
1250 560 1400 611 πορθμὸν
1421 559 1490 597 ἀπὸ
1508 562 1567 605 τῆς
1578 558 1658 601 νεὼς
1677 558 1852 610 Βόσπορον
1884 560 2068 604 κληθῆναι·
2088 556 2205 609 ὥσπερ

1176 617 1234 655 καὶ
1254 617 1382 668 Φρίξον
1400 617 1502 669 φασὶν
1519 617 1575 654 ἐπὶ
1591 616 1672 660 νεὼς
1692 616 1953 668 κριοπροσώπου
1970 617 2017 659 εἷς
2032 614 2094 661 τὴν
2115 616 2205 653 Σκυ-

1177 676 1250 712 οίαν
1267 677 1428 713 πλεῦσαι.

1228 736 1301 769 Pro
1321 732 1392 770 Ἄκ.
1418 731 1618 782 Εὐφορίωνα
1642 745 1713 768 scr.
1737 734 1927 768 Reinesius
1945 735 2014 780 Ep.
2034 732 2080 767 ad
2104 734 2208 767 Dau-

1177 793 1291 826 mium
1322 790 1383 835 85,
1415 803 1453 837 p.
1484 789 1573 825 255.
1605 790 1839 837 Approbavit
1865 790 2026 827 Meinek.
2062 791 2208 837 Fragm.

1177 849 1342 896 Euphor.
1359 861 1399 895 p.
1422 847 1505 883 180.
1519 849 1702 894 Tempora
1711 854 1906 882 auctorum
1919 848 2106 882 sententiae
2120 847 2208 882 huic

1179 920 1255 941 non
1264 907 1396 942 favent.
1405 907 1520 941 Natus
1534 906 1755 952 Euphorion
1766 917 1824 939 an.
1839 917 1912 949 272
1925 905 1982 939 vel
1996 904 2210 951 Nymphide

1173 964 1302 1010 junior
1313 971 1377 1000 est.
1397 963 1640 999 Scribendum
1661 970 1753 1009 puto
1768 960 2020 1007 ΑΝΔΡΩΝΑ,
2036 961 2140 1007 quod
2162 961 2224 996 ad*

1179 1022 1310 1057 ductus
1326 1022 1516 1056 literarum
1536 1021 1691 1068 propius
1710 1019 1863 1055 accedit.
1879 1018 2098 1054 Andronem
2117 1029 2208 1054 vero

1179 1080 1342 1126 intellige
1363 1079 1515 1124 Tejum‚
1542 1078 1677 1124 Peripli
1700 1084 1889 1112 auctorem
1903 1103 1912 1118 ‚
1932 1075 2133 1111 Alexandri
2155 1077 2208 1112 M.

1180 1137 1377 1183 aequalem,
1400 1135 1446 1170 de
1474 1148 1604 1182 quov.
1638 1142 1728 1170 tom.
1747 1136 1802 1178 II,
1831 1146 1871 1181 p.
1896 1133 1986 1175 348.
2006 1135 2062 1168 De
2090 1145 2129 1168 le
2161 1133 2208 1168 cf.

1180 1195 1351 1241 Ephorus
1366 1193 1411 1229 fr.
1435 1206 1495 1240 79,
1518 1194 1744 1240 Phylarchus
1761 1192 1805 1227 fr.
1829 1203 1895 1237 70,
1912 1191 2138 1238 Apollodm.
2161 1192 2213 1239 ΙΙ,

1186 1265 1227 1296 1,
1245 1251 1280 1295 3,
1296 1250 1331 1295 5,
1351 1252 1477 1298 1b1que
1494 1252 1655 1298 mte1pp

1670 1338 1727 1372 19.

1235 1406 1338 1441 Idem
1359 1408 1407 1449 II,
1427 1406 1501 1450 672
1524 1419 1530 1440 :
1551 1403 1720 1446 Θυνιάδος
1739 1402 1891 1447 νήσου...
1914 1401 2087 1451 μέμνηται
2112 1401 2214 1452 Νύμ·

1184 1477 1236 1514 φις
1250 1465 1267 1500 ὃ
1287 1461 1531 1512 Ἡρακλεώτης
1543 1477 1551 1485 ·
1572 1461 1655 1513 φησὶ
1668 1460 1703 1498 δὲ
1719 1460 1824 1506 αὐτὴν
1839 1458 1926 1497 ἑπτὰ
1944 1460 2101 1502 σταδίους
2120 1459 2214 1511 ἔχειν

1183 1518 1245 1564 τὴν
1261 1522 1479 1571 περίμετρον.

1230 1607 1316 1656 [ΤΑ
1345 1606 1447 1644 ἸΩΝ
1473 1606 1693 1644 AIAAOXD
1679 1606 1730 1644 -Ν
1762 1606 1849 1644 ΚΑΙ
1878 1605 2147 1644 ΕΠΙΓΟΝΩΝ.
2158 1603 2172 1654 ]

1582 1687 1724 1722 LIBER
1753 1688 1821 1725 IX.

1667 1785 1730 1810 20.

1239 1853 1375 1891 AElian.
1398 1855 1491 1890 Hist.
1514 1855 1636 1891 Anim.
1657 1855 1777 1899 XVII,
1810 1854 1829 1889 3
1849 1867 1856 1889 :
1880 1852 1940 1891 Ἐν
1961 1855 2009 1904 τῷ
2029 1852 2138 1905 ἐνάτῳ
2152 1854 2220 1890 τῶν

1187 1910 1275 1962 Περὶ
1313 1910 1543 1959 Πτολεμαίων
1578 1910 1688 1960 λόγων
1722 1910 1814 1961 λέγει
1860 1910 2002 1963 Νύμφις
2032 1911 2066 1948 ἐν
2102 1914 2146 1962 τῇ
2176 1913 2222 1962 γῇ

1187 1967 1446 2019 Τρωγλοδύτιδι
1459 1966 1644 2019 γίνεσθαι
1627 1983 1715 2018 εχεις
1734 1966 1872 2018 ἄμαχόν
1885 1983 1918 2004 τι
1935 1968 2126 2018 μέγεθος,εἷ
2140 1967 2224 2020 πρὸς

1187 2041 1263 2067 τους
1281 2025 1441 2068 ἅλλους”
1424 2041 1438 2062 ε
1441 2040 1512 2076 χεις
1531 2025 1794 2075 ἀντικρίνοιντο·
1823 2019 1908 2062 εἶναι
1931 2025 1998 2078 γὰρ
2019 2041 2142 2077 πηχων
2163 2025 2223 2063 καὶ

1188 2082 1449 2120 πεντεκαίδεκα·
1480 2082 1541 2124 τάς
1560 2097 1597 2130 γε
1618 2081 1688 2131 μὴν
1717 2081 1871 2133 χελώνας
1891 2086 1977 2119 εἶναι
1999 2082 2170 2125 τοσαύτας
2184 2082 2223 2121 τὸ

1187 2139 1382 2191 χελώνειον,
1401 2142 1446 2182 ὡς
1466 2140 1590 2190 χωρεῖν
1605 2138 1788 2189 μεδίμνους
1808 2139 1979 2183 Ἀττικοὺς
1992 2155 2051 2177 και
2070 2139 2104 2180 ἓξ
2125 2141 2221 2179 αὐτό.

1190 2200 1245 2236 Cf.
1270 2200 1461 2237 Diodorus
1479 2201 1535 2234 ΙΙΙ
1548 2227 1558 2244 ,
1587 2212 1648 2244 21,
1678 2211 1699 2234 2
1713 2228 1724 2246 ,
1742 2199 1937 2246 Phylarch.
1957 2199 2003 2237 fr.
2022 2199 2083 2237 26.
2103 2202 2225 2235 Locus

1190 2258 1326 2304 petitus
1345 2269 1390 2292 ex
1406 2258 1557 2292 historia
1576 2257 1765 2292 Ptolemaei
1781 2257 2034 2304 Philadelphi,
2051 2258 2223 2293 venatio-

1192 2328 1281 2350 num
1295 2314 1558 2351 studiosissimi.
1582 2317 1624 2351 V.
1646 2314 1807 2352 Diodor.
1830 2315 1899 2358 ΙΙΙ,
1919 2314 1965 2349 36
1986 2321 2022 2349 et
2039 2314 2100 2360 37.

1674 2428 1731 2458 19.

1234 2500 1404 2540 Thyniadis
1419 2501 1530 2531 insula:
1549 2500 1740 2531 mentionem
1766 2500 1841 2531 facit
1861 2501 2014 2540 Nymphis
2027 2501 2224 2540 Heracleota,

1194 2551 1245 2591 qui
1259 2551 1413 2584 ambitum
1429 2551 1497 2591 ejus
1512 2559 1578 2582 esse
1592 2552 1711 2591 septem
1724 2551 1898 2583 stadiorum
1913 2551 1999 2583 dicit.

1300 2633 1365 2670 DE
1394 2633 1690 2672 SUCCESSORl
1699 2633 1788 2671 BUS
1818 2633 1980 2671 ALEXA
1988 2633 2124 2671 NDRI.

1677 2723 1734 2754 20.

1234 2804 1387 2843 Nymphis
1400 2803 1480 2835 libro
1494 2806 1540 2835 De
1554 2804 1731 2835 Ptolemaeis
1752 2813 1836 2835 nono
1851 2805 1895 2836 ait
1911 2813 2029 2844 angues
2044 2805 2076 2835 in
2091 2805 2223 2844 Troglo-

1194 2854 1303 2895 dytide
1313 2879 1321 2893 ,
1335 2855 1443 2885 sicum
1454 2854 1522 2885 aliis
1537 2855 1752 2894 conserantur,
1767 2855 1884 2895 ingenti
1896 2855 1982 2886 nasci
1996 2854 2210 2894 magnitudine

1193 2907 1231 2937 ad
1257 2907 1367 2938 cubita
1394 2906 1575 2946 quindecim
1603 2907 1811 2947 quandoque3
1837 2916 1931 2946 porro
1958 2907 2153 2938 testudinum
2175 2909 2224 2939 te-

1191 2959 1319 2997 gmenta
1344 2959 1471 2997 reperiri
1484 2960 1590 2998 tanta,
1606 2960 1641 2990 ut
1658 2959 1777 2999 singula
1797 2967 1887 2991 senos
1907 2958 2081 2991 medimnos
2106 2959 2226 2991 Atticos

1191 3010 1327 3049 capiant.
