2289 3728
80 153 149 183 251

367 301 392 334 1⁴ss
421 300 566 334 LIBRO
595 300 810 344 QUARTO.

128 377 229 411 Idem
247 377 308 419 VI,
334 387 372 421 p.
390 374 481 423 252,
504 376 532 409 E
561 387 568 409 :
590 372 817 415 Ποσειδώνιος
836 374 868 410 δ’
884 375 901 410 6
919 373 1108 423 Ἀπαμεὺς,

75 433 214 483 ὕστερον
232 430 267 468 δὲ
295 431 428 472 Ῥόδιος
462 429 703 481 χρηματίσας,
732 431 766 467 ἓν
785 434 828 483 τῇ
863 432 1008 483 τετάρτῃ
1044 434 1111 468 τῶν

76 491 253 540 Ἰστοριῶν
274 488 416 540 Ἱέρακά
431 504 514 540 φησι
530 488 586 525 τὸν
603 487 792 539 Ἀντιοχέα,
810 489 973 540 πρότερον
992 492 1112 540 λυσιῳ-

74 551 142 590 δοῖς
163 549 392 592 ὑπαυλοῦντα,
408 546 548 598 ὕστερον
571 545 728 596 γενέσθαι
742 546 875 584 κόλακα
891 548 997 584 δεινὸν
1018 549 1112 584 Πτο-

76 605 220 656 λεμαίου
252 608 312 642 τοῦ
343 603 489 654 έὸδόμου
523 603 703 655 βασιλέως,
731 607 789 642 τοῦ
828 604 885 642 καὶ
917 604 1110 656 Εὐεργέτου

74 662 326 709 ἐπικληθέντος,
352 661 410 698 καὶ
436 661 480 698 τὰ
513 661 658 712 μέγιστα
687 664 870 708 δυνηθέντα
895 665 978 714 παρ’
997 664 1112 713 αὐτῷ,

76 721 231 772 καθάπερ
248 719 308 757 καὶ
323 719 419 771 παρὰ
436 722 484 772 τῷ
513 719 744 772 Φιλομήτορι,
775 719 914 771 ὕστερον
930 719 989 756 ὑπ’
1006 721 1110 756 αὐτοῦ

75 781 317 830 διαφθαρῆναι.
335 782 445 815 Hunc
460 781 653 816 Hieracem
671 781 843 815 novimus
859 791 902 814 ex
923 780 1007 813 loco
1019 779 1112 814 Dio-

77 839 162 873 dori
181 839 366 882 XXXIII,
379 837 440 881 23,
461 839 526 873 ubi
542 846 739 885 postquam
757 837 800 872 de
820 844 912 872 tetra
926 836 1113 871 Ptolemaei

76 899 266 944 Euergetae
284 896 410 931 indole
424 896 589 944 dixerat,
611 897 733 943 pergit
753 907 761 932 :
781 893 826 931 ‘O
853 893 887 929 δὲ
925 892 1114 943 στρατηγὸς

76 953 185 1005 Ἱέραξ
213 955 246 991 ἐν
276 953 345 995 τοῖς
376 953 576 1002 πολεμικοῖς
597 953 705 1003 ἔργοις
737 950 932 999 θαυμαστὸς
963 949 1010 987 ὢν
1035 951 1111 988 κτλ.

75 1014 185 1051 Conf.
207 1013 366 1049 Diodori
387 1013 480 1050 Exe.
500 1015 555 1048 De
574 1012 714 1047 insidiis
730 1011 776 1048 fr.
799 1010 845 1046 23
864 1017 943 1046 not.

577 1081 613 1118 8.

377 1153 406 1186 Ε
433 1152 580 1187 LIBRO
614 1150 809 1196 QUINTO.

128 1222 234 1258 Idem
250 1223 312 1265 IV,
328 1234 366 1269 p.
389 1221 512 1265 152‚F
527 1232 535 1257 :
553 1219 613 1256 Ἐν
630 1218 664 1255 δὲ
688 1221 729 1268 τῇ
746 1216 890 1267 πέμπτη
911 1215 998 1265 Περὶ
1016 1215 1115 1265 Πάρ-

76 1282 143 1316 θων
163 1277 384 1328 διηγούμενος
400 1275 664 1326 (Ποσειδώνιός)
696 1290 799 1327 φησιν
812 1290 819 1297 ·
838 1291 854 1308 «
873 1273 916 1312 Ὁ
933 1273 967 1310 δὲ
986 1272 1113 1311 καλού-

79 1351 178 1385 μενος
205 1334 298 1386 φίλος
324 1334 495 1385 τραπέζης
515 1332 575 1382 μὲν
597 1334 634 1370 οὔ
654 1333 821 1374 κοινωνεῖ,
842 1330 958 1382 χαμαὶ
979 1331 1007 1368 δ’
1026 1332 1113 1368 ὓπο-

78 1394 336 1445 καθήμενοςτέςρΐ
357 1393 490 1444 ὑψηλῆς
506 1392 622 1437 κλίνης
639 1389 878 1442 κατακειμένῳ
897 1391 947 1442 τῷ
966 1390 1113 1441 βασιλεῖ,

76 1452 114 1489 τὸ
130 1451 353 1502 παραὸληθὲν
382 1450 438 1486 ὑπ’
463 1451 567 1487 αὐτοῦ
597 1448 729 1487 κυνιστὶ
751 1450 912 1495 σιτεῖται,
942 1447 1002 1485 καὶ
1025 1449 1111 1484 πολ-

76 1510 175 1552 λάκις
204 1508 260 1546 διὰ
290 1509 351 1554 τὴν
367 1511 540 1559 τυχοῦσαν
569 1507 681 1544 αἰτίαν
703 1505 937 1548 ἀποσπασθεὶς
957 1508 1016 1543 τοῦ
1043 1521 1115 1556 χα-

77 1571 263 1617 μαιπετοῦς
283 1567 431 1611 δείπνου,
454 1565 591 1618 ῥάὸδοις
613 1565 672 1602 καὶ
691 1566 812 1612 ἱμᾶσιν
834 1564 1115 1614 ἀστραγαλωτοῖς

78 1629 322 1675 μαστιγοῦται,
345 1625 404 1662 καὶ
427 1624 606 1674 γενόμενος
627 1623 849 1675 αἱμόφυρτος,
877 1621 935 1659 τὸν
955 1637 1113 1673 τιμωρη-

77 1683 240 1733 σάμενον,
263 1685 307 1725 ὡς
327 1682 519 1734 εὐεργέτην,
537 1681 594 1719 ἐπὶ
613 1681 651 1719 τὸ
672 1681 795 1733 ἔδαφος
814 1679 945 1730 πρηνὴς
964 1695 1115 1731 προσπε-

79 1740 147 1778 σὼν
165 1746 360 1792 προσκυνεῖ.
383 1759 397 1773 »
414 1744 500 1777 Haec
519 1754 564 1777 ex
580 1742 796 1776 narratione
812 1740 859 1775 de
876 1740 991 1783 bello,
1010 1741 1116 1787 quod

79 1802 288 1837 Demetrius
309 1802 461 1836 Nicator
476 1808 605 1835 contra
623 1800 779 1835 Parthos
799 1799 906 1847 gessit
922 1796 1003 1848 (Ol.
1028 1798 1113 1846 159,

79 1864 119 1904 4,
143 1864 213 1901 ¹40
231 1872 264 1897 a.
293 1860 332 1896 C.
345 1858 373 1908 ),
389 1859 428 1894 in
451 1871 526 1905 quo
547 1859 664 1894 victus
683 1858 943 1905 proeliowivus
958 1858 1060 1892 venit
1078 1858 1116 1891 in

77 1930 206 1952 manus
233 1918 398 1951 hostium
429 1914 555 1964 (138).
597 1917 642 1953 V.
674 1916 806 1953 Justin.
842 1915 1030 1959 XXXVI,
1072 1927 1086 1949 1
1105 1928 1114 1959 ;

77 1976 289 2021 XXXVIII,
307 1988 344 2022 9.
368 1975 551 2022 Josephus
569 1975 675 2019 XIII,
695 1973 731 2019 5,
753 1987 812 2011 11.
837 1973 979 2009 Eodem
1003 1973 1118 2021 perti-

77 2041 166 2068 nent
183 2034 384 2080 sequentia.

575 2097 611 2131 9.

131 2156 264 2191 Strabo
277 2156 348 2203 XI,
368 2167 406 2202 p.
432 2154 504 2190 515
526 2167 533 2189 :
554 2151 738 2204 Εἰρηκότες
758 2152 793 2189 δὲ
819 2150 934 2189 πολλὰ
950 2151 1030 2203 περὶ
1049 2152 1118 2187 τῶν

855 143 1109 181 POSlnoNll
1142 144 1427 182 APAMENSlS

1173 231 1362 279 μνημάτων
1376 231 1497 281 βίδλῳ,
1510 230 1650 281 δευτέρα
1668 230 1702 267 δὲ
1712 232 1776 267 τῶν
1792 230 1879 278 μετὰ
1898 231 2080 278 nomem,
2094 248 2201 284 παρα·

1171 289 1331 339 λείψομεν
1358 291 1514 334 ἐνταῦθα,
1535 288 1583 338 μὴ
1604 290 1822 337 ταυτολογεῒν
1849 288 2016 338 δόξιιψεν,
2040 294 2200 333 τοσοῦτον

1172 345 1321 406 εἰπόντες
1347 346 1460 393 μόνον,
1497 345 1548 383 ὅτι
1575 348 1641 383 τῶν
1675 346 1880 398 Παρθυαίων
1913 346 2084 398 συνέδριόν
2119 364 2202 399 φησι

1175 408 1260 439 εἰναι
1279 403 1507 446 Ποσειδώνιος
1523 404 1645 450 διττὸν,
1662 404 1700 441 τὸ
1721 404 1782 453 μὲν
1808 407 1996 454 συγγενῶν,
2017 405 2054 443 τὸ
2085 405 2120 443 δὲ
2140 422 2202 444 σο-

1174 463 1245 512 φῶν
1265 461 1324 498 καὶ
1341 461 1477 511 μάγων,
1499 462 1532 505 ἐξ
1552 456 1598 499 ῶν
1616 463 1743 513 ἀμεροῒν
1760 461 1836 505 τοὺς
1867 464 2018 514 βασιλεῖς
2035 464 2203 502 καθίστα·

1173 521 1262 555 σθαι.
1282 522 1354 555 Pro
1375 522 1546 569 συγγενῶν
1567 521 1732 569 Corayus
1749 522 1856 557 dedit
1887 521 2042 570 εὐγενῶν,
2061 524 2205 571 impro-

1172 577 1284 613 bante
1305 577 1496 622 Cramero,
1515 580 1663 614 merito.
1686 582 1728 616 V.
1749 580 1953 615 Brissonius
1983 582 2038 615 De
2071 581 2202 629 imper.

1173 636 1366 670 Persarum
1384 648 1423 683 p.
1452 636 1824 681 132,Freinshemius
1856 637 1904 672 ad
1940 638 2042 674 Curt.
2060 639 2130 683 III,
2163 638 2198 676 3.

1174 694 1228 727 Ex
1245 693 1379 729 eodem
1394 694 1467 729 hoc
1486 695 1676 729 Posidonii
1690 696 1788 730 libro
1805 696 1880 742 peti
1891 696 2028 742 potuit,
2061 708 2143 743 quae
2157 696 2205 733 de

1174 751 1327 798 Rhagis,
1358 753 1582 788 Parthorum
1612 754 1732 801 regia,
1787 760 1894 789 terrae
1928 761 2036 788 motu
2068 766 2208 791 nomen

1175 809 1317 850 adeptis
1330 837 1339 853 ‚
1391 822 1411 845 e
1456 810 1657 846 Posidonio
1708 811 1816 846 affert
1860 812 1994 847 Strabo
2042 824 2082 859 p.
2130 811 2203 855 514

1179 867 1237 916 (v.
1264 868 1310 904 sr.
1336 880 1380 912 7'·
1395 867 1421 915 ).

1666 966 1723 988 ῙΟ.

1229 1048 1326 1081 Dum
1360 1046 1569 1081 Demetrius
1584 1046 1747 1081 Nicanor
1757 1045 1857 1092 apud
1875 1047 2028 1081 Parthos
2045 1048 2210 1094 captivus

1177 1104 1297 1152 degit,
1314 1105 1426 1151 Syriae
1454 1116 1612 1152 regnum
1632 1111 1793 1150 occupat
1815 1103 2003 1139 Diodotus
2024 1107 2210 1152 Apamen-

1175 1163 1221 1197 sis
1232 1164 1307 1197 sive
1318 1163 1511 1210 Tryphon,
1526 1162 1573 1197 de
1585 1175 1660 1209 quo
1674 1161 1865 1197 Posidonii
1884 1162 2009 1197 locum
2026 1165 2183 1200 servavit
2199 1178 2206 1200 ε

1228 1222 1423 1256 Athenaeus
1440 1222 1541 1265 VIII,
1557 1233 1597 1268 p.
1614 1220 1703 1265 333‚
1721 1221 1750 1255 B
1768 1231 1776 1257 ἰ
1794 1212 1887 1257 Οἶδα
1908 1218 1942 1256 δὲ
1959 1218 2017 1256 καὶ
2036 1219 2209 1258 Ποσειδώ-

1176 1292 1261 1327 νιον,
1284 1277 1342 1315 τὸν
1360 1277 1428 1315 ἀπὸ
1448 1280 1508 1322 τῆς
1523 1279 1646 1323 Στοᾶς,
1663 1276 1802 1314 εἰπόντα
1822 1277 1901 1327 περὶ
1913 1277 2062 1323 πλήθους
2083 1277 2209 1328 ἰχθύων

1175 1335 1268 1373 τάδε·
1287 1353 1302 1368 «
1320 1333 1410 1374 ‘'Ort-t
1438 1334 1588 1386 Τρύφων
1605 1336 1622 1371 6
1653 1334 1847 1384 Ἀπαμεὺς,
1869 1337 1886 1371 6
1902 1334 1963 1380 τὴν
1992 1337 2059 1372 τῶν
2089 1335 2209 1387 Σύρων

1179 1392 1356 1444 βασιλείαν
1374 1392 1546 1444 ἁρπάσας,
1564 1393 1766 1442 ἐπολεμεῖτο
1783 1393 1848 1430 ὑπὸ
1875 1392 2117 1442 Σαρπηδόνος,
2151 1397 2210 1431 τοῦ

1175 1450 1376 1502 Δημητρίου
1408 1453 1618 1503 στρατηγοῦ,
1645 1450 1725 1501 περὶ
1753 1447 1978 1499 Πτολεμαΐδα
2010 1449 2121 1497 πόλιν,
2152 1451 2211 1488 καὶ

1176 1511 1221 1552 ὡς
1235 1511 1252 1546 6
1272 1507 1468 1560 Σαρπηδὼν
1485 1508 1629 1560 λειφθεὶς
1644 1507 1862 1559 ἀνεχώρησεν
1883 1509 1930 1550 εἷς
1945 1506 2006 1554 τὴν
2023 1508 2211 1558 μεσόγαιαν

1177 1566 1265 1617 μετὰ
1282 1569 1348 1605 τῶν
1365 1566 1458 1604 ἰδίων
1470 1569 1703 1618 στρατιωτῶν,
1717 1568 1746 1604 οἳ
1764 1565 1798 1603 δὲ
1816 1569 1874 1603 τοῦ
1891 1565 2074 1617 ’Τρύφωνος
2085 1565 2211 1605 ὥδευον

1173 1625 1269 1663 «ατὰ
1283 1625 1320 1663 τὸ
1341 1625 1548 1672 πλησίαλον,
1567 1624 1766 1670 νικήσαντες
1795 1623 1856 1670 τὴν
1890 1624 2024 1675 μάχην,
2055 1623 2212 1676 ἐξαίφνης

1176 1685 1339 1735 πελάγιον
1360 1687 1467 1733 κῦμα,
1505 1682 1641 1734 ἐξαρθὲν
1664 1683 1839 1733 μετέωρον
1872 1683 1918 1725 εἷς
1938 1682 2019 1734 ὕψος
2053 1681 2212 1729 ἐξαίσιον,

1180 1744 1309 1788 ε’πῆλθε
1332 1745 1375 1794 τῇ
1396 1745 1453 1792 γῇ,
1479 1741 1537 1778 καὶ
1553 1741 1684 1783 πάντας
1705 1740 1827 1783 αὐτοὺς
1846 1740 2026 1787 ἐπέκλυσε,
2049 1740 2214 1792 διέφθειρέ

1177 1816 1213 1838 τε
1234 1799 1472 1851 ὑποὲρυχίους,
1489 1798 1614 1850 ἰχθύων
1643 1814 1679 1836 τε
1693 1797 1800 1836 πολὺν
1821 1797 1930 1849 σωρὸν
1952 1799 2154 1849 ἀναχωροῦν
2172 1799 2211 1836 τὸ

1178 1862 1274 1908 κῦμα
1308 1857 1397 1908 μετὰ
1433 1860 1500 1895 τῶν
1527 1859 1654 1909 νεκρῶν
1684 1855 1864 1895 κατέλιπε.
1900 1855 1970 1894 Καὶ
2001 1858 2032 1893 οἳ
2050 1856 2129 1908 περὶ
2155 1856 2211 1894 τὸν

1179 1916 1413 1969 Σαρπηδόνα,
1450 1914 1656 1958 ἀκούσαντες
1693 1914 1754 1961 τὴν
1794 1913 1985 1966 συμφορὰν,
2018 1913 2213 1958 ἐπελθόντες

1179 1976 1247 2018 τοῖς
1265 1974 1327 2024 μὲν
1349 1976 1415 2011 τῶν
1433 1973 1607 2024 πολεμίων
1624 1971 1781 2022 σώμασιν
1797 1971 2012 2024 ἐφήσθησαν,
2031 1971 2157 2024 ἰχθύων
2177 1973 2212 2010 δὲ

1181 2032 1342 2085 ἀφθονίαν
1359 2032 1599 2083 ἀπηνέγκαντο
1611 2061 1620 2079 ,
1635 2031 1694 2069 καὶ
1711 2030 1834 2069 ἔθυσαν
1853 2031 2043 2069 Ποσειδῶνι
2059 2030 2213 2083 τροπαίῳ

1179 2091 1262 2143 πρὸς
1281 2096 1350 2133 τοῖς
1368 2090 1580 2142 προαστείοις
1593 2092 1653 2135 τῆς
1663 2089 1807 2131 πόλεως.
1826 2107 1842 2122 υ
1861 2090 2003 2137 Quodsi
2015 2091 2213 2126 Athenaeus

1179 2152 1356 2199 ipsissima
1375 2151 1490 2186 verba
1516 2150 1709 2185 Posidonii
1735 2149 1929 2196 apposuit,
1959 2149 2064 2183 locus
2087 2156 2212 2184 noster

81 2213 266 2263 Παρθικῶν
287 2211 444 2260 νομίμων
472 2213 505 2248 ἐν
526 2214 568 2262 τῇ
586 2211 667 2261 ἕκτῃ
703 2213 770 2248 τῶν
799 2209 998 2262 Ἱστορικῶν
1033 2211 1116 2246 ὑπο·
1147 2211 1152 2249 ἱ
1180 2222 1258 2244 non
1278 2221 1322 2244 ex
1339 2209 1524 2251 Historiis,
1547 2207 1609 2243 sed
1623 2219 1666 2242 ex
1679 2207 1751 2242 alio
1768 2207 1907 2253 scripto
1921 2204 2080 2241 fluxerit.

577 2327 612 2357 7.

122 2380 305 2412 Posidonius
318 2379 515 2419 Apamensis,
536 2380 561 2410 is
571 2380 625 2418 qui
640 2380 781 2411 Rhodius
792 2380 900 2418 postea
910 2377 1110 2417 cognomina-

81 2433 134 2462 tus
144 2433 190 2462 est
200 2456 208 2470 ,
223 2432 336 2471 quarto
350 2431 559 2462 Historiarum
571 2430 650 2461 libro
661 2454 668 2468 ,
686 2431 849 2461 Hieracem
863 2429 1094 2460 Antiochenum
1106 2452 1114 2466 ,

80 2483 142 2520 ait,
156 2491 253 2521 quum
267 2482 354 2522 prius
367 2482 442 2512 tibia
459 2481 621 2512 succinere
637 2481 849 2512 consuevisset
862 2479 1005 2520 lysiodis,
1020 2479 1115 2509 soler-

84 2533 241 2564 tissimum
270 2534 376 2572 postea
404 2533 632 2563 assentatorem
656 2533 774 2563 sactum
801 2531 961 2562 Ptolemaei
989 2530 1113 2569 septimi

83 2584 178 2623 regis,
196 2584 278 2614 illius
300 2583 353 2622 qui
370 2584 538 2621 Evergetes
561 2585 655 2613 etiam
678 2582 916 2621 cognominatus
933 2582 979 2612 est
1003 2594 1010 2612 :
1031 2580 1113 2620 apud

82 2644 176 2675 quem
191 2644 290 2674 quum
305 2634 477 2674 plurimum
493 2635 612 2673 posset,
628 2633 898 2673 quemadmodum
913 2633 1007 2664 etiam
1028 2631 1114 2672 apud

83 2687 325 2718 Philometorem
336 2710 344 2725 ,
359 2685 398 2716 ad
411 2687 590 2716 extremum
605 2685 644 2715 ab
657 2694 693 2716 eo
711 2685 894 2716 interfectus
911 2686 969 2715 cst.

582 2740 617 2770 8.

125 2795 219 2826 Libro
236 2794 346 2834 quinto
363 2794 547 2825 Posidonius
565 2797 610 2826 De
627 2794 749 2825 Parthis
765 2794 920 2835 disserens
934 2793 977 2824 ait
994 2806 1000 2824 :
1018 2805 1031 2819 α
1054 2793 1115 2829 Qui

82 2846 203 2877 amicus
220 2848 362 2885 vocatur,
377 2845 402 2876 is
421 2854 539 2876 mensae
553 2853 616 2875 non
631 2846 679 2876 cst
698 2846 870 2885 particeps;
894 2853 1005 2875 verum
1028 2844 1115 2874 humi

83 2897 248 2928 subsidens
262 2897 340 2926 infra
358 2905 462 2935 regem
479 2896 509 2926 in
523 2896 647 2927 sublimi
664 2896 744 2927 lecto
759 2896 994 2927 recumbentem
1009 2920 1016 2934 ‚
1030 2894 1115 2934 quod

83 2949 123 2978 ah
144 2949 195 2979 illo
213 2947 387 2987 projicitur,
400 2947 430 2977 id
444 2947 530 2978 canis
543 2947 641 2977 instar
654 2947 810 2978 comedit:
826 2956 863 2978 ac
878 2955 960 2986 saepe
977 2945 1114 2986 quamli-

84 3000 136 3030 het
150 2999 315 3030 leviculum
330 2999 371 3029 ol)
385 3008 512 3029 causam
527 2999 566 3029 ab
583 2999 693 3030 humili
709 3000 760 3030 illa
773 3007 861 3030 coena
880 2999 1046 3038 abreptus,
1062 2998 1117 3028 tla-

83 3053 146 3091 gris
171 3052 307 3092 lorisque
325 3051 457 3082 caeditur
476 3052 617 3090 nodosis3
641 3054 672 3083 et
690 3060 802 3082 cruore
825 3051 976 3088 faedatus,
1003 3059 1075 3080 eum
1098 3059 1116 3081 a

83 3113 147 3143 quo
161 3105 207 3135 est
225 3103 378 3142 supplicio
393 3103 543 3141 affectus,
558 3104 655 3134 vcluti
673 3105 801 3142 accepto
818 3102 990 3138 beneficio,
1008 3101 1038 3131 in
1055 3103 1114 3132 ter·

85 3164 151 3186 ram
166 3154 376 3194 procumbens
388 3155 567 3184 veneratur.
587 3166 602 3180 υ

127 3266 235 3300 Quum
247 3263 347 3294 multa
359 3262 398 3293 dc
408 3262 528 3302 legibus
541 3264 571 3293 et
582 3262 733 3293 institutis
744 3262 931 3293 Parthorum
943 3260 1115 3293 dixerimus

87 3317 116 3346 in
131 3318 219 3348 sexto
233 3316 459 3348 ilistoricoruin
473 3315 772 3346 commentariorum
787 3315 878 3354 libro,
890 3313 944 3354 qui
959 3313 1114 3345 secundus

1175 2321 1221 2350 est
1237 2327 1346 2349 eorum
1361 2318 1476 2358 quibus
1490 2316 1750 2356 Post—Polybiana
1764 2317 1963 2353 enarrantur,
1978 2324 2062 2349 nunc
2079 2324 2115 2347 ea
2129 2324 2211 2355 prae-

1173 2370 1406 2406 termittemus,
1427 2377 1466 2399 ne
1488 2368 1535 2399 bis
1548 2367 1658 2399 eadem
1677 2367 1782 2398 dicere
1802 2366 1977 2398 videamur.
1996 2366 2031 2397 ld
2049 2375 2150 2397 unum
2166 2365 2210 2397 di-

1174 2430 1300 2460 camus,
1316 2420 1483 2452 Posidonio
1496 2421 1575 2451 teste
1591 2419 1709 2459 duplex
1727 2428 1794 2450 esse
1815 2419 1985 2450 concilium
2001 2419 2189 2452 Parthorum
2200 2443 2209 2458 ‚

1174 2482 1273 2505 nnimi
1287 2475 1504 2512 cognatorum,
1519 2472 1655 2504 alterurn
1672 2471 1859 2512 sapientium
1872 2472 1903 2502 et
1919 2480 2083 2511 magorum
2098 2485 2104 2502 :
2123 2480 2211 2512 reges

1174 2534 1212 2556 ex
1230 2526 1365 2564 utroque
1376 2523 1479 2563 deligi.

1661 2577 1717 2608 10.

1216 2642 1287 2674 Scio
1304 2642 1399 2673 etiam
1416 2640 1556 2673 Stoicum
1569 2640 1772 2672 Posidonium
1786 2640 1825 2670 de
1835 2639 1915 2670 mira
1927 2638 2065 2678 quadam
2075 2638 2208 2678 piscium

1175 2694 1377 2727 multitudine
1390 2694 1495 2725 haecce
1508 2693 1667 2733 scripsisse
1683 2705 1690 2724 ι
1705 2705 1719 2719 «
1735 2695 1842 2730 Quum
1856 2691 2016 2731 Tryphoni
2030 2691 2208 2730 Apamensi,
2254 2694 2265 2702 ‘

1174 2747 1201 2777 ei
1215 2747 1268 2786 qni
1283 2746 1381 2786 Syrire
1398 2753 1527 2784 regnum
1542 2744 1582 2775 ad
1602 2752 1635 2775 se
1649 2745 1816 2784 rapuerat,
1833 2742 1951 2774 bellum
1965 2742 2121 2774 intulisset
2136 2743 2208 2774 Sar·

1175 2801 1275 2839 pedon
1288 2823 1297 2838 ‚
1312 2799 1473 2839 copiarum
1487 2797 1553 2828 dux
1566 2796 1737 2835 Demetrii,
1752 2796 1834 2826 circa
1844 2795 1955 2826 urbem
1970 2794 2206 2834 Ptolemaidem,

1174 2851 1348 2890 proelioque
1363 2850 1465 2880 victus
1480 2847 1641 2887 Sarpedon
1656 2856 1730 2878 cum
1746 2847 1811 2878 suis
1831 2845 1985 2877 militibus
2006 2845 2038 2876 in
2057 2845 2206 2877 mediter-

1175 2910 1269 2932 ranea
1281 2910 1314 2932 se
1325 2901 1509 2940 recepisset,
1522 2898 1698 2939 'tryphonis
1709 2898 1816 2929 autern
1831 2897 1975 2928 victrices
1984 2895 2082 2935 copiae
2091 2904 2205 2927 secun-

1175 2954 1251 2984 dum
1265 2962 1352 2984 mare
1366 2953 1504 2983 facerent
1516 2952 1594 2989 iter-3
1608 2950 1714 2982 subito
1727 2950 1859 2982 exortus
1871 2957 1888 2980 e
1901 2948 1981 2979 mari
1994 2947 2119 2985 fluetus,
2133 2947 2206 2979 etin

1175 3006 1287 3036 miram
1301 3005 1499 3036 altitudinem
1514 3003 1657 3035 sublatus
1667 3026 1676 3042 ,
1690 3003 1849 3034 interram
1863 3000 1998 3041 ingruit,
2015 3001 2207 3040 cunctosque

1174 3059 1244 3089 illos
1259 3058 1390 3089 obrutos
1406 3056 1564 3088 interemit
1581 3056 1613 3087 in
1637 3055 1750 3094 undis;
1776 3062 1947 3092 rursusque
1970 3052 2043 3083 inde
2060 3052 2206 3083 recedens

1174 3110 1291 3141 flnctus
1304 3109 1437 3150 piscium
1452 3108 1613 3148 ingentem
1629 3114 1780 3138 acervum
1795 3105 1890 3136 simul
1909 3112 1982 3135 cum
1999 3103 2205 3134 cadaveribus

1175 3162 1205 3192 in
1224 3161 1316 3193 litore
1333 3160 1472 3200 reliquit.
1491 3161 1561 3196 Qua
1579 3157 1704 3197 cognita
1728 3156 1926 3194 calamitate,
1947 3153 2108 3194 Sarpedon
2130 3162 2203 3184 cum

1173 3212 1237 3244 suis
1255 3219 1429 3251 regressus,
1444 3210 1569 3241 laetatus
1581 3210 1628 3240 est
1644 3207 1805 3240 hostilium
1827 3206 1978 3246 adspectu
1995 3205 2202 3242 cadaverum,

1175 3263 1306 3303 piscium
1320 3271 1395 3294 vero
1408 3262 1566 3301 ingentem
1580 3259 1701 3299 copiam
1716 3255 1856 3297 abstulit,
1868 3259 1899 3289 et
1912 3259 2058 3297 Neptuno
2071 3258 2202 3296 Tropaeo

1175 3322 1271 3354 prope
1288 3313 1438 3345 suburbia
1452 3310 1653 3344 ptolemaidis
1665 3318 1752 3342 sacra
1771 3309 1855 3340 fecit.
1877 3322 1890 3335 n
