2289 3728
973 164 1301 204 FRAGMENTA.

87 246 259 298 κόντορον,
288 246 375 283 ὥστε
407 248 454 297 τῷ
475 246 536 295 μὲν
557 247 767 296 πελαγίζειν,
794 249 843 298 τῷ
876 247 910 284 δὲ
932 251 1112 299 πειρᾶσθαι

86 307 144 349 τῆς
163 307 243 353 γῆς,
263 304 436 352 ἐνθέμενον
462 306 634 355 γεωργικὰ
661 305 820 355 ἐργαλεῖα
846 305 903 341 καὶ
929 305 1112 356 σπέρματα

86 361 144 398 καὶ
174 361 369 410 οἰκοδόμους
400 364 551 413 ὁρμῆσαι
576 361 659 412 πρὸς
690 361 746 399 τὸν
778 362 880 399 αὐτὸν
914 362 1110 413 περίπλουν·

87 418 334 467 διανοούμενον,
371 420 399 454 εἰ
426 419 626 470 βραδύνοι-το
656 422 673 456 ὃ
698 421 825 465 πλοῦς,
852 420 1113 470 ἐνδιαχειμάσαι

87 479 127 527 τῇ
159 476 420 526 προεσκεμμένῃ
451 476 563 527 νήσῳ,
592 476 651 513 καὶ
684 476 870 527 σπείραντα
901 478 958 514 καὶ
987 478 1114 515 ἀνελό-

86 548 186 582 μενον
203 532 279 575 τοὺς
295 533 445 583 καρποὺς
468 533 604 570 τελέσαι
629 535 685 570 τὸν
711 535 921 583 ἐγνωσμένον
946 534 978 578 ἐξ
1005 537 1114 586 ἀρχῆς

83 592 201 627 πλοῦν.

137 647 230 696 Ἐγὼ
248 647 308 695 μὲν
327 642 398 692 οὖν,
416 647 498 699 φησὶ
510 677 519 692 ,
535 647 638 699 μέχρι
654 649 789 699 [τῆσδε]
804 651 863 693 τῆς
881 649 959 698 περὶ
975 648 1032 686 τὸν
1048 648 1113 685 Εὔ-

85 703 178 747 δοξον
197 704 348 755 ἱστορίας
361 705 455 749 ἥκω·
475 705 507 741 τί
522 706 551 741 δ’
572 705 710 756 ὕστερον
728 706 853 752 συνέὸη
868 735 878 754 ,
896 706 972 748 τοὺς
989 708 1027 743 ἐκ
1042 708 1109 743 Γα-

85 761 202 812 δείρων
222 762 281 798 καὶ
306 765 366 807 τῆς
389 761 542 813 Ἰὅηρίας
563 763 651 805 εἰκὸς
671 763 805 800 εἰδέναι.
829 763 893 801 Ἐκ
913 763 1049 800 πάντων
1071 762 1111 808 δὴ

84 819 212 856 τούτων
230 819 312 870 φησὶ
331 819 544 869 δείκνυσθαι,
566 820 650 857 διότι
670 824 688 866 ἡ
709 821 890 870 οἰκουμένη
912 821 1027 873 κύκλῳ
1048 837 1112 858 πε-

84 878 246 928 ριρρεῖται
263 880 310 926 τῷ
327 879 468 929 ὠκεανῷ
481 892 489 900 ·

164 969 210 998 Oi)
223 968 280 1006 γάρ
298 979 346 1006 μιν
364 969 473 1008 δεσμὸς
488 969 700 1008 περιῧάλλεται
714 970 850 1009 ἠπείροιο
861 993 869 1008 ,

165 1014 231 1044 ἀλλ’
243 1014 271 1048 ἐς
285 1015 459 1055 ἀπειρεσίην
476 1016 603 1054 κέχυται
614 1024 621 1030 ·
638 1015 673 1045 τό
694 1027 743 1055 μιν
761 1017 825 1046 οὔτι
842 1015 964 1055 μιαίνει.

84 1087 295 1137 Θαυμαστὸς
310 1088 350 1133 δὴ
363 1088 452 1125 κατὰ
463 1089 575 1125 πάντα
588 1088 678 1126 ἐστὶν
696 1092 713 1126 ὃ
729 1087 963 1136 Ποσειδώνιος,
979 1090 1034 1127 τὸν
1049 1090 1111 1140 μὲν

84 1148 143 1182 τοῦ
156 1145 266 1195 μάγου
283 1145 481 1194 περίπλουν,
499 1146 534 1183 ὃν
549 1145 779 1197 (Ηρακλείδης
795 1141 900 1194 εἶπεν,
916 1147 1110 1199 ἀμάρτυρον

83 1202 226 1250 νομίσας
239 1231 249 1251 ,
271 1202 329 1239 καὶ
350 1204 462 1239 αὐτῶν
482 1205 550 1239 τῶν
570 1204 635 1240 ὑπὸ
654 1204 800 1254 Δαρείου
816 1204 1051 1256 πεμφθέντων,
1076 1204 1111 1242 δν

83 1259 265 1310 Ἡρόδοτος
291 1262 435 1311 ἱστορεῖ,
461 1260 498 1297 τὸ
525 1260 560 1297 δὲ
591 1264 756 1312 Βεργαῖον
786 1262 939 1311 διήγημα
958 1266 1057 1300 τοῦτο
1078 1264 1111 1299 ἐν

81 1317 226 1360 πίστειος
241 1317 335 1369 μέρει
354 1318 455 1360 τιθεὶς
467 1347 477 1366 ,
494 1317 553 1355 εἴθ’
575 1320 631 1355 ὑπ’
651 1320 754 1356 αὐτοῦ
769 1318 1026 1368 πεπλασμένον,
1050 1320 1110 1356 εἴτ’

82 1375 194 1411 ἄλλων
212 1375 421 1412 πλασάντων
435 1376 624 1413 πιστευθέν.
643 1378 749 1425 (Quae
765 1379 803 1412 in
819 1379 886 1413 hac
900 1380 1111 1414 narratione

82 1434 129 1469 de
157 1435 388 1481 temporibus
415 1448 542 1482 regum
566 1437 714 1484 AEgypti
741 1445 1010 1481 memorantur,
1033 1439 1110 1484 pri-

80 1504 161 1526 mus
181 1493 357 1539 explicuit
374 1501 409 1527 et
428 1494 576 1528 aliunde
594 1507 664 1540 qua
685 1495 779 1529 solet
793 1496 987 1541 sagacitate
1010 1508 1110 1530 con-

80 1549 240 1585 firmavit
254 1552 491 1598 Letmnnius,
511 1554 626 1589 Inscr,
644 1553 689 1586 cle
704 1544 802 1598 l’E'g.
818 1554 848 1594 I,
861 1565 900 1599 p.
922 1552 969 1587 58
985 1550 1083 1601 sqq.)

133 1609 304 1643 Pluribus
315 1608 446 1644 deinde
460 1611 684 1645 narrationis
694 1610 801 1656 hujus
813 1610 1002 1645 falsitatem
1014 1618 1112 1658 post·

81 1679 191 1713 quam
206 1667 338 1701 Strabo
357 1667 549 1714 probavit,
567 1668 739 1714 subjicit:
765 1668 817 1705 Οὐ
833 1666 920 1704 πολὺ
942 1663 999 1703 οὖν
1022 1669 1111 1704 ἀπο-

79 1723 233 1759 λείπεται
249 1727 357 1760 ταῦτα
373 1727 438 1761 τῶν
458 1724 590 1761 Πυθέου
608 1724 666 1761 καὶ
684 1724 864 1775 Εὐημέρου
887 1725 945 1762 καὶ
962 1725 1113 1776 Ἀντιφά-

81 1796 154 1823 νους
178 1782 401 1832 ψευσμάτων.
425 1782 514 1819 Ἀλλ’
543 1782 680 1824 ἐκείνοις
701 1782 760 1831 μὲν
782 1783 966 1833 συγγνώμη
981 1814 989 1830 ,
1018 1785 1109 1819 τοῦτ’

82 1838 162 1875 αὐτὸ
192 1838 462 1884 ἐπιτηδεύουσιν,
496 1838 612 1890 ὥσπερ
644 1840 710 1881 τοῖς
739 1840 1008 1888 θαυματοποιοῖς
1021 1855 1028 1862 ·
1061 1841 1110 1890 τῷ

84 1896 147 1908 &75

81 1912 98 1933 0
129 1897 359 1947 αποδεικτικῷ
380 1897 438 1933 καὶ
458 1896 649 1948 φιλοσόφῳ,
667 1897 787 1947 σχεδὸν
806 1897 840 1934 δέ
859 1913 892 1934 τι
919 1897 997 1947 περὶ
1017 1912 1108 1947 πρω·

81 2013 190 2035 rursus
206 2006 387 2034 constructa
406 2005 539 2035 rotunda
552 2005 645 2044 navi,
663 2006 694 2035 et
710 2005 801 2044 longa
817 2005 1043 2044 quinquaginta
1058 2013 1107 2035 re-

82 2064 206 2087 morum
221 2055 280 2086 3113
293 2079 301 2093 ,
316 2057 351 2085 ut
366 2064 420 2094 per
433 2056 533 2086 altum
544 2056 711 2086 veheretur
722 2056 775 2086 1113
787 2080 795 2094 ,
812 2056 869 2086 1130
881 2065 960 2095 1)0110
973 2058 1088 2086 terram
1100 2079 1108 2093 ,

80 2108 234 2148 impositis
268 2108 484 2139 instrumentis
508 2108 651 2146 rusticis,
675 2108 848 2139 seminibus
871 2110 901 2138 et
932 2107 1108 2138 aediticandi

79 2159 202 2199 peritis,
225 2158 265 2189 ad
286 2158 417 2189 eandem
437 2158 790 2197 circumnavigationem
813 2167 845 2189 se
868 2158 1054 2196 contulisse,
1072 2167 1109 2188 eo

81 2210 211 2241 consilio
223 2233 231 2247 ‚
249 2210 303 2248 ut,
320 2209 344 2239 si
358 2209 479 2239 tardius
494 2209 561 2240 haec
577 2209 775 2246 succederet,
790 2209 820 2238 in
837 2210 929 2239 antea
944 2209 1110 2239 observata

80 2262 183 2293 insula
204 2262 377 2300 hiemaret,
398 2261 588 2300 consitisque
604 2261 685 2299 agris
706 2263 738 2292 et
762 2262 916 2300 perceptis
935 2261 1108 2299 fructibus,

80 2314 168 2344 initio
182 2315 374 2353 propositam
389 2314 566 2345 absolveret
579 2314 821 2352 navigationem.

121 2367 281 2396 Hactenus
299 2365 375 2395 mihi
390 2365 517 2404 quidem
537 2365 678 2404 (inquit)
694 2366 818 2404 cognita
834 2366 880 2396 est
899 2365 1028 2396 historia
1045 2368 1109 2396 Eu·

80 2415 155 2447 dcxi
169 2428 176 2446 :
191 2416 265 2455 qnid
280 2424 356 2447 vero
370 2417 476 2455 postea
487 2416 530 2446 illi
544 2415 705 2454 acciderit,
722 2425 776 2455 par
790 2418 836 2447 est
852 2416 1022 2447 Gaditanos
1032 2417 1110 2447 scire

80 2468 111 2498 et
123 2467 286 2506 Hispanos.
302 2469 349 2497 Ex
360 2467 408 2497 his
420 2475 493 2505 ergo
507 2467 653 2497 omnibus
663 2466 871 2497 demonstrari
885 2467 940 2506 ait,
953 2476 1107 2498 oceanum

73 2520 234 2549 vterrarum
252 2518 320 2548 orbi
337 2517 446 2548 circuli
460 2518 491 2547 in
505 2526 626 2548 morem
643 2526 708 2549 esse
724 2518 951 2549 circumfusum
969 2531 976 2549 ι

155 2587 221 2612 Non
235 2584 344 2612 etenim
358 2585 446 2611 terrae
460 2584 558 2611 vinclo
572 2583 773 2611 circumdatur
786 2585 852 2611 ille:

150 2628 231 2657 fusus
244 2629 275 2656 in
288 2629 465 2656 immensum
479 2631 523 2656 est
532 2650 539 2662 ,
552 2636 589 2656 ne
602 2630 758 2664 quicquam
770 2630 882 2665 polluat
896 2630 1002 2665 ipsum.

81 2692 250 2723 Enimvero
266 2691 382 2721 mirum
395 2699 427 2722 se
442 2691 473 2721 in
487 2691 534 2721 1115
546 2691 692 2722 omnibus
707 2691 826 2729 praebet
840 2692 1041 2730 Posidonius,
1056 2692 1109 2731 qui

80 2752 180 2782 quum
207 2743 286 2782 Magi
313 2742 668 2780 circumnavigationem
688 2743 727 2773 ab
749 2743 913 2774 Heraclide
936 2743 1108 2782 expositam

78 2794 257 2826 testimonio
283 2793 408 2823 destitui
432 2795 574 2831 censeat,
600 2794 740 2832 itemque
764 2803 873 2824 eorum
896 2794 951 2833 (1111
976 2803 993 2824 3
1015 2794 1109 2825 Ι)31·10

79 2845 160 2885 [imo
176 2844 313 2884 Necone]
330 2844 414 2874 missi
431 2844 556 2875 fuerant
570 2844 609 2874 ab
636 2845 795 2875 Herodoto
817 2848 977 2876 narratam
988 2869 996 2883 ,
1015 2845 1108 2875 sidem

79 2896 207 2926 adhibet
220 2895 295 2925 huic
316 2897 441 2933 Bergaeo
457 2896 636 2925 commento
647 2920 655 2933 ‚
670 2895 736 2926 sive
748 2895 813 2935 ipse
826 2896 1012 2926 confinxerit
1023 2919 1031 2933 ,
1045 2896 1109 2927 sive

80 2946 119 2976 ab
135 2946 197 2976 alio
214 2945 384 2975 confictum
401 2953 457 2983 pro
474 2954 548 2975 vero
562 2945 717 2976 habuerit.

121 2998 196 3027 Haec
214 2996 307 3035 igitur
323 3004 385 3025 non
399 2996 535 3026 multum
554 2996 668 3026 absunt
689 3005 707 3026 3
727 2996 854 3035 Pytheae
867 3020 875 3035 ,
894 2997 1060 3027 Euhemeri
1078 2998 1109 3028 et

80 3047 264 3086 Antiphanis
287 3047 468 3077 mendaciis.
487 3049 607 3077 Verum
624 3047 654 3077 hi
671 3047 798 3086 quidem
816 3047 898 3086 digni
913 3049 986 3078 sunt
1000 3048 1107 3087 venia,

81 3098 196 3138 quibus
220 3098 303 3128 idem
330 3098 388 3128 fuit
405 3098 491 3137 quod
515 3099 795 3138 praestigiatoribus
813 3099 1028 3138 propositum;
1052 3099 1108 3130 de-

82 3149 281 3180 monstratori
295 3151 413 3186 autem,
427 3149 626 3188 philosopho,
644 3158 680 3180 ac
693 3150 832 3180 nonnihil
846 3150 939 3180 etiam
953 3149 992 3180 de
1007 3150 1108 3189 palma

81 3200 213 3230 certanti
229 3200 300 3239 quis
314 3200 472 3239 ignoscat?
486 3203 562 3231 llaec
575 3202 680 3240 itaque
696 3202 786 3232 male.

123 3251 166 3289 (6)
178 3252 271 3281 Recte
281 3253 386 3281 autem
396 3252 478 3290 apud
490 3261 562 3282 eum
571 3254 804 3291 expositasunt,
816 3253 931 3283 terram
940 3251 1109 3291 aliquando

84 3301 204 3340 attolli,
223 3302 391 3341 aliquando
405 3303 581 3341 subsidere,
604 3304 781 3343 mutarique
799 3305 891 3334 terrm
907 3303 1061 3341 motibus,
1077 3305 1106 3333 (·1

2124 180 2193 212 281

1174 270 1208 290 'ts
1215 271 1272 291 ιων
1298 258 1619 310 α((ὓνῑζο1].έν(1),τίς
1644 260 1685 296 ἂν
1711 261 1893 311 συγγνοίη;
1914 263 2036 300 10(qu
2056 279 2118 312 μεν
2143 260 2200 302 Ουν

1173 327 1233 349 Ουκ
1254 328 1303 351 Ευ.

1229 384 1315 418 Post
1328 384 1404 418 haec
1420 388 1564 432 pergit:
1584 386 1627 434 (6)
1642 386 1725 424 Τὸ
1708 387 1742 423 οὲ
1759 387 1947 436 ἐξαίρεσθαι
1961 389 2022 435 τὴν
2037 393 2099 439 γῆν
2117 408 2200 430 ποτε

1174 438 1232 475 καὶ
1250 439 1401 487 ἱζήματα
1418 441 1608 488 λαμὸάνειν
1628 444 1686 480 καὶ
1704 445 1896 492 μεταέολὰς
1911 446 1970 489 τὰς
1990 449 2028 484 ἐκ
2046 451 2111 485 τῶν
2129 465 2201 486 σει-

1175 499 1270 544 σμΓον
1289 496 1347 533 καὶ
1365 513 1431 533 των
1447 498 1560 534 ἄλλων
1575 515 1612 535 τι
1613 516 1641 535 w
1658 503 1922 550 παραπλησίων,
1939 504 2001 540 ὅσα
2020 505 2200 556 διηριθμη-

1174 554 1308 602 σάμεθα
1328 570 1387 591 και
1400 557 1523 603 ἡμεῖς,
1524 557 1644 614 ὀρθῶς
1662 564 1771 594 κεῖται
1787 562 1868 610 παρ’
1885 563 1995 597 αὐτῶ·
2010 563 2093 614 πρὸς
2110 563 2126 600 ὃ
2142 580 2200 601 και

1173 627 1211 648 το
1230 615 1287 649 τοῦ
1306 611 1490 654 Πλάτωνος
1507 616 1542 649 εὐ
1558 615 1799 665 παρατίθησιν,
1817 615 1866 653 ότι
1883 618 2054 669 ἐνδέχεται
2074 636 2131 657 και
2152 621 2199 670 μὴ

1173 669 1320 718 πλάσμα
1337 672 1422 706 εἶναι
1439 669 1476 706 τὸ
1498 685 1576 720 περι
1593 674 1651 716 τῆς
1670 687 1773 716 νησου
1794 689 1853 718 της
1873 674 2102 724 Ἀτλαντίδος,
2123 694 2201 729 περι

1173 730 1212 772 ῆς
1237 729 1361 769 ἐκεῖνος
1386 728 1565 778 ἱστορῆσαι
1589 729 1732 766 Σόλωνά
1752 745 1835 781 φησι
1859 733 2076 782 πεπυσμένον
2103 736 2200 786 παρὰ

1173 787 1239 820 τῶν
1256 784 1480 834 Αἰγυπτίων(
1473 784 1602 834 ιερέων,
1620 802 1666 828 ως
1680 787 1882 837 ὑπάρχουσά
1902 804 1983 826 ποτε
2001 792 2200 841 ἅφανισθείη

1173 842 1210 878 τὸ
1228 840 1365 890 μέγεθος
1382 843 1442 878 οὔκ
1459 841 1643 879 ἐλάττων
1626 843 1786 894 ηπείρου·
1805 845 1863 881 καὶ
1881 850 1980 883 τοῦτο
1996 847 2101 885 οίεται
2121 850 2199 900 βέλ-

1174 914 1242 936 τιον
1264 902 1349 935 εἶναι
1368 898 1516 948 λέγειν*
1498 916 1519 944 η
1539 899 1622 937 διότι
1642 903 1659 938 ὁ
1678 900 1813 943 πλάσας
1834 901 1971 947 αὖτ”ὴν
1955 904 2132 954 ηφάνισεν,
2156 909 2202 949 ὡς

1174 959 1190 992 ὁ
1211 955 1354 1001 ποιητὴς
1370 972 1408 992 το
1426 959 1492 992 τῶν
1510 956 1657 1007 Ἀχαιων
1674 960 1786 1008 τεῖχος
1804 960 1871 1008 (cf.
1889 962 2020 997 Strabo
2034 977 2072 1010 p.
2095 965 2200 1012 598).

1172 1014 1314 1057 Εἷκάζει
1335 1013 1368 1050 δὲ
1389 1013 1447 1050 καὶ
1457 1013 1527 1062 ιτὴν
1549 1016 1615 1050 τῶν
1633 1014 1800 1066 Κίμδρων
1822 1017 1885 1063 (cf.
1909 1019 1953 1055 fr.
1977 1033 1994 1063 7

1173 1073 1342 1121 συγγενῶν
1363 1071 1587 1114 ἐξανάστασιν
1607 1073 1645 1109 ἐκ
1666 1076 1725 1118 τῆς
1744 1072 1869 1115 οἰκείας
1886 1075 1926 1094 *²*

1173 1129 1343 1175 θαλάττης
1364 1128 1498 1180 ἔφοδον,
1517 1131 1578 1166 οὐκ
1597 1129 1721 1181 ἀθρόαν
1741 1131 1939 1180 συμίὲδῐσαν.

2003 1020 2041 1067 5)
2061 1020 2118 1057 καὶ
2135 1023 2201 1057 τῶν

1941 1075 2096 1124 γενέσθαι
2113 1079 2200 1115 κατὰ

1226 1205 1252 1255 (7
1238 1205 1266 1253 7)
1289 1203 1489 1241 Υπονοεῖ
1472 1203 1505 1240 οὲ
1526 1219 1564 1240 το
1589 1219 1649 1248 της
1674 1204 1875 1254 οἷκουμενης
1895 1221 2002 1255 υηκος
2023 1207 2110 1244 ἑπτά
2136 1224 2201 1246 που

1174 1262 1348 1314 μυριάδων
1368 1261 1516 1298 σταδίων
1540 1261 1697 1312 υπάρχον
1716 1262 1823 1312 ἥμισυ
1848 1267 1934 1300 εἰναι
1957 1279 2016 1301 του
2042 1264 2120 1303 ὅλου
2141 1282 2200 1303 κυ-

1172 1322 1275 1367 κλου,
1292 1319 1367 1356 καθ’
1390 1319 1425 1356 ὃν
1444 1319 1660 1369 εἴληπται,
1645 1319 1750 1366 ὥστε,
1768 1336 1883 1372 φησιν,
1908 1321 1975 1359 ἀπὸ
1992 1325 2052 1368 τῆς
2075 1323 2201 1368 δυσεως

1172 1376 1259 1428 εὔρῳ
1278 1376 1391 1413 πλέων
1406 1378 1439 1412 ἐν
1461 1376 1642 1418 τοσαύταις
1661 1377 1822 1427 μυριάσιν
1836 1377 1926 1414 ἔλθοι
1941 1377 1981 1414 ἂν
2000 1380 2045 1418 εἷς
2062 1379 2198 1424 Ἰνδούς,

1173 1435 1212 1485 (8)
1236 1433 1488 1485 Ἐπιχειρησας
1505 1435 1539 1470 δὲ
1561 1435 1734 1471 αἰτιᾶσθαι
1752 1450 1828 1477 τους
1844 1434 1933 1472 οὔτι)
1961 1452 2021 1478 τας
2043 1437 2202 1489 ἠπείρους

1173 1492 1386 1544 διορίσαντας
1400 1521 1411 1540 ,
1429 1490 1517 1528 ἀλλὰ
1534 1491 1581 1540 μὴ
1597 1492 1832 1543 παραλλήλοις
1844 1508 1913 1529 τισι
1930 1509 1978 1530 τι)
1994 1495 2200 1564 ἰσημερινῶ,

1173 1551 1214 1587 δι’
1231 1554 1276 1588 ὡν
1302 1550 1385 1598 ἔμελ
1388 1551 1445 1586 λον
1463 1547 1656 1592 ἐξαλλάςεις
1679 1550 1870 1587 δείκνυσθαι
1887 1550 1981 1602 ζῴων
1999 1566 2035 1587 τε
2054 1567 2112 1588 και
2141 1568 2202 1604 (ρυ-

1172 1611 1239 1646 τΓυν
1257 1607 1315 1644 καὶ
1333 1609 1369 1644 ἀε
1357 1623 1454 1658 ρων,
1469 1609 1536 1644 τΓ1ν
1553 1606 1614 1656 μὲν
1628 1610 1669 1657 τῆ
1684 1609 1925 1658 κατεψυγμένη
1942 1608 2199 1657 συναπτόντων,

1174 1669 1240 1702 τῶν
1262 1665 1296 1702 δὲ
1317 1668 1358 1716 τῇ
1378 1664 1653 1715 διακεκαυμένη,
1673 1664 1762 1702 ὥστε
1785 1665 1885 1702 οἱονεὶ
1906 1665 2012 1709 ζώνας
2039 1660 2124 1703 εἶναι
2143 1667 2203 1709 τὰς

1172 1723 1329 1774 ἠπείρους
1343 1752 1352 1770 ,
1370 1722 1594 1765 ἀνασκευάζει
1607 1723 1711 1758 πάλιν
1728 1722 1787 1759 καὶ
1807 1724 1841 1759 ἐν
1859 1723 2022 1759 ἇναλύσει
2040 1723 2133 1769 δίκης
2150 1724 2201 1774 γί·

1174 1796 1287 1826 νεται,
1320 1782 1466 1816 ἐπαινῶν
1499 1779 1602 1816 πάλιν
1634 1779 1695 1825 τὴν
1725 1774 1828 1816 οὖσαν
1863 1780 2038 1830 διαίρεσιν,
2068 1782 2200 1826 θετικῆν

1172 1839 1369 1887 ποιούμενος
1388 1837 1450 1883 τὴν
1471 1837 1609 1882 ζήτησιν
1632 1837 1716 1889 πρὸς
1737 1837 1830 1874 οὐδὲν
1850 1837 2043 1888 χρησίμως.
2068 1841 2112 1876 Αἱ
2133 1838 2200 1890 γὰρ

1174 1900 1329 1933 τοιαῦται
1350 1895 1516 1938 διατάξεις
1533 1896 1594 1931 οὐκ
1614 1897 1651 1931 ἐκ
1676 1895 1836 1946 προνοίας
1859 1895 2026 1945 γίνονται,
2046 1896 2201 1947 καθάπερ

1172 2004 1233 2035 3113
1247 2005 1276 2035 id
1291 2013 1406 2043 genus,
1425 2006 1521 2035 etiam
1537 2013 1555 2034 3
1571 2004 1662 2035 nobis
1677 2009 1877 2043 enumerata,
1892 2004 2008 2043 quihus
2021 2005 2113 2035 etiam
2130 2006 2199 2036 Pla-

1171 2057 1254 2087 tonis
1271 2057 1458 2087 sententiam
1476 2056 1641 2087 commode
1662 2057 1808 2095 apponit,
1835 2056 1898 2087 fieri
1916 2066 2029 2096 nempe
2054 2067 2143 2097 posse
2167 2061 2201 2089 ut

1172 2116 1236 2138 non
1260 2108 1300 2138 sit
1322 2108 1505 2146 figmentum
1522 2107 1552 2137 id
1566 2107 1651 2146 quod
1672 2107 1710 2137 de
1727 2107 1884 2138 Atlantide
1904 2107 2005 2138 insula
2026 2108 2137 2146 sertui,
2161 2109 2200 2139 (10

1169 2168 1231 2199 (1113
1249 2161 1273 2191 15
1292 2160 1335 2190 ait
1348 2160 1510 2190 113(11(]1550
1523 2160 1688 2198 Solonem,
1702 2160 1756 2198 qui
1770 2159 1812 2189 ita
1824 2159 1864 2190 ab
1876 2162 1919 2190 [Ε
1914 2160 2025 2199 gyptiis
2043 2133 2201 2191 didicisset

1169 2212 1405 2249 sacerdotibus,
1428 2211 1562 2242 deletam
1586 2220 1656 2242 eam
1679 2220 1765 2249 esse,
1788 2220 1887 2250 quum
1911 2211 2003 2242 sumit
2031 2212 2200 2252 aliquando

1172 2263 1351 2293 continente
1364 2264 1430 2293 tota
1446 2271 1507 2292 non
1522 2262 1626 2292 minor
1639 2262 1739 2292 insula
1750 2286 1757 2300 ,
1773 2262 1993 2302 existimatque
2007 2263 2067 2293 hoc
2082 2264 2198 2294 rectius

1171 2313 1232 2343 dici
1242 2337 1250 2351 ‚
1269 2322 1364 2352 quam
1381 2313 1430 2351 id,
1445 2313 1582 2343 deletam
1597 2312 1690 2343 fuisse
1703 2312 1742 2342 31)
1756 2321 1793 2342 eo
1807 2312 1814 2342 i
1818 2321 1872 2351 pso
1887 2313 1940 2352 qui
1954 2322 2022 2343 eam
2036 2322 2198 2344 commcn-

1170 2366 1222 2395 tus
1239 2364 1349 2403 suerit,
1367 2365 1448 2394 sicut
1465 2363 1546 2402 apud
1562 2365 1733 2393 Homerum
1757 2363 1870 2393 accidit
1886 2372 1978 2393 muro
1996 2364 2196 2394 Achaeoi-um.

1170 2416 1361 2454 Coniectura
1378 2415 1473 2446 etiam
1495 2414 1613 2453 colligit
1635 2413 1836 2444 Cimbrorum
1852 2413 1974 2453 illisque
1993 2417 2198 2453 cognatorum

1170 2467 1358 2506 populorum
1384 2466 1601 2505 migrationem
1628 2473 1644 2495 0
1671 2464 1772 2504 patria
1795 2465 1909 2495 saetam
1935 2474 2001 2495 esse
2027 2464 2199 2504 [praedandi

1170 2527 1262 2549 causa
1272 2542 1281 2557 ,
1296 2518 1372 2558 11011]
1383 2518 1424 2548 ob
1439 2517 1533 2548 maris
1546 2516 1739 2547 incursiones
1756 2516 1862 2547 subito
1876 2516 2011 2547 obortas.

1210 2588 1240 2616 7.
1267 2584 1450 2623 Suspicatur
1463 2584 1557 2614 etiam
1573 2583 1719 2613 habitatae
1730 2584 1822 2613 terrae
1836 2583 2061 2622 longitudinem
2078 2588 2201 2624 septua-

1168 2636 1252 2675 ginta
1263 2636 1385 2666 circiter
1395 2634 1534 2665 millibus
1544 2634 1716 2665 stadiorum
1727 2635 1882 2671 constare,
1893 2633 2122 2674 dimidiumque
2135 2645 2201 2666 esse

1168 2688 1266 2718 totius
1289 2688 1321 2718 in
1346 2696 1409 2726 quo
1426 2687 1561 2717 sumitur
1580 2686 1690 2717 circuli
1712 2699 1718 2716 :
1738 2686 1844 2725 itaque
1865 2686 2008 2725 (inquit)
2025 2686 2065 2716 ab
2086 2696 2198 2717 occasu

1169 2741 1254 2769 Euro
1267 2739 1404 2778 spirante
1427 2738 1575 2777 navigans
1591 2739 1716 2768 tantum
1733 2737 1886 2776 spatium,
1910 2737 1947 2767 ad
1975 2738 2069 2768 ludos
2090 2747 2199 2777 perve-

1169 2790 1244 2820 nias.
1259 2790 1303 2828 (8)
1316 2794 1484 2828 Aggressus
1501 2788 1613 2819 deinde
1628 2797 1681 2818 005
1697 2787 1924 2826 reprehendere
1937 2788 1992 2827 (1111
2012 2789 2201 2819 continentis

1169 2842 1273 2880 partes
1293 2841 1352 2871 hoc
1374 2840 1469 2870 modo
1491 2839 1723 2876 distinxerunt,
1738 2847 1802 2868 non
1825 2838 1912 2869 lineis
1935 2839 2125 2877 quibusdam
2150 2849 2198 2870 re-

1169 2894 1277 2932 spectu
1291 2891 1461 2931 aequatoris
1477 2890 1651 2930 parallelis,
1667 2890 1783 2929 quibus
1802 2889 1905 2920 ductis
1921 2890 2119 2922 diversitates
2134 2892 2199 2921 ani-

1169 2945 1302 2975 malium
1315 2968 1323 2982 ,
1340 2944 1518 2983 plantarum
1540 2944 1571 2973 et
1584 2943 1664 2973 aeris
1687 2942 1899 2972 demonstrari
1916 2942 2108 2981 potuissent,
2123 2952 2198 2982 qua·

1169 2997 1262 3026 tenus
1274 2995 1335 3025 3113
1348 2994 1387 3025 ad
1410 2994 1551 3033 frigidam
1565 3017 1573 3031 ‚
1589 2993 1650 3023 3113
1670 2993 1708 3023 ad
1722 2992 1873 3023 torridam
1889 2993 2044 3032 pertinent
2058 2994 2178 3032 plagam
2189 3016 2197 3031 ,

1169 3048 1319 3077 retractat
1332 3048 1363 3077 et
1379 3045 1575 3077 i11-.solvenda
1597 3044 1798 3075 accusatione
1811 3045 1965 3082 versatur,
1980 3044 2112 3075 laudans
2128 3054 2197 3075 eam

1169 3106 1240 3137 quae
1256 3097 1378 3128 obtinet
1392 3097 1577 3127 divisionem
1592 3097 1623 3126 et
1637 3095 1880 3133 disputationem
1898 3095 1929 3124 in
1947 3096 2113 3133 utramque
2129 3103 2196 3133 par-

1168 3150 1234 3179 tem
1247 3149 1430 3187 instituens,
1445 3148 1532 3178 nulla
1546 3155 1620 3177 sane
1634 3155 1706 3176 cum
1721 3146 1868 3176 utilitate.
1913 3145 2099 3183 Hujusmodi
2114 3145 2196 3175 enim

1169 3200 1386 3239 dispositiones
1399 3209 1461 3230 non
1476 3199 1574 3237 magis
1588 3198 1694 3228 dedita
1707 3206 1801 3236 opera
1816 3197 1966 3227 institutae
1980 3198 2053 3226 sunt
2066 3220 2074 3233 ,
2099 3205 2193 3234 (1113111

1168 3252 1308 3291 gentium
1323 3253 1353 3281 et
1367 3251 1544 3289 linguarum
1563 3248 1767 3285 (ΗΝΘ-0111133,
1784 3248 1837 3278 sed
1851 3256 1922 3277 casu
1937 3246 2072 3285 quodam
2088 3248 2118 3276 et
2133 3246 2193 3275 sor-

1169 3304 1268 3340 tuna3
1289 3302 1365 3340 quin
1390 3302 1483 3332 etiam
1506 3302 1605 3337 artes,
1633 3299 1812 3333 facultates,
1833 3300 1864 3328 et
1888 3297 1989 3327 studia
2003 3320 2010 3334 ‚
2028 3297 2052 3327 si
2069 3296 2108 3326 ab
2131 3305 2193 3326 uno
