2338 3765
594 132 868 174 LYSlMACHl
901 131 1246 170 ALEXANDRlNl
1277 133 1606 172 FRAGMENTA.

58 224 198 274 λύχνους
212 222 406 264 καύσαντας
421 221 599 272 φυλάττειν
621 219 777 263 ἑαυτοὺς,
796 217 855 263 τήν
874 218 902 254 τ’
923 219 1084 253 ἐπιοῦσαν

58 282 162 317 νύκτα
184 280 435 326 νηστεύσαντας
454 278 656 314 ἱλάσκεσθαι
676 277 753 319 τοὺς
786 276 897 324 θεοὺς,
919 276 997 325 περὶ
1026 279 1085 311 τοῦ

59 341 168 375 σῶσαι
186 337 321 379 αὑτούς.
337 339 392 387 Ἰᾒ
411 336 437 372 δ’
455 335 595 385 ἐπιούσῃ
610 335 721 385 ἡμέρᾳ
740 336 891 378 Μωυσῆν
906 348 980 369 τινα
998 348 1085 381 συμ-

59 395 240 432 &wizzam
258 395 371 435 αὐτοῖς
389 391 718 443 παραῧαλλομένους
745 391 825 439 μίαν
846 389 919 427 ὁδὸν
941 389 1085 439 τέμνειν,

59 453 157 504 ἄχρις
177 452 216 489 ἂν
240 451 381 489 ἔλθωσιν
401 452 447 492 εἷς
466 450 588 491 τόπους
607 448 842 496 οἰκουμένους,
865 446 1081 499 παρακελεύ-

58 510 184 547 σασθαί
203 525 239 546 τε
260 510 372 550 αὐτοῖς
393 507 480 557 μήτε
501 505 689 558 ἀνθρώπιον
719 505 783 542 τινὶ
803 505 975 551 εὐνοήσειν
998 505 1087 554 μήτε

59 567 183 619 ἄριστα
201 566 482 616 συμὸουλεύσειν,
498 564 587 601 ἀλλὰ
605 563 648 600 τὰ
665 563 818 614 χείρονα,
841 566 924 600 θεῶν
941 577 977 599 τε
990 562 1088 605 ναοὺς

59 626 117 662 καὶ
152 623 308 676 βωμοὺς,
328 617 374 666 οἷς
396 623 435 659 ἂν
455 621 698 674 περιτύχωσιν,
718 620 933 672 ἀνατρέπειν.
958 622 1087 658 Συναι-

59 682 229 718 νεσάντων
244 682 278 718 δὲ
292 683 359 718 τῶν
379 680 509 728 ἄλλων,
524 680 567 716 τὰ
586 678 749 728 δοχθέντα
765 682 943 720 ποιοῦντας
961 676 1016 715 διὰ
1030 681 1089 722 τῆς

60 738 188 790 ἐρήμου
205 739 422 790 πορεύεσθαι,
435 738 560 778 ἱκανῶς
575 736 609 773 δὲ
623 735 829 786 ὀχληθέντας
842 737 948 772 ἐλθεῖν
967 737 1012 778 εἷς
1027 735 1089 781 τὴν

60 795 261 845 οἰκουμένην
282 795 414 846 χώραν,
435 794 492 831 καὶ
519 793 595 836 τούς
622 809 659 830 τε
680 792 876 843 ἀνθρώπους
895 793 1091 845 ὑὲρίζοντας

60 854 119 891 καὶ
135 853 178 890 τὰ
196 853 271 904 ἱερὰ
297 855 470 894 συλῶντας
488 852 545 888 καὶ
575 851 817 902 ἐμπρήσαντας
843 853 948 888 ἐλθεῖν
967 853 1011 894 εἷς
1029 851 1090 896 τὴν

63 915 119 948 νῦν
146 911 316 949 Ἰουδαίαν
347 909 702 961 προσαγορευομένην,
731 909 912 951 κτίσαντας
932 908 966 945 δὲ
993 908 1091 946 πόλιν

62 971 208 1006 ἐνταῦθα
240 969 426 1005 κατοικεῖν.
449 967 501 1005 Τὸ
530 966 564 1004 δὲ
595 966 680 1003 ἄστυ
702 970 801 1004 τοῦτο
823 966 998 1017 Ἱερόσυλα
1025 966 1092 1003 ἀπὸ

62 1029 121 1071 τῆς
149 1025 284 1064 ἐκείνων
304 1025 484 1067 διαθέσεως
512 1025 729 1073 ὠνομάσθαι·
758 1023 896 1074 ὕστερον
923 1024 951 1060 δ’
975 1023 1094 1065 αὑτοὺς

64 1083 361 1136 ἐπικρατήσαντας
391 1082 504 1134 χρόνῳ
525 1082 705 1125 διαλλάξαι
726 1080 786 1127 τὴν
806 1080 992 1130 ὀνομασίαν
1012 1080 1095 1130 πρὸς

65 1142 102 1179 τὸ
120 1141 167 1190 μὴ
185 1141 433 1187 οἷνειδίζεσθαι,
454 1140 512 1177 καὶ
529 1140 589 1185 τήν
607 1155 642 1176 τε
660 1139 757 1176 πόλιν
774 1138 998 1189 Ἱεροσόλυμα
1010 1168 1018 1184 ,
1036 1138 1093 1175 καὶ

65 1199 185 1241 αὑτοὺς
206 1199 463 1251 Ἱεροσολύμους
483 1196 808 1249 προσαγορεύεσθαι.

117 1260 203 1293 Haec
218 1259 255 1292 in
269 1259 505 1304 sequentibus
518 1258 698 1303 Josephus
712 1256 855 1290 refellit.
867 1276 918 1281 —
929 1256 1020 1290 Cum
1031 1256 1097 1288 ini-

64 1316 116 1349 tio
127 1315 234 1361 liujus
245 1315 438 1362 fragmenti
450 1314 497 1351 cf.
511 1315 663 1360 Joseph.
675 1313 715 1348 C.
730 1316 800 1359 Ap.
815 1313 865 1355 II,
881 1325 913 1348 6.
931 1325 951 1346 2
967 1325 975 1349 :
989 1311 1097 1348 Λυσί-

66 1385 177 1420 μαχος
190 1370 224 1407 δὲ
240 1371 328 1407 κατὰ
344 1370 509 1420 Βόκχοριν
522 1369 578 1406 τὸν
595 1368 756 1419 βασιλέα,
770 1368 923 1405 τουτέστι
936 1368 1002 1419 πρὸ
1015 1370 1097 1405 ἐτῶν

64 1428 184 1478 χιλίων
209 1427 421 1465 ἑπτακοσίων
453 1428 522 1476 (sc.
548 1425 791 1475 ἀπαλλαγῆναί
812 1440 894 1477 φησι
914 1425 990 1468 τοὺς
1010 1425 1097 1463 Ἰου-

66 1485 179 1527 δαίους
192 1484 225 1528 ἐξ
240 1484 426 1534 Αἰγύπτου)
439 1499 446 1506 ·
465 1484 591 1522 Μόλων
604 1483 639 1520 δὲ
653 1484 711 1520 καὶ
723 1483 821 1519 ἄλλοι
831 1482 916 1525 τινὲς
932 1486 976 1525 ὡς
987 1484 1100 1525 αὐτοῖς

67 1541 188 1585 ἔδοξεν.
208 1546 252 1579 111
272 1545 326 1578 his
346 1557 435 1578 num
456 1550 555 1578 recte
572 1555 646 1578 sese
667 1543 799 1578 habeat
823 1543 918 1577 istud
934 1541 1000 1591 πρὸ
1016 1542 1099 1578 ἐτῶν

67 1599 187 1650 χιλίων
205 1599 419 1637 ἑπτακοσίων
446 1601 680 1636 addubitavit
706 1601 902 1635 Boeckhius
925 1601 1101 1636 [manetho

69 1672 104 1706 p.
120 1659 204 1695 325.
227 1661 317 1694 Nam
335 1660 536 1694 Bocchoris
550 1667 602 1694 est
616 1671 679 1694 rex
699 1659 872 1705 dynastiae
886 1659 1021 1702 XXIV,
1038 1660 1101 1705 qui

69 1717 270 1751 secundum
284 1718 545 1751 Manetlionem
561 1717 722 1752 Africani
746 1717 913 1763 regnavit
930 1728 988 1752 an.
1011 1715 1100 1760 725·

72 1786 164 1818 720,
183 1774 386 1808 secundum
407 1775 605 1808 Eusebium
619 1774 657 1807 in
674 1774 822 1808 Canone
838 1785 898 1807 an.
918 1771 1101 1816 778-735.

70 1833 192 1876 Quare
211 1832 407 1866 Boeckhius
428 1833 539 1866 scribi
558 1831 665 1877 jubet
686 1828 753 1879 πρὸ
773 1830 854 1865 ἐτῶν
874 1828 1100 1874 ἑπτακοσίων,

71 1901 207 1935 eosque
223 1889 324 1923 haud
338 1889 451 1923 dubie
468 1889 554 1923 inde
565 1902 584 1923 a
596 1888 799 1935 Lysimachi
816 1894 919 1922 aetate
930 1894 1105 1934 exputan-

72 1945 140 1980 dos
154 1958 227 1981 esse
239 1954 370 1980 censet.
383 1947 501 1993 quue
513 1959 557 1981 eo
570 1946 801 1981 verisimilius
819 1957 891 1980 esse
903 1946 1103 1992 putaveris,

74 2003 178 2049 quod
198 2005 341 2050 Apion,
366 2015 479 2050 quem
498 2004 757 2050 Lysimachum
780 2010 863 2037 ante
888 2003 1015 2037 oculos
1033 2003 1106 2038 ha—

76 2061 195 2095 buisse
213 2073 255 2095 ex
269 2062 347 2107 ipso
360 2062 522 2108 Josepho
538 2062 721 2105 discimus,
735 2061 950 2095 Judaeorum
965 2061 1106 2095 exitum

75 2119 229 2165 assignat
249 2118 478 2166 Olympiadis
497 2120 658 2166 septimae
679 2132 775 2153 anno
795 2120 917 2165 primo
941 2117 1038 2165 (752
1058 2131 1077 2154 a
1095 2146 1102 2153 .

74 2173 150 2223 C.).
174 2176 344 2210 Ceterum
364 2176 544 2223 Josephus
560 2177 585 2212 l.
609 2177 634 2210 l.
658 2176 812 2222 Apionis
831 2176 992 2210 calculos
1019 2188 1103 2210 cum

75 2232 281 2277 Lysimachi
298 2240 475 2279 computo
493 2245 571 2267 non
586 2239 660 2267 tam
679 2233 890 2279 componit,
912 2245 1023 2279 quam
1040 2245 1106 2279 op-

74 2290 184 2334 ponit
200 2290 254 2325 iis.
269 2289 391 2335 Quare
402 2291 524 2324 nescio
540 2302 587 2324 an
599 2291 647 2324 ita
658 2291 784 2336 potius
794 2289 1029 2324 statuendum
1044 2291 1102 2324 sit.

75 2347 267 2381 Diodorus
303 2354 486 2382 memorat
518 2349 741 2382 Bocchorim
773 2359 917 2395 regem·
940 2349 1106 2394 peranti—

77 2416 190 2449 quum
206 2431 217 2450 ,
236 2405 300 2451 qui
319 2417 506 2439 successor
526 2412 603 2440 erat
620 2406 819 2452 Mycerini3
841 2405 907 2439 sub
927 2406 999 2440 1106
1013 2407 1107 2440 Boc-

77 2512 242 2551 veniente,
269 2515 407 2544 accensis
422 2513 545 2552 ignibus
570 2522 606 2543 ac
625 2514 763 2545 lucernis
779 2514 938 2545 custodias
956 2515 1108 2554 agitasse;

77 2564 284 2604 sequentique
297 2566 389 2596 nocte
398 2565 566 2605 jejunasse,
579 2567 615 2596 ut
624 2566 700 2596 deos
710 2565 801 2596 saluti
816 2575 882 2596 suae
893 2567 1044 2605 propitios
1057 2567 1111 2596 ha-

79 2615 200 2647 berent.
215 2617 394 2656 insequenti
408 2626 483 2648 vero
492 2618 561 2649 luce
571 2627 589 2648 a
598 2620 703 2657 Moyse
714 2618 849 2657 quodam
858 2618 931 2657 ipsis
944 2618 1110 2649 consilium

79 2665 190 2697 datum
201 2691 210 2706 ,
226 2669 260 2698 ut
276 2669 357 2698 irent
371 2668 515 2708 intrepidi
530 2678 592 2699 una
609 2669 678 2706 via,
696 2669 874 2708 usquedum
888 2669 926 2699 ad
945 2670 1015 2699 loca
1027 2670 1112 2700 culta

81 2717 297 2755 perveniretur
312 2728 320 2749 2
335 2720 403 2749 tum
420 2719 603 2758 praecepisse
615 2728 652 2749 ne
663 2720 711 2749 cui
725 2719 890 2749 hominum
907 2720 1111 2759 inposterum

80 2768 223 2800 benevoli
240 2771 343 2800 essent
354 2794 362 2809 ,
378 2779 482 2809 neque
495 2771 614 2810 optima
629 2774 847 2810 suggererent,
868 2772 922 2802 sed
937 2772 1110 2810 deteriora3

81 2822 180 2858 utque
196 2820 327 2851 deorum
345 2822 463 2860 templa
482 2823 513 2852 et
538 2822 666 2859 altaria,
690 2824 785 2861 prout
805 2823 835 2852 in
865 2831 901 2853 ea
921 2822 1111 2861 inciderent,

80 2872 265 2901 everterent.
281 2873 389 2907 Quum
403 2874 510 2902 autem
524 2872 618 2902 ceteri
635 2872 693 2903 ista
707 2873 975 2912 comprobassent,
988 2873 1113 2904 decreta

81 2924 262 2961 peragentes
276 2923 335 2953 iter
354 2923 462 2954 fecisse
478 2932 531 2963 per
544 2923 719 2962 desertum,
734 2926 766 2955 et
784 2926 853 2963 post
871 2925 973 2955 multa
992 2925 1112 2955 incom-

83 2972 176 3002 moda
192 2973 319 3003 tandem
335 2973 374 3004 ad
391 2974 460 3004 loca
475 2974 562 3005 culta
579 2975 755 3013 pervenisse
773 2984 779 3004 :
799 2975 870 3006 dein
886 2977 917 3006 et
933 2975 1114 3006 hominibus

85 3023 232 3062 injuriose
247 3026 388 3056 tractatis
399 3049 407 3065 ,
422 3027 453 3056 et
471 3026 549 3056 fanis
565 3026 743 3065 compilatis
762 3035 799 3057 ac
819 3027 970 3065 incensis,
994 3029 1113 3058 venisse

84 3073 115 3104 in
132 3075 289 3113 regionem
314 3084 385 3114 quae
411 3085 494 3107 nunc
510 3079 526 3107 J
532 3077 622 3107 udaea
638 3077 767 3115 dicitur,
782 3077 971 3117 conditaque
987 3078 1114 3109 civitate

84 3124 147 3154 illic
164 3125 317 3156 habitare.
340 3128 434 3156 istam
451 3130 556 3157 autem
575 3128 687 3158 urbem
701 3128 857 3168 Ἱερὸσυλα
875 3128 931 3166 (id
944 3131 993 3159 est
1009 3130 1113 3160 Sacri·

85 3173 164 3213 lega)
176 3175 215 3205 ab
230 3175 364 3214 ipsorum
374 3176 574 3216 dispositione
587 3178 779 3208 nominatam
792 3187 858 3209 esse
871 3191 877 3208 :
888 3181 993 3218 postea
1007 3182 1112 3210 autem

85 3226 193 3254 auctos
208 3225 326 3256 viribus
342 3235 456 3257 nomen
477 3229 613 3259 mutasse
623 3252 631 3265 ,
647 3229 682 3258 111
695 3228 811 3268 probro
824 3237 887 3259 non
901 3229 1112 3268 afficerentur,

86 3276 117 3305 et
139 3275 248 3306 urbem
266 3277 497 3317 Hierosolyma,
518 3281 549 3311 et
566 3288 598 3311 se
621 3282 705 3320 ipsos
720 3281 950 3320 Hierosoiymos
975 3290 1112 3314 vocasse.
1142 3284 1145 3294 ¹

2097 137 2168 171 335

1147 221 1250 254 chori
1278 222 1425 255 Judaeos
1453 223 1580 255 exiisse
1613 221 1772 268 Jligypio
1804 222 2038 268 Lysimachus
2070 223 2172 257 annis

1152 290 1164 311 1
1175 289 1245 322 700
1258 284 1340 311 autc
1350 290 1449 312 suam
1464 286 1603 313 :etatem
1619 280 1892 326 memoraverit,
1906 279 2004 313 haud
2019 281 2067 314 ita
2080 282 2171 314 mul-

1148 342 1224 368 tum
1253 346 1271 369 a
1302 336 1519 369 Manctlione
1545 336 1695 381 aliisque
1729 336 1932 374 discedens,
1969 339 2049 372 Jam
2081 351 2171 373 vcro

1147 393 1269 438 Apion
1297 392 1420 426 helluo
1446 393 1541 425 hunc
1568 394 1786 427 Bocchorim
1810 394 1942 429 dixerit
1969 407 2042 430 6556
2066 408 2171 440 cum,

1148 450 1211 495 qui
1232 450 1327 483 circa
1348 449 1503 495 primam
1529 450 1786 496 Olympiadem
1814 464 1969 499 regnare
1994 456 2170 501 coeperit,

1149 507 1309 553 ideoque
1332 506 1379 540 ad
1399 507 1477 541 haec
1505 514 1671 553 tempora
1702 511 1822 543 nescio
1841 523 1929 544 num
1954 512 2111 558 ineptius
2128 525 2174 547 an

1149 565 1343 611 malignius
1368 565 1505 598 exitum
1533 565 1747 599 Judaeorum
1775 569 1913 603 retulit.
1940 568 1994 606 Cf,
2030 571 2176 604 Tacitus

1150 623 1243 659 Hist‚
1266 624 1306 665 V,
1330 622 1348 656 3
1367 633 1378 657 .·
1398 623 1557 656 Plurimi
1570 631 1733 657 auctores
1752 629 1993 669 consentiunt,
2016 636 2179 674 ormster

1150 682 1216 725 AE'g„
1243 687 1349 727 ptum
1371 678 1455 713 labe
1473 692 1556 725 (stae
1575 692 1724 726 corpora
1734 680 1917 725 fiedaret,
1949 697 2069 730 regem
2087 687 2176 719 Boc-

1153 737 1291 771 chorim
1304 765 1313 781 ,
1337 738 1438 771 adito
1457 738 1668 771 Hammonis
1682 741 1826 773 oraculo
1846 730 2042 776 remedium
2050 751 2180 789 pelen-

1152 804 1240 837 tem,
1272 807 1434 842 purgare
1466 807 1616 840 regnum
1645 803 1679 829 et
1710 797 1748 829 id
1777 808 1891 841 genus
1926 799 2110 835 hominum
2143 809 2183 835 ut

1153 857 1303 887 inviti-nm
1332 854 1408 887 cletis*
1433 854 1530 886 alias
1554 857 1591 887 in
1620 861 1735 887 terras
1762 855 1914 889 (weltere
1934 861 2089 901 jussum.
2122 860 2182 893 Sic

1153 914 1386 957 conquisitum
1405 912 1665 957 collectumque
1685 913 1830 957 vulgus,
1855 922 2045 960 postquam
2065 921 2181 952 vastis

1156 970 1243 1003 locis*
1260 970 1424 1002 relictum
1441 972 1501 1010 sit,
1529 973 1655 1003 ceterI's
1664 981 1734 1015 per
1749 971 1918 1004 lacrimas·
1942 976 2177 1018 torpentibus,

1155 1028 1307 1073 zlloysen
1330 1040 1437 1061 [mum
1458 1029 1605 1061 exulum
1624 1030 1802 1061 monuisse
1813 1055 1820 1069 ,
1850 1041 1895 1061 ne
1911 1041 2019 1075 quam
2035 1033 2182 1066 deorum

1155 1085 1382 1119 hominumve
1409 1097 1514 1131 opum
1541 1093 1807 1131 exspectarent,
1846 1087 1913 1119 secl
1939 1088 2009 1121 xllu‘
2039 1097 2076 1122 al
2099 1091 2184 1123 (lm-s

1156 1144 1294 1177 coelesti
1320 1144 1519 1183 crederent,
1547 1146 1672 1190 primo
1690 1146 1791 1187 cujus
1817 1145 1961 1177 mamilio
1989 1155 2188 1191 proesente.s·

1158 1204 1321 1235 miserias
1327 1202 1561 1247 pepulsinvent,
1580 1208 1649 1236 ete.
1662 1200 1749 1245 Quae
1765 1207 1889 1246 aperte
1903 1213 1946 1235 ex
1957 1203 2187 1248 Lysimacho,

1158 1258 1414 1301 Chaeremone,
1443 1258 1584 1304 Apione
1610 1258 1834 1292 similibusve
1867 1260 2080 1294 auctoribus
2117 1273 2185 1307 pe-

1159 1317 1223 1350 tita
1241 1323 1338 1351 sunt.

1213 1372 1307 1410 Cum
1340 1374 1445 1407 initio
1481 1373 1589 1419 hujus
1624 1373 1817 1421 fragmenti
1848 1374 1895 1411 cf.
1929 1376 2037 1411 etiam
2071 1377 2185 1411 Bekk.

1161 1431 1302 1465 Anecd.
1324 1443 1362 1477 p.
1384 1430 1476 1477 380,
1499 1430 1545 1464 30
1564 1443 1571 1464 :
1593 1427 1739 1480 Ἄλφα.
1756 1457 1764 1464 .
1788 1429 1857 1467 Καὶ
1878 1432 2030 1476 Μωυσῆς
2049 1434 2066 1468 ὃ
2085 1446 2188 1480 νομο-

1162 1486 1257 1531 θέτης
1272 1487 1337 1524 ὑπὸ
1356 1487 1528 1524 Ἰουδαίων
1551 1486 1606 1523 διὰ
1623 1486 1660 1523 τὸ
1677 1487 1822 1529 πολλοὺς
1843 1486 1931 1537 ἔχειν
1952 1488 2076 1540 ἅλ’,ρους
2092 1491 2125 1526 ἐν
2142 1492 2190 1540 τῷ

1162 1545 1297 1594 σώματι
1315 1544 1418 1587 οὕτως
1438 1546 1604 1581 ἐκαλεῖτο.
1625 1544 1729 1582 Ἀλλὰ
1746 1549 1845 1582 τοῦτο
1858 1545 2073 1596 Νίκαρχος
2089 1550 2106 1584 ὃ
2121 1551 2191 1584 τοῦ

1164 1602 1405 1652 Ἀμμωνίου
1423 1604 1704 1651 (Α1’ἰ51ῑ11’6116“ιῖ·)
1723 1605 1762 1640 ἐν
1776 1606 1831 1654 τῷ
1850 1604 1957 1655 Περὶ
1972 1605 2191 1642 Ἰουδαίων

1164 1662 1363 1712 φλυαρεῖ.
1383 1662 1518 1696 Dehoc
1538 1663 1735 1706 Nearcho,
1754 1663 1869 1698 modo
1885 1670 1984 1699 recte
1999 1677 2036 1699 se
2054 1677 2191 1699 nomen

1163 1720 1315 1763 habeat,
1335 1719 1484 1754 aliunde
1504 1732 1582 1754 non
1601 1727 1753 1755 constat.

1661 1801 1698 1825 2.

1217 1856 1398 1903 Josephus
1418 1856 1456 1891 C.
1485 1857 1622 1902 Apion.
1646 1858 1701 1901 ΙΙ,
1725 1869 1745 1891 2
1778 1870 1785 1891 :
1816 1855 1885 1893 Τὸν
1906 1855 1941 1893 δὲ
1961 1857 2104 1907 ἀριθμὸν
2124 1860 2192 1894 τῶν

1165 1912 1373 1950 ἐλασθέντων
1388 1913 1396 1962 (
1411 1926 1462 1952 se.
1486 1911 1679 1962 Ἰουδαίων)
1697 1913 1754 1950 τὸν
1776 1913 1876 1950 αὐτὸν
1896 1915 2090 1965 Λυσιμάχῳ
2111 1930 2194 1966 σχε-

1165 1971 1286 2013 διάσας
1307 1972 1376 2019 (56.
1398 1970 1545 2017 Ἀπίων)
1565 1993 1613 1998 -—
1634 1970 1753 2008 ἕνδεκα
1781 1971 1846 2023 γὰρ
1867 1973 1987 2014 αὐτοὺς
2008 1977 2094 2010 εἰναι
2111 1973 2195 2025 φησὶ

1168 2029 1334 2081 μυριάδας
1353 2051 1403 2058 —
1423 2029 1498 2066 κτλ.
1517 2030 1600 2067 Vid.
1621 2032 1757 2078 Apion.
1781 2031 1826 2067 fr.
1849 2036 1884 2073 4.

1666 2099 1701 2137 3.

1218 2174 1323 2209 Idem
1339 2175 1430 2211 ibid.
1453 2176 1509 2221 Π,
1537 2179 1579 2216 14
1599 2185 1607 2210 :
1629 2173 1699 2211 Καὶ
1716 2173 1938 2215 Ἀπολλώνιος
1958 2176 1975 2210 ὃ
1995 2174 2120 2212 Μόλων
2137 2175 2195 2212 καὶ

1166 2229 1367 2280 Λυσίμαχος
1381 2230 1439 2267 καί
1455 2245 1542 2273 τινες
1560 2230 1658 2267 ἄλλοι
1674 2231 1717 2267 τὰ
1732 2230 1793 2279 μὲν
1811 2233 1868 2267 ὑπ’
1887 2231 2033 2281 ἀγνοίας,
2043 2232 2081 2269 τὸ
2097 2233 2195 2269 πλεῖ-

1167 2303 1246 2325 στον
1276 2288 1310 2324 δὲ
1332 2287 1422 2325 κατὰ
1443 2287 1643 2336 δυσμένειαν
1672 2288 1750 2339 περί
1775 2304 1810 2325 τε
1830 2292 1888 2325 τοῦ
1909 2289 2197 2338 νομοθετήσαντος

1165 2348 1249 2394 ἡμῖν
1265 2345 1440 2388 Μωυσέως
1458 2346 1516 2383 καὶ
1536 2346 1613 2397 περὶ
1631 2348 1698 2382 τῶν
1719 2346 1831 2396 νόμων
1851 2347 2055 2392 πεποίηνται
2077 2347 2197 2397 λόγους

1167 2403 1245 2440 οὔτε
1266 2404 1415 2446 δικαίους
1429 2402 1506 2440 οὔτε
1521 2406 1677 2453 ἀληθεῖς,
1694 2404 1751 2441 τὸν
1769 2406 1829 2452 μὲν
1845 2407 1889 2446 ὡς
1905 2404 2012 2454 γόητα
2032 2406 2090 2442 καὶ
2105 2407 2196 2441 ἀπα-

1212 2515 1415 2554 Lysimachus
1433 2516 1574 2554 tempore
1589 2515 1756 2546 Bocclioris
1769 2516 1865 2555 regis,
1882 2515 1943 2546 hoc
1957 2517 2087 2547 estante
2100 2525 2199 2548 annos

1169 2567 1254 2597 mille
1271 2567 1500 2606 septingentos,
1517 2569 1535 2598 J
1540 2567 1646 2597 udaeos
1659 2576 1697 2598 ex
1716 2568 1848 2606 AEgypto
1867 2567 2042 2599 discessisse
2055 2568 2116 2606 ait;
2130 2569 2198 2599 Mo-

1171 2617 1222 2648 lon
1238 2619 1346 2648 autem
1359 2619 1455 2656 atque
1471 2617 1522 2648 alii
1534 2642 1542 2657 ,
1559 2619 1596 2648 ut
1612 2618 1727 2657 cuique
1743 2618 1846 2648 visum
1857 2620 1914 2650 est.

1663 2680 1697 2710 2.

1212 2744 1384 2773 Numerum
1396 2743 1557 2782 pulsorum
1568 2751 1607 2773 ex
1618 2744 1750 2782 AEgypto
1760 2745 1777 2773 J
1782 2743 1909 2773 uda‘oru
1915 2752 1945 2773 m
1958 2744 2054 2782 Apion
2066 2743 2198 2773 eundem

1171 2802 1266 2832 quem
1280 2794 1481 2832 Lysimachus
1491 2795 1690 2824 commentus
1702 2795 1760 2824 est.
1776 2794 1900 2825 Scilicet
1913 2795 2040 2824 centum
2051 2795 2082 2825 et
2092 2794 2199 2824 ‹lecem

1172 2844 1269 2874 millia
1284 2844 1376 2875 fuisse
1387 2844 1474 2875 dicit.

1673 2908 1706 2939 3.

1214 2978 1396 3017 Apollonius
1410 2978 1493 3009 Molo
1513 2987 1638 3018 quoque
1664 2981 1696 3008 et
1721 2978 1925 3017 Lysimachus
1942 2980 1972 3009 et
1996 2979 2048 3009 alii
2071 2978 2197 3018 quidem

1172 3029 1313 3060 nonnulli
1325 3053 1332 3067 ,
1349 3029 1462 3068 partim
1474 3029 1601 3068 quidem
1616 3037 1670 3068 per
1684 3029 1906 3068 ignorantiam,
1920 3030 2058 3060 maxima
2073 3037 2147 3060 vero
2160 3026 2199 3060 ex

1172 3082 1261 3120 parte
1273 3089 1327 3120 per
1343 3081 1607 3118 malevolentiam,
1622 3081 1662 3111 de
1673 3080 1848 3120 legislatore
1864 3082 1971 3112 nostro
1987 3083 2092 3120 Moyse
2105 3082 2136 3111 et
2151 3081 2197 3111 le-

1171 3131 1261 3171 gibus
1274 3131 1340 3170 ejus
1354 3131 1451 3162 verba
1468 3132 1610 3162 fecerunt
1623 3140 1681 3162 nec
1693 3131 1778 3170 justa
1794 3140 1852 3162 nec
1866 3140 1938 3162 vera
1948 3155 1956 3170 ‚
1970 3131 2054 3162 1111116
2071 3131 2196 3170 quidem

1173 3181 1207 3210 111
1217 3180 1474 3219 praestigiatorem
1488 3182 1519 3211 et
1534 3180 1733 3220 deceptorem
1745 3181 1981 3216 calumniantes,
1996 3181 2078 3220 leges
2091 3182 2196 3210 autem

1172 3231 1300 3262 malitiae
1316 3231 1399 3271 apud
1420 3241 1477 3263 nos
1494 3232 1675 3272 nulliusque
1691 3232 1816 3265 virtutis
1835 3234 1997 3272 magistras
2021 3240 2086 3263 esse
2108 3230 2195 3261 affir-

1173 3285 1304 3315 mantes.
