2289 3728
135 189 203 220 120

166 303 281 339 mlvi
313 301 412 337 ΤΗΣ
445 298 695 335 ΠΟΙΚΙΑΗΣ
727 297 894 334 §.Tou
924 298 1024 334 ΤΗΣ
1058 299 1115 334 lix

533 361 755 398 ΣΙΚΥΩΝΙ.

616 445 671 481 14.

181 536 374 570 Athenaeus
388 534 494 579 Xlll,
507 546 543 579 p.
564 531 609 566 5
593 545 609 577 7
619 545 653 578 7,
670 533 718 567 C:
731 529 956 580 Δημητριος
940 530 966 566 ο’
980 532 995 566 ὁ
1013 531 1157 580 Πολιορ-

129 590 234 636 κητὴς
262 592 299 627 οὐ
332 589 514 637 δαιμονίως
534 588 601 639 ἦρα
628 587 767 636 Λαμίας
795 591 854 633 τῆς
883 587 1158 638 αὐλητρίδος,ἒ’
1127 603 1159 630 ,ς

127 653 166 694 ἦς
186 648 266 698 ἔσχε
291 664 348 685 και
369 646 537 697 θυγατέρα
559 646 693 692 Φίλαν,
716 646 789 690 Τὴν
820 646 853 682 δὲ
878 645 1017 694 Λάμιαν
1049 645 1159 682 Πολέ-

130 722 202 754 μων
228 706 330 757 φησὶν
356 707 388 741 ἐν
409 708 457 755 τῷ
480 705 567 755 Περὶ
587 707 646 749 τῆς
663 706 696 741 ἐν
715 706 865 742 Σικυῶνι
885 703 1041 747 ποικίλης
1059 709 1159 744 στοᾶς

128 764 297 814 θυγατέρα
319 764 379 812 μὲν
398 758 483 800 εἶναι
507 763 699 812 Κλεάνορος
721 762 918 807 Ἀθηναίου,
941 761 1156 797 κατασκευά-

130 838 186 858 σαι
204 822 237 858 δὲ
258 822 455 863 Σικυωνίοις
475 820 535 866 τὴν
556 819 781 872 προκειμένην
801 819 915 856 στοάν.

183 899 197 911 ·‹
220 884 272 917 De
293 883 419 917 Lamia
436 881 482 917 cf.
502 880 689 915 Plutarch.
709 882 868 914 Demelr.
887 893 919 913 r.
942 883 1005 924 24,
1024 879 1155 912 AElian.

129 943 171 975 V.
197 941 243 975 H.
265 940 358 982 XII,
379 952 390 973 1
403 953 434 984 7.
455 939 658 973 Amabatur
675 937 802 972 eadem
820 950 838 971 a
853 937 1044 971 Demetrio
1064 935 1160 969 Plia-

132 998 233 1032 lereo
246 1025 254 1041 ‚
269 1010 303 1033 v,
324 998 434 1043 Diog.
454 998 577 1032 Laert.
592 998 634 1039 V,
652 995 717 1039 76,
732 995 950 1041 Diogenian.
972 1005 1030 1039 ap.
1049 992 1159 1028 Choe—

129 1055 214 1090 rob.
244 1056 280 1088 in
299 1054 436 1089 Anecd.
454 1054 569 1087 Bekk.
590 1065 627 1099 p.
654 1050 748 1098 1395
765 1079 773 1094 ,
802 1050 943 1087 Anccd.
962 1050 1080 1084 Cram.
1098 1050 1133 1083 ΙΙ
1149 1076 1157 1092 ,

130 1126 167 1159 p.
188 1113 274 1159 239.
297 1113 431 1146 Poecile
451 1112 620 1157 Sicyonia
642 1110 784 1144 circiter
802 1109 952 1155 Olymp.
981 1120 1049 1141 120
1069 1107 1158 1141 aedi-

128 1170 233 1205 licata
261 1176 335 1217 est,
363 1169 474 1203 credo
501 1168 547 1203 ad
568 1166 845 1202 similitudinem
877 1166 1102 1201 Atheniensis
1126 1173 1161 1200 ct

129 1228 261 1263 eodem
290 1236 473 1273 tempore,
491 1239 566 1272 quo
586 1226 792 1260 Demetrius
814 1230 929 1258 totam
948 1224 1019 1259 fere
1039 1224 1162 1270 Sicyo-

128 1287 274 1320 niorum
294 1286 422 1319 urbem
441 1284 651 1318 inferiorem
666 1311 674 1326 ,
692 1291 796 1317 terrae
811 1282 972 1317 motibus
984 1281 1158 1326 dirutam,

128 1344 250 1378 denuo
269 1342 529 1385 exaedificavit,
550 1355 584 1375 v.
610 1343 764 1378 Pausan.
785 1342 837 1384 ΙΙ,
859 1354 893 1385 7,
919 1354 952 1385 i,
971 1341 1156 1375 Plutarch.

128 1403 290 1436 Demetr.
325 1415 355 1436 ‹·.
400 1400 459 1443 25,
495 1400 628 1434 Strabo
659 1400 766 1445 VIII,
796 1412 834 1445 p.
867 1399 959 1443 382,
993 1399 1155 1446 Gomph.

128 1461 275 1505 Sicyon,
301 1472 338 1505 p.
362 1460 409 1492 (i'o
427 1471 480 1504 sq.
505 1458 552 1492 (⁷58
569 1469 648 1503 sqq.
672 1473 685 1487 υ
708 1458 891 1491 anm.

618 1559 674 1596 15.

183 1655 379 1689 Athenaeus
400 1655 446 1688 VI
462 1682 472 1700 ,
488 1667 527 1700 p.
554 1652 641 1696 253,
662 1655 689 1688 B
714 1666 720 1687 ε
747 1652 818 1690 Καὶ
837 1653 988 1697 Θηὸαῐοι
1006 1651 1041 1688 δὲ
1065 1653 1164 1688 κολα-

128 1709 283 1752 κεύοντες
298 1710 353 1746 τὸν
371 1709 583 1760 Δημήτριον,
601 1707 645 1750 ὥς
665 1724 747 1759 φησι
769 1709 940 1757 Πολέμων
959 1710 992 1745 ἐν
1009 1711 1057 1759 τῷ
1079 1709 1165 1758 Περὶ

127 1770 186 1813 τῆς
210 1767 376 1813 Ποικίλης
402 1768 435 1803 ἐν
467 1768 631 1812 Σικυῶνι,
657 1766 838 1815 ἱδρύσαντο
863 1767 942 1803 ναὸν
971 1765 1166 1817 Ἀφροδίτης

130 1825 281 1873 Λαμίας.
303 1823 484 1874 ’[’ἶρωμένη
502 1825 529 1860 δ’
547 1819 585 1869 ἦν
608 1822 692 1869 αὕτη
704 1827 764 1860 τοῦ
781 1823 994 1874 Δημητρίου,
1012 1823 1167 1873 καθάπερ

132 1883 188 1918 καί
207 1886 226 1926 ἢ
251 1882 393 1919 Λέαινα.

218 2002 335 2038 ΠΕΡΙ
365 2001 462 2039 ΤΩΝ
495 2002 554 2038 ΕΝ
589 2001 800 2040 ΣῙΚΥΩΝΙ
833 2004 1076 2041 ΠΙΝΑΚΩΝ.

184 2122 197 2135 n
214 2107 268 2140 De
283 2106 406 2139 schola
421 2106 610 2140 Helladica
621 2106 703 2140 satis
712 2114 855 2141 notum.
874 2108 924 2141 Ea
935 2107 1058 2141 multis
1070 2119 1162 2153 prae-

132 2163 414 2209 clarissimisque
429 2163 563 2198 tabulis
576 2164 684 2210 pictis
700 2165 836 2210 templa
848 2190 857 2204 ,
874 2165 1053 2211 porticus,
1070 2165 1165 2199 aedes

129 2221 290 2266 privatas
335 2222 593 2267 Sicyoniorum
636 2222 912 2264 nobilitaverat,
956 2222 1160 2256 fautoribus

130 2278 317 2322 tyrannis,
341 2279 378 2311 in
407 2279 535 2324 prImis
560 2280 739 2314 Aristrato
756 2307 765 2325 ‚
790 2280 836 2314 de
862 2292 937 2326 quo
961 2280 1068 2327 srgm.
1108 2293 1164 2324 17.

1188 272 1192 291 l

911 174 1199 212 POLEMONIS
1233 175 1441 213 lLlENSlS

2072 261 2249 296 libertatis

1222 334 1330 367 quam
1359 322 1490 355 artium
1516 320 1772 353 amantiorem.
1798 320 1832 353 Is
1854 319 1939 353 alias
1965 319 2106 353 tabulas
2128 318 2258 364 (velut‘
2288 313 2289 318 ¹

1222 379 1383 422 Nealcss,
1415 379 1461 413 cf.
1486 377 1594 423 srgm.
1624 376 1715 422 17),
1735 377 1761 410 si
1784 376 1951 410 favebant
1973 377 2159 410 memoriae
2190 384 2248 423 ty·-

1220 448 1442 477 rannorum,
1470 435 1605 481 partim
1634 433 1764 468 delevit
1790 434 1926 479 partim
1945 435 2134 480 corrupit,
2163 435 2250 469 alias

1221 493 1479 527 Alexandriani
1507 491 1688 535 vendidit,
1711 491 1777 525 ubi
1798 492 1982 526 Ptolemaei
2015 492 2070 525 liis
2096 492 2251 538 picturis

1221 551 1420 585 utebantur
1431 550 1473 585 ad
1486 548 1638 583 aedificia
1649 562 1711 583 sua
1722 556 1757 584 et
1770 549 2009 584 tabernacula
2018 549 2227 584 exornanda
2239 562 2248 591 ;

1221 608 1266 643 cf.
1298 609 1472 643 Callixen.
1504 607 1630 643 Rhod.
1655 619 1716 653 ap.
1750 607 1879 644 Athen.
1911 609 1956 654 V,
1981 619 2062 653 cap.
2088 605 2135 641 25
2156 618 2251 653 sqq.,

1222 666 1284 699 ubi
1307 666 1401 700 inter
1426 666 1494 699 alia
1526 664 1588 711 (p.
1612 665 1704 711 196,
1724 664 1774 711 E)

1220 721 1350 771 χώραις
1371 721 1511 762 πίνακες
1530 723 1597 757 τῶν
1628 722 1848 758 Σικυωνικῶν
1875 721 2062 772 ζωγράφων
2089 721 2180 766 κτλ.,
2201 722 2248 756 cf.

1222 269 1399 309 quantum
1432 263 1644 296 imminutus
1674 267 1724 294 est
1756 273 1823 306 per
1860 263 2027 304 Aratum,

1807 675 1815 700 ζ
1843 664 1876 699 ἐν
1903 662 1937 699 δὲ
1962 668 2037 704 ταῖς
2063 662 2127 698 ἀνὰ
2149 661 2252 711 μέσον

1188 816 1192 825 -,
1222 781 1407 815 Plutarch.
1429 782 1530 815 Arat.
1550 793 1582 814 c.
1606 792 1648 814 12
1665 792 1764 826 sqq.,
1779 781 1889 816 Beck.
1910 781 2048 815 Histor.
2065 779 2253 815 tradendae

1221 838 1441 884 praeparatio
1472 838 1550 872 vol.
1574 838 1646 883 ΙΙΙ,
1666 850 1703 883 p.
1736 841 1798 884 94.
1829 837 1929 872 Vidit
1959 838 2073 885 igitur
2101 838 2252 873 Polemo

1221 896 1367 929 nonnisi
1388 907 1468 941 quae
1485 895 1626 940 reliqua
1645 901 1762 930 erant.
1783 910 1798 925 »
1823 896 2007 931 Panum.

1710 985 1767 1020 16.

1276 1078 1466 1112 Athenaeus
1493 1078 1609 1120 XIII,
1627 1090 1663 1124 p.
1686 1077 1779 1123 567,
1800 1080 1826 1113 B
1853 1091 1860 1112 :
1891 1079 1967 1115 Οὐκ
1988 1077 2027 1114 ἂν
2048 1076 2197 1128 ἁμάρτοι
2217 1077 2254 1114 δέ

1222 1148 1270 1174 τις
1291 1131 1327 1169 σὲ
1342 1132 1400 1169 καὶ
1415 1132 1647 1183 πορνογράφον
1663 1134 1789 1179 καλῶν,
1804 1135 1849 1176 ὡς
1863 1134 2070 1184 Ἀριστείδην
2084 1134 2142 1172 καὶ
2157 1136 2254 1172 Παυ-

1224 1190 1359 1237 σανίαν,
1379 1189 1428 1227 ἔτι
1446 1189 1481 1226 δὲ
1496 1190 1673 1241 Νικοφάνη
1687 1219 1696 1235 ‚
1714 1189 1791 1233 τοὺς
1805 1192 2014 1244 ζωγράφους.
2037 1192 2254 1242 Μνημονεύει

1225 1246 1258 1284 δὲ
1279 1249 1391 1284 αὐτῶν
1409 1250 1454 1289 ὡς
1472 1251 1581 1284 ταῦτα
1610 1249 1723 1290 καλῶς
1744 1250 1944 1300 γραφόντων
1967 1249 2135 1298 Πολέμων
2155 1251 2188 1286 ἐν
2207 1252 2256 1300 τῷ

1225 1305 1312 1355 Περὶ
1328 1308 1394 1342 τῶν
1409 1307 1443 1342 ἐν
1469 1307 1619 1343 Σικυῶνι
1639 1306 1807 1343 πινάκων.
1829 1310 1873 1345 V.
1895 1310 2042 1344 Miiller.
2065 1309 2253 1345 Archoeol.

1224 1365 1243 1412 5
1275 1364 1401 1413 163,3.

1714 1454 1771 1485 17.

1282 1533 1465 1568 Plutarch.
1505 1535 1602 1567 Arai..
1636 1547 1666 1569 r.
1706 1547 1763 1570 12.
1794 1542 1884 1568 extr.
1918 1547 1925 1567 ;
1958 1532 2022 1570 Ἐκ
2053 1533 2085 1569 δὲ
2122 1533 2255 1584 Καρίας

1227 1588 1406 1639 ᾗἍρατος)
1422 1587 1533 1639 χρόνῳ
1549 1589 1666 1640 πολλῷ
1676 1589 1875 1640 περαιωθεὶς
1890 1590 1935 1631 εἷς
1953 1589 2138 1639 Αἴγυπτον,
2156 1589 2256 1626 αὐτό-

1226 1651 1279 1684 θεν
1300 1661 1335 1682 τε
1353 1660 1400 1695 τῳ
1431 1647 1568 1695 βασιλεῖ
1593 1646 1796 1694 διακειυιένω
1813 1646 1897 1697 πρὸς
1921 1646 2021 1683 αὐτὸν
2039 1647 2169 1688 οἰκείως
2186 1645 2255 1683 ἐνέ·

1227 1718 1308 1753 τυχε
1327 1718 1384 1739 και
1412 1702 1693 1754 τεθεραπευμένῳ
1712 1706 1857 1755 γραφαῖς
1883 1719 1941 1741 και
1961 1703 2092 1747 πίναξιν
2114 1704 2182 1741 ἀπὸ
2198 1706 2257 1750 τῆς

1229 1760 1415 1805 Ελλάδος,
1443 1763 1476 1796 ἐν
1499 1764 1546 1803 οἱς
1566 1761 1676 1811 κρίσιν
1697 1760 1785 1812 ἔᾸων
1813 1764 1872 1798 οὐκ
1894 1761 2044 1811 ἄμουσον
2070 1765 2087 1798 ὃ
2114 1758 2257 1812 Ἄρατος

1229 1821 1281 1854 ἀεί
1302 1834 1332 1854 τι
1350 1821 1414 1854 των
1433 1834 1596 1869 τεχνικων
1615 1819 1673 1855 καὶ
1688 1835 1870 1871 περιττων,
1888 1819 2040 1868 μάλιστα
2059 1819 2093 1856 δὲ
2114 1819 2255 1871 Παμφί-

1228 1877 1289 1912 λου
1313 1876 1371 1912 καὶ
1392 1877 1585 1922 Μελάνθου,
1603 1877 1757 1927 συνάγων
1775 1877 1833 1914 καὶ
1846 1877 2018 1927 κτώμενος
2033 1877 2255 1915 ἀπέστελλεν.

1228 1933 1346 1972 Ἠνθει
1362 1933 1427 1985 γὰρ
1444 1934 1492 1971 ἔτι
1508 1934 1586 1976 δόξα
1604 1937 1662 1980 τῆς
1683 1935 1873 1978 Σικυωνίας
1888 1936 2017 1984 μούσης
2032 1935 2089 1972 καὶ
2106 1951 2255 1987 χρηστο-

1228 1991 1394 2043 γραφέας,
1418 1995 1463 2034 ὡς
1482 1991 1587 2042 μόνης
1602 1993 1802 2044 ἀδιάφθορον
1823 1992 1968 2043 ἐχούσης
1981 1993 2020 2030 τὸ
2033 1992 2151 2039 καλὸν,
2169 1992 2256 2030 ὥστε

1230 2050 1287 2086 καὶ
1307 2049 1473 2095 Ἀπελλῆν
1493 2051 1619 2087 ἐκεῖνον
1633 2051 1700 2097 ἤδη
1719 2050 1976 2100 θαυμαζόμενον
1996 2051 2177 2102 ἀφικέσθαι
2197 2051 2255 2087 καὶ

1231 2106 1452 2157 συγγενέσθαι
1465 2108 1532 2149 τοῖς
1544 2107 1704 2158 ἀνδράσιν
1722 2108 1777 2144 ἐπὶ
1793 2109 1968 2159 ταλάντῳ,
1982 2111 2041 2153 τῆς
2056 2107 2152 2152 δόξης
2169 2109 2260 2157 μᾶλ-

1228 2166 1285 2201 λον
1305 2164 1326 2209 ἢ
1346 2167 1406 2209 τῆς
1425 2166 1545 2215 τέχνης
1574 2165 1731 2215 δεόμενον
1761 2166 1985 2215 μεταλαὸεῗν.
2023 2166 2084 2204 Διὸ
2112 2165 2171 2208 τὰς
2197 2165 2256 2215 μὲν

1228 2222 1334 2264 ἄλλοις
1354 2221 1485 2264 εἰκόνας
1509 2225 1575 2258 τῶν
1597 2223 1771 2274 τυράννων
1795 2225 1923 2260 ἀνεῖλεν
1945 2223 2040 2266 εὐθὺς
2057 2226 2073 2260 ὁ
2093 2222 2255 2274 Ἄρατος,

1230 2278 1284 2316 ὅτε
1304 2278 1365 2325 τὴν
1391 2278 1489 2317 πόλιν
1513 2281 1725 2332 ἠλευθέρωσε
1740 2310 1749 2325 ,
1772 2281 1850 2332 περὶ
1881 2282 1915 2319 δὲ
1946 2284 2007 2327 τῆς
2039 2281 2257 2332 Ἀριστράτου

131 2336 403 2371 Pulcherrimus
424 2338 483 2372 ille
500 2337 709 2372 tabularum
731 2338 920 2373 thesaurus
939 2345 1065 2385 postea
1094 2340 1162 2373 ali—
1195 2322 1200 2378 l
1229 2341 1287 2374 τοῦ
1315 2336 1404 2374 κατὰ
1437 2336 1615 2375 Φίλιππον
1646 2338 1865 2387 ἀκμάσαντος
1895 2338 2123 2376 ἑδουλεύσατο
2152 2338 2258 2377 πολὺν

135 2460 199 2495 DE
222 2460 421 2496 POEClLE
449 2460 664 2497 PORTlCU
693 2462 739 2497 ΙΝ
768 2461 982 2497 SlCYONE
1011 2461 1156 2497 URBE.

618 2534 667 2562 Η.

177 2585 352 2614 Demetrius
380 2585 568 2615 Poliorcetes
591 2594 692 2615 nonne
717 2585 923 2624 perditissime
956 2586 1075 2616 amavit
1103 2588 1161 2616 La-

134 2637 230 2666 miam
263 2636 444 2678 tibicinam,
474 2647 512 2667 c),
539 2646 601 2676 qua
632 2637 725 2667 ctiam
758 2637 852 2667 filiam
881 2638 992 2668 hahuit
1023 2638 1163 2668 Philam.o

136 2686 274 2716 Lamiam
300 2696 371 2717 vcro
389 2688 514 2717 Polemo
531 2688 574 2718 :iit
591 2689 621 2718 in
647 2688 725 2717 libro
742 2690 788 2718 De
811 2688 926 2719 Pcrcilc
949 2689 1070 2727 porticu
1090 2697 1162 2727 quae

136 2738 268 2777 sicyone
286 2741 346 2775 cst,
369 2739 461 2769 liliam
486 2740 579 2769 sulsw
599 2740 760 2770 eit-anonis
783 2740 996 2777 Atheniensis,
1018 2742 1048 2771 et
1063 2740 1162 2771 aediti-

135 2790 267 2819 randam
283 2790 435 2828 Sicyoniis
452 2800 577 2821 curasse
592 2792 676 2822 illam
692 2792 859 2830 porticum.

617 2854 668 2883 15».

178 2904 315 2935 Thebani
330 2914 455 2943 quoque
478 2905 642 2936 adulantes
667 2907 841 2945 Demetrio,
860 2909 896 2938 ut
911 2908 954 2938 ait
978 2907 1108 2938 Polemo
1133 2908 1163 2938 in

136 2955 235 2993 libro,
259 2966 351 2995 quem
378 2957 415 2987 dc
445 2958 558 2987 porcile
587 2960 708 2995 porticu
737 2968 808 2997 quai
827 2960 958 2998 Sicyone
980 2961 1028 2990 est
1049 2959 1163 2998 edidit,

135 3007 288 3046 templum
306 3007 414 3038 Veneri
433 3008 546 3038 Lamiae
561 3009 745 3039 dedicarunt
759 3022 763 3039 z
778 3011 845 3040 erat
857 3010 1039 3041 antemhaec
1049 3012 1164 3041 amasia

136 3058 286 3091 Demetrii
300 3083 306 3095 ,
321 3059 589 3097 ‹picinacliiimluin
604 3063 633 3090 ct
650 3062 772 3091 Leaena.

348 3141 410 3176 DE
440 3141 666 3178 PICTURlS
696 3143 954 3181 SlCYONIlS.

628 3215 679 3245 tu.

180 3265 268 3295 Haud
297 3266 473 3303 peccaverit
497 3267 550 3305 qui
575 3268 857 3307 por-›ioqraplium
879 3270 911 3300 te
932 3270 1164 3305 nominaverit,

137 3315 407 3355 quvinadinodiun
435 3317 598 3347 Aristidem
622 3320 649 3347 et
679 3319 861 3350 Pausaniam
891 3322 921 3350 ct
950 3320 1163 3360 Nicophanem

1190 2446 1195 2454 '
1223 2448 1356 2487 pictores
1370 2461 1375 2478 :
1391 2458 1526 2488 quorum
1543 2451 1577 2479 ut
1589 2450 1660 2480 talia
1678 2451 1755 2481 scite
1767 2451 1962 2490 pingentium
1975 2451 2117 2482 meminit
2130 2451 2257 2482 Polemo

1224 2499 1253 2528 in
1270 2499 1347 2529 libro
1362 2501 1406 2529 De
1422 2500 1536 2530 tabulis
1549 2509 1620 2540 qua*
1634 2501 1766 2540 Sicyone
1781 2502 1918 2532 fuerunt.

1715 2556 1765 2586 17.

1267 2608 1290 2636 E
1305 2606 1396 2638 Caria
1410 2608 1523 2638 Aratus
1536 2607 1566 2637 in
1587 2610 1752 2647 AEgyptum
1767 2610 1868 2640 multo
1882 2610 2022 2649 tempore
2034 2610 2195 2649 pervenit,
2211 2618 2255 2641 re·

1224 2665 1358 2696 gemque
1374 2659 1405 2688 et
1418 2658 1501 2688 ultro
1515 2658 1593 2689 hene
1606 2667 1678 2698 erga
1688 2668 1721 2690 se
1733 2660 1880 2691 affectum
1894 2659 1982 2698 adiit,
1997 2668 2091 2699 quern
2103 2660 2166 2699 Jam
2183 2662 2256 2691 ante

1226 2708 1327 2738 missis
1343 2716 1360 2738 e
1378 2709 1500 2739 Graecia
1517 2709 1632 2740 tabulis
1647 2711 1742 2749 atque
1761 2711 1891 2750 picturis
1910 2711 2108 2742 demeruerat
2131 2713 2254 2743 Aratus.

1227 2762 1334 2796 Quum
1348 2760 1430 2791 enim
1442 2761 1506 2800 ipse
1515 2762 1582 2799 ejus
1595 2762 1670 2792 artis
1683 2762 1768 2793 haud
1779 2763 1904 2803 ineptus
1914 2765 1993 2794 esset
2002 2763 2113 2803 judex,
2125 2763 2256 2795 subinde

1228 2810 1347 2850 aliquid
1365 2811 1523 2842 artificiosi
1540 2813 1745 2852 accuratique
1757 2814 1858 2853 operis
1873 2814 1912 2844 ad
1928 2823 2001 2845 enm
2015 2815 2153 2852 miserat,
2167 2817 2256 2846 Pam-

1226 2861 1301 2901 phili
1316 2863 1453 2893 maxime
1465 2864 1494 2893 et
1509 2863 1657 2894 Melantlii
1672 2864 1808 2903 picturas
1823 2873 1896 2896 eum
1911 2866 1941 2896 in
1955 2865 2050 2896 finem
2060 2874 2256 2905 comparans.

1227 2913 1374 2945 Florebat
1401 2914 1483 2945 enim
1500 2914 1603 2946 adhuc
1618 2915 1716 2955 gloria
1732 2916 1885 2955 Sicyoniae.
1904 2917 1936 2948 in
1957 2917 2111 2957 pingendo
2130 2918 2254 2957 elegan-

1225 2965 1296 3003 tiae,
1311 2973 1382 3004 quae
1399 2965 1465 2996 sola
1486 2965 1753 3006 pulchritudinem
1775 2967 1990 3007 incorruptam
2012 2968 2126 2999 habere
2138 2967 2257 3007 judica-

1226 3015 1341 3053 batur3
1359 3016 1466 3056 itaque
1480 3017 1601 3056 Apelles
1617 3018 1710 3048 etiam
1722 3042 1730 3057 ,
1748 3026 1846 3057 quum
1862 3019 1926 3057 Jam
1944 3018 2141 3050 admirationi
2158 3020 2255 3055 esset,

1226 3075 1263 3097 eo
1283 3075 1315 3097 se
1329 3068 1463 3098 contulit
1473 3092 1481 3106 ,
1498 3069 1529 3098 ct
1542 3068 1697 3099 talentum
1714 3069 1886 3108 pictoribus
1901 3069 2056 3100 discendae
2069 3069 2146 3100 artis
2163 3077 2256 3100 causa

1227 3120 1393 3159 pependit,
1417 3121 1524 3160 gloriae
1543 3121 1642 3160 magis
1665 3130 1761 3161 quam
1779 3123 1854 3152 artis
1869 3131 1980 3153 eorum
1996 3123 2177 3153 societatem
2201 3130 2252 3153 ca-

1228 3172 1326 3210 ptans.
1342 3173 1540 3210 Quapropter
1554 3173 1678 3211 Aratus,
1693 3180 1756 3211 quo
1769 3173 1911 3211 tempore
1921 3172 2084 3212 Sicyonem
2099 3172 2254 3210 liberavit,

1228 3228 1337 3252 omnes
1359 3222 1567 3261 tyrannorum
1595 3222 1743 3261 imagines
1766 3223 1872 3253 statim
1889 3223 2032 3262 sustulit,
2055 3223 2094 3254 de
2110 3222 2253 3254 Aristrati

1227 3273 1332 3302 autem
1345 3296 1353 3310 ,
1371 3273 1423 3311 qui
1442 3272 1573 3312 Philippi
1591 3276 1730 3312 tempore
1744 3273 1865 3311 tloruit,
1883 3273 2018 3314 imagine
2033 3274 2088 3305 diu
2100 3273 2252 3305 delibera-

1228 3322 1281 3352 vit.
1307 3323 1412 3353 Pirtns
1436 3324 1518 3353 enim
1536 3325 1601 3354 erat
1620 3323 1724 3354 currui
1751 3324 1860 3354 victori
1884 3325 2027 3356 insistens
2044 3325 2214 3356 Aristratus
2237 3333 2252 3354 a
