2289 3728
1003 161 1326 199 FRAGMENTA.

2138 171 2209 202 285

85 252 155 293 πῶς
172 253 232 288 οὐκ
251 251 430 288 ἀπίθανον.
446 249 537 288 Οὐδὲ
558 249 768 300 Κλείταρχος
783 242 838 285 εὖ·
855 246 939 297 φησὶ
952 245 1017 297 γὰρ
1038 245 1114 288 τοὺς
1176 247 1264 283 ὥστε
1284 250 1342 291 τῆς
1369 247 1566 297 Ἀρεθούσης
1596 249 1688 296 (ἔστι
1707 250 1735 285 δ’
1756 250 1789 285 ἐν
1817 249 1964 286 Χαλκίδι
1996 249 2127 300 κρήνη)
2153 250 2212 292 τὰς

83 308 207 350 ἱππέας
223 308 352 350 ἰδόντας
364 307 424 353 τὴν
440 307 557 359 ἔφοδον
571 310 628 344 τοῦ
644 306 812 355 πελάγους
827 303 1113 356 ἀφιππάσασθαι,

81 365 138 402 καὶ
160 365 343 417 φεύγοντας
369 365 465 415 ἐγγὺς
485 363 641 414 γενέσθαι
666 368 725 401 τοῦ
752 363 1110 414 περικαταληςρθῆναι.

81 422 172 461 Οὔτε
187 424 220 460 δὲ
232 423 382 473 τοσούτῳ
392 422 491 473 τάχει
502 421 563 467 τὴν
577 421 734 459 ἐπίδοισιν
747 420 949 472 ὁρμωμένην
962 420 1114 470 ἱστοροῦ-

82 496 158 530 μεν,
181 480 271 517 ἀλλὰ
299 480 489 526 λεληθότως
509 482 721 531 προσιοῦσαν
740 479 802 524 τὴν
823 478 1014 515 θάλατταν·
1036 475 1113 514 οὔτε

81 539 119 575 τὸ
139 540 214 575 καθ’
243 538 376 588 ἡμέραν
393 537 592 588 γιγνόμενον
610 537 669 573 καὶ
694 543 798 573 πᾶσιν
820 536 959 573 ἔναυλον
981 535 1048 582 ἤδη
1069 532 1108 572 ὃν

79 598 149 638 τοῖς
167 597 368 642 πλησιάζειν
387 596 570 644 μέλλουσι,
591 594 669 645 πρὶν
687 593 708 639 ἢ
730 594 940 639 θεάσασθαι,
954 597 1115 631 τοσοῦτον

80 652 203 702 ἔμελλε
222 653 429 705 παρέξεσθαι
452 652 572 704 φόὸον,
594 652 682 689 ὥστε
708 652 860 703 φεύγειν,
890 654 935 694 ὡς
961 651 1000 688 ἂν
1022 653 1050 688 εἷ
1076 651 1110 694 ἐξ

81 710 249 755 ἀδοκήτου
264 710 468 762 προσέπεσε.

132 769 255 807 Ταῦτα
276 769 310 806 δὲ
331 768 468 810 δικαίως
488 769 631 820 ἐπιτιμᾷ
649 769 717 811 τοῖς
734 770 966 819 συγγραφεῦσι
988 769 1113 805 Ποσει-

80 826 217 872 δώνιος,
239 826 296 864 καὶ
316 828 353 864 οὐ
375 828 488 869 κακῶς
510 826 635 870 εἰκάζει
648 857 656 872 ,
675 825 725 862 ὅτι
748 825 926 876 λῃστρικοὶ
943 825 1035 867 ὄντες
1055 824 1113 862 καὶ

78 884 247 932 πλάνητες
266 887 296 923 οἱ
318 885 482 935 Κίμὸροι,
500 883 558 921 καὶ
576 882 676 935 μέχρι
696 886 762 920 τῶν
780 884 857 934 περὶ
877 882 939 929 τὴν
957 885 1113 921 Μαιῶτιν

80 943 282 988 ποιήσαιντο
299 941 498 993 στρατείαν·
513 943 571 978 ἀπ’
592 943 726 978 ἐκείνων
746 940 780 978 δὲ
805 940 863 978 καὶ
887 943 904 977 ὃ
924 939 1115 991 Κιμμέριος

81 999 225 1046 κληθείη
248 998 432 1050 βόσπορος,
459 992 528 1036 οἷον
554 998 768 1051 Κιμὲρικὸς,
800 998 1014 1050 Κιμμερίους
1037 997 1114 1040 τοὺς

81 1057 260 1108 Κίμὸρους
287 1056 531 1105 ὀνομασάντων
562 1059 630 1093 τῶν
657 1056 849 1102 Ἑλλήνων.
880 1056 979 1102 Φησὶ
1000 1057 1034 1093 δὲ
1056 1056 1115 1094 καὶ

80 1115 199 1159 Βοίους
217 1115 274 1153 τὸν
298 1115 474 1167 Ἑρκύνιον
499 1115 625 1166 δρυμὸν
649 1117 751 1152 οἰκεῖν
775 1115 957 1166 πρότερον·
979 1114 1055 1158 τοὺς
1080 1115 1114 1152 δὲ

81 1175 261 1226 Κίμὸρους
280 1173 498 1225 ὁρμήσαντας
515 1174 570 1210 ἐπὶ
584 1172 641 1210 τὸν
662 1173 766 1210 τόπον
787 1177 920 1219 τοῦτον,
943 1175 1115 1224 ἀποκρου-

82 1233 222 1273 σθέντας
239 1231 303 1267 ὑπὸ
320 1233 386 1267 τῶν
403 1228 514 1269 Βοίων
532 1230 587 1267 ἐπὶ
604 1229 660 1267 τὸν
677 1228 824 1280 Ἴστρον,
842 1230 900 1266 καὶ
914 1229 989 1272 τοὺς
1003 1231 1114 1282 Exop-

81 1290 216 1332 δίσκους
248 1288 409 1331 Γαλάτας
438 1287 651 1333 καταέἧναι·
685 1282 746 1326 εἶτ’
766 1288 822 1326 ἐπὶ
841 1288 1033 1339 Τευριστὰς
1057 1288 1116 1324 καὶ

83 1348 118 1400 (ἢ
131 1350 161 1399 ?)
203 1348 437 1398 Ταυρίσκους,
477 1346 535 1383 καὶ
571 1345 709 1389 τούτους
744 1345 921 1389 Γαλάτας·
962 1340 1023 1383 εἶτ’
1060 1346 1116 1383 ἐπὶ

1065 1404 1097 1417 ts!

82 1405 341 1452 Ἑλουηττίους,
358 1404 596 1456 πολυχρύσους
612 1405 672 1454 μὲν
690 1404 814 1456 ἄνδρας
828 1435 837 1451 ,
855 1403 1045 1456 εἷρηναίους
1062 1418 1114 1441 οε·

81 1467 231 1516 ὁρῶντας
254 1463 288 1499 δὲ
308 1462 363 1499 τὸν
385 1464 423 1499 ἐκ
442 1465 510 1499 τῶν
529 1463 724 1514 λῃστηρίων
749 1465 910 1512 πλοῦτον,
937 1462 1115 1513 ὓπερῧάλ-

80 1523 183 1560 λοντα
202 1524 260 1558 τοῧ
274 1521 355 1572 παρ’
377 1521 523 1569 ἑαυτοῖς,
544 1520 621 1562 τοὺς
641 1520 882 1566 (Ελουηττίους
905 1521 1116 1571 ἐπαρθῆναι,

83 1580 234 1630 μάλιστα
250 1579 277 1615 δ’
297 1580 408 1615 αὐτῶν
427 1578 638 1630 Τιγυρηνούς
657 1594 691 1616 τε
710 1578 769 1616 καὶ
788 1578 986 1629 Τωυγενοὺς
998 1607 1007 1625 ,
1028 1577 1115 1615 ὥστε

83 1638 142 1676 καὶ
163 1637 427 1689 συνεξορμῆσαι.

569 1701 629 1746 76.

137 1777 270 1812 Strabo
289 1777 320 1820 I,
340 1789 380 1823 p.
406 1775 454 1811 58
475 1788 482 1810 :
509 1774 570 1812 Ἐν
589 1774 624 1810 δὲ
654 1777 693 1825 τῇ
715 1774 864 1825 Φοινίκῃ
886 1774 970 1825 φησί
989 1775 1118 1811 Ποσει-

83 1832 199 1875 δώνιος
217 1832 398 1882 γενομένου
420 1836 560 1882 σεισμοῦ
581 1836 819 1877 καταποθῆναι
849 1833 946 1869 πόλιν
976 1831 1117 1883 ἱδρυμέ-

82 1907 141 1936 νην
158 1890 241 1942 ὓπὲρ
263 1889 422 1935 Σιδόνος,
444 1891 502 1926 καὶ
523 1891 626 1935 αὐτῆς
655 1889 689 1926 δὲ
711 1891 848 1932 Σιδόνος
879 1889 1000 1941 σχεδόν
1021 1906 1054 1926 τι
1076 1889 1118 1926 τὰ

83 1948 142 1985 δύο
174 1949 260 1999 μέρη
291 1953 419 1994 πεσεῖν,
443 1948 520 1984 ἀλλ’
557 1948 618 1985 οὐκ
652 1948 800 1998 ἁθρόως,
821 1946 910 1984 ὥστε
945 1947 993 1997 μὴ
1013 1947 1119 1984 πολὺν

83 2005 204 2057 φθόρον
222 2005 410 2056 ἀνθρώπων
429 2004 600 2054 γενέσθαι.
620 2006 671 2044 Τὸ
692 2006 719 2042 δ’
738 2006 820 2042 αὐτὸ
852 2005 958 2048 πάθος
984 2005 1041 2042 καί
1064 2006 1119 2042 ἐπὶ

83 2066 146 2109 ’τὴν
173 2063 301 2115 Συρίαν
322 2062 403 2109 ὅλην
424 2063 579 2109 διέτεινε,
613 2063 756 2115 μετρίως
779 2064 814 2100 δέ
834 2076 919 2106 πως·
956 2063 1051 2110 διέῧη
1085 2063 1119 2100 δὲ

83 2122 142 2160 καὶ
159 2121 214 2158 ἐπί
229 2137 320 2164 τινας
334 2120 456 2166 νήσους
469 2121 530 2164 τάς
551 2136 588 2158 τε
603 2122 787 2164 Κυκλάδας
802 2121 859 2158 καὶ
877 2120 936 2167 τὴν
954 2121 1119 2168 Εύὸοιαν,

85 2232 231 2263 omnibus
244 2232 283 2263 ad
297 2241 448 2263 oceanum
465 2232 680 2263 accolentibus
693 2234 915 2263 communem?
934 2232 1014 2263 Male
1028 2232 1123 2262 etiam

87 2285 283 2324 Clitarchus,
301 2284 421 2324 equites
437 2293 568 2315 narrans
581 2293 750 2315 occursum
774 2285 868 2315 maris
882 2286 1059 2324 spectantes
1079 2284 1123 2314 ci-

87 2336 161 2368 tatis
183 2337 272 2376 equis
288 2336 438 2376 refugisse
453 2338 485 2367 ct
500 2345 590 2376 paene
608 2337 700 2368 fuisse
713 2337 833 2367 afssnxu
850 2337 990 2367 obrutos.
1012 2339 1122 2376 Neque

88 2388 172 2419 enim
188 2389 277 2419 tanta
301 2388 465 2418 celeritate
478 2388 628 2419 accedere
653 2397 740 2418 mare
757 2388 1041 2427 deprehendimus,
1068 2388 1122 2418 sed

87 2439 203 2469 sensim
226 2441 258 2470 et
277 2439 409 2469 latenter
429 2451 436 2470 ι
463 2447 566 2478 neque
585 2438 614 2469 id
642 2439 726 2478 quod
743 2439 832 2469 fieret
857 2438 1014 2479 quotidie,
1041 2441 1072 2470 et
1099 2440 1123 2470 si

87 2490 144 2530 qui
159 2490 379 2529 accessissent,
403 2492 574 2530 antequam
589 2492 783 2528 cerneretur,
806 2500 898 2522 aures
920 2493 1123 2531 personaret,

88 2543 213 2573 tantum
231 2542 332 2582 potuit
348 2542 484 2581 objicere
499 2543 546 2573 his
555 2544 727 2581 terrorem,
748 2544 783 2574 ut
799 2543 887 2582 quasi
905 2543 1124 2582 deimproviso

89 2594 196 2625 oblata
210 2602 242 2624 re
261 2594 363 2633 fugam
378 2594 527 2625 facerent.

132 2647 208 2677 Haec
229 2644 413 2675 Posidonius
435 2644 507 2684 jure
526 2644 557 2676 in
572 2645 779 2685 scriptoribus
803 2646 1013 2686 reprehendit.
1035 2646 1124 2678 Idem

96 2706 160 2729 non
189 2697 295 2736 inepta
322 2696 504 2735 conjectura
524 2697 659 2736 colligit,
687 2698 832 2729 Cimbros
863 2699 1004 2730 homines
1032 2698 1126 2729 fuisse

90 2748 256 2789 praedones
268 2748 300 2778 et
315 2755 407 2786 vagos
419 2748 579 2786 armisque
592 2748 629 2778 ad
648 2749 786 2779 Maeotim
807 2758 908 2788 usque
933 2750 1036 2780 lacum
1050 2758 1124 2789 pro—

92 2791 212 2840 gressos
223 2824 232 2839 ‚
247 2801 278 2830 et
291 2799 386 2830 fuisse
410 2799 450 2830 ab
470 2799 508 2831 iis
524 2800 730 2832 Cimmerium
746 2803 919 2840 Bosporum
938 2803 1124 2833 denomina-

91 2854 162 2884 tum
175 2876 184 2891 ,
199 2851 290 2891 quasi
307 2850 505 2882 Cimbricum
518 2875 527 2890 ,
549 2861 648 2891 qnnm
665 2853 767 2883 Gracci
782 2853 926 2884 Cimbros
942 2854 1127 2885 Cimmerio-

95 2913 166 2935 rum
190 2904 318 2934 nomine
349 2903 499 2935 afficiant.
533 2904 621 2936 ldem
655 2905 814 2944 perhibet,
849 2906 940 2945 Bojos
966 2907 1126 2946 quondam

95 2954 285 2995 Hercyniam
302 2954 466 2986 incoluisse
482 2955 593 2986 silvam
607 2980 616 2994 ,
630 2965 666 2987 ac
680 2957 824 2987 Cimbros
836 2966 935 2996 quum
950 2958 987 2988 ad
1004 2966 1039 2988 ea
1059 2958 1127 2988 loca

94 3015 128 3037 se
143 3006 366 3044 contulissent,
392 3006 432 3036 ab
460 3006 498 3037 iis
520 3007 662 3046 repulsos
683 3007 722 3038 ad
749 3009 865 3038 Istrum
886 3010 918 3039 ct
949 3009 1128 3040 Scordiscos

95 3059 201 3090 Gallos
214 3058 409 3089 descendisse
435 3070 443 3089 ι
463 3057 536 3089 inde
551 3059 591 3089 ad
607 3060 768 3090 Teuristas
789 3068 826 3090 ac
849 3060 984 3099 (sivefl)
1015 3061 1127 3092 Tauri-

95 3118 182 3148 scos,
200 3109 282 3148 ipsos
295 3118 421 3149 quoque
439 3110 546 3141 Gallos
557 3134 565 3149 ,
581 3111 650 3141 tum
664 3110 702 3140 ad
718 3111 893 3149 Helvetios,
906 3111 989 3143 viros
1000 3112 1068 3142 anri
1084 3112 1128 3143 di·

96 3160 196 3198 vites,
213 3161 353 3191 attamen
369 3169 479 3200 pacem
502 3162 570 3191 tum
588 3162 738 3192 colentes.
764 3163 848 3199 HOS,
863 3171 964 3201 quum
984 3162 1127 3194 viderent

98 3212 163 3242 suis
181 3212 316 3250 majores
339 3221 413 3251 opes
438 3213 609 3244 latrociniis
625 3213 827 3244 Cimbrorum
850 3215 1128 3253 partas,·maxime

98 3263 263 3302 'tigurinos
284 3272 321 3294 ac
338 3266 497 3303 Tngenos‚
520 3265 663 3295 animum
689 3265 726 3295 ad
751 3266 872 3305 praedas
896 3266 1065 3307 adjecisse,
1091 3276 1128 3299 ac

101 3315 236 3346 Cimbris
253 3315 374 3347 ltaliam
393 3317 572 3356 petentibus
586 3317 687 3349 socios
700 3326 732 3349 se
745 3317 936 3357 adjunxisse.

1843 308 1857 319 'x

1178 303 1290 351 πηγὰς
1320 305 1633 355 ἀποτυρλιιώῆναι,
1668 313 1808 357 συχναῖς
1840 308 1870 343 0⁷
1900 306 2044 358 ἡμέραις
2073 307 2211 358 ὕστερον

1178 360 1371 397 ἀναὸλύσαι
1387 362 1462 397 κατ’
1483 362 1567 399 ἄλλο
1589 365 1740 413 στόμιον,
1764 364 1810 412 μὴ
1829 364 1998 402 παύεσθαι
2018 365 2052 402 δὲ
2078 365 2211 414 σειομέ-

1177 434 1235 463 νην
1253 417 1314 463 τὴν
1334 421 1435 462 νῆσον
1455 419 1543 455 κατὰ
1570 420 1676 471 μέρη,
1694 422 1772 472 πρὶν
1797 421 1818 467 ἢ
1836 423 1958 472 χάσμα
1978 426 2038 473 γῆς
2057 422 2211 473 ἀνοιχθὲν

1178 478 1211 513 ἐν
1225 478 1273 527 τῷ
1295 475 1465 526 Ληλάντῳ
1485 477 1592 528 πεδίῳ
1623 480 1733 523 πηλοῦ
1764 480 1930 531 διαπύρου
1962 480 2117 530 ποταμὸν
2136 480 2211 526 ἐξή-

1179 549 1273 584 μεσε.

1229 595 1323 628 Rem
1344 594 1460 640 tangit
1488 594 1624 629 Seneca
1642 596 1679 629 in
1696 598 1767 641 Qu.
1790 599 1874 633 Nat.
1895 600 1943 633 VI
1960 626 1969 642 ,
1993 602 2038 639 24
2058 598 2180 633 verbis
2202 611 2211 633 :

1179 653 1281 686 Idem
1307 652 1334 686 S
1337 653 1450 685 {domii
1469 652 1658 694 accidiese,
1676 654 1782 686 crede
1801 655 2004 692 Posidonio.
2025 656 2080 693 (js.
2101 657 2215 690 Nico-

1177 710 1255 745 laus
1273 709 1402 756 fragm.
1421 710 1484 745 80.
1508 709 1642 743 Justin.
1664 711 1745 753 XL,
1772 723 1802 745 1.

1663 804 1723 835 77·

1229 883 1365 919 Strabo
1384 883 1453 926 XI,
1473 895 1510 929 p.
1531 882 1603 924 514
1622 894 1630 919 :
1649 879 1812 930 Τοῦνομα
1833 881 1867 918 δὲ
1893 888 1967 925 ταῖς
1986 883 2130 933 Ῥάγαις
2147 884 2215 922 ἀπὸ

1175 942 1242 976 τῶν
1261 938 1453 990 γενομένων
1475 941 1625 987 σεισμῶν
1642 938 1799 988 γενέσθαι
1813 939 1927 990 φασὶν,
1948 942 2003 992 ὑφ’
2033 936 2078 978 ὧν
2101 942 2216 984 πόλεις

1177 996 1212 1034 δὲ
1232 997 1356 1048 συχναὶ
1373 995 1433 1034 καὶ
1456 999 1573 1045 κῶμαι
1590 996 1781 1047 δισχίλιαι,
1801 996 1845 1039 ὥς
1865 1013 1948 1049 φησι
1970 998 2215 1046 Ποσειδώνιος,

1178 1056 1437 1107 ἀνετράπησαν.
1460 1056 1514 1092 Cf.
1536 1063 1616 1093 not.
1638 1056 1698 1093 ad.
1722 1056 1767 1093 fr.
1794 1069 1829 1104 9.

1231 1115 1285 1152 Cf.
1309 1116 1447 1150 Seneca
1460 1115 1534 1161 Qu.
1550 1115 1633 1150 Nat.
1658 1116 1729 1158 VI,
1754 1127 1798 1149 21
1827 1127 1836 1149 ε
1862 1116 1943 1149 Duo
1960 1125 2215 1161 genez-asum,

1177 1182 1216 1208 ut
1239 1175 1435 1209 Posidonio
1458 1174 1603 1220 placet,
1636 1173 1765 1219 quibus
1784 1181 1944 1208 movetur
1968 1182 2063 1207 terra
2088 1187 2100 1208 :
2122 1178 2216 1209 utri-

1179 1244 1246 1279 (lue
1259 1244 1390 1266 nomen
1403 1240 1458 1266 est
1465 1234 1667 1279 proprium.
1681 1232 1811 1265 Altera
1824 1234 2000 1265 succ-assio
2017 1239 2071 1265 est
2082 1258 2091 1275 ‚
2109 1245 2217 1278 quum

1179 1303 1275 1329 terra
1292 1298 1459 1341 quatitur,
1488 1303 1523 1329 et
1536 1306 1678 1329 sarsum
1707 1302 1743 1328 el
1760 1294 1926 1329 deorsum
1952 1302 2113 1328 movetur
2131 1308 2143 1329 :
2167 1297 2220 1329 al-

1181 1361 1259 1386 tera
1280 1353 1478 1398 inclinatio,
1500 1366 1584 1399 quoe
1604 1357 1641 1387 itz
1660 1353 1776 1388 latera
1794 1360 1913 1395 nutat,
1940 1356 2080 1398 navigii
2107 1366 2218 1392 more.

1180 1411 1265 1445 Illas
1290 1408 1460 1459 βράστας,
1478 1411 1542 1445 has
1563 1409 1760 1451 ἐπικλίντας
1795 1411 1914 1446 Graeci
1943 1410 2084 1447 dicunt.
2109 1412 2219 1447 Cete-

1181 1481 1264 1502 rum
1291 1470 1428 1504 Seneca
1459 1481 1522 1504 sua
1541 1469 1642 1504 haud
1663 1469 1778 1504 dubie
1796 1469 1930 1517 petivit
1949 1480 1969 1504 e
1988 1469 2219 1519 Mleteorolo-

1179 1527 1281 1574 gicis.
1305 1527 1359 1564 Cf.
1375 1527 1485 1574 Diog.
1500 1529 1622 1564 Laert.
1644 1529 1729 1576 VII,
1757 1533 1841 1570 154.

1673 1625 1733 1670 78.

1232 1717 1365 1752 Strabo
1382 1718 1450 1763 VI,
1466 1729 1502 1763 p.
1525 1717 1598 1762 276
1611 1744 1619 1760 ‚
1640 1717 1686 1752 de
1706 1718 1831 1752 insulis
1850 1718 2023 1765 Lipal‘aeis
2044 1729 2052 1754 ε
2071 1715 2216 1755 Πολλά-

1180 1788 1230 1815 κις
1252 1773 1286 1809 δὲ
1304 1773 1361 1810 καὶ
1384 1772 1506 1824 φλόγες
1530 1775 1576 1815 εἷς
1591 1773 1653 1819 τὴν
1674 1775 1873 1825 ἐπιφάνειαν
1895 1778 1952 1810 τοῦ
1973 1774 2142 1824 πελάγους
2157 1778 2217 1813 τοῦ

1181 1830 1259 1881 περὶ
1297 1830 1354 1872 τὰς
1373 1830 1495 1876 νήσους
1529 1830 1694 1882 ὤφθησαν
1725 1833 1975 1884 ἐπιδραμοῧσαι
1990 1861 1999 1877 ,
2033 1834 2100 1869 τῶν
2127 1834 2216 1870 κατὰ

1184 1888 1303 1939 βάθους
1323 1890 1458 1925 κοιλιῶν
1481 1889 1778 1938 ἀναστομωθέντος
1796 1890 1899 1939 πόρου
1932 1889 2042 1936 τινὸς,
2071 1890 2130 1927 καὶ
2157 1895 2216 1929 τοῦ

1180 1946 1283 1997 πυρὸς
1300 1946 1512 1996 βιασαμένου
1531 1947 1614 1999 πρὸς
1629 1947 1666 1984 τὸ
1693 1947 1801 1990 ἐκτός.
1826 1947 2054 1991 Ποσειδώνιος
2075 1948 2109 1986 δὲ
2127 1949 2217 1987 κατὰ

1181 2004 1242 2050 τὴν
1264 2007 1385 2041 ἑαυτοῦ
1411 2005 1550 2054 μνήμην
1577 2006 1660 2056 φησὶ
1681 2006 1759 2058 περὶ
1779 2006 1907 2057 τροπὰς
1931 2006 2061 2056 θερινὰς
2078 2007 2152 2056 ἅμα
2173 2010 2217 2060 τῇ

1182 2063 1227 2114 ἕῳ
1243 2062 1369 2112 μεταξὺ
1390 2066 1449 2108 τ’ῆς
1471 2062 1582 2114 Ἱερᾶς
1599 2064 1657 2100 καὶ
1674 2067 1733 2109 τῆς
1750 2063 1937 2113 Εὐωνύμου
1957 2064 2039 2116 πρὸς
2058 2064 2140 2117 ὕψος
2156 2066 2217 2117 ἀρ-

1184 2124 1299 2157 θεῖσαν
1319 2120 1462 2164 ἐξαίσιον
1478 2120 1538 2165 τὴν
1556 2122 1729 2158 θάλατταν
1744 2124 1929 2173 ὁραθῆναι,
1957 2122 2016 2159 καὶ
2031 2123 2218 2172 συμμεῖναί

1674 2236 1691 2265 7
1699 2235 1733 2265 6.

1224 2291 1259 2320 In
1279 2289 1428 2319 Plisenice
1449 2288 1558 2319 scribit
1583 2289 1765 2321 Posidonius
1784 2291 1878 2321 terrm
1895 2292 1982 2321 motu
2010 2291 2091 2322 sacto
2105 2292 2217 2323 urbem

1183 2341 1365 2380 absorptam
1389 2340 1483 2371 fnisse
1506 2349 1600 2379 supra
1618 2340 1766 2371 Sidonem
1785 2342 1896 2380 sitam,
1925 2342 2083 2382 ipsiusque
2095 2343 2219 2375 Sidonis

1183 2392 1338 2422 corruisse
1356 2392 1420 2421 sere
1442 2391 1582 2429 bessem,
1600 2400 1663 2421 non
1689 2393 1856 2423 confertim
1882 2394 2008 2432 tamen,
2031 2402 2132 2433 eoque
2154 2404 2218 2425 non

1182 2450 1331 2481 magnam
1351 2441 1514 2472 hominum
1535 2441 1656 2472 cladem
1673 2443 1831 2474 accidisse.
1848 2443 1883 2474 ld
1899 2445 2002 2474 autem
2027 2444 2099 2475 mali
2117 2446 2217 2476 totam

1184 2492 1328 2532 Syriam,
1357 2491 1558 2522 mediocriter
1582 2493 1710 2530 tamen,
1742 2493 1901 2531 pervasit,
1928 2494 1960 2524 et
1976 2494 2078 2532 attigit
2102 2495 2219 2527 insulas

1183 2544 1334 2584 quasdam
1363 2543 1402 2574 de
1423 2543 1613 2582 Cycladibus
1635 2557 1641 2573 :
1660 2545 1691 2574 et
1708 2544 1738 2574 in
1758 2545 1875 2575 Euboea
1896 2545 1937 2576 ita
1951 2554 1983 2576 se
2000 2546 2155 2585 exseruit,
2182 2549 2218 2579 nt

1184 2596 1285 2626 sontes
1297 2595 1479 2630 Arethusae,
1496 2603 1567 2634 quae
1581 2595 1612 2625 in
1627 2595 1775 2626 Chalcide
1789 2598 1847 2634 est,
1861 2596 2001 2627 obturati
2015 2597 2129 2629 suerint
2140 2622 2148 2637 ,
2163 2599 2218 2638 qui

1185 2647 1253 2677 sons
1273 2646 1380 2677 multis
1393 2647 1464 2685 post
1477 2645 1589 2676 diebus
1603 2646 1663 2676 alia
1675 2646 1778 2686 erupit
1791 2647 1979 2687 scaturigine
1998 2660 2005 2679 :
2026 2657 2130 2688 neque
2145 2652 2218 2681 ante

1183 2698 1273 2729 desiit
1288 2698 1388 2729 insula
1405 2707 1459 2737 per
1473 2700 1576 2737 partes
1596 2699 1744 2736 concuti,
1760 2708 1854 2738 quam
1874 2699 1980 2731 hiatus
1997 2701 2091 2732 terrae
2108 2701 2140 2732 in
2159 2703 2217 2733 Le-

1183 2750 1269 2780 lanto
1285 2758 1397 2789 campo
1414 2750 1541 2788 apertus
1555 2748 1689 2779 ssuvium
1704 2749 1760 2780 luti
1774 2750 1862 2789 igniti
1880 2751 2034 2784 evomuit.

1677 2804 1732 2834 77.

1225 2860 1346 2889 Nomen
1361 2858 1476 2897 Rhagis
1489 2858 1499 2897 (
1512 2859 1686 2898 [rupturas
1709 2857 1846 2898 diceres)
1864 2868 1882 2890 a
1898 2861 1991 2891 terrae
2012 2860 2151 2891 motibus
2170 2861 2216 2892 fa-

1186 2912 1273 2941 ctum
1288 2910 1394 2947 aiunt,
1406 2910 1521 2949 quibus
1532 2910 1627 2942 urbes
1644 2910 1823 2950 complures
1836 2914 1868 2943 et
1880 2920 1974 2952 pagos
1986 2912 2034 2944 bis
2047 2913 2133 2944 mille
2144 2913 2217 2944 sub-

1185 2969 1292 2992 versos
1306 2969 1372 2991 esse
1389 2960 1571 2992 Posidonius
1583 2960 1704 2992 scribit.

1675 3012 1733 3043 78.

1227 3065 1452 3103 Saepenumero
1468 3063 1565 3095 etiam
1587 3064 1619 3095 in
1644 3064 1808 3106 superficie
1827 3065 1938 3104 maris,
1965 3065 2049 3105 quod
2071 3067 2118 3097 est
2133 3066 2216 3097 circa

1186 3114 1303 3146 insulas
1313 3115 1387 3146 istas
1399 3140 1408 3155 ,
1425 3116 1600 3148 discurrere
1614 3117 1756 3148 flammas
1768 3117 2020 3148 animadversum
2035 3119 2099 3156 est,
2116 3127 2215 3157 quum

1186 3176 1413 3208 cavernarum,
1435 3169 1551 3209 quibus
1571 3170 1649 3210 ignis
1671 3170 1702 3201 in
1724 3169 1881 3210 profundo
1902 3169 2090 3208 continetur,
2109 3172 2214 3200 meatu

1187 3218 1292 3258 aliquo
1309 3221 1431 3251 recluso
1445 3221 1527 3252 foras
1551 3221 1581 3251 vi
1596 3222 1750 3261 prorupit.
1773 3221 1956 3252 Posidonius
1973 3221 2122 3260 scriptum
2140 3220 2213 3250 reli-

1187 3271 1271 3310 quit,
1289 3280 1345 3302 sua
1358 3273 1452 3303 aetate
1468 3272 1550 3303 circa
1564 3273 1732 3304 solstitium
1752 3273 1896 3303 festivum
1907 3296 1914 3310 ‚
1930 3272 2030 3311 prima
2043 3272 2113 3301 luce
2133 3271 2214 3302 inter

1190 3323 1316 3353 llieram
1340 3325 1371 3353 et
1394 3325 1596 3362 Euonymum
1617 3332 1703 3355 mare
1727 3325 1929 3362 conspectum
1956 3322 2047 3353 fnisse
2071 3322 2109 3352 ad
2126 3331 2211 3352 mon-
