2338 3765
947 195 1275 233 1⁴‘1tAGMissN'i·A.
2098 208 2166 238 5:37

54 282 128 323 τοὺς
140 280 317 330 Μεγάλους
333 282 508 322 Αὐλῶνας.
527 279 756 331 Ἀφικομένων
769 279 803 315 δὲ
818 279 899 329 πρὸς
914 280 968 315 τὸν
985 279 1080 330 ΙΙάρ-

54 344 107 376 0ον
127 338 184 375 καὶ
200 337 294 387 παρὰ
313 337 508 375 Λευκόλλου
527 337 719 388 πρέσὸεων,
739 339 805 378 τοῖς
821 336 882 385 μὲν
895 336 1082 385 Ῥωμαίοις

55 394 122 447 ἰδίᾳ
136 395 227 446 φίλος
253 391 340 431 εἶναι
359 395 565 445 ὑπεκρίνατο
585 394 643 431 καὶ
666 394 849 444 σύμμαχος
864 424 872 440 ,
894 394 962 445 ἰδία
983 393 1016 430 δὲ
1039 393 1081 430 τὰ

54 453 138 506 αὐτὰ
155 451 238 503 πρὸς
255 451 331 493 τοὺς
355 451 549 501 Ἀρμενίους
572 452 744 488 διετίθετο.

108 512 200 548 LlX.
233 509 277 546 ‘O
299 507 332 545 δὲ
354 507 393 554 δὴ

51 569 152 616 τιμῆς
165 566 260 616 παρὰ
277 569 335 610 τῆς
350 565 542 615 συγκλήτου
557 566 719 616 τυγχάνει
733 566 894 607 Ποντικὸς
911 564 1082 615 αὐτοκρά-

904 622 1080 666 Διαὸολῆς

53 682 86 718 δὲ
112 683 156 723 εἰς
187 683 247 726 τὴν
266 680 407 730 Ἱ)ώμην
429 680 697 731 ἀφικνουμένης,
723 683 768 722 ὡς
794 680 925 717 οἰκείων
950 680 1079 730 κερδῶν

417 508 548 551 Κόττας
563 512 606 551 ὡς
621 511 666 550 εἰς
678 508 738 553 τὴν
759 507 901 557 Ῥώμην
921 507 1059 558 ἀφίκετο
1072 536 1081 553 ,

52 639 120 674 τωρ
141 626 337 670 καλεῖσθαι,
364 623 414 658 ὅτι
449 621 519 658 ἕλοι
540 622 600 667 τὴν
623 623 846 674 Ἡράκλειαν.

52 739 150 776 ἕνεκα
169 738 376 784 τηλικαύτην
398 737 494 773 πόλιν
518 737 751 788 ἐξαφανίσειε,
774 738 872 786 μῖσός
903 753 939 773 τε
973 736 1081 784 δημό-

53 812 122 833 σιον
153 795 348 845 ἐλάμῧανε,
376 795 434 832 καὶ
469 797 485 831 ὃ
515 795 592 845 περὶ
627 795 726 832 αὐτὸν
758 800 913 838 τοσοῦτος
938 798 1082 836 πλοῦτος

52 853 170 904 φθόνον
202 853 365 890 ἀνεκίνει·
395 852 444 889 διὸ
464 852 523 889 καὶ
543 853 657 888 πολλὰ
689 855 755 889 τῶν
789 853 949 904 λαφύρων
973 854 1018 894 εἷς
1043 852 1080 888 τὸ

51 913 117 948 τῶν
137 910 323 958 (Ρωμαίων
336 909 523 958 εἷσεκόμιζε
541 910 710 958 ταμιεῖον,
728 910 784 946 τὸν
806 910 861 946 ἐπὶ
882 913 927 961 τῷ
943 909 1080 960 πλούτῳ

54 968 172 1020 φθόνον
207 968 397 1018 ἐκκρούων,
432 969 459 1003 εἰ
486 967 544 1003 καὶ
582 968 686 1016 μηδὲν
720 967 840 1010 αὐτοὺς
872 968 1078 1018 πραοτέρους

54 1025 296 1076 ἀπειργάζετο,
318 1025 387 1062 ἀπὸ
405 1027 540 1062 πολλῶν
564 1025 661 1074 ὀλίγα
682 1024 793 1073 νέμειν
819 1024 1080 1074 ὓπολαμῧάνον-

52 1099 124 1126 τας.
144 1083 384 1134 Ἔψηφίσαντο
406 1081 440 1119 δὲ
461 1084 583 1119 αὐτίκα
599 1085 656 1119 καὶ
671 1083 745 1124 τοὺς
762 1083 1003 1133 αἰχμαλώτους
1019 1085 1079 1127 τῆς

56 1140 267 1192 εΗρακλείας
299 1140 472 1192 ἀφίεσθαι.
533 1142 572 1189 (2)
611 1141 847 1191 Θρασυμήδης
878 1139 913 1177 δὲ
947 1143 1012 1177 τῶν
1045 1140 1078 1183 ἐξ

56 1198 265 1250 (Ηρακλείας
279 1193 324 1241 εἷς
345 1197 580 1249 κατηγόρησεν
603 1198 655 1235 ἐπ’
671 1198 855 1243 ἐκκλησίας
868 1202 925 1235 τοῦ
944 1198 1079 1244 Κόττα,

53 1257 114 1298 τάς
142 1270 179 1292 τε
198 1258 258 1300 τ’ῆς
277 1255 408 1298 πόλεως
439 1255 680 1305 εἰσηγούμενος
708 1256 789 1307 πρὸς
812 1255 1005 1304 Ῥωμαίους
1024 1257 1080 1292 εὐ-

53 1313 163 1359 νοίας,
183 1313 241 1351 καὶ
261 1312 292 1350 εἴ
314 1328 346 1350 τι
368 1311 496 1357 ταύτης
522 1313 751 1360 ἀποκλίνοιεν,
773 1314 849 1363 οὐχὶ
868 1315 989 1362 γνώμη
1020 1316 1079 1357 τῆς

51 1371 183 1414 πόλεως
196 1374 295 1407 τοῦτο
312 1371 408 1421 δρᾶν,
428 1370 504 1407 ἀλλ’
524 1369 646 1415 ἥτινος
668 1372 734 1407 τῶν
753 1370 990 1422 ἐφεστηκότων
1011 1371 1079 1412 τοῖς

55 1430 257 1481 πράγμασιν
278 1427 430 1480 ἐξαπάτῃ
448 1428 468 1474 ἢ
487 1428 544 1465 καὶ
558 1428 615 1479 βίᾳ
629 1431 695 1465 τῶν
715 1429 952 1478 ἐπιτιθεμένων
964 1444 971 1451 ·
985 1430 1078 1478 ἀπῳ-

51 1489 181 1532 κτίζετο
200 1487 234 1525 δὲ
253 1487 310 1525 τόν
337 1503 372 1524 τε
389 1490 448 1532 τῆς
467 1487 598 1529 πόλεως
625 1487 845 1538 ἐμπρησμὸν,
872 1488 930 1524 καὶ
958 1487 1021 1523 ὅσα
1042 1486 1079 1523 τὸ

51 1550 119 1597 πῦρ
141 1546 324 1598 ἀφανίσαι·
343 1545 433 1587 ὅπως
453 1560 487 1582 τε
502 1545 544 1582 τὰ
569 1545 756 1594 ἀγάλματα
780 1546 914 1588 Κόττας
938 1545 1080 1596 καθῄρει

52 1605 111 1642 καὶ
144 1605 238 1642 λείαν
271 1606 440 1652 ἐποιεῖτο,
482 1603 559 1645 τούς
591 1619 627 1640 τε
666 1603 765 1646 ναοὺς
794 1603 950 1640 κατέσπα
965 1634 975 1650 ,
1021 1603 1079 1640 καὶ

52 1661 115 1700 ὅσα
130 1663 218 1699 ἄλλα
244 1663 286 1698 δι’
307 1661 482 1710 ὠμότητος
506 1660 611 1698 ἐλθὼν
636 1661 838 1711 ἐπεπράγει·
859 1661 914 1698 τόν
942 1676 977 1697 τε
1001 1676 1081 1712 χρυ-

53 1721 110 1758 σὸν
131 1720 188 1757 καὶ
205 1719 260 1757 τὸν
283 1719 427 1770 ἄργυρον
445 1722 505 1764 τῆς
519 1719 649 1760 πόλεως
665 1719 870 1769 ἀναγράφων
889 1720 1079 1769 ἀναρίθμη-

51 1793 120 1824 τον,
140 1777 198 1814 καὶ
223 1776 284 1822 τὴν
313 1777 420 1821 ἄλλην
449 1780 509 1822 τῆς
536 1776 743 1827 ἹΙρακλείας
773 1776 813 1821 ἢν
842 1776 1081 1828 ἐσφετερίσατο

53 1835 287 1883 εὐδαιμονίαν.
347 1835 388 1883 (3)
409 1836 562 1871 Τοιαῦτα
577 1838 635 1870 τοῦ
661 1834 914 1884 Θρασυμήδους
930 1834 1002 1882 μετ’
1029 1836 1081 1870 οἷ-

55 1896 172 1942 μωγῆς
191 1892 249 1929 καὶ
285 1892 440 1942 δακρύων
464 1892 714 1937 διεληλυθότος,
742 1892 800 1928 καὶ
822 1894 888 1929 τῶν
905 1891 1080 1941 ἡγεμόνιον

54 1950 327 1987 ἓπικλασθέντων
345 1952 392 2000 τῷ
413 1949 514 1985 πάθει
536 1949 614 1996 (καὶ
631 1948 695 1999 γὰρ
713 1951 865 1999 παρῆλθε
879 1950 936 1985 καὶ
953 1950 989 1985 τὸ
1016 1952 1081 1985 τῶν

54 2007 285 2059 αἰχμαλώτων
306 2009 433 2052 πλῆθος
447 2036 456 2052 ,
477 2006 593 2058 ἄνδρες
622 2010 706 2055 ὁμοῦ
733 2007 790 2043 καὶ
809 2008 964 2056 γυναῖκες
996 2007 1082 2056 μετὰ

53 2066 194 2115 τέκνων,
221 2069 255 2103 ἐν
276 2068 449 2114 πενθίμοις
482 2065 660 2111 ἐσθήσεσι,
681 2065 825 2106 θαλλοὺς
845 2065 989 2107 ἱκεσίους
1008 2066 1080 2114 μετ’

54 2124 253 2176 ὀλοφυρμῶν
269 2123 532 2173 προτείνοντες),
549 2123 803 2175 ἀντιπαρελθὼν
819 2126 836 2159 ὃ
854 2123 986 2165 Κόττας
999 2126 1081 2173 βρα-

53 2181 118 2232 χέα
136 2185 177 2232 τῇ
199 2180 334 2232 πατρίῳ
354 2179 511 2231 διελέχθη
542 2181 677 2230 γλώττῃ
690 2212 698 2227 ,
720 2175 793 2217 εἶτα
809 2180 986 2225 ἐκαθέσθη.
1014 2180 1082 2218 Καὶ

57 2240 206 2291 Κοίρὸων
221 2239 380 2285 ἀναστὰς,
398 2257 412 2272 «
431 2239 571 2288 Ἡμεῖς,
588 2233 615 2276 ὦ
636 2241 767 2288 Κόττα,
793 2258 807 2273 »
829 2239 932 2291 φησὶ,
953 2259 967 2272 α
986 2239 1083 2276 πόλιν

55 2300 141 2336 ἑλεῖν
174 2299 247 2337 ἀλλ’
267 2299 345 2350 οὐχὶ
364 2299 518 2336 καθελεῖν
548 2299 795 2351 ἐπετρέψαμεν.
820 2318 834 2332 »
861 2301 953 2337 Μετ’
984 2298 1084 2335 αὐτὸν

55 2356 90 2394 δὲ
111 2357 168 2394 καὶ
184 2356 282 2394 ἄλλοι
303 2357 427 2406 ὁμοίως
448 2356 584 2395 Κότταν
610 2358 811 2408 ᾐτιάσαντο.
873 2360 911 2406 (4)
936 2357 1085 2399 Πολλοῖς

58 2413 119 2462 μὲν
146 2408 203 2451 οὖν
224 2413 315 2457 ἄξιος
343 2417 359 2450 ὁ
384 2414 515 2456 Κόττας
543 2414 651 2451 ἐδόκει
683 2417 807 2466 φυγῆς·
843 2414 1086 2465 μετριάσαντες

57 2471 86 2508 δ’
107 2472 198 2520 ὅμως
216 2472 475 2524 ἀπεψηφίσαντο
501 2471 561 2516 τὴν
580 2472 805 2521 πλατύσημον
827 2473 947 2508 αὐτοῦ·
973 2471 1085 2522 ‘lipot-

57 2528 223 2572 κλεώταις
249 2530 282 2566 δὲ
296 2529 358 2575 τὴν
378 2529 496 2580 χώραν
518 2529 576 2566 καὶ
590 2529 651 2575 τὴν
667 2530 844 2567 θάλασσαν
864 2529 921 2566 καὶ
940 2529 1015 2571 τοὺς
1034 2531 1084 2565 λι-

60 2587 166 2635 μένας
201 2587 502 2633 ἀποκατέστησαν,
530 2587 588 2624 καὶ
615 2589 744 2636 μηδένα
772 2587 940 2625 δουλεύειν
974 2589 1084 2638 ψῆφον

59 2645 182 2683 ἔθεντο.

112 2704 191 2740 LX.
222 2705 343 2740 Ταῦτα
362 2701 617 2753 Θρασυμήδους
637 2702 910 2753 διαπραξαμένου
926 2733 934 2750 ,
953 2702 1009 2739 ἐπὶ
1026 2701 1086 2741 τὴν

58 2760 207 2811 πατρίδα
233 2759 293 2808 μὲν
319 2759 394 2801 τοὺς
414 2759 559 2801 πολλοὺς
582 2759 790 2810 ἐξέπεμψεν·
813 2761 912 2802 αὐτὸς
942 2759 975 2796 δὲ
998 2759 1086 2808 μετὰ

60 2816 270 2867 Βριθαγόρου
292 2832 327 2853 τε
348 2816 407 2853 καὶ
435 2816 619 2867 Προπύλου
640 2818 738 2867 (παῖς
764 2818 791 2853 δ’
812 2811 852 2863 ἦν
872 2820 888 2853 ὅ
907 2817 1088 2868 Πρόπυλος

60 2874 289 2925 Βριθαγόρου)
320 2874 410 2911 κατὰ
441 2874 517 2916 τοὺς
551 2875 625 2920 ἑξῆς
656 2875 824 2923 ἐπιμένων
856 2875 1015 2925 χρόνους,
1047 2874 1088 2910 τὰ

1115 2308 1120 2570 Ι

1144 287 1239 317 valles
1254 288 1363 318 ditioni
1378 298 1442 319 sua*
1460 291 1489 319 nt
1507 290 1684 329 permittat,
1699 291 1847 330 expo-(tit.
1865 294 1970 328 Quum
1989 300 2062 322 vero
2078 293 2171 322 etiam

1143 345 1267 374 Luculli
1292 346 1330 375 ad
1359 346 1509 376 l’artlium
1535 348 1625 385 legati
1654 349 1829 387 venissent,
1862 349 2009 380 Romanis
2033 358 2171 380 seorsum

1142 401 1281 431 amicum
1297 404 1327 432 et
1340 403 1458 433 socium
1481 412 1513 433 se
1532 413 1598 435 csse
1621 405 1725 444 tingit,
1743 415 1882 436 seorsum
1899 407 1991 437 etiam
2009 406 2116 437 cadem
2133 407 2171 437 ad

1144 459 1327 488 Armenium
1347 460 1482 490 simulat.

1186 517 1266 546 le.
1294 518 1414 547 lnterea
1437 519 1569 548 Romam
1594 519 1687 549 Cotta
1704 528 1859 554 reversus,
1886 520 2003 551 bonore
2025 529 2042 550 a
2062 521 2172 551 senatu

1142 578 1289 616 allicitur,
1305 581 1336 609 et
1352 580 1471 610 l‘ontiei
1490 584 1717 621 cognomento,
1731 584 1815 622 qnod
1832 585 2010 615 Heracleam
2025 585 2172 623 cepisset,

1143 642 1340 673 nobilitatur.
1357 646 1394 674 At
1409 645 1459 675 nbi
1482 646 1605 677 sinistra
1623 647 1690 686 ejus
1707 650 1789 678 tama
1808 650 1940 679 Romam
1961 650 2118 689 pervenit,
2140 651 2174 680 ut

1142 708 1195 747 qui
1209 708 1254 738 sui
1280 708 1359 738 lucri
1375 716 1469 738 causa
1486 711 1549 738 tam
1565 710 1710 740 eximiam
1729 712 1838 742 urbem
1855 713 2034 752 evcrtisset,
2060 714 2091 744 in
2115 723 2173 753 pu-

1142 774 1260 805 blicum
1276 774 1453 806 incurrebat
1469 776 1594 815 odium,
1611 777 1823 818 invidiamque
1841 781 1935 811 tantm
1953 782 1978 811 ei
1992 790 2067 821 opes
2080 782 2172 812 adan-

1142 840 1267 879 gebant.
1290 840 1390 879 Cujus
1404 841 1579 872 declinandi
1592 852 1685 874 causa
1699 846 1846 884 pleraque
1867 846 1897 877 in
1915 850 2060 879 aerarium
2076 849 2174 888 spolia

1142 904 1268 943 retulit,
1288 905 1409 935 tametsi
1424 905 1520 935 nihilo
1539 907 1677 938 mitiores
1690 908 1720 938 in
1731 917 1763 939 se
1776 912 1929 941 Romanos
1943 913 2002 943 lioc
2017 914 2151 944 efficeret
2162 937 2172 951 ,

1141 969 1216 1000 dnm
1233 978 1250 1000 e
1275 971 1419 1009 plurimis
1445 979 1516 1001 eum
1544 980 1644 1010 pauca
1669 974 1782 1004 referre
1806 984 1985 1014 persuasum
2010 978 2172 1010 haberent.

1141 1037 1290 1075 Captivos
1300 1037 1394 1067 etiam
1408 1038 1570 1068 Heracleae
1583 1039 1687 1068 statim
1703 1038 1904 1072 dimittendos
1914 1043 2038 1074 decreto
2050 1044 2174 1083 publico

1141 1100 1310 1132 sciverunt.
1331 1102 1374 1141 (2)
1398 1102 1629 1142 Thrasymedes
1644 1104 1784 1144 insuper,
1814 1107 2055 1140 Heracliensium
2075 1119 2173 1147 unus,

1141 1176 1196 1206 pro
1213 1169 1363 1199 concione
1377 1169 1506 1199 Cottam
1524 1169 1651 1208 publice
1673 1174 1798 1201 accusat
1812 1173 1843 1202 et
1865 1173 1999 1205 civitatis
2021 1183 2086 1206 suae
2104 1184 2175 1215 erga

1140 1234 1298 1264 Romanos
1320 1233 1572 1264 benevolentiam
1596 1236 1846 1266 commemorat:
1864 1237 1934 1268 etsi
1956 1239 2030 1276 qnid
2054 1240 2093 1270 ab
2119 1241 2176 1271 liac

1140 1298 1335 1337 remiserint,
1369 1308 1433 1329 non
1466 1299 1603 1330 civitatis
1637 1301 1820 1338 voluntate,
1856 1302 1907 1332 sed
1938 1305 2175 1341 magistratuum

1141 1362 1251 1393 fraude
1263 1363 1294 1393 et
1311 1362 1562 1394 adversariorum
1586 1363 1617 1393 vi
1645 1356 1764 1394 factum
1789 1374 1864 1396 esse.
1889 1366 2055 1398 Miserabili
2082 1370 2176 1400 etiam

1140 1426 1267 1464 querela
1283 1427 1323 1457 ol)
1337 1427 1444 1458 oculos
1458 1428 1546 1466 ponit
1562 1428 1650 1459 urbis
1674 1428 1954 1461 inflammationem
1967 1455 1974 1469 ‚
1992 1434 2131 1472 quotque
2147 1435 2178 1464 et

1141 1493 1260 1531 quanta
1289 1492 1469 1523 incendium
1493 1494 1638 1524 evastarit
1660 1504 1666 1524 :
1694 1495 1792 1533 utque
1817 1496 1990 1526 simulacra
2008 1498 2099 1527 Cotta
2123 1498 2177 1529 de-

1141 1558 1263 1592 structa
1274 1557 1411 1596 praedam
1427 1558 1484 1587 sibi
1504 1558 1623 1595 fecerit,
1639 1560 1670 1589 et
1683 1559 1766 1590 aedes
1779 1568 1881 1591 sacras
1894 1560 2041 1599 diruerit,
2060 1563 2091 1592 et
2105 1571 2176 1593 sex-

1148 1626 1238 1655 centa
1252 1625 1312 1654 alia
1329 1624 1579 1655 ciudelissimum
1595 1625 1625 1654 in
1639 1625 1768 1655 modum
1788 1627 1959 1665 peregerit3
1974 1627 2013 1657 ad
2027 1628 2095 1658 baec
2107 1629 2175 1658 auri

1150 1691 1181 1720 ct
1212 1692 1330 1728 argenti
1356 1689 1513 1719 infinitum
1537 1698 1633 1728 prope
1655 1699 1840 1729 numerum,
1867 1692 2067 1731 ceteramque
2093 1693 2179 1724 urbis

1152 1755 1351 1792 felicitatem,
1377 1763 1471 1793 qnam
1489 1754 1519 1784 in
1534 1764 1625 1785 suum
1645 1755 1693 1785 illc
1713 1756 1913 1786 commodum
1938 1757 2108 1796 averterit,
2126 1766 2176 1788 re-

1143 1821 1300 1852 censebat.
1323 1821 1365 1859 (3)
1383 1821 1438 1851 His
1453 1829 1470 1851 a
1483 1820 1692 1859 Thrasymedc
1708 1829 1779 1851 cum
1795 1821 1939 1852 lamentis
1955 1825 1985 1853 et
1998 1822 2071 1853 ssetu
2087 1831 2175 1854 com-

1144 1886 1325 1916 memoratis
1336 1886 1367 1917 et
1379 1885 1583 1924 optimatibus
1595 1887 1806 1916 Romanorum
1821 1886 1858 1916 ad
1871 1887 2175 1919 commiserationem

1144 1960 1233 1982 casus
1257 1952 1340 1982 illius
1370 1951 1497 1982 inflexis
1523 1952 1712 1990 (accesserat
1731 1952 1813 1982 enini
1836 1954 2030 1992 captivorum
2053 1962 2178 1994 quoque

1144 2018 1331 2056 multitudo,
1349 2018 1407 2048 viri
1424 2019 1455 2048 et
1482 2019 1633 2048 matronae
1648 2027 1719 2048 cum
1736 2019 1857 2057 liberis,
1877 2019 2061 2058 lugubribus
2081 2020 2176 2050 vesti-

1145 2083 1258 2114 mentis
1279 2083 1406 2121 amicti,
1422 2084 1452 2113 et
1471 2083 1643 2122 supplices,
1660 2093 1730 2113 erm
1745 2084 1861 2122 ejulatu
1876 2092 1941 2123 prae
1963 2093 1996 2115 se
2016 2084 2178 2115 tondentes

1144 2150 1235 2180 olivfe
1246 2150 1378 2188 ramos),
1389 2158 1567 2189 progressus
1579 2151 1688 2181 contra
1701 2150 1732 2180 in
1747 2149 1883 2181 medium
1896 2151 2000 2187 Cotta,
2010 2150 2062 2180 ubi
2075 2159 2173 2189 pauca

1145 2214 1248 2252 lingua
1273 2214 1372 2252 patria
1397 2213 1611 2252 disseruisset,
1636 2214 1749 2245 resedit
1779 2214 1835 2244 :et
1859 2222 2030 2253 exsurgens
2046 2213 2148 2244 Carbo
2168 2223 2176 2244 :

1148 2289 1161 2302 «
1178 2277 1256 2314 Nos,
1272 2275 1384 2315 inquit,
1400 2277 1504 2314 Cotta,
1518 2275 1700 2315 capiendam
1717 2276 1786 2313 tibi,
1798 2284 1860 2306 non
1872 2275 2113 2307 exscindendam
2126 2285 2175 2307 ur-

1151 2337 1221 2368 bem
1238 2337 1508 2368 demandavimus.
1525 2350 1539 2364 »
1552 2338 1592 2368 Et
1606 2338 1674 2376 post
1688 2346 1759 2367 eum
1773 2337 1824 2367 alii
1840 2337 1993 2368 consimili
2007 2337 2038 2367 in
2052 2338 2176 2368 Cottam

1143 2400 1363 2430 criminatione
1376 2402 1449 2430 sunt
1467 2400 1592 2430 invecti.
1612 2400 1653 2438 (4)
1668 2399 1774 2430 Multis
1790 2399 1884 2438 igitur
1897 2400 1988 2431 exilio
2004 2399 2115 2438 dignus
2128 2399 2175 2429 vi·

1146 2463 1278 2493 debatur
1304 2476 1310 2493 :
1338 2462 1552 2493 moderatione
1569 2464 1673 2493 tamen
1696 2461 1853 2499 adhibita,
1880 2462 1979 2493 latum
2003 2462 2030 2492 ei
2052 2462 2176 2492 clavum

1146 2526 1315 2564 abrogant3
1337 2525 1586 2556 Heracliensibus
1611 2533 1686 2555 vero
1709 2533 1819 2563 agrum
1845 2525 1877 2555 et
1898 2532 1984 2554 mare
2009 2525 2041 2555 et
2068 2525 2177 2563 portus

1148 2588 1333 2626 restituunt,
1351 2588 1512 2627 rogatione
1525 2587 1662 2627 perlata,
1681 2588 1716 2617 ut
1730 2595 1822 2617 nemo
1839 2586 1951 2616 borum
1970 2586 2110 2616 servituti
2137 2585 2177 2616 sit

1146 2651 1300 2681 addictus.

1187 2711 1250 2740 LX.
1276 2708 1330 2739 His
1346 2717 1419 2747 ergo
1436 2706 1662 2746 Tlirasymedes
1677 2706 1825 2737 confectis
1838 2730 1845 2744 ,
1864 2705 1984 2745 plebem
2007 2704 2123 2735 remisit
2146 2704 2174 2734 in

1147 2767 1279 2805 patriam
1299 2778 1304 2796 :
1324 2766 1387 2804 ipse
1401 2774 1475 2795 vero
1488 2774 1560 2795 cum
1576 2765 1755 2803 Britliagora
1772 2765 1802 2794 et
1816 2764 1967 2802 propylo,
1986 2763 2176 2801 BrItliagoroe

1148 2824 1212 2854 silio
1223 2847 1231 2862 ,
1250 2823 1288 2853 ad
1302 2824 1427 2862 tempus
1439 2823 1552 2854 dehinc
1568 2822 1754 2859 subsistens,
1769 2830 1841 2861 qum
1855 2821 1967 2860 patrioe
1983 2828 2057 2851 usus
2070 2821 2174 2859 exige-

1149 2881 1212 2917 ret,
1227 2879 1478 2917 administravit;
1504 2880 1699 2918 peractisque
1719 2879 1837 2918 aliquot
1853 2879 1942 2909 annis
1954 2903 1962 2917 ‚
1980 2887 2052 2909 cum
2075 2878 2176 2908 tribus

60 2982 143 3014 obvii
158 2983 392 3014 transeuntibus
409 2985 534 3023 Caspias
551 2986 656 3024 portas
668 3008 676 3023 ‚
699 2993 836 3023 quorum
852 2985 992 3014 meminit
1016 2984 1151 3014 Isidorus
1166 2983 1365 3013 Cliaracenus
1380 2983 1409 3012 in
1428 2983 1612 3014 Mansionib.
1629 2983 1764 3013 Parthie.
1780 2983 1811 3013 in
1823 2983 1995 3022 Geograpli.
2010 2982 2173 3012 Hoesclielii

61 3036 91 3066 p.
109 3032 163 3060 187
183 3043 189 3060 :
207 3031 362 3060 Ἐντεῦθεν
375 3030 568 3070 ὑπερὸάντων
583 3032 635 3066 τας
651 3031 792 3065 Κασπίας
805 3031 899 3065 πύλας
913 3031 992 3060 ἐστὶν
1009 3031 1107 3060 αὐλὼν
1124 3031 1174 3059 καὶ
1189 3031 1206 3066 ἡ
1224 3029 1364 3068 Χοαρήνη
1383 3031 1514 3068 σταθμὸς
1531 3030 1560 3060 ἐν
1575 3029 1593 3068 ᾖ
1611 3030 1757 3069 Ἀπάμεια
1778 3030 1862 3064 πόλις
1880 3043 1886 3060 :
1902 3031 1950 3060 vel
1970 3029 2065 3059 etiam
2079 3029 2171 3058 anlon

61 3074 111 3105 ille
130 3076 210 3106 inter
231 3076 384 3106 Libanum
401 3078 432 3106 et
448 3076 683 3115 Antilibanum,
701 3077 740 3107 de
754 3086 815 3116 quo
832 3086 862 3106 v.
881 3076 987 3115 Polyb.
1010 3078 1054 3113 V,
1072 3078 1103 3106 et
1128 3077 1354 3114 Hieronymum
1372 3077 1418 3106 Dc
1434 3075 1585 3106 nominib.
1616 3076 1715 3107 locor.
1741 3076 1881 3106 Hebraic.
1897 3084 1926 3115 p.
1949 3077 2020 3112 149,
2035 3075 2111 3105 tom.
2132 3075 2173 3104 111

61 3119 110 3151 etl.
125 3122 249 3152 Vallaesi
263 3123 373 3153 Venet.
391 3135 406 3148 »
429 3122 546 3153 Orelli.
562 3140 602 3144 —-
619 3123 815 3163 ὑπεκρίνατο]
832 3123 872 3153 al.
893 3122 1085 3162 ἀπεκρίνατο.

106 3170 185 3199 Lix.
210 3172 237 3199 1.
255 3169 402 3203 Ποντικὸς
421 3168 633 3208 αὐτοκράτωρ]
658 3168 764 3199 Malim
784 3170 822 3199 1‘1.
841 3170 891 3198 καὶ
910 3168 976 3198 αὐτ.
1002 3168 1161 3206 Seltcejfer.
1179 3188 1218 3194 -
1234 3167 1524 3208 ὑπολαμὸαἶνοντας]
1541 3168 1662 3206 steph„
1678 3168 1789 3205 co‹ld.;
1807 3166 2066 3206 υπολαμῧάνοντες
2085 3164 2170 3201 vulg.

63 3232 102 3238 --
120 3220 148 3245 2.
167 3214 397 3254 ἐπιτιθεμένων]
412 3215 451 3244 al.
471 3215 661 3254 ἐπιθεμένων.
679 3232 718 3236 -
731 3214 896 3254 ἀφανίσαι]
915 3223 964 3244 cm
985 3225 993 3252 ;
1010 3214 1172 3252 Scliaefer.;
1193 3214 1332 3254 ἀφανίσοι
1352 3214 1431 3244 libri.
1446 3231 1486 3236 --
1500 3218 1529 3245 3.
1550 3213 1690 3253 πατρίῳ]
1707 3215 1747 3244 al.
1763 3214 1904 3253 πατρῴῳ.
1921 3230 1960 3234 -
1975 3210 2109 3250 γλώττῃ]
2129 3211 2170 3239 al.

63 3265 158 3300 φωἺῇ·
174 3278 211 3282 ·-
226 3259 379 3300 διελέχθη]
397 3269 458 3291 cm.
474 3261 616 3292 Schaeser.
632 3272 640 3300 ;
658 3262 804 3301 διειλέχθη
828 3261 906 3291 libri.
924 3278 961 3283 —-
976 3260 1105 3300 Κάρῧων
1125 3272 1153 3291 κ.
1169 3272 1196 3292 τ.
1214 3260 1262 3301 λ.]
1280 3261 1327 3292 Cf.
1342 3261 1398 3292 Dio
1414 3262 1501 3292 Cass.
1518 3262 1643 3292 XXXVl
1658 3285 1665 3298 ,
1687 3264 1735 3290 2⁹.
1752 3277 1790 3282 —
1810 3255 2028 3297 ἐπετρέψαμεν]
2045 3257 2083 3286 al.
2101 3256 2169 3285 ἐπε-

65 3309 244 3346 στρέψαμεν.
