2338 3765
958 157 1282 195 FRAGMENTA.

63 250 250 301 τυραννίδι,
265 252 323 286 τοῦ
337 247 398 297 μὲν
417 246 642 287 ἀποθανόντος
655 275 664 292 ,
681 248 738 282 τοῦ
757 244 789 281 δὲ
811 244 899 281 θύειν
920 244 986 285 τοῖς
1003 246 1087 284 θεοῖς

62 310 123 345 οὐκ
142 307 183 344 ἂν
205 308 243 356 (5)
265 305 314 342 ἔτι
349 303 536 353 δυναμένου
567 302 621 339 διὰ
652 302 689 339 τὸ
720 296 806 351 αἷμα
833 305 891 338 τοῦ
926 301 1084 351 ἀδελφοῦ.

63 363 179 414 ιὈπερ
197 363 378 408 ἐδήλωσεν.
399 360 459 403 Ὡς
475 359 540 411 γὰρ
557 362 573 396 ὃ
598 359 775 408 Ἱσόδημος
791 358 918 395 ἔκτεινε
934 357 990 394 τὸν
1009 356 1087 395 Μύ-

63 437 152 472 ρωνα
169 422 196 465 ζ’
215 421 273 466 ἔτη
288 418 561 470 τυραννεύσαντα
573 447 583 467 ,
600 416 707 468 εὓρὼν
725 416 779 453 ἐπὶ
801 419 843 466 τῇ
860 415 1012 465 γυναικὶ,
1031 413 1090 451 καὶ

62 479 144 529 πρὸς
160 479 216 516 τὸν
233 476 419 522 Κλεισθένη
436 476 561 526 ἔφρασε
579 475 668 525 μέγα
686 473 858 520 στενάξας,
870 475 993 515 ἐκεῖνος
1011 487 1089 509 συν-

63 538 227 587 άχθεσθαι
242 534 442 587 ἀμφοτέροις
462 534 543 585 ἔφη,
561 535 608 583 τῷ
630 532 690 581 μὲν
712 531 864 578 θανόντι,
883 531 935 569 ὅτι
951 529 1016 567 ὑπὸ
1030 531 1089 566 τά-

61 596 182 646 δελφοῦ
210 595 313 631 πάθοι
338 597 469 637 ταῦτα,
497 590 615 640 ἐκείνῳ
643 591 670 627 δ’
699 584 764 637 αὖ,
793 589 844 626 ὅτι
864 589 919 626 τὸν
946 587 1090 639 ἀδελφὸν

62 653 213 698 κτείνας,
232 653 293 688 οὐκ
312 650 352 687 ἂν
371 649 421 687 ἔτι
452 649 589 686 δύναιτο
614 656 653 697 (6)
683 648 751 691 τοῖς
770 649 856 689 θεοῖς
875 647 976 691 Ούειν,
1002 644 1091 681 ἀλλὰ

568 705 614 744 ‘O
640 705 672 742 δ’
687 705 742 742 ἵνα
761 704 808 754 μὴ
829 708 888 751 τῆς
909 707 1019 755 ἀρχῆς
1036 702 1091 739 διὰ

62 770 153 804 τοῦτ’
172 766 332 816 ἐκπέσοι,
352 765 499 808 πεισθεὶς
527 766 637 810 ἀληθῆ
657 763 767 813 λέγειν
794 762 911 809 αὐτὸν,
938 760 1089 798 ἐνιαυτὸν

62 710 129 746 δεῖν
148 709 260 760 ἕτερον
279 712 377 746 τοῦτο
393 709 512 744 ποιεῖν.

63 824 229 862 διαλιπὼν
249 823 447 875 προσείλετο
467 821 640 860 κοινωνόν.
666 821 735 859 Καὶ
761 823 779 857 ὁ
806 820 866 870 μὲν
889 819 979 857 τοῦθ’
1007 818 1090 868 ὅπερ

63 882 240 933 ἐτέχναζεν
257 881 511 932 κατειργάσατο
531 880 586 916 διὰ
605 879 666 924 τὴν
685 879 839 924 εὐήθειαν
863 877 1012 925 ἐκείνου,
1033 875 1092 913 καὶ

63 939 250 992 ἀμφότεροι
267 940 438 981 Σικυῶνος
455 932 574 988 ἦρχον.
595 936 690 974 Πολὺ
709 936 823 985 μέντοι
841 936 972 984 μᾶλλον
990 935 1093 972 Κλει-

64 997 171 1034 σθένει
191 997 375 1048 προσεῖχον
404 997 435 1032 οἱ
464 995 653 1046 ἅνθρωποι,
687 994 745 1031 ἅτε
768 993 905 1045 φοὸερῷ
934 992 1005 1029 ὄντι
1035 990 1094 1028 καὶ

63 1055 278 1106 δραστηρίῳ,
298 1054 356 1091 καὶ
384 1055 413 1090 οἱ
435 1053 563 1090 ἐκείνου
589 1052 680 1104 φίλοι
697 1050 808 1102 τούτῳ
834 1049 1090 1102 προσεχώρουν.

63 1114 243 1150 Τελευτῶν
260 1111 295 1149 δὲ
311 1111 370 1149 καὶ
388 1114 449 1157 τ’ῆς
466 1113 573 1161 ἀρχῆς
597 1111 653 1147 τὸν
670 1109 854 1158 Ἰσόδημον
878 1108 1092 1159 ἀπεστέρησε

63 1170 190 1207 τοιόνδε
217 1186 250 1207 τι
278 1169 460 1221 τεχνάσας.
481 1163 549 1207 τΗν
577 1183 626 1210 τις
653 1166 892 1219 Χαιρέδημος,
915 1165 1002 1216 ἀνὴρ
1028 1167 1094 1201 τῶν

65 1230 177 1266 οἰστῶν
196 1228 382 1277 Ἰσοδήμου
401 1227 507 1279 φίλος.
525 1220 635 1268 Οῧτος
651 1228 738 1276 ὁρῶν
756 1224 813 1261 τὸν
832 1223 1022 1268 Κλεισθένη
1040 1225 1094 1273 ἐρ-

64 1286 311 1338 γασιμώτερον,
325 1284 476 1337 προσιὼν
495 1284 571 1335 περὶ
591 1282 704 1335 φιλίας
723 1281 903 1332 διελέγετο.
923 1281 1044 1319 Πολλὰ
1062 1279 1096 1316 δὲ

66 1343 353 1394 ὑπισχνουμένου,
378 1341 588 1387 Κλεισθένης
612 1341 785 1377 ἐκέλευσεν
803 1339 903 1377 αὐτὸν
921 1341 965 1381 εἷς
981 1338 1097 1376 πίστιν

66 1395 111 1438 ῶν
132 1401 170 1452 (7)
191 1402 254 1452 ἔφη
275 1400 489 1453 παρελθόντα
511 1399 684 1451 Ἰσοδήμῳ
704 1399 882 1449 παραινεῖν
901 1396 1096 1434 ἀπενιαυτί-

67 1474 125 1495 σαι
150 1458 206 1496 διὰ
233 1458 290 1496 τὸν
318 1459 430 1510 φόνον,
459 1457 543 1508 ὅπερ
569 1457 640 1500 ἔθος
661 1452 702 1503 ἦν
721 1459 841 1503 ποιεῖν,
868 1458 913 1498 ὡς
931 1455 989 1492 καὶ
1009 1454 1098 1491 θύειν

68 1518 161 1568 αὐτῷ
183 1516 264 1567 (καὶ)
283 1517 326 1553 τὰ
346 1516 421 1567 ἱερὰ
442 1515 575 1559 ἐξέσται
591 1514 838 1566 κεκαθαρμένῳ
861 1512 924 1564 (8),
946 1513 1003 1550 καὶ
1035 1513 1099 1554 τοῖς

68 1574 195 1612 ἐκείνου
217 1574 334 1611 παισὶν
356 1573 485 1625 ἄρχειν·
505 1572 584 1610 εἰδὲ
604 1571 671 1622 μὴ,
697 1572 813 1623 ἔνοχον
831 1571 912 1609 ὄντα
937 1572 1100 1621 χαλεπῶς

70 1626 131 1675 μὲν
160 1627 261 1663 αὐτὸν
291 1626 449 1676 ἐμμενεῖν
481 1628 523 1676 τῇ
556 1624 750 1675 τυραννίδι,
784 1625 946 1675 χαλεπῶς
975 1622 1010 1659 δὲ
1041 1624 1097 1673 ἐγ·

69 1683 177 1734 γόνοις
194 1685 337 1735 λείψειν.
359 1685 481 1721 Ταῦτα
499 1683 643 1731 λέγοντα
663 1685 680 1719 ὁ
712 1682 914 1733 Χαρίδημος
942 1680 1098 1725 ἐδέξατο,

69 1742 127 1779 καὶ
152 1744 202 1793 τῷ
229 1741 404 1793 Ἰσοδήμῳ
429 1739 668 1785 συνεὸούλευε,
688 1742 901 1789 μεταστῆναι
919 1738 970 1775 ἐπ’
987 1740 1102 1775 ἐνιαυ-

69 1797 139 1837 τόν.
163 1797 205 1835 Ὁ
223 1797 257 1835 δὲ
277 1794 331 1836 οἷα
351 1796 434 1848 ἀνὴρ
455 1797 598 1844 ἄκακος,
622 1797 769 1839 πεισθεὶς
786 1798 838 1833 ἐπ’
862 1795 972 1847 εὐνοία
991 1795 1101 1845 λέγειν

72 1856 188 1904 αὐτὸν,
206 1856 432 1908 ἀπεχώρησεν
450 1857 495 1898 εἷς
521 1855 696 1907 Κόρινθον,
711 1854 884 1905 παραδοὺς
905 1853 1102 1893 Κλεισθένει

71 1914 131 1958 τὴν
151 1914 347 1965 τυραννίδα.
370 1913 412 1951 Ὁ
440 1913 474 1951 δὲ
498 1915 717 1965 παραχρῆμα
746 1912 933 1955 ἐξελθόντος
964 1910 1103 1948 &effl-

71 1973 128 2009 λεν
148 1975 192 2014 ὡς
213 1971 302 2021 μετὰ
329 1974 395 2009 τῶν
423 1971 622 2023 Κυψελιδῶν
649 1972 679 2008 οἱ
706 1968 990 2014 ἐπιδουλεύοντα,
1012 1967 1104 2011 ὅπως

74 2029 115 2066 ἂν
147 2030 245 2079 μόνος
275 2029 388 2080 ἄρχοι.
462 2029 534 2067 Καὶ
552 2028 606 2066 διὰ
626 2032 725 2065 τοῦτο
745 2027 940 2078 στράτευμα
961 2027 1105 2068 ὁπλίσας

74 2087 198 2138 ἐξεῖργε
216 2088 396 2133 κατιόντα,
413 2087 471 2124 καὶ
499 2087 597 2128 αὐτὸς
626 2086 818 2137 ἐτυράννει,
847 2085 1038 2136 βιαιότατος
1057 2083 1103 2121 ὢν

73 2147 140 2181 τῶν
160 2143 226 2195 πρὸ
254 2146 358 2181 αὐτοῦ
380 2144 439 2180 καὶ
470 2143 668 2192 ὠμότατος,
697 2143 755 2179 καὶ
785 2142 941 2193 βοηθείας
968 2143 1104 2183 πολλοῖς

75 2201 277 2250 ἐκπέμπων,
306 2203 350 2244 ὡς
370 2200 411 2238 ἂν
433 2201 504 2252 ἔχοι
524 2201 743 2251 συμμάχους.
765 2198 962 2249 Κατασχὼν
981 2198 1016 2236 δὲ
1043 2198 1105 2243 τὴν

76 2258 187 2310 ἀρχὴν
206 2258 241 2296 ἓν
257 2259 316 2296 καὶ
335 2259 366 2296 λ’
381 2258 440 2305 ἔτη
457 2259 500 2308 (9)
520 2257 751 2303 ἐτελεύτησεν.

559 2360 623 2395 62.

131 2456 219 2490 Exc.
240 2456 296 2489 De
316 2454 400 2490 virt.
426 2481 433 2487 .
454 2450 540 2489 “On
562 2450 704 2499 Μάγνης
723 2444 764 2496 ἦν
790 2449 875 2501 ἀνὴρ
898 2451 1107 2500 Σμυρναῖος,

79 2510 180 2553 καλὸς
203 2509 264 2555 τὴν
285 2508 377 2546 ἰδέαν
399 2509 430 2546 εἴ
451 2525 499 2551 τις
519 2509 576 2545 καὶ
597 2508 698 2550 ἄλλος
711 2539 719 2554 ,
738 2507 874 2553 ποιήσει
893 2523 930 2544 τε
950 2506 1008 2544 καὶ
1027 2522 1107 2555 μου·

81 2570 158 2618 σικῇ
171 2567 318 2615 δόκιμος.
330 2564 493 2611 ’Ἢσκητο
508 2566 542 2603 δὲ
555 2566 612 2602 καὶ
623 2565 660 2603 τὸ
672 2568 771 2613 σῶμα
785 2565 967 2615 διαπρεπεῖ
977 2565 1108 2616 κόσμῳ,

81 2625 232 2676 ἁλουργῆ
255 2623 295 2674 (ι)
328 2623 586 2674 ἀμπεχόμενος,
609 2622 667 2659 καὶ
694 2622 805 2671 κόμην
833 2623 963 2674 τρέφων
992 2624 1110 2673 χρυσῷ

82 2681 228 2734 στροφίῳ
255 2681 299 2732 (2)
328 2681 639 2732 κεκορυμὸωμένην
656 2696 663 2703 ·
692 2680 825 2731 περιῄει
851 2696 885 2717 τε
908 2679 966 2721 τὰς
997 2679 1110 2722 πόλεις

83 2738 352 2788 ἐπιδεικνύμενος
372 2738 434 2784 τὴν
451 2739 601 2784 ποίησιν.
621 2738 755 2776 Τούτου
775 2738 809 2775 δὲ
830 2737 950 2775 πολλοὶ
972 2737 1031 2786 μὲν
1053 2737 1110 2774 καὶ

84 2797 181 2834 ἄλλοι
200 2796 305 2848 ἤρων,
333 2796 444 2845 Γύγης
460 2795 497 2834 δὲ
519 2796 650 2845 μᾶλλόν
677 2811 709 2832 τι
730 2795 908 2846 ἐφλέγετο,
934 2796 991 2832 καὶ
1009 2795 1110 2832 αὐτὸν

85 2848 156 2904 εἶχε
175 2854 331 2891 παιδικά.
355 2854 524 2895 Γυναῒκάς
543 2869 581 2902 γε
607 2853 675 2901 μὴν
700 2853 814 2895 πάσας
840 2852 1012 2902 ἐξέμηνεν,
1034 2852 1110 2889 ἔνθα

85 2912 216 2960 ἐγένετο
231 2914 248 2948 ὃ
267 2910 410 2960 Μάγνης
428 2912 486 2961 (3),
516 2910 667 2959 μάλιστα
686 2911 720 2947 δὲ
748 2910 807 2953 τὰς
826 2910 1035 2960 Μαγνήτων,
1054 2911 1112 2947 καὶ

87 2971 189 3013 συνῆν
207 2969 339 3010 αὐταῖς.
363 2970 408 3006 Οἱ
428 2967 463 3005 δὲ
488 2967 616 3004 τούτων
647 2969 687 3016 (τι)
712 2973 900 3017 συγγενεῖς,
929 2967 1111 3018 ἀχθόμενοι

2104 165 2175 196 395

1149 248 1230 278 secto
1243 248 1402 278 lsodemus
1417 249 1519 279 fratris
1534 248 1620 279 caede
1632 249 1770 287 pollutus
1782 257 1870 279 sacra
1883 256 1974 288 agere
1984 256 2047 279 non
2062 251 2178 288 posset.

1151 309 1248 349 idque
1265 317 1339 339 mox
1353 309 1553 340 manifestum
1570 311 1653 342 fecit.
1672 313 1750 342 Nam
1772 319 1873 350 quum
1892 310 2053 342 lsodemus
2075 313 2180 350 Myro-

1151 379 1222 401 nem
1234 394 1242 409 ,
1256 371 1309 409 qui
1326 372 1445 409 septem
1460 373 1534 402 tunc
1550 381 1648 403 anuos
1669 374 1871 412 regnaverat,
1890 373 1922 404 in
1935 373 2091 404 adulterio
2106 382 2180 403 cuni

1151 442 1250 464 uxore
1277 432 1506 472 deprehensum
1532 435 1714 474 occidisset,
1741 444 1874 475 eamque
1893 445 1959 467 rem
1985 437 2086 467 multo
2109 446 2181 467 cum

1151 496 1267 535 gemitu
1283 496 1436 527 Clistheni
1459 499 1619 536 narraret,
1636 498 1688 529 ille
1709 499 1876 539 utriusque
1895 500 1998 531 vicem
2023 509 2055 531 se
2078 500 2184 531 dolere

1151 559 1206 597 ait,
1221 558 1390 597 interfecti,
1405 558 1488 597 quod
1498 566 1515 588 a
1528 559 1620 590 fratre
1630 560 1699 591 haec
1713 570 1819 600 passus
1832 562 1924 601 esset,
1942 563 2083 601 alterius,
2098 563 2182 602 quod

1153 622 1223 660 post
1249 620 1459 651 fratricidium
1486 629 1574 651 sacra
1601 621 1716 653 offerre
1739 623 1874 663 amplius
1898 633 1962 654 non
1986 626 2107 664 posset,
2130 624 2184 655 sed

1155 684 1234 716 alius
1245 693 1301 725 pro
1313 692 1351 714 eo
1366 684 1425 714 hoc
1438 684 1540 714 facere
1553 684 1692 715 deberet.
1712 685 1874 716 Isodcmus
1885 687 1979 723 igitur
1993 695 2032 717 ne
2047 690 2185 726 propter·

1154 753 1190 775 ea
1215 753 1310 784 regno
1330 744 1510 783 excideret,
1534 753 1608 775 vera
1625 745 1755 776 fratrem
1773 747 1889 778 dixisse
1910 757 2094 787 persuasus,
2117 751 2188 788 post

1153 808 1227 838 anni
1242 807 1379 847 spatium
1395 808 1516 839 socium
1527 807 1584 838 sibi
1597 808 1775 847 assumpsit.
1789 810 1892 848 Atque
1903 811 1947 840 sic
1961 810 2012 841 ille
2023 811 2108 850 quod
2123 821 2186 842 mo·

1154 869 1230 902 litus
1248 872 1333 910 erat,
1348 871 1389 901 ob
1402 871 1507 901 fratris
1519 870 1686 902 stultitiam
1703 873 1866 902 assecutus
1887 875 1953 911 est3
1972 875 2004 904 et
2019 874 2112 905 ambo
2137 875 2186 906 Si-

1154 944 1254 975 cyone
1267 935 1449 973 regnarunt.
1467 934 1616 964 Ceterum
1631 934 1733 964 multo
1751 934 1848 972 magis
1861 934 1900 965 ad
1913 935 2107 968 Clisthenem
2118 961 2126 976 ‚
2141 940 2190 968 ut-

1156 997 1228 1035 pote
1245 994 1447 1026 tremendum
1469 996 1718 1033 strenuumque,
1739 994 1882 1026 homines
1904 996 2127 1035 attendebant,
2149 997 2191 1027 ad

1159 1063 1298 1095 eumque
1322 1055 1457 1086 lsodemi
1475 1054 1567 1085 amici
1586 1054 1770 1085 transibant.
1796 1056 1961 1086 Postremo
1983 1055 2077 1087 etiam
2097 1065 2192 1096 regno

1158 1115 1337 1147 lsodemum
1366 1114 1514 1154 spoliavit
1540 1115 1602 1145 tale
1621 1114 1697 1154 quid
1723 1115 1932 1146 machinatus.
1960 1118 2035 1146 Erat
2063 1116 2192 1156 qnidam

1157 1175 1365 1207 Charidemus
1378 1198 1386 1212 ,
1406 1184 1423 1206 e
1440 1174 1562 1205 civibus
1579 1183 1661 1205 unus
1674 1198 1682 1211 ‚
1708 1174 1843 1205 lsodemi
1858 1175 2028 1206 familiaris.
2053 1178 2081 1206 ls
2094 1185 2193 1215 quum

1160 1235 1282 1266 videret
1306 1235 1498 1266 Clisthenem
1521 1234 1625 1264 virum
1646 1234 1860 1274 operosiorem
1886 1244 1970 1274 esse,
1988 1235 2140 1267 accedens
2155 1236 2194 1267 ad

1160 1304 1232 1326 eum
1249 1294 1289 1325 de
1302 1294 1442 1325 amicitia
1456 1294 1553 1325 verba
1569 1294 1653 1325 tecit.
1672 1294 1773 1325 Multa
1792 1294 1845 1325 illo
1863 1294 2030 1334 pollicente
2041 1320 2049 1333 ,
2065 1295 2194 1326 Clisthe-

1158 1365 1214 1387 nes
1227 1355 1320 1395 jussit
1335 1363 1408 1386 eum
1422 1354 1461 1385 ad
1475 1354 1571 1385 fidem
1588 1354 1750 1394 promissis
1766 1354 1998 1385 conciliandam
2015 1355 2195 1386 lsodemum

1160 1415 1299 1454 hortari,
1315 1416 1350 1445 ut
1365 1416 1493 1454 propter
1510 1413 1630 1445 caedem
1646 1422 1702 1453 per
1720 1413 1794 1444 anni
1814 1415 1940 1453 tempus
1955 1414 2117 1453 exularet,
2132 1423 2196 1454 quo

1160 1476 1279 1507 scilicet
1294 1476 1425 1514 purgato
1436 1473 1582 1513 deinceps
1595 1482 1683 1504 sacra
1698 1474 1800 1505 facere
1813 1498 1821 1513 ‚
1834 1474 1970 1513 filiisque
1986 1474 2019 1505 in
2031 1483 2126 1514 regno
2141 1475 2197 1514 ipsi

1160 1535 1329 1567 succedere
1345 1534 1465 1565 liceret.
1490 1534 1520 1565 Si
1535 1534 1641 1565 minus
1653 1558 1662 1572 ,
1688 1537 1793 1574 ipsum
1815 1534 1942 1573 piaculo
1955 1534 2128 1565 obnoxium
2146 1537 2195 1574 ty-

1162 1595 1324 1626 rannidem
1338 1594 1422 1625 haud
1439 1594 1530 1624 facile
1550 1594 1724 1633 sustinere,
1748 1602 1851 1633 neque
1868 1594 1940 1625 filiis
1957 1594 2048 1626 facile
2068 1603 2197 1634 regnum

1163 1655 1340 1694 relinquere
1365 1662 1466 1694 posse.
1495 1656 1570 1684 Haec
1597 1655 1826 1693 proponentem
1853 1654 2064 1686 Charidemus
2084 1663 2199 1694 appro-

1162 1715 1269 1753 bavit,
1284 1715 1316 1745 et
1329 1713 1473 1745 Isodemo
1487 1713 1639 1744 suadebat
1664 1716 1700 1744 ut
1720 1722 1774 1753 per
1799 1722 1919 1744 annum
1936 1714 1998 1745 alio
2019 1723 2052 1745 se
2074 1714 2198 1745 confer-

1163 1776 1222 1806 ret.
1237 1774 1295 1805 llle
1304 1797 1313 1811 ‚
1327 1775 1438 1812 utpote
1451 1773 1491 1803 ab
1502 1773 1589 1803 omni
1603 1773 1724 1804 malitia
1734 1773 1855 1804 alienus
1869 1798 1878 1813 ,
1890 1774 2121 1805 benevolentiae
2133 1783 2199 1805 esse

1163 1833 1329 1865 consilium
1354 1835 1457 1871 ratus,
1485 1833 1600 1864 tradita
1624 1832 1776 1864 Clistheni
1811 1833 1980 1872 tyrannide
2009 1834 2198 1866 Corinthum

1164 1894 1250 1924 abiit.
1270 1895 1310 1924 At
1324 1893 1377 1923 vix
1391 1893 1567 1932 profectum
1583 1893 1690 1923 statim
1704 1892 1881 1924 Clisthenes
1894 1893 2077 1924 calumniari
2092 1894 2198 1933 coepit,

1166 1955 1281 1993 quippe
1298 1954 1350 1992 qui
1369 1962 1442 1983 cum
1460 1952 1636 1992 Cypselidis
1652 1952 1779 1983 insidias
1797 1952 1857 1983 sibi
1880 1954 2036 1991 strueret,
2054 1953 2090 1984 ut
2114 1953 2201 1984 solus

1166 2015 1318 2052 regnaret.
1336 2015 1444 2052 quue
1457 2013 1615 2052 praetextu
1641 2012 1818 2043 exercitum
1840 2014 1998 2043 instruens
2015 2012 2200 2044 redeuntem

1165 2072 1293 2104 arcebat
1319 2073 1467 2111 solusque
1500 2072 1700 2111 tyrannidem
1734 2072 1902 2103 exercebat
1933 2072 2199 2112 praedecessorum

1166 2135 1256 2172 longe
1271 2133 1515 2164 violentissimus
1531 2133 1561 2163 et
1575 2131 1819 2163 crudelissimus.
1843 2131 1928 2162 Idem
1942 2132 2059 2163 auxilia
2074 2133 2199 2172 multis,

1167 2208 1230 2238 quo
1247 2198 1348 2228 socios
1365 2196 1423 2227 sibi
1449 2196 1649 2235 adjungeret,
1679 2195 1774 2225 misit.
1819 2194 1960 2225 Tandem
1982 2197 2052 2234 post
2070 2204 2200 2234 regnum

1167 2265 1322 2287 annorum
1339 2256 1466 2294 triginta
1481 2255 1512 2285 et
1526 2254 1620 2284 unius
1634 2253 1698 2283 rita
1710 2253 1880 2283 defunctus
1894 2254 1951 2283 est.

1657 2350 1714 2381 62.

1209 2456 1336 2494 Magnes
1350 2454 1418 2484 erat
1436 2452 1563 2493 quidam
1584 2454 1766 2491 Smyrnaeus
1782 2452 1841 2491 vir,
1865 2454 1895 2482 et
1916 2452 2024 2482 formae
2043 2452 2156 2483 decore
2172 2453 2204 2483 et

1172 2521 1256 2561 poesi
1270 2529 1306 2550 ac
1320 2520 1442 2550 musica
1461 2519 1658 2558 conspicuus.
1674 2518 1760 2549 Idem
1781 2518 1913 2557 eleganti
1933 2519 2046 2547 ornatu
2071 2518 2202 2547 sormam

1170 2585 1310 2624 corporis
1323 2584 1457 2623 augebat
1470 2596 1477 2614 :
1492 2582 1610 2622 qnippe
1625 2590 1784 2621 purpurea
1798 2581 1932 2612 amictus
1943 2582 2042 2620 veste,
2056 2582 2087 2611 et
2100 2589 2202 2619 coma,

1170 2659 1266 2690 quam
1281 2650 1465 2690 promissam
1477 2648 1580 2679 alebat
1590 2672 1598 2686 ,
1612 2656 1708 2678 aureo
1721 2646 1895 2686 strophiolo
1910 2647 1941 2677 in
1956 2647 2056 2677 altum
2071 2646 2204 2677 collecta

1173 2717 1266 2746 urbes
1279 2715 1443 2753 circuibat,
1459 2713 1598 2744 carmina
1611 2722 1668 2743 sua
1679 2712 1803 2752 publice
1818 2712 1961 2742 recitans.
1974 2712 2075 2750 Hujus
2085 2720 2203 2749 amore,

1172 2789 1272 2819 quum
1290 2779 1341 2810 alii
1358 2778 1470 2816 multi,
1485 2779 1553 2807 tum
1570 2779 1672 2815 Gyges
1687 2776 1826 2806 maxime
1840 2775 1989 2814 ardebat,
2007 2775 2205 2814 habebatque

1172 2853 1244 2874 eum
1262 2843 1293 2873 in
1307 2842 1436 2873 deliciis.
1454 2840 1513 2871 Sed
1532 2841 1563 2871 et
1578 2848 1703 2878 omnes,
1723 2839 1914 2878 ubicumque
1931 2841 2014 2878 erat,
2034 2839 2201 2877 mulieres,

1172 2917 1208 2938 ac
1226 2906 1382 2946 praecipue
1408 2905 1587 2943 Magnetum
1613 2904 1746 2934 (eminas
1774 2903 1805 2933 in
1828 2911 1968 2933 amorem
1995 2902 2043 2933 sui
2065 2901 2204 2941 rapiebat

1174 2975 1299 3010 Magnes
1310 2995 1318 3009 ‚
1333 2979 1505 3010 earumque
1519 2969 1687 3000 concubitu
1706 2968 1863 2999 utebatur.
1880 2971 1918 2998 Al.
1941 2966 2109 2997 mulierum
2131 2974 2202 3004 pro-

89 3075 117 3102 5.
132 3072 199 3102 οὐκ
213 3072 273 3112 ἂν]
295 3073 385 3102 osseam
397 3071 467 3102 cod.
481 3076 559 3102 -6,
573 3071 751 3110 δύναιτο]
772 3072 909 3102 δύναιντο
923 3071 989 3101 cod.
1004 3089 1044 3093 -
1061 3074 1088 3102 7.
1102 3070 1244 3109 ὧνὲφη]
1260 3070 1292 3099 ὃν
1313 3070 1366 3108 ἔφη
1387 3069 1456 3099 eod.
1475 3071 1509 3099 ln
1524 3068 1664 3108 proxime
1678 3067 1935 3098 antecedentibus
1957 3075 2012 3105 pro
2031 3064 2201 3104 ἐργασιμώ-

88 3129 171 3158 τερον
187 3127 247 3148 scr.
264 3117 390 3148 videtur
406 3118 673 3157 ἐργαστικώτερον.
691 3136 723 3142 -
745 3123 772 3147 ὅ.
786 3116 933 3156 κεκαο.]
950 3117 1034 3156 αὐτῷ
1048 3118 1098 3146 καὶ
1113 3117 1150 3147 τὰ
1164 3117 1228 3155 ἱερὰ
1243 3116 1358 3150 ἐξέσται
1374 3116 1426 3145 καὶ
1440 3116 1542 3145 κεκαθ.
1559 3114 1643 3152 cod.;
1662 3113 1773 3144 deiude
1793 3114 1844 3143 καὶ
1861 3116 1922 3147 τοῖς
1937 3112 1989 3151 μὲν
2004 3112 2118 3141 ἐκείνου
2129 3133 2137 3147 ,
2149 3108 2203 3138 sed

101 3166 257 3202 expuncta
267 3171 344 3194 voce
362 3164 425 3203 μὲν.
442 3166 516 3194 Mox
530 3164 667 3202 ἐμμένειν
680 3162 792 3193 codex.
808 3180 847 3184 —
861 3166 890 3192 9.
907 3161 990 3201 ἔτη]
1009 3169 1117 3191 voeeiu
1131 3162 1282 3200 supplevi.

132 3214 181 3240 62.
208 3209 284 3241 cod.
308 3210 458 3248 Tur.fol.
485 3215 560 3246 155,
577 3212 650 3240 2-17
666 3218 730 3239 vso.
744 3209 859 3239 Eadem
871 3209 983 3239 suidas
995 3217 1025 3238 v.
1041 3207 1166 3246 Μάγνης
1178 3209 1209 3237 et
1231 3215 1270 3237 ex
1285 3207 1372 3245 parte
1388 3215 1416 3236 v.
1431 3206 1583 3245 στρόφιον.
1607 3206 1764 3246 κόρυμῧοι.
1778 3204 1926 3244 ἁλουργίς.
1951 3223 1988 3228 -
2013 3207 2038 3233 1.
2063 3202 2082 3230 ἁ
2093 3202 2201 3238 λουρ-

102 3252 155 3290 γῆ)
171 3256 311 3295 ἁλουργεῖ
329 3255 398 3285 cod.
417 3272 458 3277 —
471 3259 500 3285 2.
519 3254 704 3294 στροφίῳ]
719 3255 839 3294 στρόφῳ
853 3254 950 3284 codex
966 3256 997 3284 et
1025 3253 1146 3284 suidas.
1162 3255 1208 3284 De
1222 3252 1372 3291 corymbo
1393 3261 1421 3282 v.
1444 3256 1590 3282 Creuzer.
1613 3252 1652 3282 ad
1670 3251 1785 3282 Xanth.
1804 3252 1914 3288 fragm.
1932 3258 1960 3287 p.
1984 3250 2063 3284 2353
2082 3244 2199 3275 Mulier.

107 3302 218 3331 notul(
231 3327 239 3340 ‚
253 3309 285 3338 p.
303 3303 372 3332 271.
389 3318 425 3322 -—
442 3304 469 3330 3.
487 3299 657 3339 Μάγνης)
685 3300 779 3339 Μάρις
803 3299 872 3330 cod.
888 3310 896 3337 ;
915 3300 995 3329 idem
1021 3299 1052 3329 in
1070 3307 1139 3339 sqq.
1159 3300 1284 3337 Μάγνις.
1304 3318 1340 3324 -
1356 3300 1385 3328 4,
1412 3297 1579 3336 τούτων]
1608 3297 1761 3328 Valesius.
1777 3296 1885 3326 τούτου
1899 3293 1996 3324 codex
2024 3295 2052 3321 et
2077 3290 2199 3321 Suidas.
