2289 3728
961 140 1138 179 FRAGM
1148 141 1290 179 ΕΝΤΑ.
2113 145 2161 177 89

533 225 568 262 5.

86 302 237 346 Dionys.
256 300 303 334 H.
324 299 384 339 lv,
404 310 434 331 c.
453 295 510 340 15,
525 308 562 342 p.
576 294 649 339 673
666 293 765 329 Rue
778 293 904 328 Servio
917 292 1066 326 Tullio:

33 358 147 395 Διεῖλε
160 355 194 393 δὲ
214 354 272 393 καὶ
287 354 346 398 τὴν
359 352 476 404 χώραν
491 353 647 397 ἅπασαν,
667 353 713 392 ὡς
724 350 784 398 μὲν
802 348 937 389 ψάὸιός
954 363 1069 399 φησιν,

34 417 80 456 εἷς
95 414 214 465 μοίρας
232 413 265 456 ἓξ
286 412 344 449 καὶ
361 411 500 456 εἴκοσιν,
519 409 556 451 ἃς
571 409 628 445 καὶ
643 407 748 450 αὐτὰς
762 408 859 444 καλεῖ
876 405 995 457 φυλὰς,
1011 405 1070 442 καὶ

33 472 93 514 τὰς
112 471 256 513 ἀστικὰς
270 468 459 521 προστιθεὶς
477 467 594 508 αὐταῖς
608 466 792 516 τέτταρας,
808 465 992 515 τριάκοντα
1009 478 1070 499 πε-

32 530 156 575 ποίηκε
173 528 279 581 φυλὰς
297 526 513 578 ἀμφοτέρων.

534 597 572 632 6.

85 671 210 706 Livius
232 670 269 712 I,
291 672 358 711 44,
375 667 422 702 de
437 667 564 701 Servio
584 666 704 700 Tullio
724 677 731 698 :
755 663 1063 711 Censapetfffto,

34 742 138 776 quem
159 735 408 762 nmtm·a‹·erat
425 733 520 759 metu
542 725 633 771 legis
652 724 698 757 (le
716 727 873 757 iucem-is
888 725 976 757 111111)
992 736 1071 756 1111111

32 789 259 823 vinculorum
282 787 615 829 minisnwrlisqzce,
635 783 770 824 ederit,
794 790 831 816 at
843 794 967 815 onmes
981 785 1074 815 cives

33 848 205 887 Romani,
230 848 367 891 equites
381 843 591 890 peditesque
604 868 614 884 ,
635 844 670 874 in
691 844 766 874 sais
782 844 933 887 quisque
951 848 1073 874 centa-

34 908 115 946 riis,
145 907 182 937 in
203 915 333 949 campo
365 902 504 935 lilarlio
531 912 610 934 cam
635 902 761 946 prima
790 900 868 932 luce
891 900 1073 936 adessent.

35 963 97 997 Ibi
130 965 340 995 instructmn
372 962 572 993 exet-cilum
599 969 742 991 onmem
773 958 1075 991 suovetaurilibus

36 1021 202 1054 lauravit
217 1032 228 1052 .·
247 1019 353 1064 idque
366 1017 549 1051 conditum
566 1016 713 1049 lustrum
730 1016 968 1061 appellatam,
990 1018 1074 1062 qaia

36 1081 65 1111 is
94 1077 274 1111 censendo
291 1076 388 1123 fiais
404 1072 536 1119 factas
563 1081 628 1108 est.
664 1073 795 1107 Millia
820 1077 1004 1119 octoginta
1034 1086 1076 1108 eo

37 1137 146 1169 lustro
159 1138 286 1168 civium
300 1145 410 1167 censa
426 1133 607 1166 dicantar.
624 1131 765 1175 Adjicit
779 1134 993 1177 scriptorum
1007 1144 1075 1166 1111-

36 1196 259 1240 tiquissimas
284 1192 424 1225 Fabius
449 1191 578 1232 Pictor,
607 1201 748 1231 eorum,
773 1187 952 1235 qaififfrre
970 1202 1076 1224 arma

33 1259 202 1299 possent,
220 1263 300 1285 eum
321 1261 509 1284 111111161111111
516 1247 650 1293 faisse.

540 1330 575 1362 7.

90 1396 243 1442 Dionys.
264 1396 311 1432 Η.
327 1396 388 1437 IV,
406 1407 438 1430 c,
456 1394 499 1437 6,
526 1406 564 1440 p.
581 1393 655 1437 647
671 1394 717 1428 R.
739 1405 746 1427 ε
769 1389 945 1440 Βούλομαι
963 1392 992 1427 δ’
1010 1392 1077 1427 ἐπι-

39 1450 167 1496 στήσας
186 1451 242 1488 τὸν
261 1450 334 1495 ἑξης
351 1449 450 1499 λόγον
473 1449 660 1486 ἀποδουναι
676 1448 736 1491 τὰς
757 1448 869 1490 αἰτίας
887 1449 928 1485 δι’
947 1448 985 1491 ἃς
1002 1448 1078 1486 οὔτε

39 1508 169 1548 (hagio
186 1508 446 1568 συγκατεθέμην
466 1507 543 1545 οὔτε
571 1523 638 1549 τοις
661 1507 802 1550 ἄλλοις(
794 1513 974 1558 ιστορικοῖς
1005 1507 1079 1546 ὅσοι

37 1566 225 1618 γράφουσιν
245 1567 333 1609 υἱους
356 1569 442 1603 εἶναι
458 1581 536 1607 τους
552 1564 841 1615 καταλειφθέντας
865 1567 992 1608 παῖδας
1011 1565 1078 1602 ὑπὸ

38 1625 251 1677 Ταρκυνίου,
266 1623 322 1661 ἵνα
344 1624 391 1674 μή
412 1639 500 1666 τινες
516 1626 582 1660 τῶν
600 1622 744 1666 ἐκείναις
761 1623 970 1674 ἐντυχόντων
988 1626 1075 1660 ἱστο·

40 1683 125 1735 ρίαις
149 1683 341 1735 σχεδιάζειν
371 1681 602 1728 ὑπολάὲωσιν,
631 1683 695 1732 οὐχ
724 1681 814 1724 υἱοὺς
842 1683 918 1719 ἀλλ’
941 1681 1080 1724 υἱωνοὺς

40 1741 159 1784 αὐτοὺς
182 1741 356 1793 γράφοντα
375 1740 451 1783 τοὺς
474 1741 616 1782 παῖδας·
635 1739 838 1777 παντάπασι
864 1739 930 1791 γὰρ
955 1741 1079 1790 ἀπερι-

40 1799 195 1842 σκέπτως
211 1801 269 1836 καὶ
289 1798 448 1851 ῥᾳθύμως
468 1800 498 1835 οἱ
515 1800 722 1848 συγγραφεῖς
741 1799 853 1835 αὐτῶν
870 1798 997 1844 ταύτην
1013 1798 1080 1836 ἐξε-

40 1859 207 1909 νηνόχασι
223 1856 285 1902 τὴν
305 1857 472 1908 ἱστορίαν,
488 1856 583 1893 οὐδὲν
602 1856 803 1902 ἐζητηκότες
816 1858 882 1893 τῶν
900 1856 1079 1907 ἀναιρούν-

41 1933 108 1955 των
127 1915 235 1962 αὐτὴν
251 1915 426 1953 ἀδυνάτων
446 1915 505 1952 καὶ
523 1914 674 1952 ἀτόπων.

476 2000 482 2006 ·
529 1985 564 2020 8.

93 2064 248 2110 Dionys.
267 2064 315 2097 H.
334 2063 397 2105 IV,
414 2075 446 2097 c.
468 2062 533 2105 30,
551 2074 589 2109 p.
608 2075 649 2107 71
663 2075 680 2107 7
698 2063 744 2098 R.
767 2074 775 2096 ε
794 2059 966 2097 Ἐνταῦθα
978 2061 1081 2098 πάλιν

43 2119 280 2169 ἀναγκάζομαι
297 2121 493 2168 μεμνῆσθαι
510 2118 649 2156 Φαέίου
663 2149 671 2164 ,
685 2117 742 2154 καὶ
761 2118 799 2154 τὸ
815 2117 962 2170 ῥᾴθυμον
979 2120 1081 2156 αὐτοῦ

43 2179 122 2229 περὶ
141 2177 201 2223 τὴν
217 2177 366 2221 ἐξέτασιν
394 2178 463 2213 τῶν
481 2176 613 2226 χρόνων
632 2175 799 2226 ἐλέγχειν.
830 2176 912 2214 Ἐπὶ
940 2176 1006 2227 γὰρ
1024 2181 1083 2223 τῆς

44 2235 206 2287 Ἀρούντα
220 2237 378 2280 τελευτῆς
394 2234 589 2285 γενόμενος,
606 2236 643 2272 οὐ
661 2236 736 2271 καθ’
757 2233 791 2270 ἒν
810 2234 1003 2284 ἁμαρτάνει
1020 2236 1082 2283 μό·

43 2309 110 2340 νον,
127 2293 144 2331 ὃ
164 2293 222 2332 καὶ
237 2293 400 2344 πρότερον
422 2291 521 2344 ἔφην,
540 2292 592 2329 ὅτι
611 2291 780 2343 γέγραφεν
798 2293 868 2329 υἱὸν
886 2287 971 2329 εἶναι
989 2295 1083 2345 Ταρ-

43 2352 157 2389 κυνίου
173 2351 229 2389 τὸν
256 2350 434 2402 Ἀρούνταν
477 2350 567 2387 ἀλλὰ
584 2350 643 2388 καὶ
667 2354 744 2388 καθ’
764 2351 877 2403 ἕτερον
906 2350 958 2388 ὅτι
981 2352 1082 2397 φησὶν

87 2525 200 2557 Divisit
217 2525 344 2557 Servius
360 2525 483 2557 Tullius
505 2526 608 2557 totum
625 2534 755 2565 agrum,
772 2527 809 2557 ut
831 2527 947 2558 Fabius
968 2528 1013 2558 ait
1025 2551 1034 2566 ‚
1052 2527 1083 2558 in

46 2579 150 2617 partes
163 2578 272 2617 viginti
285 2587 340 2609 sex
351 2601 359 2616 ‚
371 2587 452 2618 quas
465 2580 496 2609 et
510 2578 592 2618 ipsas
605 2579 705 2609 tribus
717 2580 871 2618 appellat,
887 2581 918 2610 et
931 2582 1084 2619 quattuor

49 2629 186 2660 urbanas
199 2629 236 2661 iis
251 2629 357 2668 addit,
374 2629 420 2660 ita
438 2631 474 2661 ut
489 2638 600 2661 omnes
615 2629 756 2661 efficiant
768 2639 938 2661 numerum
958 2632 1085 2671 triginta

47 2681 200 2712 tribuum.

547 2738 581 2767 7.

90 2789 257 2828 sequentis
266 2788 454 2819 narrationis
461 2797 588 2820 cursum
597 2789 708 2821 sistens
715 2790 850 2821 rationes
861 2790 990 2822 reddere
1001 2791 1085 2829 volo,

48 2849 105 2872 cur
119 2850 222 2880 neque
235 2840 332 2872 Fabio
345 2841 497 2871 assentiar
513 2850 615 2880 neque
629 2842 757 2881 reliquis
771 2842 925 2874 historicis
938 2843 991 2882 qui
1008 2843 1085 2873 scri-

49 2893 131 2924 bunt
144 2893 213 2924 illos
225 2902 340 2933 pueros
355 2893 409 2932 qui
425 2902 444 2923 a
463 2894 635 2932 Tarquinio
648 2894 748 2924 relicti
764 2895 907 2933 fuerant,
921 2895 989 2933 ejus
1008 2895 1088 2926 filios

52 2943 169 2975 fuisse:
186 2953 225 2975 ne
240 2944 294 2984 qui
314 2953 444 2983 eorum,
468 2945 522 2984 qui
544 2945 669 2975 illorum
693 2945 837 2976 historias
852 2946 1015 2984 legerunt,
1038 2955 1089 2977 me

51 2995 121 3026 haec
144 2995 339 3026 comminisci
360 2996 567 3033 arbitrentur,
590 2996 674 3035 quod
692 2996 762 3027 illos
780 3005 894 3036 pueros
909 3005 972 3027 non
988 2996 1087 3034 filios,

51 3045 106 3077 sed
122 3047 251 3085 nepotes
266 3046 432 3086 Tarquinii
450 3046 545 3077 fuisse
557 3046 705 3078 dixerim.
731 3047 870 3078 Omnino
886 3047 969 3078 enim
990 3047 1087 3087 negli-

52 3098 158 3135 gentes
179 3097 345 3136 scriptores
360 3097 443 3128 hanc
464 3098 626 3129 historiam
643 3097 810 3129 ediderunt
832 3097 863 3128 in
883 3098 1005 3137 lucem,
1024 3107 1088 3129 non

52 3148 238 3179 examinatis
252 3148 305 3187 iis,
323 3157 395 3188 quae
407 3158 507 3188 quum
521 3149 608 3180 nullo
621 3150 713 3188 pacto
728 3149 794 3180 lieri
812 3150 971 3189 potuerint
987 3151 1018 3181 et
1031 3149 1086 3180 ab·

54 3198 150 3230 surda
162 3200 223 3230 sint
233 3223 242 3238 ‚
260 3199 352 3230 fidem
366 3199 433 3239 ejus
446 3200 575 3231 tollunt.

507 3290 510 3293 ,
557 3254 590 3285 8.

96 3310 162 3339 Hoc
177 3308 245 3339 loco
260 3317 367 3339 rursus
381 3317 474 3348 cogor
489 3309 574 3340 Fabii
586 3309 779 3340 mentionem
795 3310 896 3340 facere
913 3310 943 3339 et
957 3309 1023 3348 ejus
1037 3317 1089 3340 nc-

1131 226 1344 262 ἀποθανόντα
1365 227 1429 264 ὑπὸ
1446 229 1504 271 τ’ἧς
1522 227 1648 277 μητρὸς
1672 224 1909 267 Τανακυλίδος
1927 224 2102 276 τεθάφθαι,
2119 225 2161 269 ἣν

1130 284 1308 333 ἀμήχανον
1329 284 1376 320 ἔτι
1397 285 1473 321 κατ’
1489 286 1633 327 ἐκείνους
1653 287 1819 336 περιεῖναι
1836 283 1911 326 τοὺς
1927 283 2081 335 χρόνους.

1629 370 1665 403 9.

1358 436 1419 477 IV,
1442 448 1473 469 c.
1501 436 1547 477 64
1563 463 1571 477 ,
1592 436 1638 470 (lc
1658 438 1700 472 L.
1728 437 1930 483 Tarquinio
1951 436 2134 470 Collatino
2156 448 2163 469 ;

1131 491 1262 527 Τοῦτον
1285 490 1341 526 τὸν
1363 490 1467 541 ἄνδρα
1485 491 1620 534 Φάῧιος
1640 491 1700 540 μὲν
1718 493 1787 530 υἱόν
1803 508 1904 544 φησιν
1925 492 2099 543 Ἠγερίου.

1184 434 1337 480 Dionys.

1623 576 1683 601 10.

1185 636 1309 670 Livius
1329 637 1367 679 Ι,
1386 635 1447 679 55,
1465 636 1511 670 de
1528 638 1629 671 Jovis
1644 640 1781 685 templo
1796 666 1804 681 ‚
1822 652 1932 685 quam
1952 640 1989 673 in
2009 639 2169 686 Tarpeio

1134 701 1260 728 monte
1281 694 1503 740 Tarquinius
1520 695 1708 740 Superbus
1726 695 1918 730 aedificavit
1938 710 1945 730 :
1967 697 2088 743 Caput
2101 697 2170 731 lm-

1133 763 1281 784 111111111111
1296 754 1440 796 integra
1445 750 1555 796 facie
1569 754 1814 798 aperientibus·
1820 754 2072 798 simulamenta
2086 762 2170 788 tem-

1129 810 1188 855 pli
1213 810 1344 843 (licina
1362 811 1705 856 appat121is5·e.()11oe
1725 815 1809 844 vira
1832 816 1969 858 sp1’1ies
1988 812 2091 846 haud
2102 826 2173 860 per

1133 868 1309 915 ambages
1328 881 1448 903 artoem
1479 881 1560 903 eum
1590 872 1733 915 imperii
1754 878 1931 916 caputque.
1950 870 2172 916 tw1111111s016

1130 927 1310 973 portendi
1313 927 1409 960 bat.
1406 939 1413 945 ·
1440 927 1549 972 idque
1582 930 1635 960 ita
1654 930 1816 961 cecinere
1834 936 1922 962 vat«
1923 942 1959 972 ς,
1983 933 2114 976 quique
2134 933 2172 963 111

1135 985 1221 1019 arbe
1244 992 1351 1018 erant
1373 997 1530 1031 quosque
1551 985 1604 1018 ad
1621 997 1703 1018 eam
1731 997 1806 1019 rem
1827 988 2102 1021 consultandam
2125 1000 2173 1021 ex:

1136 1043 1287 1077 Etruria
1314 1046 1533 1079 acciverant.
1557 1043 1771 1088 Augebatur
1796 1044 1850 1076 acl
1876 1047 2174 1090 1”1)1])11)11,ε·111ι1νομὰς1

1136 1105 1294 1136 animas.
1317 1103 1339 1135 I
1342 1109 1450 1148 taque
1469 1103 1698 1136 Pometianoe
1712 1100 1915 1143 manubiae,
1939 1115 2023 1148 {111oe
2035 1104 2174 1149 perclu-

1136 1161 1249 1194 cemlo
1265 1161 1318 1194 acl
1331 1161 1448 1194 calme
1449 1173 1473 1194 11
1488 1163 1588 1207 operi
1603 1161 1801 1194 destinatoe
1817 1168 1937 1202 1)]1,11111
1960 1164 2009 1194 vi.
2010 1173 2031 1193 c
2047 1174 2082 1194 111
2086 1160 2176 1205 fim

1136 1220 1313 1252 (lamenta
1331 1219 1699 1266 ις·’11[]])ς)1[111111)113.Εο
1721 1231 1802 1263 maO
1789 1222 1840 1252 fris
1860 1219 2001 1260 Fabio,
2021 1227 2176 1264 prvoeat-

1137 1290 1247 1323 qaam
1264 1278 1361 1323 quod
1375 1280 1563 1324 antiquior
1575 1285 1647 1319 eet,
1671 1278 1902 1319 crediderim,
1930 1277 2178 1323 quadraginta

1138 1347 1183 1369 ea
1201 1336 1281 1369 sola
1301 1336 1443 1369 talenta
1451 1333 1592 1380 salise,
1627 1347 1736 1381 qaam
1759 1335 1900 1369 Pisoni.
1932 1337 1995 1381 qui
2012 1335 2178 1381 quadra-

1136 1397 1244 1439 ginta
1275 1394 1398 1427 millia
1418 1394 1545 1440 pondo
1577 1406 1622 1426 (11
1619 1396 1723 1439 genti
1747 1396 1906 1439 seposita
1927 1395 1964 1426 ia
1992 1404 2074 1426 eam
2102 1405 2177 1427 rem

1137 1452 1275 1493 scribit,
1296 1464 1476 1485 summam
1491 1455 1660 1498 pecanioe
1674 1462 1790 1497 neque
1805 1462 1853 1484 ex
1872 1453 1977 1484 anias
1991 1458 2065 1484 111111
2080 1451 2179 1485 urbis

1134 1511 1270 1556 praeda
1295 1511 1535 1557 sperandam,
1572 1517 1610 1543 ec
1631 1510 1781 1551 nullius,
1809 1521 1855 1542 ne
1884 1508 2011 1542 horum
2031 1509 2177 1555 quidem

1139 1569 1431 1615 magnificemtia.²
1452 1581 1598 1616 operam
1610 1596 1618 1611 ,
1635 1566 1889 1614 fundamenta
1919 1580 1991 1602 11011
2021 1568 2178 1615 eoesape-

1139 1640 1181 1661 ra
1186 1635 1265 1661 tura
1270 1640 1303 1661 111
1310 1655 1319 1663 .

1634 1708 1692 1731 11.

1192 1776 1389 1822 Dionysius
1422 1777 1508 1819 VII,
1532 1789 1564 1812 c.
1597 1788 1638 1821 71
1656 1803 1665 1817 ,
1688 1788 1725 1822 p.
1766 1775 1862 1816 1483
1903 1776 1951 1811 R.
1982 1774 2052 1819 (de
2086 1775 2182 1809 ludis

1141 1835 1401 1868 Romanorum
1417 1834 1648 1880 expositurus
1673 1840 1723 1868 est
1742 1845 1827 1868 eum
1846 1833 1883 1866 in
1906 1831 2019 1867 finem
2035 1839 2076 1866 ut
2095 1833 2182 1867 hinc

1142 1904 1294 1938 quoque
1314 1898 1490 1938 appareat
1513 1898 1640 1939 gentes
1662 1904 1742 1938 quae
1765 1891 1813 1925 ad
1838 1890 2071 1925 condendam
2098 1891 2181 1925 Ro-

1143 1962 1240 1984 mam
1257 1950 1520 1993 convenerint,
1539 1950 1683 1985 Graecas
1700 1949 1827 1992 fuisse,
1846 1960 1924 1982 non
1939 1960 2029 1982 vero
2046 1948 2183 1982 barba-

1142 2008 1222 2055 ras)
1245 2020 1253 2041 :
1276 2004 1421 2057 Ἵίτερος
1442 2005 1503 2055 μὲν
1521 2000 1578 2042 οὖν
1596 2007 1753 2056 ἀποχρῆν
1777 2003 1817 2041 ἂν
1843 2002 1993 2040 ὑπέλαὸε
2016 2003 2074 2040 καὶ
2095 2003 2182 2044 αὐτὰ

1142 2062 1186 2099 τὰ
1206 2078 1263 2099 νυν
1284 2063 1507 2114 πραττόμενα
1527 2063 1584 2101 ἐπι
1588 2080 1647 2114 τῃ
1668 2063 1766 2100 πόλει
1788 2061 1976 2111 μηνύματα
2003 2062 2039 2098 οὐ
2073 2061 2181 2132 μικρὰ

1142 2137 1208 2157 των
1229 2122 1389 2158 παλαιων
1411 2121 1695 2170 επιτηδευμάτων
1717 2119 1929 2157 υπολαὸειν·
1950 2135 2017 2169 εγω
2047 2116 2141 2164 δὲ,“
2127 2134 2180 2155 ινα

1143 2178 1191 2227 μή
1209 2194 1259 2221 τις
1276 2181 1401 2226 ἀσθενῆ
1418 2179 1480 2225 τὴν
1500 2180 1615 2216 πίστιν
1634 2183 1720 2216 εἶναι
1735 2178 1863 2224 ταύτην
1883 2176 2062 2226 ὑπολάὸῃ,
2083 2176 2182 2227 [εἴτε]

1143 2239 1220 2274 κατ’
1248 2237 1380 2283 ἐκείνην
1406 2237 1467 2283 τὴν
1499 2237 1662 2274 ἀπίθανον
1694 2236 1875 2288 υπόληψιν,
1895 2235 1946 2272 δ’τι
1974 2235 2101 2277 παντὸς
2120 2250 2180 2272 του

1143 2294 1350 2341 ί[Ξλληνικοῦ
1368 2295 1602 2347 κρατήσαντες
1613 2326 1622 2341 ,
1638 2294 1793 2344 ἀσμένως
1809 2293 1849 2331 ἂν
1864 2293 1906 2331 τὰ
1922 2292 2065 2344 κρείττω
2081 2292 2183 2341 μετέ-

439 2381 449 2400 ,
880 2383 888 2398 ,
989 2390 994 2403 ‚
1144 2357 1251 2402 μαθον
1268 2353 1344 2401 ἔθη,
1361 2357 1428 2391 τῶν
1443 2354 1637 2406 ἐπιχωρίων
1652 2352 1877 2404 ὑπεριδόντες,
1893 2351 1925 2394 ἐξ
1941 2350 2067 2388 ἐκείνου
2084 2349 2181 2395 ποιή-

236 2433 2175 2445 W—

1146 2472 1325 2512 gligentiam
1348 2472 1380 2503 in
1393 2474 1574 2512 temporum
1588 2471 1810 2511 supputatione
1824 2469 2022 2508 redarguere.
2074 2470 2182 2504 Quum

1148 2524 1232 2554 enim
1240 2524 1280 2555 ad
1288 2532 1357 2555 eam
1368 2533 1434 2555 suae
1445 2524 1593 2555 Historiae
1604 2524 1725 2562 partem
1738 2522 1823 2553 venit
1833 2521 1885 2551 ubi
1896 2519 2045 2551 describit
2055 2519 2182 2550 Aruntis

1146 2575 1322 2614 interitum,
1335 2584 1398 2606 non
1412 2575 1508 2607 semel
1523 2576 1645 2606 tantum
1663 2575 1772 2613 peccat
1787 2572 1899 2612 (sicuti
1913 2573 2005 2602 antea
2017 2570 2084 2609 jam
2099 2569 2183 2608 dixi)

1147 2626 1233 2666 quod
1249 2627 1357 2657 scribit
1377 2628 1530 2658 Aruntem
1548 2625 1709 2664 Tarquinii
1724 2625 1823 2655 silium
1837 2632 1922 2661 csse-3
1945 2621 1998 2653 sed
2014 2622 2110 2652 etiam
2124 2621 2183 2651 ite-

1146 2687 1230 2717 rum,
1238 2678 1312 2717 quia
1323 2678 1366 2709 ait
1376 2678 1466 2709 illum
1474 2678 1660 2708 deluuctum
1672 2685 1690 2707 a
1699 2677 1799 2707 matre
1807 2673 2015 2714 Tanaquilide
2023 2672 2183 2717 sepultum

1146 2729 1239 2760 fuisse
1250 2753 1258 2767 ‚
1275 2738 1346 2769 quae
1361 2730 1396 2760 ut
1409 2729 1470 2760 illis
1482 2728 1680 2768 temporibus
1693 2727 1797 2758 adhuc
1808 2726 1902 2757 suerit
1914 2724 2081 2763 superstes,
2093 2723 2183 2753 nullo

1147 2780 1242 2811 modo
1255 2780 1320 2811 lieri
1331 2781 1444 2819 potest.

1380 2838 1385 2842 '
1645 2833 1678 2865 9.

1187 2888 1396 2928 Tarquinium
1410 2887 1603 2919 Collatinum
1618 2886 1734 2918 Fabius
1746 2884 1844 2924 Egerii
1858 2883 1957 2915 tilium
1970 2882 2063 2912 fuisse
2075 2881 2182 2911 tradit.

1637 2943 1647 2973 1
1661 2943 1691 2972 1.

1191 2998 1277 3030 Alius
1290 2998 1421 3029 sortasse
1436 2997 1511 3028 satis
1525 3006 1591 3029 esse
1608 2996 1733 3037 putaret
1751 2995 1799 3025 vel
1818 3003 1857 3025 ex
1874 2993 1911 3023 iis
1923 2992 1995 3031 ipsis
2011 2999 2082 3030 quae
2098 2999 2182 3021 nunc

1149 3052 1257 3081 Romae
1272 3049 1364 3088 fiunt,
1378 3050 1523 3080 veterum
1537 3048 1753 3079 institutorum
1768 3054 1832 3076 non
1846 3044 1926 3075 levia
1939 3043 2123 3081 argumenta
2134 3050 2182 3072 su-

1148 3109 1234 3132 mere
1250 3113 1257 3132 :
1273 3100 1325 3131 sed
1340 3109 1396 3139 ego
1406 3124 1414 3139 ‚
1430 3109 1470 3131 ne
1482 3100 1554 3139 quis
1566 3098 1766 3130 absurdailla
1780 3095 1926 3135 opinione
1942 3095 2047 3124 motus
2059 3093 2117 3122 hoc
2130 3100 2182 3122 ar-

1148 3155 1334 3193 gumentum
1349 3153 1524 3184 invalidum
1539 3153 1626 3192 putet
1639 3176 1648 3191 ,
1665 3153 1824 3182 Romanos
1841 3147 2004 3183 videlicet,
2019 3146 2086 3175 tota
2097 3145 2181 3174 Grae—

1149 3205 1197 3236 cia
1209 3205 1346 3242 devicta,
1361 3204 1516 3243 lubenter,
1531 3203 1641 3243 patriis
1652 3201 1763 3232 ritibus
1775 3198 1934 3238 neglectis,
1950 3196 2027 3227 alios
2037 3194 2180 3225 meliores

1149 3257 1292 3288 didicisse
1302 3280 1311 3295 ,
1328 3266 1368 3287 ex
1381 3256 1434 3286 illo
1444 3257 1586 3295 tempore
1596 3254 1810 3293 conjecturam
1822 3251 1954 3287 ducam,
1966 3255 2029 3286 quo
2040 3245 2178 3276 nondum

1151 3308 1282 3340 Graeciae
1296 3307 1505 3347 principatum
1520 3314 1621 3345 neque
1635 3305 1732 3335 ullam
1746 3303 1840 3334 aliam
1854 3298 2093 3332 transmarinam
2109 3305 2176 3335 pro·
