2338 3765
113 213 184 243 454

113 291 237 343 σφαλὲς
267 291 418 328 ἐκποδὼν
449 292 644 340 γενόμενος,
666 292 741 327 ἀλλ’
769 289 849 332 ἴσως
873 290 930 326 καὶ
951 291 1068 341 διάρας
1089 291 1145 341 (10)

112 365 177 386 που
196 350 326 395 μᾶλλον
354 350 392 385 ἐκ
413 351 470 385 τοῦ
490 349 637 399 ἀφανοῦς
658 347 954 398 ἀναιρεθήσεσθαι.
978 349 1066 386 Τότε
1085 349 1145 398 μὲν

112 410 168 442 οὖν
190 408 222 442 ἐν
244 406 405 448 τοιούτοις
421 405 530 455 λόγοις
547 408 603 450 ἠν.
622 407 677 456 Τῇ
695 404 728 442 δὲ
746 405 909 457 ὑστεραίᾳ
929 405 1029 443 ἕωθεν
1051 406 1146 443 καθί-

112 468 159 508 ζει
173 464 288 514 ὥσπερ
301 464 409 501 εἰώθει
425 463 512 512 μετὰ
526 465 591 499 τῶν
607 464 729 500 ἑαυτοῦ
741 463 860 515 φίλων,
876 464 1146 501 ἀναπεταννύναι

959 522 1007 535 NV
1040 526 1061 533 Ν

113 522 146 559 δὲ
165 524 225 565 τὰς
240 523 342 573 θύρας
363 521 494 559 κελεύει
508 527 576 564 τοῖς
593 521 726 558 εἰωθόσι
741 527 858 574 φοιτᾶν
873 523 931 559 καὶ
955 526 1142 566 οεςιουσθαι

111 581 178 615 τῶν
193 581 304 617 ἀστῶν
316 579 374 617 καὶ
390 579 489 622 ξένων
507 579 564 616 καὶ
580 581 814 630 στρατιωτῶν,
831 580 889 616 καὶ
906 579 962 629 (11)
978 580 1146 630 διελέγετο
1175 620 1177 623 ,

110 643 230 684 πᾶσιν,
249 636 365 689 ὥσπερ
386 637 445 674 καὶ
465 637 588 674 ἄλλοτε
612 636 737 684 εἰώθει,
758 637 863 686 μηδὲν
883 637 1070 681 ἐναλλάξας
1089 642 1146 675 τοῦ

111 698 186 732 καθ’
213 697 344 747 ἡμέραν
366 697 472 738 ἔθους.
495 695 667 738 Ἀντώνιος
688 695 722 732 δὲ
751 695 923 747 συνέδριον
952 699 1017 733 τῶν
1037 696 1143 748 φίλων

112 755 270 805 ἀθροίσας
288 749 379 791 εἶπεν
396 755 429 790 ἐν
451 754 585 803 μέσοις,
605 756 649 796 ὡς
669 753 971 802 ἐπιδουλευόμενος
990 754 1048 790 καὶ
1062 755 1145 804 πρό-

110 827 204 863 τερον
219 812 284 848 ὑπὸ
305 811 477 862 Καίσαρος
493 813 553 848 οὐκ
572 811 727 862 ἀγνοοίη,
747 811 863 857 ἐπειδὴ
881 812 908 847 δ’
927 810 1068 860 ἔμελλεν
1085 811 1147 855 ἔξω

110 873 170 915 τῆς
189 869 319 912 πόλεως
337 871 528 921 βαδιεῖσθαι
546 872 589 912 ὡς
614 869 673 919 (12)
698 870 858 915 ἐληλυθὸς
875 870 913 906 τὸ
931 869 1126 919 στράτευμα
1138 901 1146 915 ,

111 927 229 979 καιρὸν
248 928 424 979 παράσχοι
444 931 561 964 τοῦτον
581 929 656 964 καθ’
679 930 796 965 αὑτοῦ.
818 927 888 965 Καί
906 942 982 962 τινα
1002 929 1068 962 τῶν
1091 927 1146 963 ἐπὶ

111 984 172 1031 τὴν
189 985 322 1036 σφαγὴν
341 984 565 1037 πεμφθέντων
585 985 641 1035 (13)
663 985 867 1036 ἀφικόμενον
885 984 1039 1034 μηνυτὴν
1055 986 1147 1036 αὐτῷ

111 1042 266 1091 γενέσθαι
285 1042 451 1092 μεγάλαις
468 1045 630 1094 δωρεαῖς,
648 1043 705 1080 καὶ
720 1042 775 1080 διὰ
790 1047 890 1080 τοῦτο
905 1041 981 1084 τοὺς
995 1041 1056 1090 μὲν
1072 1046 1146 1080 συλ-

111 1101 241 1147 λαὲεῖν,
259 1101 403 1144 ἐκείνους
423 1101 450 1138 δ’
469 1103 513 1144 εἷς
528 1101 565 1138 τὸ
586 1102 694 1153 παρὸν
713 1101 867 1153 ἀθροῖσαι
884 1102 944 1149 (14)
964 1099 1147 1152 συνέδριον,

111 1162 155 1202 ὡς
176 1159 315 1210 γνώμας
344 1158 500 1196 ἀκούσειε
531 1159 589 1196 καὶ
608 1159 699 1202 ὅπως
727 1159 892 1210 χρηστέον
915 1158 966 1204 εἴη
987 1163 1055 1200 τοῖς
1075 1174 1148 1194 πα·-

114 1222 223 1269 ροῧσι.
246 1220 369 1256 Ταῦτα
385 1218 535 1260 εἰπόντος
555 1217 735 1255 Ἀντωνίου
756 1216 979 1254 ἐπυνθάνοντο
996 1218 1026 1254 οἱ
1047 1215 1147 1253 σύνε-

112 1277 183 1326 δροι
195 1306 204 1324 ,
223 1275 307 1312 ὅπου
323 1268 387 1312 εἷεν
403 1277 432 1312 οἱ
450 1275 714 1325 συνειλημμένοι
730 1274 917 1326 ἅνθρωποι,
930 1274 974 1316 ὥς
991 1289 1023 1311 τι
1039 1279 1147 1322 γνοῖεν

111 1334 193 1385 παρ’
214 1335 337 1371 αὐτῶν.
358 1334 429 1371 Καὶ
446 1335 462 1370 ὁ
480 1333 655 1376 Ἀντώνιος
676 1332 917 1384 ’προσποιηθεὶς
932 1332 1036 1381 μηδὲν
1052 1336 1149 1369 τοῦτο

113 1387 199 1430 εἶναι
219 1392 302 1444 πρὸς
319 1392 356 1429 τὸ
376 1391 498 1443 παρὸν,
528 1394 572 1434 ὡς
593 1393 689 1437 δῆθεν
712 1391 986 1441 ὁμολογουμένου
1006 1390 1147 1441 τούτου,

113 1451 172 1488 καὶ
190 1452 235 1494 εἰς
250 1451 338 1487 ἄλλα
356 1450 442 1487 ἅττα
464 1450 630 1502 ἐκτρέψας
648 1450 705 1487 τὸν
726 1450 837 1500 λόγον,
855 1449 1055 1501 ἐκαραδόκει
1081 1449 1147 1498 μά-

111 1511 212 1546 λιστα
233 1508 264 1546 εἴ
285 1524 334 1551 τις
357 1507 446 1545 εἴποι
464 1510 509 1550 ὡς
531 1507 598 1559 χρὴ
626 1508 788 1558 Καίσαρα
807 1507 995 1556 ἀμύνεσθαι
1016 1508 1073 1544 καὶ
1101 1507 1148 1556 μὴ

111 1567 311 1618 ἡσυχάζειν.
332 1568 473 1611 Σιωπῆς
491 1567 519 1602 δ’
541 1568 578 1603 ἐκ
599 1565 735 1602 πάντων
753 1565 935 1614 γενομένης
961 1562 1051 1617 [καὶ]
1070 1580 1148 1601 συν-

112 1625 203 1667 νοίας
226 1625 309 1675 (15),
340 1623 394 1660 διὰ
414 1624 452 1661 τὸ
470 1623 601 1672 μηδένα
625 1626 705 1674 ὁρᾶν
725 1625 758 1660 ἐν
782 1623 877 1674 μέσῳ
897 1622 1054 1672 ἔλεγχον,
1077 1616 1151 1659 εἶπέ

111 1699 161 1724 τις
180 1686 224 1724 ὡς
245 1683 284 1720 ἂν
303 1683 479 1732 εὐπρεπῶς
499 1681 668 1718 διαλύσειε
688 1682 744 1718 τὸν
762 1681 942 1730 σύλλογον,
966 1679 1017 1717 ὅτι
1043 1682 1148 1717 ἐπιει·

112 1745 179 1783 κῶς
198 1740 362 1791 προσήκει
394 1740 495 1776 αὐτὸν
526 1739 636 1791 φέρειν
668 1754 703 1775 τε
724 1738 783 1775 καὶ
810 1739 980 1784 τίθεσθαι,
1009 1738 1069 1775 καὶ
1101 1738 1149 1788 μή

855 1796 899 1835 Ὁ
921 1796 983 1845 μὲν
1007 1801 1149 1834 τοιαῦτα

113 1856 216 1893 εἰπών
237 1872 272 1893 τε
292 1856 350 1893 καὶ
371 1855 519 1898 ἀκούσας
536 1854 668 1892 διέλυσε
689 1855 744 1892 τὸν
766 1855 930 1905 σύλλογον
955 1855 1012 1905 (16)
1025 1867 1032 1876 ·
1052 1856 1149 1906 τρίτῃ

113 1814 187 1835 τινα
209 1799 367 1849 ταραχὴν
389 1797 517 1834 ὕπατον
538 1797 619 1834 ὄντα
641 1796 795 1849 ἐγείρειν.

113 1915 142 1950 δ’
179 1912 200 1958 ἢ
236 1913 382 1965 τετάρτῃ
418 1913 533 1965 ἡμέρα
563 1915 609 1955 εἷς
645 1914 846 1964 Βρεντέσιον
888 1914 1063 1964 ὥρμησεν,
1107 1915 1151 1955 ὡς

111 1972 310 2023 παραλάὸοι
329 1971 390 2017 τὴν
414 1971 604 2022 ἀφιγμένην
625 1971 788 2022 στρατιάν
801 1984 810 1993 ·
833 1971 930 2021 λόγος
956 1986 992 2008 τε
1012 1971 1087 2008 οὐδὲ
1106 1966 1151 2013 εἷς

112 2024 153 2074 ἦν
189 2029 267 2081 περὶ
297 2032 356 2075 τῆς
385 2029 586 2076 ἐπιδουλῆς,
625 2028 714 2065 ἀλλὰ
742 2028 941 2080 οἰχομένου,
974 2029 1149 2066 διαλύουσι

112 2088 149 2124 τὸ
183 2088 321 2136 σύμπαν
354 2094 500 2138 πρᾶγμα
533 2089 563 2124 οἳ
592 2087 846 2139 ὑπολειφθέντες
877 2088 1004 2125 ἐκείνου
1037 2087 1148 2138 φίλοι,

115 2146 173 2182 καὶ
193 2145 269 2188 τοὺς
295 2145 496 2196 λεγομένους
526 2146 746 2196 συνειλῆφθαι
766 2147 832 2181 τῶν
855 2145 1043 2183 ἐπιδούλων
1065 2139 1150 2182 εἶδεν

115 2206 236 2246 οὐδείς.

166 2265 302 2302 XXXI.
329 2266 466 2314 Καῖσαρ
485 2263 519 2299 δὲ
533 2263 658 2313 καίπερ
676 2262 927 2311 ἀπολελυμένος
946 2266 1006 2308 τῆς
1024 2262 1148 2307 αἰτίας,

114 2323 207 2359 οὐδὲν
228 2318 328 2368 ἧττον
346 2322 533 2370 ἠγανάκτει
553 2321 608 2358 ἐπὶ
629 2323 676 2372 τῷ
696 2321 808 2371 λόγῳ,
826 2321 884 2357 καὶ
904 2321 1058 2371 μεγάλης
1076 2322 1149 2358 ἐπι-

116 2380 239 2425 ῧουλῆς
257 2382 302 2422 εἷς
325 2380 425 2417 αὐτὸν
445 2383 546 2417 τοῦτο
571 2381 718 2416 ἐποιεῖτο
748 2378 950 2429 τεκμήριον·
972 2378 1002 2415 εἴ
1020 2394 1055 2415 τε
1083 2394 1150 2415 πα-

118 2441 222 2486 ροῧσα
252 2438 435 2487 ἐτύγχανεν
465 2436 633 2488 Ἀντωνίῳ
653 2439 674 2481 ἡ
701 2436 845 2486 στρατιὰ
876 2435 1150 2486 τεθεραπευμένη

116 2495 308 2545 χρήμασιν,
329 2494 415 2546 ᾤετο
436 2494 483 2543 μὴ
509 2493 549 2530 ἂν
581 2495 725 2539 ὄκνῆσαι
755 2494 813 2530 καὶ
834 2494 1017 2544 ἐπιχειρεῖν
1048 2495 1151 2545 αὐτῷ,

117 2552 208 2602 izai]
229 2556 337 2589 ταῦτα
367 2552 405 2601 (ι)
429 2551 532 2599 μηδὲν
564 2551 799 2600 ἀδικούμενον,
829 2553 905 2588 ἀλλ’
934 2551 1002 2588 ἀπὸ
1036 2551 1152 2602 ἑτέρας

118 2610 251 2652 ἐλπίδος
275 2610 330 2646 ἐπὶ
349 2613 447 2646 τοῦτο
467 2608 702 2659 προαγόμενον
716 2623 724 2632 ·
754 2610 855 2654 δῆλόν
876 2624 911 2646 τε
940 2603 1024 2645 εἶναι
1044 2613 1152 2645 ταῦτα

119 2667 279 2704 συνθέντα
301 2667 359 2704 καὶ
388 2667 444 2704 ἐπὶ
464 2666 562 2715 ἕτερα
586 2669 747 2718 χωρῆσαι
773 2666 831 2703 καὶ
860 2668 1020 2712 ε’θελῆσαι
1041 2666 1080 2703 ἂν
1105 2665 1153 2703 ἔτι

119 2725 152 2768 ἐξ
173 2727 300 2775 ἀρχῆς,
318 2726 412 2776 εἴπερ
431 2726 506 2769 ἐνῆν
527 2726 618 2775 αὐτῷ
638 2727 737 2761 τοῦτο
752 2723 920 2775 πράξαντι
936 2724 973 2761 τὸ
993 2724 1087 2765 ἀδεὲς
1105 2725 1149 2773 (2)

588 2782 717 2833 Ὀργῆς
734 2778 789 2818 οὖν
805 2781 938 2824 δικαίας
955 2781 1154 2830 ἐπίμπλατο

120 2843 166 2883 εἷς
187 2840 288 2877 αὐτὸν
315 2839 387 2888 ἅμα
414 2840 472 2876 καὶ
492 2840 650 2890 προνοίας
674 2839 752 2890 περὶ
772 2842 899 2888 αὑτοῦ,
922 2845 1068 2891 φανερᾶς
1096 2842 1154 2885 τῆς

120 2898 248 2936 ἐκείνου
269 2897 405 2946 γνώμης
434 2896 636 2946 γενομένης,
668 2897 782 2934 πάντα
811 2913 847 2934 τε
877 2898 916 2948 (3)
937 2898 1153 2948 περισκοπῶν

120 2785 157 2819 ἐκ
170 2786 229 2827 τῆς
247 2788 408 2832 στρατιᾶς
423 2781 528 2832 ἔχειν.

122 2957 211 3008 ἐώρα
245 2957 309 3006 οὐχ
335 2954 547 3005 ἢσυχαστέον
571 2955 606 2992 ὂν
628 2958 758 3006 ἑαυτῷ·
788 2958 824 2993 οὒ
855 2955 920 3006 γὰρ
950 2958 1155 2992 εἶναιτοῦτο

123 3015 316 3051 ἀκίνδυνον·
348 3012 437 3049 ἀλλὰ
458 3012 618 3058 ζητητέον
648 3013 724 3049 τινὰ
744 3013 942 3064 ἐπικουρίαν
970 3012 1154 3050 ἀντίπαλον

780 3072 890 3108 Τοῦτο
913 3065 969 3107 οὖν
991 3069 1155 3119 ἐνθυμού-

125 3145 221 3179 μενος
239 3129 325 3177 ἔγνω
342 3130 468 3179 χρῆναι
487 3127 620 3178 φεύγειν
642 3127 698 3164 ἐπὶ
714 3126 773 3170 τὰς
786 3127 963 3180 πατρῴους
982 3128 1154 3176 ἀποικίας,

122 3071 250 3109 ἐκείνου
271 3071 414 3119 δυνάμει
433 3085 467 3106 τε
494 3069 552 3106 καὶ
579 3070 722 3120 ἐπινοίᾳ.

905 203 1109 241 NICOLAI
1141 204 1430 243 DAMASCENI

1213 308 1279 330 rem
1299 300 1499 330 securitatem
1516 300 1616 331 facere
1630 300 1716 340 quod
1730 301 1838 340 procul
1854 302 1972 341 abiret,
1990 302 2043 334 sed
2058 304 2188 335 tortasse
2204 312 2243 335 ex

1209 362 1287 392 urbe
1303 361 1477 400 digressum
1492 363 1581 392 tanto
1601 362 1721 393 facilius
1741 371 1773 394 se
1793 363 1824 394 in
1838 365 1964 395 occulto
1985 374 2073 405 posse
2090 365 2241 397 interfici.

1207 425 1296 454 Tunc
1310 423 1402 463 igitur
1422 425 1453 455 in
1475 424 1630 464 eJ'usmodi
1648 434 1753 457 rerum
1774 426 2024 459 consideratione
2046 428 2243 460 versabatur.

1208 489 1335 518 Postero
1347 487 1396 519 die
1409 487 1481 518 inde
1494 496 1512 518 a
1525 497 1618 519 mane
1630 488 1736 526 sedet,
1752 490 1796 520 uti
1809 493 2031 530 consueverat,
2046 500 2119 522 cum
2133 492 2245 524 amicis

1207 550 1281 588 suis,
1291 550 1322 580 et
1332 550 1443 589 aperiri
1456 550 1536 580 fores
1546 550 1636 589 jubet
1647 551 1683 582 iis
1693 551 1747 591 qui
1762 552 1961 592 frequentare
1975 562 2049 584 eum
2063 555 2095 585 et
2105 554 2245 585 salutare

1207 612 1360 651 solebant,
1370 613 1502 651 civibus,
1512 613 1688 653 hospitibus
1696 615 1727 645 et
1735 615 1900 654 militibus,
1910 617 1941 647 et
1949 625 2024 647 cum
2035 617 2246 657 omnibusque

1207 676 1407 715 colloquitur,
1422 676 1498 706 nihil
1509 677 1631 707 mutata
1642 677 1869 708 consuetudine
1880 677 2075 718 quotidiana.
2092 679 2246 711 Antonius

1207 737 1313 766 autem
1326 760 1334 773 ‚
1360 737 1467 767 amicis
1483 736 1515 766 111
1540 737 1708 767 concilium
1724 738 1906 768 convocatis
1917 762 1926 777 ,
1943 737 2028 768 haud
2055 738 2197 778 ignorare
2212 748 2245 770 se

1207 798 1287 830 dixit
1297 798 1362 837 jam
1377 801 1468 830 antea
1483 800 1615 830 Caesaris
1625 799 1742 830 insidiis
1755 800 1931 839 appetitum
1942 809 2025 835 esse.
2040 802 2093 832 ubi
2109 811 2184 833 vero
2201 811 2240 833 ex

1208 861 1286 892 urbe
1302 861 1340 892 ad
1355 862 1529 892 exercitum
1544 861 1575 891 in
1588 861 1708 892 ltaliam
1722 862 1890 900 traJ'ectum
1902 862 2054 901 proticisci
2072 863 2243 904 voluisset,

1208 926 1283 955 tunc
1306 924 1388 955 lianc
1406 933 1439 955 se
1457 924 1656 955 occasionem
1683 924 1726 955 rei
1748 924 1960 964 exsequendae
1983 925 2028 956 illi
2052 926 2241 965 praebuisse:

1208 989 1240 1018 at
1256 996 1295 1018 ex
1311 987 1411 1018 missis
1427 987 1465 1017 ad
1484 987 1603 1018 caedem
1620 987 1738 1018 sicariis
1756 996 1857 1018 unum
1869 1011 1877 1027 ,
1896 989 1932 1019 ut
1947 987 2044 1019 index
2070 989 2115 1020 rei
2133 990 2222 1021 fieret
2234 1014 2243 1028 ‚

1211 1045 1330 1085 magnis
1356 1044 1447 1075 donis
1467 1053 1533 1075 esse
1555 1044 1748 1084 adductum3
1766 1047 1863 1085 atque
1879 1046 1924 1076 sic
1939 1054 2141 1086 percussores
2155 1056 2242 1078 com·

1210 1103 1378 1142 prehensos
1388 1127 1397 1141 ‚
1417 1103 1499 1143 ipsos
1512 1111 1589 1133 vero
1603 1103 1642 1133 ad
1657 1103 1754 1134 hocce
1769 1105 1959 1134 convocatos
1970 1112 2036 1135 esse
2055 1105 2224 1135 concilium
2235 1129 2243 1143 ,

1212 1162 1247 1192 ut
1273 1161 1445 1192 sententias
1468 1161 1591 1192 audiret
1620 1161 1660 1193 de
1685 1162 1807 1193 ratione
1836 1171 1899 1201 qua
1921 1162 2016 1193 rebus
2037 1163 2244 1202 praesentibus

1212 1219 1364 1250 utendum
1382 1221 1472 1251 esset.
1490 1220 1610 1257 Quibus
1623 1220 1732 1258 dictis,
1750 1220 1824 1251 socii
1839 1221 1962 1251 concilii
1976 1221 2190 1260 quaesiverunt
2204 1231 2244 1252 ex

1213 1279 1366 1317 Antonio,
1396 1278 1523 1309 ubinam
1543 1280 1646 1309 essent
1674 1279 1894 1318 comprehensi
1919 1278 1990 1316 isti,
2011 1288 2092 1319 quos
2112 1279 2245 1310 interro-

1211 1338 1319 1375 gantes
1333 1345 1399 1367 rem
1416 1337 1627 1376 explorarent.
1649 1338 1730 1368 'I'um
1749 1337 1902 1368 Antonius
1917 1337 2069 1369 simulans
2084 1337 2159 1368 1111111
2183 1337 2245 1368 1100

1214 1396 1314 1426 facere
1338 1394 1377 1425 ad
1403 1403 1470 1425 rem
1494 1396 1679 1434 praesentem
1694 1418 1701 1432 ,
1727 1395 1877 1434 quoniam
1903 1395 2023 1426 facinus
2046 1396 2076 1426 in
2103 1395 2244 1426 confesso

1213 1455 1311 1492 esset,
1324 1454 1354 1484 ct
1368 1453 1407 1483 ad
1422 1453 1482 1483 alia
1496 1462 1632 1493 qumque
1646 1453 1819 1484 orationem
1833 1453 1998 1485 devertens
2011 1477 2018 1492 ‚
2033 1454 2093 1484 hoc
2108 1454 2245 1485 maxime

1211 1513 1416 1550 attendebat,
1434 1513 1458 1543 si
1473 1513 1543 1552 quis
1562 1512 1703 1543 dicturus
1722 1512 1801 1543 soret
1819 1513 1990 1544 vindictam
2007 1522 2026 1544 a
2050 1516 2174 1545 Caesare
2189 1522 2244 1544 su-

1212 1570 1378 1609 mendam,
1394 1579 1495 1609 neque
1509 1569 1735 1609 quiescendum
1753 1579 1830 1601 esse.
1846 1573 1965 1601 Verum
1989 1580 2088 1610 quum
2102 1571 2244 1602 omnium

1212 1630 1313 1660 altum
1341 1629 1501 1659 silentium
1526 1628 1691 1668 multaque
1716 1629 1864 1667 cogitatio
1887 1631 1984 1668 esset,
2011 1629 2096 1669 quod
2121 1630 2245 1660 nullum

1212 1687 1357 1718 viderent
1372 1687 1404 1717 in
1421 1687 1560 1717 medium
1579 1687 1737 1726 prolatum
1758 1686 1904 1718 facinoris
1920 1687 2071 1718 indicium
2083 1711 2091 1726 ,
2115 1688 2245 1719 tandem

1211 1754 1294 1776 unus
1304 1753 1413 1775 eorum
1427 1744 1508 1775 dixit
1521 1744 1726 1775 commodum
1742 1745 1808 1775 sore
1820 1745 1937 1776 dimitti
1954 1746 1994 1777 ab
2009 1754 2046 1777 eo
2060 1746 2244 1784 concilium,

1211 1802 1296 1842 quod
1317 1802 1444 1833 deceret
1457 1803 1559 1842 ipsum
1578 1802 1740 1833 moderate
1755 1811 1820 1833 rem
1840 1803 1920 1834 terre
1942 1812 2044 1842 neque
2062 1804 2170 1835 turbas
2188 1812 2243 1835 ex-

1211 1860 1327 1900 citare,
1342 1860 1458 1900 quippe
1471 1861 1525 1900 qui
1540 1861 1649 1891 consul
1664 1862 1754 1892 esset.
1772 1862 1883 1900 ltaque
1906 1861 1953 1892 liis
1968 1860 2061 1892 dictis
2079 1863 2110 1893 et
2132 1861 2247 1893 auditis

1212 1919 1366 1950 Antonius
1387 1919 1571 1949 concionem
1589 1919 1717 1950 dimisit.
1736 1919 1843 1950 Tertio
1863 1921 1970 1950 autem
1993 1919 2043 1950 vel
2060 1921 2174 1959 quarto
2196 1919 2247 1950 die

1212 1979 1281 2017 post
1310 1977 1521 2008 Brundusium
1549 1976 1731 2016 contendit,
1750 1979 1785 2008 ut
1801 1977 1982 2008 traductum
2011 1986 2048 2008 eo
2069 1977 2245 2008 exercitum

1211 2037 1393 2067 assumeret.
1415 2037 1523 2075 Neque
1546 2035 1610 2065 ulla
1635 2035 1767 2074 quaestio
1787 2034 1826 2065 de
1843 2035 1961 2066 insidiis
1986 2036 2069 2072 erat,
2089 2035 2144 2065 sed
2158 2060 2166 2073 ‚
2193 2035 2247 2066 illo

1213 2095 1372 2134 profecto,
1398 2095 1499 2125 totam
1516 2093 1597 2124 lianc
1619 2102 1684 2124 rem
1713 2093 1813 2124 relicti
1837 2093 1905 2132 ejus
1931 2093 2024 2124 amici
2047 2093 2195 2132 diluunt,
2215 2095 2247 2124 et

1213 2153 1266 2192 qui
1290 2152 1508 2192 comprehensi
1526 2160 1565 2182 ex
1592 2150 1828 2181 insidiatoribus
1846 2151 2044 2189 dicebantur,
2066 2159 2160 2181 nemo
2185 2159 2246 2191 1111-

1212 2219 1307 2250 (1113111
1325 2210 1415 2241 vidit.

1253 2270 1367 2300 XXXI.
1394 2271 1501 2300 Cacsar
1515 2277 1590 2298 vero
1605 2268 1662 2298 etsi
1681 2267 1811 2297 crimine
1833 2268 2017 2306 exemptus,
2041 2267 2247 2299 nibilominus

1212 2335 1294 2366 aegre
1310 2326 1428 2357 ferebat
1450 2334 1573 2365 sparsos
1600 2325 1639 2355 de
1657 2325 1724 2364 ipso
1743 2333 1905 2363 rumores,
1928 2325 2027 2365 iisque
2043 2325 2246 2364 insidiarum,

1213 2393 1284 2424 quac
1310 2384 1368 2415 sibi
1393 2384 1591 2424 pararentur,
1615 2382 1764 2413 indicium
1793 2382 1999 2422 agnoscebat;
2025 2386 2056 2414 et
2080 2383 2105 2414 si
2129 2385 2248 2423 praesto

1213 2443 1293 2474 esset
1321 2441 1458 2473 Antonio
1483 2441 1641 2472 exercitus
1670 2440 1887 2479 largitionibus
1903 2440 1941 2471 ad
1971 2441 2158 2481 obsequium
2188 2441 2245 2473 ad-

1213 2500 1344 2538 ductus,
1375 2499 1458 2530 haud
1485 2508 1559 2530 eum
1586 2500 1810 2529 cunctatur-um
1829 2498 1959 2538 putabat
1978 2498 2054 2538 quin
2070 2498 2248 2530 adoriretur

1213 2567 1264 2597 se,
1279 2558 1373 2598 idque
1386 2557 1473 2588 nulla
1487 2558 1638 2588 affectum
1660 2556 1794 2595 injuria,
1809 2556 1863 2587 sed
1886 2556 1947 2587 alia
1964 2565 2019 2596 spe
2041 2556 2080 2587 ad
2098 2557 2158 2588 1100
2173 2565 2247 2597 per-

1214 2618 1349 2647 motum.
1365 2617 1442 2646 Nam
1457 2615 1658 2646 manifestum
1673 2623 1739 2645 esse
1755 2623 1829 2645 eum
1846 2614 1900 2654 qui
1914 2614 1971 2645 ista
1986 2615 2184 2646 machinatus
2196 2624 2245 2646 es-

1214 2676 1277 2713 set,
1295 2675 1390 2705 etiam
1413 2674 1473 2704 alia
1496 2681 1734 2712 aggressurum,
1751 2672 1847 2712 idque
1868 2672 2006 2703 voluisse
2020 2672 2086 2711 Jam
2111 2672 2182 2704 inde
2205 2672 2245 2703 ab

1214 2732 1322 2771 initio,
1345 2732 1403 2763 nisi
1426 2731 1550 2762 facienti
1581 2731 1639 2761 hoc
1669 2730 1709 2761 ab
1730 2730 1871 2761 exercitu
1896 2729 2103 2761 metuendum
2126 2730 2245 2762 fuisset.

1216 2791 1312 2830 igitur
1332 2790 1426 2829 justae
1452 2790 1507 2820 irae
1523 2789 1634 2828 plenus
1660 2789 1691 2819 in
1718 2789 1910 2825 Antonium,
1942 2788 2032 2827 cujus
2064 2788 2193 2819 consilia
2216 2788 2246 2819 in

1214 2849 1319 2888 aprico
1342 2849 1449 2886 erant,
1476 2855 1602 2878 summa
1623 2846 1773 2878 utebatur
1798 2846 1976 2886 prudentia.
1999 2846 2113 2876 Omnia
2138 2847 2246 2876 autem

1215 2906 1470 2945 circumspiciens
1494 2904 1578 2936 haud
1606 2904 1832 2944 quiescendum
1855 2903 1913 2935 sibi
1937 2903 2082 2942 videbat3
2106 2902 2136 2933 id
2162 2904 2246 2934 enim

1216 2965 1334 3004 absque
1357 2963 1495 3003 periculo
1516 2962 1581 2993 tieri
1607 2971 1669 2993 non
1687 2970 1793 3001 posse;
1819 2970 1930 2992 verum
1948 2960 2155 3000 quaerendum
2181 2968 2248 2992 esse

1216 3023 1369 3054 auxilium
1386 3021 1564 3061 quoddam,
1579 3020 1663 3059 quod
1683 3019 1832 3059 potentiae
1849 3019 1917 3057 eJus
1932 3020 1964 3049 et
1977 3018 2130 3049 molimini
2151 3026 2246 3058 oppo-

1216 3079 1314 3108 neret.
1335 3078 1410 3108 Hmc
1425 3076 1455 3106 in
1469 3076 1575 3106 animo
1596 3075 1727 3105 volvens
1743 3073 1781 3104 ad
1797 3076 1940 3113 paternas
1956 3072 2124 3111 confugere
2137 3072 2248 3103 statuit

1215 3131 1366 3168 colonias,
1378 3130 1494 3170 quibus
1502 3137 1592 3169 agros
1602 3127 1898 3168 paterdistribuerat
1908 3126 2097 3165 urbiumque
2104 3125 2248 3157 conditor

123 3240 176 3270 sed
192 3239 314 3278 longius
332 3239 393 3269 1100
411 3238 450 3269 ab
463 3238 600 3277 acceptis
617 3238 744 3269 recedit.
760 3255 800 3260 -
819 3243 864 3269 10.
881 3238 1032 3278 διάρας]
1051 3238 1241 3277 diqressus‚
1259 3236 1369 3268 eodem
1383 3244 1474 3267 sensu
1488 3243 1552 3274 quo
1566 3233 1697 3273 ἀπάρας.
1713 3233 1852 3263 Alterum
1866 3231 2047 3270 exemplum
2063 3230 2156 3268 liuius
2170 3239 2246 3278 usus

125 3295 186 3316 non
202 3286 285 3316 novi.
296 3304 336 3310 —-
351 3289 398 3316 11.
413 3284 554 3324 supplevi
571 3293 601 3315 v.
615 3285 666 3314 καὶ
680 3292 776 3323 quam
793 3284 892 3314 delevi
906 3285 936 3314 in
949 3286 1086 3322 antece„
1097 3284 1149 3315 ubi
1164 3293 1220 3324 pro
1233 3287 1294 3314 τῶν
1311 3282 1413 3312 ἀστῶν
1430 3281 1531 3312 codex
1545 3280 1639 3310 babet
1650 3280 1701 3309 καὶ
1719 3279 1831 3309 ἀστῶν.
1845 3297 1885 3303 -
1904 3281 1949 3308 12.
1963 3275 2028 3316 ὡς]
2041 3277 2115 3307 ὡστ’
2126 3276 2185 3306 cod
2207 3293 2245 3298 -

131 3338 174 3362 13.
192 3343 213 3361 π
224 3331 447 3371 εμφθέντων]
462 3331 633 3370 πεμφθέντα
649 3330 717 3361 cod.
739 3348 777 3351 —
798 3332 843 3361 14.
860 3330 1017 3369 ἀθροῖσαι]
1030 3329 1172 3368 ἁθροίσας
1188 3328 1258 3358 cod.
1274 3348 1313 3354 -
1333 3333 1378 3359 15.
1395 3325 1641 3366 καὶ]51111[116νί.
1658 3342 1697 3348 -—
1721 3329 1771 3355 16.
1787 3322 1994 3362 σύλλογον]
2010 3323 2118 3353 σύλλον
2132 3321 2201 3352 cod.

166 3380 189 3407 λ’
199 3380 218 3407 x
227 3379 265 3407 ΧΙ
296 3384 302 3407 1
313 3401 318 3406 .
331 3379 353 3407 Κ
365 3378 398 3406 αὶ
412 3388 426 3406 τ
436 3387 454 3405 α
463 3379 502 3405 ῠτ
511 3387 530 3405 α
540 3375 549 3414 l
558 3376 607 3406 καὶ
617 3375 769 3414 supplevi.
781 3392 818 3396 —-
829 3379 856 3404 2.
868 3374 991 3413 ἀδεὲς]
1006 3374 1102 3409 οὐδεὲς
1117 3374 1184 3405 cod.
1194 3377 1341 3405 Ceterum
1358 3375 1445 3404 locus
1456 3372 1595 3404 hiemale
1605 3380 1700 3402 sanus
1715 3373 1770 3402 est.
1779 3389 1817 3396 -
1826 3373 1853 3400 3.
1870 3369 2161 3408 πάντοπερισκοπῶν
2173 3367 2240 3397 cod.
