2338 3765
925 148 1254 186 FRAGMENTx.

46 239 212 288 Λογισμῷ
237 236 271 274 δὲ
305 235 473 273 πιστεύων
507 234 591 287 ἀνὴρ
627 233 840 284 βεὸαιότερος
872 233 893 278 ἢ
925 234 1072 283 ἀμαθίας

45 296 201 347 σχήματι
219 294 371 344 (λήματι
403 295 469 344 Β.)
500 293 583 344 πρὸς
612 292 673 334 τὰς
698 291 844 337 ἀδήλους
875 290 979 343 φορὰς
1004 295 1071 329 τῶν

43 352 256 404 πραγμάτων
273 350 515 403 ἐξορμώμενος.
537 349 582 388 Αἵ
597 365 633 386 τε
644 351 677 386 ἐν
690 355 757 391 τοῖς
774 347 934 397 πολέμοις
954 364 1070 385 συντυ-

43 411 116 462 χίαι
138 408 160 454 ἢ
181 408 270 446 κατὰ
290 409 327 445 τὸ
352 411 537 460 ἀναγκαῖον
555 408 615 453 τὴν
635 408 766 451 τόλμαν
792 407 941 444 διδόασιν
968 407 1071 451 ἐξιοῦ-

43 483 93 505 σιν
111 469 144 510 ἕς
162 467 237 509 τοὺς
256 466 439 513 κινδύνους,
456 466 477 512 ἢ
500 467 612 508 ἀδείας
631 464 808 516 περιουσίᾳ
825 464 886 510 τὴν
908 466 994 514 μετὰ
1014 471 1072 504 τοῦ

43 527 215 578 ἀσφαλοῦς
235 524 368 562 σύνεσιν
389 524 599 576 παρέχονται
612 553 620 569 ,
641 526 686 566 ὡς
701 523 748 572 μὴ
766 523 826 561 σὺν
847 523 914 560 δέει
933 539 964 560 τι
982 525 1071 572 μᾶλ-

43 585 99 621 λον
122 582 336 633 ἠπειγμένως
350 581 371 626 ἢ
386 581 580 634 προμηθείᾳ
602 581 744 632 πρᾶξαι.

95 659 109 674 ιι
133 640 353 690 Λογιζόμενοι
372 639 406 677 δὲ
426 640 505 676 τάδε
524 639 571 688 μὴ
585 639 632 676 ἴτε
658 638 740 691 πρὸς
761 638 883 690 ἄνδρας
905 640 935 681 ἐς
957 640 1072 688 ἀγῶνα

43 701 117 738 κατ’
141 698 286 750 ἐρημίαν
310 700 377 734 τῶν
396 697 665 748 συλληψομένων
681 698 788 748 ἐχυρᾷ
813 696 954 746 δυνάμει
973 697 1073 740 ἐξιόν-

42 774 102 800 τας
130 757 331 806 (ἐπιόνταςΡ
350 758 414 806 B.)
435 756 494 793 καὶ
519 757 630 805 πολλῇ
656 754 716 803 μὲν
736 753 851 806 ἵππῳ,
871 756 1009 798 πολλοῖς
1038 755 1072 792 δὲ

42 816 199 858 ὁπλίταις
215 815 284 852 ’καὶ
304 817 414 867 ψιλοῖς
433 812 796 866 παρεσκευασμένους,
825 812 874 850 ἔτι
894 812 927 850 δὲ
950 816 1072 865 πεῖραν

42 873 233 923 πολεμικὴν
268 872 435 925 φοὸεροὺς
466 872 524 909 καὶ
555 871 726 921 σωμάτων
746 871 821 923 ὄψει
850 871 993 917 δεινοὺς,
1016 872 1074 909 καὶ

42 931 156 969 ὅπλων
178 930 370 977 ἀνασείσει,
394 932 552 972 ἀπειλαῖς
565 945 600 966 τε
618 929 675 966 καὶ
699 931 778 980 βοῆς
793 929 927 979 μεγέθει
947 931 1073 966 ἱκανω-

43 990 163 1032 τάτους
190 988 450 1041 προεκφοὸἧσαι
476 987 553 1030 τοὺς
581 990 716 1039 πρῶτον
749 988 782 1030 ἐς
807 987 927 1030 αὐτοὺς
948 988 1071 1030 ἰόντας,

43 1049 104 1093 Μὴ
134 1046 174 1092 δὴ
201 1046 283 1097 πρὸς
312 1046 432 1083 τούσδε
453 1045 783 1095 ἄποκινδυνεύσητε,
805 1045 877 1089 εἶξον
909 1046 977 1083 ἀπὸ
1006 1049 1072 1083 τΓ)ν

41 1107 162 1156 τει-[ΓΝ
183 1120 242 1141 συν
260 1105 430 1176 ἀσφαλείά
453 1104 654 1154 ἀμύνεσθαι,
678 1103 750 1141 Koa
771 1103 837 1154 γαρ
858 1107 878 1150 η
897 1104 991 1146 ελπις
1004 1106 1073 1146 τοῖς

42 1165 175 1214 πρΓ)τον
207 1164 238 1205 ἐς
265 1162 382 1213 μάχην
403 1164 509 1200 ἰοῦσιν
542 1161 681 1212 ἰσχυρόν
709 1177 741 1198 τι
768 1161 877 1205 ἔδοξεν
908 1166 994 1198 εἰναι
1016 1162 1075 1198 καὶ

43 1220 352 1273 προσαγωγότατον
374 1222 420 1262 εἷς
446 1220 675 1270 κατόρθωσιν·
695 1220 770 1256 ἀλλ’
790 1221 823 1256 ἐν
840 1225 908 1262 τοῖς
927 1235 1075 1272 περιφα-

43 1278 214 1321 νεστάτοις
234 1278 329 1331 ὤφθη
349 1279 379 1326 *‚
402 1277 483 1315 ὅταν
512 1280 560 1314 τΓι)
581 1279 695 1324 ἀληδ..
717 1278 857 1329 (ἀληθεῖ
875 1279 945 1325 N.)
963 1278 1076 1328 μάχη-

42 1354 112 1376 ται.
132 1337 288 1382 Εὔδηλον
307 1337 341 1374 δὲ
361 1336 492 1386 δήπου,
516 1341 633 1403 ρίμαι,
654 1338 698 1378 ὡς
708 1334 771 1372 κᾶν
788 1351 855 1378 τοις
884 1335 916 1379 ἐς
936 1335 1011 1374 ι’σου
1024 1340 1077 1374 οὖ

44 1406 96 1428 σιν
118 1390 196 1426 ἄνευ
228 1393 422 1440 στρατηγοῦ
443 1388 533 1425 κατὰ
560 1388 665 1431 μόνας
689 1388 963 1426 ἀποκινδυνεύειν
985 1404 1073 1440 σφα-

42 1442 251 1493 λερώτατον·
269 1441 306 1478 τὸ
321 1441 355 1479 δὲ
373 1441 438 1478 ὑπὸ
452 1440 595 1491 ἡγεμόνι
618 1456 655 1478 τε
672 1440 814 1491 ἄγεσθαι
831 1440 889 1478 καὶ
907 1443 938 1484 ἐς
955 1457 1075 1479 κοινω-

43 1498 114 1536 νίαν
134 1500 228 1544 ἥκειν
249 1499 373 1550 ἑτέροις
400 1502 458 1536 τοῦ
488 1496 643 1535 κινδύνου
674 1497 707 1535 ἔν
727 1513 764 1535 τε
784 1498 991 1546 ἐνθυμησεσι
1011 1501 1074 1537 κάν

43 1558 110 1600 τοῖς
134 1557 242 1609 ἔργοις
263 1557 533 1609 ἀσφαλέστατον,
561 1557 681 1608 ῥᾳδίαν
710 1556 787 1607 ἔχον
814 1556 875 1602 τὴν
902 1557 998 1607 παρὰ
1017 1561 1076 1594 τοῦ

43 1614 148 1657 πέλας
168 1614 410 1666 ἐπανόρθωσιν.
435 1614 598 1665 Κρεῒττόν
617 1630 653 1651 τε
671 1613 731 1651 σὺν
751 1613 853 1666 ἑτέρῳ
869 1619 1074 1666 κατορθοῦν-

42 1688 101 1715 τας
121 1673 217 1719 δόξης
237 1673 377 1710 ἔλαττον
404 1673 507 1723 ἔχειν,
535 1672 556 1718 ἢ
586 1672 666 1723 δίχα
689 1676 747 1709 τοῦ
767 1676 962 1724 προμηθοῦς
987 1673 1077 1711 κατὰ

45 1731 148 1780 μόνας
163 1731 449 1782 ἐπιχειρήσαντας
464 1733 650 1782 σφαλῆναι.
668 1730 738 1768 Καὶ
754 1731 894 1772 ἀπόντος
911 1731 971 1779 μὲν
989 1731 1075 1769 πολὺ

45 1788 112 1825 ἀπὸ
138 1792 230 1842 σφῶν
257 1793 314 1826 τοῦ
351 1788 654 1834 ἐπιέοηθήσοντος,
687 1782 741 1825 οἷα
775 1789 814 1833 δὴ
845 1790 1076 1837 μονωθέντας,

46 1847 169 1898 δρᾶσαί
202 1863 234 1885 τι
264 1846 324 1884 σὺν
357 1845 513 1899 εὐχερείᾳ
542 1845 761 1896 σύγγνωμον·
790 1848 920 1897 ἀνδρῶν
953 1846 988 1884 δὲ
1017 1851 1078 1885 οὐκ

2090 155 2162 185 057

1135 232 1272 269 ἄπωθεν
1289 232 1392 269 ὄντων
1415 233 1536 282 ἄριστα
1556 232 1698 284 πολέμῳ
1718 233 1942 282 ὡμιληκότων
1968 233 2026 270 καὶ
2046 240 2165 284 πειραν

1133 290 1410 340 παρασχομένιιω
1431 293 1488 326 τοῦ
1506 297 1615 336 νικᾶν,
1635 292 1692 327 καὶ
1718 295 1827 328 ταῦτα
1851 291 1888 328 τὸ
1914 292 2009 334 ἀδεὲς
2035 294 2067 334 ἐς
2092 292 2167 336 τοὺς

1133 347 1304 389 κινδύνους
1324 349 1357 383 ἐν
1375 349 1422 398 τῷ
1441 347 1495 383 διὰ
1514 347 1618 393 μέσου
1639 349 1676 385 ἐκ
1696 351 1755 393 τῆς
1772 351 1837 385 τῶν
1855 352 1977 400 τειχῶν
1995 351 2165 401 ὀχυρότη*

1134 419 1190 446 τος
1210 404 1371 454 ἔχοντας,
1390 404 1519 454 πρᾶξαί
1539 420 1570 440 τι
1590 405 1685 455 παρὰ
1705 405 1765 451 τὴν
1788 410 1845 443 τοῦ
1868 406 2028 457 ἄρχοντος
2046 409 2166 445 καταί-

1133 476 1235 506 νεσιν,
1253 461 1316 497 κᾶν
1330 478 1378 512 τῳ
1395 462 1532 510 ἄμεινον
1550 462 1653 512 ἐκὸᾓ,
1672 464 1732 500 οὐκ
1748 463 1972 510 ἀνεπίκλητον
1988 465 2094 516 ἐφάνη
2112 467 2166 502 διά

1133 533 1169 554 τε
1183 517 1221 554 τὸ
1238 518 1413 561 δυσπειθὲς
1437 518 1474 555 τὸ
1491 520 1569 570 περὶ
1588 520 1645 556 τὸν
1669 521 1909 571 προστάξαντα
1923 553 1934 572 ,
1958 524 2016 561 καὶ
2036 523 2087 560 ὅτι
2105 523 2165 560 σὺν

1133 578 1182 626 τῷ
1202 576 1386 627 ἀμφιῧόλῳ
1405 580 1463 613 τοῦ
1484 578 1746 626 κινδυνεύματος
1767 580 1983 631 ἐπεχειρήθη.

1187 651 1200 665 «
1232 635 1261 670 zi
1276 634 1312 670 δέ
1325 649 1374 676 τις
1388 635 1599 684 προαστείων
1612 651 1647 672 τε
1659 636 1717 673 καὶ
1732 638 2004 686 ἐνδιαιτημάτων
2021 639 2167 691 τέρψεως

1136 691 1445 761 ἀποστερούμενος
1450 692 1609 742 ἄχθεται,
1628 709 1686 730 και
1705 693 1767 731 ὅσα
1788 696 1935 733 πλούτου
1952 698 2168 746 εγκαλλωπί-

1137 763 1266 819 σματα,
1281 748 1400 798 γνώτι)
1414 765 1452 786 το
1469 766 1529 798 μεν
1546 751 1699 800 ἀλγεινὸν
1714 753 1759 794 εἷς
1771 752 1882 802 ὀλίγον
1897 770 1931 791 τε
1948 755 2006 791 καὶ
2021 757 2053 792 ἐν
2066 757 2170 808 ὀλίγω

1134 805 1195 850 τὴν
1212 805 1369 851 αίσθησιν
1386 811 1493 855 οἱσον,
1515 802 1569 844 οἶα
1588 808 1628 854 ’δὴ
1648 811 1681 846 ἐν
1703 811 1896 860 οἰκοδομαῖς
1922 812 2091 861 κείμενον,
2112 815 2170 852 καὶ

1135 867 1234 914 ἡμῶν
1246 865 1283 901 οὐ
1296 865 1351 901 διὰ
1367 881 1500 916 μακρου
1516 868 1808 916 επιστησομένιι)ν,
1821 886 1866 912 ως
1879 872 2034 915 (τῶνΡΒ.
2044 871 2170 921 )κωλυ’-

1136 922 1193 958 σαί
1202 937 1237 959 τε
1249 922 1304 959 τὸν
1315 924 1467 968 παντελῆ
1475 924 1603 961 τούτων
1613 926 1805 976 ἀφανισμὸν
1816 927 1873 964 καὶ
1886 929 2072 966 ἀναλαὸεῒν
2083 931 2170 967 αὐτὰ

1136 980 1316 1032 δαψίλειαν
1334 983 1393 1026 τῆς
1416 982 1454 1017 ἐκ
1471 981 1590 1019 τούτου
1607 984 1773 1034 χορηγίας
1791 986 1851 1022 οὐκ
1872 987 2058 1033 ἀδυνάτων,
2078 988 2115 1025 τὸ
2135 989 2170 1026 δὲ

1136 1041 1194 1083 τῆς
1207 1038 1372 1090 σφετέρας
1381 1040 1551 1089 σωτηρίας
1563 1041 1772 1078 ἐπικίνδυνον
1784 1045 1843 1080 οὐκ
1858 1044 2050 1094 ἷασόμενος.
2063 1045 2170 1084 ”Οθεν

1136 1098 1178 1145 τῇ
1198 1096 1396 1146 παραυτίκα
1415 1096 1577 1146 ἀχθηδόνι
1594 1097 1631 1134 τὸ
1647 1099 1692 1140 εἷς
1715 1098 1806 1135 ἅπαν
1821 1101 1971 1153 ἀσφαλὲς
1992 1104 2169 1145 ἀντιτιθεὶς

1137 1153 1227 1190 οὕτω
1255 1154 1457 1204 λογιζέσθω,
1488 1154 1572 1192 διότι
1594 1156 1716 1204 μηδὲ’
1703 1172 1734 1199 ες
1752 1173 1903 1208 παντας,
1927 1160 2039 1196 ἄλλη
2019 1176 2092 1198 οσοι
2115 1162 2173 1198 δυ-

1137 1226 1231 1247 νατοι
1253 1211 1291 1248 τὸ
1312 1212 1463 1283 λυπηρον
1482 1211 1542 1258 τὴν
1563 1213 1736 1266 ἀναφορὰν
1757 1215 1850 1266 ἔχει,
1871 1217 1954 1268 παρ’
1970 1222 2016 1260 οἷς
2032 1219 2171 1256 πλούτι)

1137 1269 1295 1320 ἰσχύουσι
1310 1285 1369 1307 και
1387 1269 1466 1307 ἄνευ
1483 1286 1543 1308 του
1563 1272 1730 1323 ἡμετέρου
1750 1279 1873 1324 ταχεῖα
1890 1277 1956 1311 τΓ)ν
1975 1277 2174 1327 ἀφαιρεθεν-

1137 1343 1204 1364 των
1229 1331 1250 1373 ἡ
1271 1327 1458 1378 διόρθωσις.
1518 1330 1697 1367 Παυστέον
1730 1331 1770 1377 δὴ
1802 1335 1858 1368 οὖν
1887 1349 1933 1369 ου
1939 1349 1965 1369 ιν
1992 1335 2096 1379 τησδε
2116 1351 2175 1380 της

1138 1387 1265 1436 ὁρμῆς,
1286 1388 1314 1423 εἰ
1337 1387 1424 1437 μήτε
1449 1390 1579 1430 εαυτοῖς
1600 1388 1788 1432 επιὸούλως
1811 1390 1869 1427 καὶ
1895 1406 1926 1434 ες
1950 1407 2006 1428 τον
2025 1392 2174 1444 ἄρχοντα

1139 1444 1297 1488 ἐναντίως
1317 1445 1490 1496 προίσσετε
1503 1477 1511 1492 ,
1531 1446 1590 1482 καὶ
1610 1446 1691 1483 εἴσω
1720 1451 1842 1499 τειχῶν
1866 1449 2034 1496 μενετέον.
2059 1450 2173 1500 ἹΙμᾶς

1139 1501 1172 1539 δὲ
1193 1501 1268 1539 οὔτε
1294 1506 1336 1554 τῇ
1351 1507 1554 1555 παρασκευῇ
1572 1504 1647 1541 οὔτε
1668 1505 1742 1548 ταῖς
1757 1506 1909 1556 γνώμαις
1929 1511 1989 1554 τῆς
2008 1511 2074 1546 τῶν
2105 1525 2176 1547 κοι-

1137 1562 1202 1597 νῶν
1225 1561 1396 1613 σωτηρίας
1422 1562 1654 1613 ἀφεστηκότας
1675 1563 1797 1614 ὀλίγων
1831 1568 1969 1616 ἡμερῶν
1989 1569 2175 1613 ἐπιστησο·

1140 1618 1260 1667 μένους
1275 1618 1349 1667 ἅμα
1368 1623 1409 1670 τῇ
1429 1620 1570 1669 δυνάμει
1591 1620 1763 1668 ἐλπίζετε,
1782 1638 1840 1659 και
1857 1626 2072 1676 εἴσιι)τειχῶν
2083 1626 2125 1662 τὰ
2146 1628 2178 1669 ἐς

1138 1693 1200 1722 την
1217 1692 1301 1713 τουε
1291 1676 1439 1720 ”’ξωθεν
1421 1693 1549 1728 αγωνος
1562 1678 1803 1730 κατόρθωσιν
1786 1686 1869 1729 ημῖν
1885 1682 2040 1730 μελησει.
2060 1685 2177 1735 Προα-

1140 1734 1358 1771 ποδεικνυται
1376 1735 1410 1772 δὲ
1442 1751 1480 1772 ου
1510 1737 1627 1788 πόρρω
1646 1741 1705 1774 τοῦ
1735 1739 1880 1784 ἀληθους
1901 1744 1986 1777 εἰναι
2006 1740 2044 1778 τὸ
2067 1758 2178 1791 επαγ-

1140 1793 1288 1841 γελμα7
1274 1809 1311 1830 εκ
1341 1809 1407 1830 των
1438 1810 1521 1846 προς
1542 1795 1728 1833 Νικοπόλει
1748 1797 1986 1848 πραχθεντων,
2021 1799 2052 1836 εἴ
2073 1815 2109 1850 γε
2130 1800 2177 1848 μὴ

1140 1852 1451 1903 μεγαληγορεῗσθαι
1467 1852 1594 1898 δεήσει.
1618 1854 1695 1904 Χρὴ
1716 1854 1750 1891 δὲ
1775 1856 1809 1892 ἐν
1826 1859 1896 1899 τοῖς
1916 1857 2086 1907 μεγίστοις
2102 1861 2167 1895 τῶν

59 1926 2167 1943 Ἣ

46 1959 100 1989 Vir
116 1959 171 1998 qui
197 1959 309 1990 mentis
325 1959 419 1990 nixus
438 1959 567 1989 consilio
589 1960 653 1997 est,
672 1959 882 1990 constantiam
897 1960 995 1999 magis
1016 1969 1079 1991 ser-

46 2012 115 2049 vat,
134 2019 229 2050 quarn
244 2011 269 2042 is
283 2011 337 2050 qui
351 2010 569 2049 imperitorum
585 2010 647 2041 ritu
665 2010 784 2041 incerto
803 2019 909 2041 rerum
923 2012 1030 2042 cursui
1047 2021 1080 2043 se

45 2062 226 2093 committit.
245 2064 345 2094 Casus
359 2061 461 2092 bellici
475 2062 523 2092 vel
542 2063 685 2092 coactam
700 2061 865 2092 audaciam
882 2063 919 2094 iis
932 2063 1080 2102 suppedi-

26 2108 30 2113 ’
46 2115 114 2146 tant
126 2139 135 2153 ‚
155 2115 208 2154 qui
227 2114 366 2154 pericula
385 2114 521 2151 adeunt,
542 2114 591 2145 vel
605 2114 711 2145 oblata
730 2114 931 2146 immunitate
944 2115 1082 2155 pruden-

47 2166 122 2196 tiam
137 2175 211 2196 cum
231 2166 399 2196 securitate
414 2165 583 2204 exliibent;
611 2166 654 2196 ita
678 2167 713 2197 ut
730 2166 793 2205 Jam
815 2175 941 2198 neccsse
959 2176 1023 2198 non
1043 2167 1083 2199 sit

0 2227 1 2231 ¹
47 2217 210 2248 subitaneo
224 2217 328 2257 potius
342 2225 435 2256 opere
446 2213 541 2256 quain
559 2217 685 2256 proviso
700 2217 827 2248 consilio
841 2226 940 2257 agere.

89 2283 103 2297 ι(
119 2273 195 2302 Haec
225 2270 319 2309 igitur
336 2271 534 2309 reputantes,
558 2278 597 2300 ne
623 2271 781 2300 certamen
795 2270 976 2310 ineatisipsi
991 2271 1082 2301 auxi-

49 2323 96 2355 liis
114 2323 255 2354 destituti
283 2322 435 2353 adversus
451 2322 594 2353 homines
609 2322 662 2361 qui
685 2322 818 2353 lor-tilius
837 2322 935 2362 copiis
958 2332 1082 2362 praeva-

49 2379 112 2410 lent
125 2402 133 2417 ,
163 2379 280 2417 quique
314 2377 416 2408 inulto
446 2377 589 2416 equitatu
619 2377 782 2416 multoque
811 2377 915 2416 gravis
942 2378 1084 2417 levisque

49 2432 216 2463 armaturae
237 2430 338 2461 milite
355 2430 499 2461 instructi
515 2431 589 2461 sunt
615 2441 624 2461 ι
643 2431 752 2461 contra
767 2430 923 2469 homines,
942 2430 1083 2470 inquam,

49 2483 156 2522 peritia
186 2492 312 2523 quoque
344 2483 456 2513 bellica
484 2482 698 2513 formidabiles
715 2483 746 2513 et
762 2491 931 2522 corporum
956 2484 1082 2522 aspectu

49 2534 219 2572 terrificos,
236 2534 306 2564 tum
323 2535 354 2565 et
367 2542 528 2564 armorum
545 2533 648 2564 sonitu
663 2535 694 2564 et
711 2534 803 2564 minis
822 2535 854 2564 et
870 2534 1085 2573 profunditate

50 2587 193 2618 clamoris
209 2586 299 2616 valde
310 2585 437 2616 idoneos
450 2585 488 2616 ad
505 2595 558 2616 eos
571 2585 772 2624 territandos,
788 2586 839 2625 qui
853 2587 954 2625 primo
963 2596 1035 2617 cnm
1051 2587 1086 2618 iis

51 2637 243 2677 proeliantur.
262 2637 419 2668 Adversus
432 2637 501 2675 lios,
520 2637 661 2676 inquam,
688 2645 727 2668 ne
744 2637 810 2667 acie
825 2638 994 2676 periclitari
1013 2638 1087 2668 veli-

51 2690 90 2721 tis
102 2714 109 2728 ‚
122 2689 378 2729 quandoquidem
392 2689 548 2719 moenibus
560 2690 631 2719 tuto
644 2690 766 2719 vosmet
775 2689 904 2728 potestis
912 2690 1084 2729 protegere.

54 2741 174 2772 Etenim
188 2749 257 2779 spes
272 2748 422 2778 magnum
437 2740 550 2770 habere
564 2740 738 2779 efficaxque
752 2742 948 2770 momentum
964 2741 1088 2771 videtur

53 2793 81 2823 in
92 2793 127 2824 iis
135 2793 188 2832 qui
196 2792 333 2832 primum
342 2792 372 2823 in
384 2792 530 2832 proelium
540 2792 692 2831 prodituri
707 2792 780 2823 sunt
794 2793 832 2823 ad
842 2801 908 2824 rem
919 2793 1087 2831 gerendam

53 2845 200 2883 feliciter3
213 2853 324 2876 verum
335 2853 369 2875 ea
379 2846 409 2875 in
420 2845 597 2876 clarissimis
606 2854 622 2875 v
627 2845 652 2875 ir
656 2845 817 2885 isdecepta
825 2847 883 2884 est,
895 2854 994 2884 quum
1004 2854 1087 2876 verae

54 2907 158 2929 rerum
172 2898 284 2929 rationi
301 2906 398 2937 repug„
391 2899 464 2928 nat.
478 2898 630 2929 Sedenim
645 2899 844 2938 exploratum
859 2898 934 2928 milii
949 2898 1086 2936 videtui,

55 2959 126 2981 cum
137 2950 400 2990 paribusquoque
414 2950 479 2982 sine
490 2950 569 2981 duce
580 2950 759 2989 simoin-atim
770 2951 892 2981 tentare
906 2950 976 2981 belli
987 2950 1088 2981 aleam

57 3002 353 3041 perleulosissimum
369 3003 435 3033 sore
452 3015 458 3033 ι
474 3011 566 3033 secus
579 3004 686 3033 autem
701 3002 782 3033 duce
796 3002 878 3042 regi,
895 3001 1090 3041 periculique

56 3054 155 3086 socios
170 3054 343 3086 adsciscere
359 3056 428 3086 tum
447 3055 478 3085 in
495 3055 698 3086 deliberando
718 3057 786 3086 tum
808 3055 839 3085 in
861 3055 981 3094 agendo
999 3055 1089 3085 tulis-

56 3105 169 3137 simum
186 3107 250 3145 est,
267 3107 418 3145 quoniam
439 3106 478 3137 de
492 3107 636 3146 proximo
652 3107 804 3146 suppetiae
821 3106 946 3137 adsunt.
966 3107 1003 3137 Et
1019 3107 1088 3146 qni-

57 3156 126 3187 ‹iem
139 3159 286 3197 praestat,
302 3167 340 3197 re
351 3157 430 3188 bene
445 3167 518 3188 cuni
532 3160 615 3188 socio
629 3160 712 3197 gesta
723 3182 731 3196 ,
746 3158 839 3197 paulo
855 3158 1005 3188 minorem
1024 3158 1088 3197 glo-

59 3208 134 3238 riam
156 3209 323 3248 consequi,
346 3218 441 3248 quam
469 3209 684 3249 imprudenter
712 3211 743 3240 et
765 3209 901 3239 solitarie
918 3211 1043 3246 agentes
1073 3218 1090 3239 a

59 3260 215 3298 proposito
232 3260 387 3291 aberrare.
405 3263 484 3292 Sane
498 3261 522 3291 si
538 3261 627 3300 longe
640 3262 721 3292 absit
736 3261 777 3298 is,
792 3270 809 3290 a
826 3270 889 3300 quo
904 3270 1091 3300 magnopere

59 3308 158 3348 juvari
177 3311 346 3351 possimus,
361 3314 436 3343 tunc
456 3322 474 3342 a
496 3312 584 3343 nobis
598 3312 743 3343 sonim-iis
766 3313 945 3351 procliviter
958 3312 1020 3343 lieri
1035 3312 1091 3343 ali-

1140 1962 1237 2001 quid,
1253 1963 1433 2002 ignoscibile
1452 1967 1499 1996 est
1521 1979 1526 1996 :
1546 1975 1656 1996 verum
1674 1967 1835 1997 enimvero
1849 1968 1872 1998 si
1888 1976 1983 2007 prope
2003 1968 2107 2000 adsint
2121 1969 2174 1999 viri

1142 2013 1223 2044 bello
1242 2015 1362 2054 egregie
1382 2016 1511 2047 exerciti
1525 2020 1556 2047 et
1573 2017 1711 2048 victoriis
1727 2018 1867 2057 adsueti;
1891 2020 1923 2050 et
1935 2019 1960 2049 si
1976 2019 2149 2059 praesertim
2163 2029 2180 2050 a

1143 2067 1299 2105 periculo,
1321 2067 1444 2106 objecta
1468 2069 1622 2100 moenium
1646 2070 1814 2109 firmitate,
1836 2071 1961 2102 interim
1975 2073 2035 2102 tuti
2060 2072 2179 2110 simus3

1143 2118 1219 2147 tunc
1244 2119 1297 2157 qui
1324 2120 1442 2159 aliquid
1464 2123 1578 2161 praeter
1597 2121 1687 2152 ducis
1709 2122 1867 2153 dictamen
1892 2123 1984 2162 facit,
2001 2123 2121 2154 etiamsi
2150 2123 2179 2153 id

1144 2169 1223 2200 sorte
1246 2172 1403 2210 evenerit,
1420 2173 1584 2211 culpabilis
1600 2174 1659 2211 est,
1675 2174 1743 2203 tum
1761 2176 1888 2213 propter
1914 2174 2178 2212 inobedientiam,

1144 2220 1211 2249 tum
1228 2221 1300 2259 quia
1314 2230 1346 2251 se
1362 2222 1392 2251 in
1411 2223 1593 2261 ambiguum
1610 2223 1779 2253 discrimen
1796 2224 1939 2262 conjecit.

1187 2284 1202 2298 ιι
1222 2272 1341 2307 Quodsi
1366 2274 1436 2312 quis
1452 2274 1641 2305 suburbanis
1657 2274 1722 2305 suis
1744 2275 1972 2315 hortorumque
1995 2277 2178 2307 amoenitati-

1145 2322 1203 2353 bus
1217 2326 1312 2362 atque
1326 2324 1477 2363 ejusmodi
1493 2325 1675 2356 divitiarum
1687 2327 1880 2357 ornamentis
1892 2327 2042 2366 spoliatus
2056 2330 2181 2365 moeret,

1145 2374 1169 2404 is
1186 2375 1280 2405 velim
1298 2376 1392 2414 sciat,
1409 2377 1584 2406 molestiam
1598 2377 1725 2415 quidem
1744 2377 1871 2408 brevem
1891 2378 2058 2418 exiguique
2074 2388 2183 2410 sensus

1146 2427 1233 2457 sore:
1255 2429 1324 2458 tuin
1350 2429 1423 2467 quia
1451 2428 1481 2459 in
1507 2429 1648 2459 aedificiis
1675 2430 1821 2467 vertitur,
1838 2431 1908 2460 tum
1933 2431 2007 2470 quia
2021 2431 2105 2461 brevi
2127 2441 2183 2463 nos

1144 2478 1304 2510 aderimus
1323 2480 1361 2509 ad
1379 2479 1605 2519 proliibeinlam
1624 2480 1736 2510 horum
1754 2481 1969 2511 omnimodam
1989 2475 2183 2520 vastitatem,

1146 2530 1333 2570 fructusque
1362 2540 1472 2562 eorum
1506 2532 1670 2562 affluentes
1700 2532 1869 2571 aliquando
1898 2541 2081 2572 recuperare
2113 2543 2182 2572 pos„

1145 2591 1273 2620 sumus,
1292 2591 1394 2622 neque
1419 2584 1532 2614 vestrae
1556 2583 1666 2613 salutis
1691 2583 1860 2613 discrimen
1885 2592 2007 2623 semper
2032 2585 2182 2615 manebit.

1147 2638 1253 2672 Quare
1269 2636 1484 2675 unusquisque
1501 2645 1573 2666 cum
1592 2637 1739 2675 praesenti
1756 2636 1899 2667 molestia
1915 2637 2058 2676 perbrevi
2073 2645 2184 2676 perpe-

1146 2691 1233 2719 tuam
1247 2688 1449 2719 securitatem
1461 2688 1666 2727 contendens,
1681 2697 1788 2718 secum
1800 2689 1933 2727 reputet,
1947 2688 2184 2720 inconnnoduin

1149 2741 1208 2771 lioc
1234 2749 1296 2771 non
1325 2741 1365 2771 ad
1387 2749 1498 2772 omnes
1523 2741 1697 2779 pertinere,
1724 2740 1777 2771 sed
1797 2740 1835 2770 ad
1855 2749 1908 2770 eos
1927 2739 1979 2779 qui
2003 2740 2120 2771 divitiis
2139 2742 2186 2770 al'-

1148 2792 1268 2829 lluunt,
1287 2794 1318 2823 et
1345 2791 1400 2831 qui
1417 2791 1484 2822 sine
1498 2793 1604 2822 nostra
1621 2792 1714 2821 etiam
1737 2800 1796 2830 ope
1813 2791 2001 2822 detrimenta
2017 2800 2072 2821 sua
2098 2791 2187 2821 facile

1149 2844 1382 2875 instaurabunt.
1403 2846 1483 2883 Ergo
1500 2853 1518 2874 a
1535 2843 1687 2882 praecipiti
1714 2843 1773 2873 lioc
1799 2843 1929 2874 consilio
1946 2843 2103 2881 desistite3
2130 2844 2186 2874 nisi

1150 2896 1229 2925 lin-te
1247 2895 1278 2925 in
1295 2896 1417 2926 vosmet
1433 2895 1490 2935 ipsi
1510 2893 1701 2933 conjuratis,
1720 2895 1751 2925 et
1780 2894 1838 2924 nisi
1857 2903 1875 2924 a
1891 2894 1972 2924 duce
1991 2895 2098 2933 aperte
2116 2894 2188 2924 deli-

1150 2947 1236 2984 (titis3
1255 2947 1351 2985 atque
1365 2947 1447 2977 intra
1460 2947 1577 2976 moenia
1595 2946 1766 2976 consistite.
1784 2948 1846 2977 Nos
1858 2947 1963 2976 autem
1975 2954 2076 2984 neque
2093 2946 2187 2988 armis

1150 3007 1252 3037 neque
1270 2999 1430 3030 voluntate
1457 2998 1615 3038 publicam
1638 2999 1772 3029 salutem
1795 2998 1994 3035 deserturos,
2010 3006 2188 3037 paucosque

1152 3051 1220 3088 post
1235 3049 1301 3080 dies
1314 3050 1479 3081 adfuturos
1495 3059 1567 3081 cum
1593 3050 1734 3080 exercitu
1751 3050 1925 3088 speratote;
1942 3048 2091 3087 vobisque
2108 3049 2187 3078 intra

1152 3103 1266 3133 moenia
1278 3103 1489 3142 manentibus,
1502 3112 1585 3133 curae
1595 3102 1684 3133 nobis
1694 3103 1757 3133 fore
1767 3110 1900 3141 pugnam
1910 3100 2030 3131 sortiter
2039 3100 2069 3130 in
2080 3104 2188 3139 aperio

1152 3163 1263 3193 campo
1280 3155 1436 3186 cernendi.
1458 3157 1553 3185 Porro
1574 3156 1696 3185 constat
1722 3154 1923 3193 sponsionem
1941 3153 2082 3182 nostram
2105 3152 2186 3181 haud

1153 3206 1261 3244 procul
1275 3206 1405 3237 veritate
1422 3206 1592 3236 consistere
1604 3230 1612 3243 ,
1628 3215 1665 3236 ex
1685 3206 1801 3244 iisquie
1815 3203 1896 3243 apud
1913 3204 2086 3242 Nicopolim
2104 3206 2188 3242 gesta

1153 3259 1297 3296 suerunt3
1312 3259 1387 3297 quin
1401 3267 1479 3297 opus
1493 3258 1555 3288 nlla
1570 3257 1718 3296 jactantia
1732 3257 1779 3287 sit.
1800 3257 1926 3295 Oportet
1947 3257 2070 3292 aulem,
2089 3264 2188 3293 quum

1152 3312 1190 3341 ιιι·
1207 3321 1330 3343 sumina
1351 3321 1382 3342 re
1396 3311 1512 3349 agitur,
1534 3311 1569 3341 iis
1585 3311 1627 3342 uli
1646 3309 1828 3340 consiliariis
1847 3311 1874 3339 ei
1901 3308 2114 3345 adjuloriluis,
2135 3308 2186 3348 qui
