2338 3765
498 152 933 246 ASINIUS
1004 159 1709 278 QUADRATUS.

45 516 47 521 ‚
105 525 234 559 Suidas
249 537 257 559 ε
276 522 509 573 Κοδράτος,
522 523 695 572 Ῥωμαῖος
705 523 883 575 ἱστορικός.
897 522 1074 575 ’Έγραψεν

53 581 138 620 Ἰάδι
166 583 332 634 διαλέκτῳ
361 581 526 633 Ἱστορίαν
547 581 749 631 Ῥωμαϊκὴν
780 586 812 620 ἐν
844 583 986 633 βιὸλίοις
1013 583 1072 631 ιε’,

54 641 248 690 ἐπιγραφὴν
273 639 307 676 δὲ
335 641 558 691 Χιλιετηρίδα
572 670 580 686 ,
601 640 659 677 καὶ
676 640 829 691 περιέχει
849 641 918 677 ἀπὸ
936 640 1076 682 κτίσεως

54 696 194 745 (Ρώμης
212 695 271 740 ἕως
289 696 508 747 Ἀλεξάνδρου
530 702 587 735 τοῦ
606 698 775 747 Μαμαίας
795 700 867 734 υἱοῦ
888 698 1072 748 Καίσαρος.

105 760 255 790 Asinius
279 757 487 800 Quadrams
508 756 576 804 (fr.
607 771 617 791 1
640 765 676 792 et
697 757 739 791 31
755 785 763 800 ‚
781 765 813 792 et
830 758 1007 804 Euagrius
1027 759 1071 793 H.

54 814 152 848 Eccl.
180 815 228 856 V,
261 818 305 854 24
321 813 330 859 )
348 841 356 853 ,
377 827 487 860 quenl
515 816 627 862 vulgo
656 816 869 861 simpliciter
892 816 1077 861 appellant

54 872 280 915 Quaclratmn
315 870 513 918 (Κοδράτον
550 873 699 916 Suidas;
739 870 958 922 Κουάδρατον
986 873 1076 906 reli—

55 929 131 974 qui.
148 928 204 964 Cf.
225 927 468 979 Κουαδράντης
489 937 523 964 et
544 928 740 979 Κοδράντης
760 937 795 965 et
813 928 980 978 similia),
1000 930 1076 964 duo

53 986 175 1020 saltem
190 986 358 1021 condidit
376 1000 506 1034 opera,
518 1000 678 1034 quorum
693 989 866 1031 alterurn,
882 988 915 1024 Π
926 1002 945 1021 α
957 990 998 1036 ρθ
1009 986 1076 1023 tx&

53 1043 110 1076 vel
140 1042 422 1092 Παρθυηνικὰ
448 1046 665 1091 inscriptum
685 1057 752 1090 per
778 1052 863 1079 octo
883 1046 1076 1079 minimum

53 1100 167 1135 libros
185 1103 347 1135 narravit
366 1103 558 1137 historiam
574 1103 661 1137 belli
682 1102 860 1145 Parthici,
881 1103 983 1148 quod
999 1105 1074 1137 Lu-

54 1159 130 1193 cius
152 1160 268 1194 Verus
289 1160 422 1195 Avidio
440 1161 559 1196 Cassio
577 1160 671 1195 duce
691 1159 700 1206 (
717 1159 885 1194 161-165
906 1173 944 1207 p.
965 1158 1021 1205 C.)
1041 1167 1077 1195 et

54 1214 189 1250 deinde
206 1216 360 1251 Severus
379 1224 588 1264 gesserunt,
609 1217 790 1262 simulque
810 1229 891 1263 quae
907 1218 1077 1263 superio-

53 1271 155 1306 ribus
183 1273 435 1318 temporibus,
464 1273 547 1308 inde
576 1286 596 1308 a
619 1273 765 1319 Trajani
791 1281 889 1308 certe
918 1275 1075 1320 imperio

57 1328 133 1375 (uti
162 1342 182 1364 e
210 1331 340 1364 Pacori
362 1331 569 1373 mentione,
600 1330 645 1367 fr.
678 1330 722 1376 6,
749 1331 916 1377 colligas)
947 1339 1076 1366 contra

54 1387 206 1421 Parthos
226 1395 322 1434 gesta
342 1395 465 1431 erant,
497 1395 627 1422 auctor
648 1389 864 1434 complexus
887 1396 952 1424 est.
975 1389 1076 1423 Alte-

54 1456 135 1478 rum
166 1456 258 1491 opus
289 1445 392 1479 libris
419 1445 633 1491 quindecim
665 1452 853 1489 constans,
881 1443 1077 1494 Χιλιετηρὶς

54 1501 343 1545 inscribebatur,
368 1503 418 1536 sic
437 1509 537 1537 reete
549 1530 558 1548 ‚
576 1510 668 1549 puto
681 1532 689 1546 ‚
708 1503 855 1546 Suidas3
880 1503 981 1549 apud
998 1504 1077 1538 Ste-

53 1558 216 1603 phanum
247 1559 460 1604 Byzantium
501 1560 624 1594 titulus
657 1568 708 1595 est
738 1557 922 1606 ζΡωμα“ι“κ’>]
966 1557 1078 1608 χιλιὰς

54 1613 122 1660 (fr.
154 1627 215 1649 22.
253 1614 320 1663 23)
359 1617 417 1651 vel
449 1613 632 1663 Ῥιι)μαί’κὴ
664 1614 845 1665 χιλιαρχία
880 1616 948 1663 (fr.
987 1616 1034 1651 25
1054 1615 1076 1665 ).

59 1686 73 1701 «
94 1673 234 1718 Nempe
253 1673 407 1708 historia
424 1680 502 1708 erat
523 1686 639 1720 usque
659 1674 706 1709 ad
723 1687 857 1709 annum
876 1675 978 1709 urhis
996 1676 1078 1709 mil-

54 1729 243 1773 lesimum,
263 1743 337 1776 quo
358 1732 584 1766 millenarius
608 1745 704 1779 agon
726 1744 745 1767 a
767 1732 946 1779 Philippis
963 1733 1078 1779 impe-

54 1788 239 1822 ratoribus
253 1789 413 1823 maximo
425 1789 494 1823 fuit
504 1797 682 1836 apparatu
695 1790 899 1825 celebratus
911 1789 923 1837 [
933 1802 989 1825 an.
1004 1791 1077 1832 248

54 1856 88 1890 p.
104 1844 143 1879 C.
154 1843 182 1892 ].
202 1847 282 1880 Hoc
296 1846 415 1880 minus
427 1848 614 1893 perspexit
627 1847 755 1881 Suidas
767 1874 776 1892 ,
791 1848 854 1893 qui
868 1848 1079 1894 perduxisse

54 1901 241 1937 historiam
275 1904 325 1937 ait
361 1915 476 1949 usque
512 1904 559 1938 ad
593 1905 845 1939 Alexandrum
884 1907 1079 1940 Mammaeae

55 1959 170 1994 filium
193 1960 276 2007 (qui
294 1973 398 2008 regn.
419 1974 478 1998 an.
508 1961 680 1997 222-235
702 1975 738 2009 p.
766 1962 842 2008 Q).
869 1979 882 1993 υ
910 1964 1077 1999 Vossms.

54 2037 106 2045 —
125 2018 264 2063 Quodsi
284 2020 497 2054 millesimus
521 2021 623 2054 urbis
649 2033 765 2055 annus
785 2022 822 2054 in
847 2021 949 2055 initia
976 2023 1079 2069 regni

57 2076 255 2110 Alexandri
272 2076 419 2120 incidit,
440 2078 599 2124 origines
620 2079 721 2112 urbis
737 2078 939 2113 referendae
958 2078 1080 2114 forent

57 2132 103 2167 ad
122 2133 267 2180 Olymp.
292 2146 305 2167 1
323 2132 417 2180 (776
436 2146 468 2170 a.
487 2134 528 2170 C.
549 2156 598 2160 ——
613 2139 686 2176 224
707 2148 742 2182 p.
762 2136 801 2171 C.
816 2133 840 2183 ).
863 2136 987 2172 Fuisse
1017 2138 1079 2182 qui

57 2190 106 2224 ita
125 2196 401 2236 computarent,
419 2197 497 2225 tum
512 2198 678 2226 veterum
694 2193 909 2227 testimoniis
923 2200 1078 2237 constat,

59 2253 134 2280 tum
157 2247 305 2282 aliunde
324 2248 510 2294 colligitur
536 2248 588 2295 (v.
619 2251 803 2296 Porphyr.
826 2250 872 2285 fr.
900 2249 946 2283 de
974 2262 1077 2297 regg.

58 2304 198 2340 Maced.
221 2301 345 2353 extr.).
361 2306 482 2350 Quare
502 2318 638 2340 errasse
658 2306 809 2341 Suidam
828 2307 948 2340 minus
966 2306 1080 2341 confi-

59 2361 189 2396 denter
228 2362 399 2399 dixerim.
433 2363 605 2409 Fierique
639 2364 762 2410 potuit
801 2371 841 2398 ut
872 2364 994 2410 prisco
1029 2365 1080 2398 illi

58 2425 234 2465 computo
249 2420 406 2454 innitens
421 2420 565 2455 Asinius
579 2432 695 2466 usque
711 2420 758 2455 ad
772 2421 911 2467 primos
924 2422 1080 2456 Alexan-

59 2474 118 2508 dri
137 2475 266 2510 Severi
286 2488 401 2510 annos
415 2476 587 2511 historias
606 2489 686 2511 suas
712 2477 898 2511 deducens
918 2477 1082 2522 Χιλιετη-

61 2529 133 2581 ρίδα
166 2533 271 2567 istam
293 2534 499 2580 collegerit.
531 2536 648 2581 Igitur
666 2547 784 2581 usque
811 2535 900 2569 dum
930 2536 1083 2571 meliora

60 2589 209 2634 docear,
239 2591 405 2625 Asinium
433 2591 663 2636 Quadratum
696 2604 773 2626 non
804 2593 870 2627 sub
907 2594 1084 2640 Philippis

61 2644 149 2695 (244
171 2659 252 2693 sqq.
273 2659 310 2694 p.
333 2647 412 2694 C.)‚
435 2649 495 2683 sed
515 2661 535 2684 a
550 2650 677 2684 Marcii
697 2651 837 2684 Aurelii
855 2651 1085 2696 temporibus

60 2716 175 2750 usque
197 2705 245 2739 ad
269 2718 423 2753 regnum
453 2707 655 2741 Alexandri
684 2706 899 2755 (160-230)
918 2706 1083 2742 floruisse

295 2815 361 2852 DE
394 2816 553 2853 BELLO
582 2817 640 2853 PA
649 2816 844 2854 RTHICO.

554 2882 584 2912 l.

102 2929 216 2969 Gelys‚
240 2940 314 2970 gens
334 2932 463 2971 Mediae,
489 2933 578 2972 euJus
596 2934 738 2965 meminit
759 2934 880 2964 Asinius
905 2933 1085 2970 Quadratus

62 2979 140 3010 libro
154 2981 254 3019 primo
273 2982 502 3014 Parthicorum.
515 2986 652 3015 Accentu
668 2985 794 3015 notatur
808 2984 839 3014 in
853 2984 974 3015 ultima.

554 3037 589 3067 2.

104 3086 251 3117 Maurusii
265 3089 296 3117 et
308 3088 408 3118 Mauri
422 3111 430 3126 ‚
445 3097 520 3128 gens
535 3097 645 3128 magna
659 3089 783 3129 Libyae,
799 3091 835 3121 ut
850 3090 893 3121 ait
907 3090 1086 3127 Quadratus

65 3136 94 3166 in
113 3136 214 3176 primo
229 3138 456 3168 Parthinorum.
558 3184 577 3214 3

105 3233 248 3272 Zobidae,
278 3244 352 3274 gens
376 3237 551 3268 Carmaniae
578 3237 721 3268 finitima.
743 3238 922 3274 Quadratus
948 3238 1086 3269 secundo

68 3284 294 3316 Parthicorum.

1090 3350 1121 3372 6ss

1127 3350 1142 3372 9

1136 538 1280 563 censeo.
1299 530 1475 564 Romanae
1494 530 1653 565 historiae
1676 538 1808 577 praeter
1826 543 1904 574 θος,
1927 533 1990 578 qui
2010 533 2047 567 in
2062 532 2160 580 frag-

1136 586 1266 619 mentis
1288 586 1496 631 laudantur,
1517 589 1684 622 meminit
1705 589 1811 622 etiam
1836 590 2016 636 Euagrius
2033 594 2068 624 in
2090 591 2162 625 Hi·-

1136 649 1224 679 stor.
1247 645 1344 680 Eccl.
1363 646 1413 688 V,
1440 649 1485 686 24
1508 658 1515 679 :
1539 645 1609 682 Καὶ
1632 643 1793 686 Εὐσέὸιος
1812 645 1846 681 δὲ
1865 645 1934 681 ἀπὸ
1954 649 2010 682 τοῦ
2029 646 2161 684 ’Oma-

1137 697 1253 735 διανοῧ
1265 699 1322 735 καὶ
1333 702 1506 750 Τραϊανοῦ
1516 702 1574 738 καὶ
1587 702 1730 752 Μάρκου
1740 701 1854 738 hagam
1864 701 1925 744 ἕως
1936 705 1995 747 τῆς
2005 705 2163 749 τελευτῆς

1138 755 1255 806 Κάρου
1272 758 1477 803 κατήντησε,
1497 759 1694 810 Γέγραπται
1712 760 1746 796 δὲ
1764 760 1841 811 περὶ
1859 763 1924 797 τῶν
1942 761 2071 811 χρόνων
2084 761 2162 798 τού-

1136 829 1203 850 των
1218 813 1289 850 ἔνια
1307 814 1469 867 Ἀρριανῷ
1489 832 1523 853 τε
1541 817 1599 853 καὶ
1616 817 1749 867 Ἀσινίῳ
1767 818 1991 869 Κουαδράτῳ.
2009 821 2163 855 Dialecti

1137 874 1270 908 Ionicae
1284 876 1477 921 vestigium
1493 883 1657 922 superest
1677 879 1715 910 in
1729 878 1772 912 fr.
1795 878 1857 912 23.

1536 967 1779 1005 ΠΑΡΘΙΚΑ.

1452 1055 1480 1087 F„
1509 1055 1655 1089 LIBRO
1684 1057 1849 1091 PRIMO.

1636 1147 1668 1168 l.

1190 1213 1362 1258 Stephan.
1384 1214 1468 1259 Byz.
1492 1227 1499 1247 :
1524 1213 1679 1258 Γηλὺς,
1699 1213 1810 1261 ἔθνος,
1826 1208 1862 1250 οἷ
1882 1213 2054 1261 μέμνηται
2075 1214 2166 1251 Ἀσί-

1138 1283 1204 1310 νιος
1239 1268 1458 1319 Κουάδρατος
1483 1271 1516 1306 ἐν
1544 1270 1671 1321 πρώτῳ
1692 1272 1890 1320 Παρθικῶν.
1915 1270 2094 1313 Ὀξύνεται
2114 1271 2162 1308 δέ.

1138 1326 1195 1363 Cf.
1211 1328 1364 1374 Dionys,
1382 1329 1525 1376 Perieg.
1551 1341 1645 1374 1019
1660 1355 1668 1372 ,
1685 1329 1749 1363 ubi
1765 1327 1870 1373 Γηλοὶ
1886 1329 2071 1372 dicuntur,
2088 1331 2165 1365 aliis

1138 1384 1264 1428 Γῆλοι,
1286 1385 1445 1430 Γηλαῖοι.
1466 1386 1561 1421 Vide
1581 1387 1707 1433 Steph.
1733 1387 1842 1423 Thes.
1867 1400 1901 1423 ν.
1926 1385 2047 1430 Γηλός.
2072 1389 2166 1423 For-—

1138 1443 1243 1489 biger
1265 1444 1393 1489 Geogr.
1412 1456 1448 1490 p.
1471 1443 1558 1490 594.

1637 1509 1670 1530 2.

1191 1568 1295 1603 Idem
1324 1582 1331 1602 ;
1362 1567 1651 1618 Μαυρούσιοι
1678 1567 1737 1605 καὶ
1768 1571 1925 1619 Μαῦροι,
1958 1569 2048 1612 ἔθνος
2078 1569 2165 1620 μέγα

1140 1624 1286 1670 Αιὸύης,
1306 1626 1350 1667 ὡς
1372 1625 1590 1677 Κουάδρατος
1608 1627 1640 1662 ἐν
1661 1626 1787 1677 πρώτῳ
1810 1629 2007 1678 Παρθικῶν.

1421 1725 1447 1758 Ε
1477 1725 1621 1758 LIBRO
1650 1725 1883 1760 SECUNDO.

1634 1809 1668 1843 3.

1195 1882 1298 1917 Idem
1322 1894 1330 1918 :
1365 1880 1553 1918 Ζωὸίδαι
1575 1882 1754 1930 (Σωὸίδαι
1779 1885 1875 1920 Ptol.
1905 1886 1948 1928 6,
1977 1884 2046 1933 5),
2078 1884 2168 1927 ἔθνος

1140 1939 1285 1983 πλησίον
1303 1938 1517 1990 Καρμανίας.
1530 1939 1747 1991 Κουάὸρατος
1759 1942 1792 1976 ἐν
1809 1942 1993 1990 Παρθικῶν
2008 1943 2168 1993 δευτέρῳ.

1638 2033 1671 2070 4.

1193 2103 1297 2137 Idem
1316 2113 1323 2139 :
1345 2101 1651 2152 Γερμανίκεια,
1666 2101 1763 2143 πόλις
1781 2102 2037 2152 Εὐφρατησίας.
2054 2103 2167 2141 Κουά-

1143 2160 1262 2209 δρατος
1279 2160 1312 2195 ἓν
1335 2158 1431 2210 τρίτῃ
1455 2161 1639 2210 Παρθικῶν
1660 2159 1785 2210 χωρίον
1805 2158 1911 2204 αὐτήν
1928 2175 2023 2210 φησι.
2048 2160 2091 2199 ‘O
2104 2176 2167 2198 πο-

1142 2216 1236 2260 λίτης
1255 2218 1497 2267 Γερμανικεύς.

1440 2306 1468 2339 Ε
1496 2305 1641 2340 LIBRO
1672 2304 1862 2342 TERTIO.

1639 2397 1671 2433 5.

1196 2477 1299 2512 Idem
1324 2490 1357 2513 v.
1380 2476 1558 2525 Ταρσός·
1580 2475 1683 2512 ’Ἐστι
1705 2475 1761 2511 καὶ
1778 2475 1900 2526 Τοίρσα
1925 2475 2025 2524 κώμη
2047 2476 2104 2512 ἐπὶ
2120 2479 2168 2526 τῷ

1146 2533 1330 2584 Εὐφράτῃ,
1353 2535 1397 2575 ὡς
1414 2533 1633 2584 Κουάδρατος
1653 2534 1686 2568 ἐν
1706 2532 1808 2583 τρίτῳ
1832 2535 2033 2581 Παρθικῶν·
2053 2552 2066 2566 «
2085 2534 2169 2572 Ἀπὸ

1147 2591 1181 2627 δὲ
1210 2591 1427 2640 Σαμοσάτων
1449 2591 1538 2628 κατὰ
1565 2592 1641 2640 ῥοῦν
1667 2589 1749 2626 ἰόντι
1774 2590 1850 2626 ὅσον
1874 2590 2029 2633 σταδίους
2049 2591 2168 2628 ἑκατὸν

1144 2648 1355 2693 πεντήκοντα
1375 2648 1498 2698 Τάρσα
1528 2648 1628 2696 κώμη
1656 2647 1921 2699 πολυάνθρωπος
1947 2650 2070 2700 ᾠκεῖτο
2099 2650 2170 2687 ἄνω

1145 2709 1202 2743 τοῦ
1219 2709 1377 2754 ποταμοῦ
1398 2707 1556 2747 σταδῖους
1572 2705 1831 2743 πεντεκαίδεκα.
1852 2724 1866 2738 »

1632 2820 1664 2850 4.

1184 2891 1407 2928 Germ-amima,
1435 2890 1586 2930 oppidum
1612 2890 1837 2930 Euphratesiae.
1869 2892 2050 2928 Quadratus
2078 2893 2169 2922 tertio

1145 2942 1360 2972 Parthicorum
1397 2942 1558 2971 castellum
1591 2941 1744 2972 nominat.
1782 2942 1966 2981 oppidanus
2003 2943 2168 2973 Germani-

1144 3002 1252 3024 censis,

1641 3065 1673 3096 5.

1184 3136 1238 3165 Est
1252 3135 1345 3165 etiam
1362 3136 1455 3165 Tarsa
1479 3135 1566 3165 vicus
1585 3135 1622 3165 ad
1641 3135 1828 3174 Euphratem
1844 3159 1851 3173 ,
1873 3135 1908 3165 ut
1919 3134 2098 3170 Quadratus
2113 3137 2168 3166 ter-

1145 3185 1188 3216 lio
1206 3186 1420 3216 Parthinorum
1441 3198 1446 3215 :
1464 3198 1479 3212 u
1497 3189 1521 3217 A
1539 3186 1708 3216 Samosatis
1726 3186 1817 3224 juxta
1832 3185 1917 3215 lluvii
1935 3192 2062 3215 cursum
2082 3186 2168 3216 eunti

1145 3236 1268 3266 circiter
1281 3236 1379 3266 stadia
1393 3238 1518 3266 centum
1531 3236 1759 3275 quinquaginta
1774 3238 1870 3266 Tarsa
1884 3235 1972 3265 vicus
1990 3235 2169 3265 hominihus

1148 3288 1293 3326 frequens
1306 3288 1510 3326 incolebatur,
1527 3297 1620 3327 supra
1639 3288 1768 3318 fluvium
1783 3286 1881 3317 stadia
1900 3285 2092 3325 quindecim.
2114 3300 2125 3312 »ι
