2289 3728
99 181 146 211 m
971 172 1241 216 CAfflXENt
1269 173 1443 212 anonn

93 260 150 296 καὶ
177 259 331 310 ἄργυρος.
393 258 461 295 Καὶ
482 257 546 307 γὰρ
569 258 732 298 διαθέσεις
751 257 876 293 πολλαὶ
904 258 1009 302 ἀκοῆς
1036 252 1122 303 ἦσαν

94 317 202 362 ἄξιαι,
221 317 278 353 καὶ
293 316 416 366 θηρίων
433 314 546 359 πλήθη
558 344 566 359 ,
585 314 641 351 καὶ
662 314 788 359 ἵππων,
807 314 863 351 καὶ
879 315 1008 357 λέοντες
1027 331 1122 365 παμ-

94 374 244 424 μεγέθεις
266 374 369 411 εἴκοσι
389 372 446 409 καὶ
469 372 642 422 τέσσαρες.
669 366 786 410 τΗσαν
807 373 842 409 δὲ
861 373 919 409 καὶ
940 373 1042 410 ἄλλαι
1063 389 1122 411 τε-

92 432 298 483 τράκυκλοι,
320 432 356 466 οὐ
379 429 479 478 μόνον
496 430 627 472 εἰκόνας
646 429 815 480 βασιλέων
834 430 1014 482 φέρουσαι,
1033 432 1122 468 ἀλλὰ

92 490 150 525 καὶ
177 492 258 526 θεῶν
276 486 413 545 πολλαί...
473 489 559 525 Μεθ’
585 487 624 530 ἃς
642 486 742 538 χορὸς
759 488 974 536 ἐπόμπευσεν
992 491 1122 540 ἀνδρῶν

92 546 295 589 ἑξακοσίων·
326 546 358 581 ἐν
380 547 426 587 οἷς
454 545 651 594 κιθαρισταὶ
671 546 882 597 συνεφώνουν
911 547 1120 598 τριακόσιοι,

91 603 294 653 ἐπιχρύσους
318 602 449 653 ἔχοντες
469 601 549 645 δ’λας
568 602 708 654 κιθάρας
735 603 793 639 καὶ
823 604 1004 655 στεφάνους
1033 619 1120 655 χρυ-

91 664 180 703 σοῦς.
197 662 283 698 Μεθ’
301 660 356 702 οὓς
369 663 487 710 ταῦροι
505 661 638 705 διῆλθον
653 660 813 711 δισχίλιοι
830 661 1120 712 ὁμοιοχρώματοι,

88 717 305 769 χρυσοκέρῳ,
325 718 591 768 προμετωπίδας
609 724 739 769 χρυσᾶς
761 719 820 755 καὶ
840 718 904 755 ἀνὰ
921 719 1024 768 μέσον
1045 722 1121 756 στε-

88 775 212 826 φάνους
230 774 355 825 ὅρμους
370 791 406 812 τε
423 775 481 812 καὶ
501 775 633 825 αἰγίδας
652 775 718 828 πρὸ
734 779 800 813 τῶν
818 779 950 822 στηθῶν
968 776 1120 826 ἔχοντες·

87 828 128 878 ῆν
149 835 177 870 δ’
195 832 331 870 ἅπαντα
347 836 457 870 ταῦτα
474 840 599 884 χρυσᾶ.

140 910 156 924 «
174 891 245 929 Καὶ
275 891 361 940 μετὰ
392 895 500 929 ταῦτα
520 891 599 934 Διὸς
618 892 720 941 ἤγετο
753 891 875 940 πομπὴ
910 891 969 928 καὶ
1007 890 1119 927 ἄλλων

87 949 304 997 παμπόλλων
329 951 428 998 θεῶν,
449 949 507 986 καὶ
528 949 584 986 ἐπὶ
612 955 716 986 πᾶσιν
746 948 982 999 Ἀλεξάνδρου,
1014 948 1047 990 ὃς
1067 950 1118 999 ἐφ’

88 1006 240 1057 ἅρματος
261 1007 452 1057 ἐλεφάντων
474 1007 640 1052 ἀληθινῶν
662 1006 798 1058 ἐφέρετο
819 1010 982 1056 χρυσοῦς,
1006 1006 1118 1050 Νίκην

87 1065 146 1101 καὶ
164 1065 304 1110 Ἀθηνᾶν
323 1064 355 1108 ἐξ
373 1063 536 1112 ἑκατέρου
557 1064 676 1115 μέρους
696 1064 798 1114 ἔχων.
815 1063 1063 1111 Ἐπόμπευσοιν
1085 1063 1119 1100 δὲ

87 1123 146 1159 καὶ
165 1122 433 1181 θρόνοιηπολλοί,
456 1122 489 1165 ἐξ
515 1122 693 1171 ἐλέφαντος
709 1121 767 1158 καὶ
786 1124 913 1172 χρυσοῦ
933 1136 1118 1157 κατεσκευ-

338 1179 513 1194 Ἶῃτῖν

88 1180 247 1229 ασμένοι·
266 1184 312 1216 ὧν
333 1195 372 1231 εφ
406 1195 475 1221 ενος
496 1194 604 1216 εκειτο
629 1178 776 1230 στεφάνη
797 1181 926 1229 χρυσῆ,
943 1177 996 1214 ἐπ’
1014 1177 1120 1215 ἄλλου

1185 258 1237 296 κοὶ
1257 259 1411 310 τρίποδες
1432 262 1556 311 χρυσοῖ
1575 262 1686 307 ἐννέα,
1705 263 1741 298 ἐκ
1758 264 1879 313 πηχῶν
1897 263 2071 314 τεσσάρων
2087 280 2093 287 ·
2113 264 2211 302 ἄλλοι

1184 315 1288 365 ὀκτὼ,
1305 320 1428 368 πηχῶν
1446 317 1490 361 ἕξ·
1509 318 1609 361 ἄλλος
1620 321 1742 369 πηχῶν
1757 321 1954 371 τριάκοντα,
1972 322 2021 369 ἐφ’
2036 316 2073 359 οῦ
2088 317 2127 367 ῆν
2142 324 2213 374 ζῷα

1183 380 1295 424 χρυσᾶ
1311 375 1518 426 πενταπήχη
1529 405 1538 420 ,
1555 376 1613 413 καὶ
1631 377 1793 428 στέφανος
1809 377 1925 429 κύκλῳ
1941 383 2087 429 χρυσοῦς
2102 379 2215 428 ἀμπέ-

1182 433 1280 474 λινος.
1303 433 1486 482 Παρῆλθον
1509 433 1543 470 δὲ
1562 434 1620 470 καὶ
1641 435 1785 485 φοίνικες
1807 435 1984 486 ἐπίχρυσοι
2006 437 2215 487 ὀκταπήχεις

1183 489 1288 535 ἑπτὰ,
1318 490 1377 526 καὶ
1406 490 1584 542 κηρύκειον
1605 492 1788 543 ἐπίχρυσον
1808 496 1930 543 πηχῶν
1956 494 2212 544 τεσσαράκοντα

1182 547 1304 596 πέντε,
1329 547 1387 585 καὶ
1408 548 1567 599 κεραυνὸς
1591 549 1772 600 ἐπίχρυσος
1796 553 1918 601 πηχῶν
1941 551 2216 602 τεσσαράκοντα,

1182 604 1261 647 ναός
1287 620 1323 641 τε
1344 605 1543 657 ἐπίχρυσος,
1571 601 1608 643 οῦ
1628 610 1649 652 ἡ
1672 608 1873 659 περίμετρος
1895 611 2020 660 πηχῶν
2039 609 2214 660 τεσσαρά-

1182 676 1283 698 κοντα
1297 676 1304 684 ·
1325 662 1457 713 δίκερας
1476 664 1559 714 πρὸς
1577 664 1706 708 τούτοις
1725 666 1922 715 ὀκτάπηχυ.
1982 665 2078 703 Πολὺ
2097 665 2131 703 δὲ
2154 667 2213 703 καὶ

1182 718 1275 770 ζῴων
1289 721 1416 764 πλῆθος
1433 719 1626 772 ἐπιχρύσων
1641 723 1907 772 συνεπόμπευεν,
1925 718 1972 760 ῶν
1985 717 2027 769 ῆν
2043 723 2087 760 τὰ
2101 724 2213 761 πολλὰ

1182 776 1415 827 δωδεκαπήχη
1428 792 1435 799 ·
1453 778 1512 814 καὶ
1532 778 1631 828 θηρία
1651 780 1866 830 ὑπεράγοντα
1886 787 1953 823 τοῖς
1970 781 2140 832 μεγέθεσι,
2156 783 2215 819 καὶ

1182 834 1274 871 ἀετοὶ
1290 837 1412 884 πηχῶν
1427 834 1548 873 εἴκοσι.
1565 835 1735 887 Στέφανοί
1751 839 1781 874 τ’
1796 837 1974 889 ἐπίχρυσοι
1991 839 2214 888 ἐπόμπευσαν

1180 892 1361 941 τρισχίλιοι
1380 891 1562 938 διακόσιοι,
1578 892 1689 944 ἕτερός
1702 895 1914 943 τεμυστικὸς
1928 900 2073 947 χρυσοῦς
2084 926 2093 941 ,
2111 897 2215 939 λίθοις

1181 949 1381 986 πολυτελέσι
1401 951 1678 999 κεκοσμημένος,
1699 952 2041 1004 ὀγδοηκοντάπηχυς·
2062 949 2156 997 οὗτος
2177 955 2211 992 δὲ

1181 1007 1388 1057 περιετίθετο
1395 1009 1444 1058 τῷ
1458 1011 1516 1044 τοῦ
1530 1009 1740 1060 Βερενικείου
1751 1009 1938 1061 θυρώματι,
1948 1011 2035 1060 αἰγίς
2042 1026 2077 1048 τε
2089 1013 2213 1061 ὁμοίως

1180 1067 1308 1114 χρυσῆ.

1179 1122 1324 1180 πολλαὶ,
1346 1122 1385 1165 ἃς
1404 1122 1521 1175 ἔφερον
1537 1124 1717 1162 παιδίσκαι
1733 1127 1926 1168 πολυτελῶς
1941 1128 2210 1175 κεκοσμημέναι·

1384 1064 1634 1114 Ἔπόμπευσαν
1657 1066 1691 1103 δὲ
1711 1067 1770 1104 καὶ
1791 1068 1953 1119 στεφάναι
1974 1071 2102 1119 χρυσαῖ
2121 1071 2212 1107 πάνυ

1179 1183 1226 1216 ὡν
1254 1179 1316 1228 μία
1337 1179 1480 1231 δίπηχυς
1509 1184 1553 1224 εἷς
1582 1182 1682 1234 ὕψος,
1711 1182 1772 1228 τὴν
1795 1183 1829 1219 δὲ
1861 1183 2064 1234 περίμετρον
2086 1184 2212 1235 ἔχουσα

87 1238 221 1289 δίκερας
239 1241 403 1288 χρυσοῦν,
421 1237 474 1273 ἐπ’
489 1237 592 1273 ἄλλου
607 1237 641 1273 δὲ
656 1233 696 1282 ῆν
711 1236 873 1287 στέφανος
886 1239 1048 1286 χρυσοῦς,
1061 1237 1119 1273 καὶ
1148 1232 1151 1286 Ι
1179 1238 1362 1275 ἑκκαίδεκα
1381 1242 1517 1290 πηχῶν.
1541 1240 1765 1290 Ἔπόμπευσε
1795 1241 1829 1277 δὲ
1850 1241 1909 1278 καὶ
1930 1241 2041 1292 θώραξ
2064 1246 2210 1294 χρυσοῦς

87 1297 141 1332 ἐπ’
161 1296 264 1332 ἄλλου
285 1295 318 1331 δὲ
334 1294 434 1345 κέρας
451 1294 648 1345 ὁλόχρυσον.
668 1294 753 1332 Ἐπὶ
767 1293 802 1331 δὲ
822 1294 877 1330 τὸν
899 1293 1118 1342 Πτολεμαίου
1148 1287 1152 1362 Ι
1179 1298 1302 1346 πηχῶν
1323 1296 1454 1333 δώδεκα
1467 1326 1476 1342 ,
1499 1298 1556 1334 καὶ
1578 1297 1688 1350 ἕτερος
1706 1300 1870 1350 ἀργυροῦς
1888 1301 2010 1349 πηχῶν
2037 1300 2209 1337 ὀκτωκαί-

86 1358 145 1391 τοῦ
167 1356 326 1405 Σωτῆρος
346 1353 460 1404 θρόνον
480 1352 644 1402 στέφανος
665 1351 817 1389 ἐπέκειτο
837 1353 875 1388 ἐκ
896 1351 1025 1402 μυρίων
1051 1367 1116 1388 κα·

86 1410 354 1460 τεσκευασμένος
372 1412 523 1461 χρυσῶν.
542 1409 765 1458 Ἒπόμπευσε
782 1409 817 1446 δὲ
834 1409 892 1446 καὶ
910 1408 1118 1458 θυμιατήρια

86 1476 199 1522 χρυσᾶ
220 1468 398 1520 τριακόσια
421 1468 479 1505 καὶ
498 1467 731 1514 πεντήκοντα,
760 1467 818 1504 καὶ
841 1466 951 1518 βωμοὶ
978 1466 1012 1503 δὲ
1042 1466 1118 1503 ἐπί-

85 1542 218 1579 χρυσοι,
236 1526 504 1579 ἐστεφανωμένοι
523 1526 661 1577 χρυσοῖς
677 1525 864 1577 στεφάνοις·
882 1520 928 1562 ῶν
948 1524 994 1562 ἑνὶ
1011 1540 1118 1576 παρε-

86 1585 287 1635 πεπήγεσαν
302 1586 398 1636 δᾷδες
416 1589 542 1635 χρυσαῖ
558 1583 767 1634 δεκαπήχεις
783 1582 958 1634 τέσσαρες.
978 1582 1117 1632 Ἐπόμ-

85 1659 215 1681 πευσαν
237 1642 271 1680 δὲ
294 1643 352 1680 καὶ
380 1642 528 1693 ἐσχάραι
559 1641 738 1693 ἐπίχρυσοι
759 1641 889 1679 δώδεκα
905 1658 912 1665 ·
932 1637 979 1679 ῶν
1004 1645 1025 1687 ἡ
1057 1641 1118 1691 μὲν

85 1701 329 1751 δωδεκάπηχυς
344 1703 385 1749 τῆ
401 1700 612 1752 περιμέτρῳ,
630 1700 1002 1751 τεσσαρακοντάπηχυς
1021 1699 1113 1751 ὕψει,

84 1763 105 1804 ἦ
127 1760 160 1796 δὲ
175 1761 297 1810 πηχῶν
317 1758 576 1795 πεντεκαίδεκα.
596 1757 845 1807 Ἔπόμπευσαν
866 1757 900 1794 δὲ
917 1758 975 1794 καὶ
991 1759 1116 1809 Δελφι-

83 1894 151 1922 erat
172 1893 226 1922 aut
242 1893 416 1930 argentum.
433 1893 532 1921 Erant
550 1891 632 1921 enim
650 1892 745 1921 etiam
762 1891 814 1921 alii
838 1891 930 1921 nmlti
947 1891 1117 1930 apparatus

83 1945 259 1974 memoratu
276 1943 358 1982 digni
371 1967 379 1980 ‚
394 1944 425 1974 et
447 1943 632 1973 animalium
644 1943 816 1974 multitudo
827 1968 834 1980 ‚
852 1945 884 1974 et
896 1951 1051 1983 equorum
1061 1966 1070 1981 ‚
1087 1943 1117 1973 et

82 1996 188 2027 leones
201 1996 324 2026 eximiae
338 1996 468 2026 staturae
486 1995 596 2034 viginti
613 1996 774 2035 quattuor.
796 1997 895 2027 Erant
910 2004 986 2026 vero
1011 1996 1042 2027 et
1057 1995 1117 2026 alia

84 2047 222 2086 plaustra
234 2070 242 2084 ,
257 2055 320 2077 non
333 2046 428 2077 modo
446 2055 552 2085 regum
575 2046 746 2086 imagines,
769 2046 823 2077 sed
846 2048 878 2077 et
902 2047 1036 2077 deorum
1058 2055 1111 2077 vc-

82 2100 206 2138 hentia,
222 2099 300 2130 bene
316 2100 428 2130 multa.
450 2100 523 2130 Post
539 2108 612 2139 quae
630 2100 746 2130 chorus
759 2099 1016 2139 progrediebatur
1030 2099 1115 2129 viro-

83 2159 153 2180 rum
169 2151 388 2181 sexcentorum
414 2163 421 2180 :
447 2150 478 2180 in
503 2150 620 2189 quibus
636 2150 808 2181 citharistae
822 2150 953 2181 trecenti
972 2149 1115 2180 concine-

86 2200 161 2231 bant
176 2224 184 2238 ‚
226 2202 309 2232 totas
325 2201 486 2231 inauratas
511 2201 661 2231 habentes
679 2201 817 2232 citharas
830 2225 838 2239 ‚
861 2202 893 2231 et
909 2209 1040 2231 coronas
1063 2209 1116 2231 au-

82 2259 162 2281 reas.
196 2252 270 2282 Post
298 2252 354 2281 hos
373 2252 525 2282 transiere
548 2252 631 2282 tauri
656 2252 702 2282 bis
725 2252 832 2288 mille,
855 2251 961 2281 colore
986 2251 1113 2289 similes,

82 2302 230 2332 cornibus
244 2303 406 2341 inauratis,
425 2311 498 2333 cum
513 2302 699 2333 frontalibus
711 2302 811 2333 aureis
822 2326 830 2341 ,
852 2303 883 2333 et
896 2302 1018 2332 coronis
1035 2302 1115 2332 inter

82 2364 217 2393 cornua,
243 2357 274 2386 et
298 2355 482 2394 torquibus,
500 2356 531 2385 et
552 2355 703 2394 aegidibus
732 2357 805 2385 ante
825 2355 968 2394 pectora,
993 2354 1114 2385 cunctis

82 2407 194 2437 aureis.

125 2471 139 2484 u
167 2460 240 2489 Post
264 2459 321 2489 ista
346 2459 520 2490 ducebatur
545 2461 639 2490 „Iovis
661 2468 804 2499 pompa,
822 2460 1020 2498 aliorumque
1041 2459 1113 2498 plu-

84 2510 234 2540 rimorum
257 2510 389 2542 deorum
414 2524 420 2541 :
448 2513 479 2543 et
501 2513 660 2551 postrema
680 2513 824 2542 onmium
842 2511 1044 2550 Alea-andri,
1058 2511 1113 2550 qui

83 2561 113 2591 in
146 2570 240 2591 aureo
272 2563 532 2593 transvehebatur
564 2572 679 2602 curru,
708 2571 804 2602 quem
836 2563 901 2593 veri
931 2562 942 2602 [
959 2562 1067 2593 Indici
1081 2562 1112 2602 P]

83 2612 247 2643 trahebant
259 2613 414 2652 elephanti
431 2623 464 2644 :a
474 2614 570 2644 latere
583 2615 743 2654 utrimque
754 2614 920 2645 adstabant
933 2614 961 2645 ei
973 2614 1113 2645 Victoria

82 2665 113 2693 ct
128 2663 278 2693 Minerva.
294 2665 590 2695 Transvehobantur
613 2665 708 2696 etiam
731 2666 815 2696 sellae
831 2665 941 2695 multae
960 2673 1000 2695 ex
1018 2665 1113 2695 ebore

77 2707 113 2744 'et
126 2723 202 2743 auro
221 2714 400 2745 fabrefactas:
416 2727 422 2745 ε
441 2724 575 2754 quarum
590 2724 683 2755 super
700 2725 765 2747 una
786 2716 906 2756 positus
917 2717 984 2747 erat
999 2724 1113 2747 aureus

83 2765 216 2803 limbus3
233 2774 326 2805 super
341 2766 414 2803 alia,
428 2766 545 2806 duplex
559 2776 656 2798 cornu
682 2777 832 2806 aureum;
849 2776 944 2807 super
974 2768 1045 2806 alia,
1058 2776 1111 2798 co-

84 2825 159 2846 rona
172 2825 285 2855 aurea3
301 2825 393 2856 super
410 2817 469 2847 alia
480 2840 488 2854 ‚
505 2827 603 2848 cornu
623 2827 661 2849 ex
673 2818 774 2849 solido
785 2827 862 2849 auro
879 2820 995 2850 totum.
1013 2820 1113 2858 Super

87 2867 261 2897 molemaet
290 2876 364 2898 vero
387 2869 510 2898 soteris
531 2869 607 2899 sella
632 2869 732 2908 posita
760 2878 876 2900 corona
893 2871 1028 2900 erat-ex
1054 2878 1111 2899 au-

84 2921 144 2951 reis
170 2920 272 2951 decies
301 2920 385 2950 mille
415 2920 597 2951 fabrefacta.
629 2922 739 2952 Delata
763 2923 836 2953 sunt
860 2930 987 2961 quoque
1013 2922 1112 2952 thuri-

84 2971 158 3002 bula
171 2979 265 3001 aurea
284 2971 426 3001 trecenta
439 2972 470 3000 et
479 2971 724 3009 quinquaginta;
739 2973 770 3003 et
783 2981 846 3003 arae
860 2981 937 3003 auro
951 2972 1110 3011 obductae,

83 3022 237 3062 impositis
261 3022 364 3052 aureis
389 3021 513 3052 coronis
532 3022 588 3052 :in
613 3031 719 3053 earum
739 3032 866 3053 ararum
892 3032 954 3053 una
979 3024 1112 3054 firmatae

82 3076 172 3105 erant
193 3074 275 3104 faces
298 3074 449 3113 quattuor
473 3082 589 3112 aurem,
616 3074 795 3105 cubitorum
815 3075 935 3105 decem.
964 3076 1111 3106 producti

82 3128 156 3157 sunt
169 3126 263 3156 etiam
284 3125 341 3155 soci
359 3133 436 3155 auro
458 3124 586 3155 obducti
603 3125 768 3155 duodecim
786 3138 792 3155 z
808 3135 943 3165 quorum
962 3135 1042 3156 unus
1056 3135 1109 3165 pe-

84 3179 247 3215 rimetrum
269 3177 404 3207 habebat
426 3176 605 3207 cubitorum
622 3176 789 3207 duodecim
800 3200 808 3214 ,
825 3177 1023 3208 altitudinem
1037 3187 1111 3216 qua-

83 3224 226 3267 draginta
254 3228 434 3258 eubitorum
455 3228 572 3268 salius,
598 3227 777 3267 quindecim
796 3228 919 3258 cubitos
934 3228 965 3258 in
989 3228 1109 3259 ambitu

84 3279 230 3310 habebat.
243 3278 526 3310 Transferebantui·
537 3287 630 3317 porro
644 3278 785 3318 Delphici
801 3278 939 3318 tripodes
950 3279 1035 3309 aurei
1056 3288 1108 3308 no-

84 3340 168 3369 vem,
182 3330 313 3370 quilibet
323 3331 472 3369 quattuor
483 3329 661 3360 cubitorum
673 3341 681 3368 ;
692 3329 741 3359 alii
753 3330 836 3367 octo,
849 3329 1027 3359 cubitorum
1037 3337 1088 3358 sex
1101 3340 1109 3368 ;

1299 1355 1316 1371 *
1332 1354 1347 1369 *
1362 1355 1380 1373 ⁴²
1403 1355 1515 1401 ἐννέα,
1535 1355 1623 1406 ἔχων
1652 1357 1702 1407 ἐφ’
1728 1356 1847 1393 ἑαυτὸν
1867 1356 2048 1408 κεραυνοὺς
2066 1361 2212 1408 χρυσοῦς

1179 1412 1387 1463 δεκαπήχεις
1404 1412 1478 1459 δύο,
1498 1413 1557 1450 καὶ
1582 1413 1744 1466 στέφανον
1763 1414 1859 1466 δρυὸς
1882 1414 2029 1452 διάλιθον
2045 1431 2052 1438 ·
2073 1415 2212 1456 ἀσπίδες

1180 1355 1261 1390 δεκα
1271 1384 1280 1401 ,

1178 1471 1307 1520 χρυσαῖ
1325 1469 1451 1521 εἴκοσι,
1471 1471 1662 1508 πανοπλίαι
1683 1477 1810 1522 χρυσαῖ
1839 1471 2002 1517 ἑξήκοντα
2026 1473 2209 1523 τέσσαρες,

1178 1529 1338 1576 κνημῖδες
1355 1530 1484 1578 χρυσαῖ
1495 1527 1672 1579 τριπήχεις
1687 1528 1756 1574 δύο,
1767 1528 1908 1566 λεκάναι
1921 1535 2048 1580 χρυσαῖ
2067 1530 2211 1575 δώδεκα,

1179 1586 1297 1636 φιάλαι
1317 1585 1442 1622 πολλαὶ
1465 1585 1555 1622 πάνυ
1575 1585 1631 1622 τὸν
1654 1586 1811 1638 ἀριθμὸν,
1829 1588 1980 1636 οἰνοχόαι
2006 1587 2208 1639 τριάκοντα,

1179 1642 1381 1693 ἐξάλειπτρα
1410 1643 1544 1693 μεγάλα
1571 1643 1675 1692 δέκα,
1705 1644 1816 1696 ὑδρίαι
1844 1645 1995 1691 δώδεκα,
2019 1645 2210 1694 μαζονόμια

1177 1700 1410 1750 πεντήκοντα,
1428 1700 1594 1751 τράπεζαι
1610 1701 1776 1752 διάφοροι,
1795 1703 1950 1739 κυλικεῖα
1968 1702 2206 1753 χρυσωμάτων

1178 1758 1295 1807 πέντε,
1319 1757 1420 1808 κέρας
1447 1758 1633 1809 ὁλόχρυσον
1660 1762 1782 1809 πηχῶν
1802 1760 2000 1811 τριάκοντα.
2024 1762 2146 1797 Ταῦτα
2173 1759 2208 1796 δὲ

1178 1899 1271 1928 unus,
1281 1891 1407 1929 triginta
1421 1891 1614 1930 cubitorum,
1627 1899 1721 1930 super
1730 1900 1794 1931 quo
1806 1891 1974 1922 exstabant
1987 1891 2096 1930 figurae
2104 1899 2209 1921 aurem

1177 1942 1484 1983 quinqueeubitales‚
1513 1945 1545 1975 et
1572 1944 1715 1983 cingebat
1742 1953 1815 1975 eum
1842 1952 1959 1975 corona
1982 1944 2147 1983 pampinea
2171 1952 2211 1974 ex

1177 2003 1271 2025 auro.
1298 1996 1616 2040 Proetervehebantur
1633 2005 1726 2036 porro
1749 1996 1863 2036 palmae
1874 1996 2002 2027 arbores
2015 1995 2211 2027 octocubita·

1177 2045 1221 2076 les
1240 2045 1390 2076 inauratae
1414 2048 1552 2086 septem,
1572 2048 1603 2078 et
1636 2047 1794 2078 caduceus
1824 2047 2000 2086 inauratus,
2030 2046 2211 2077 cubitorum

1175 2097 1386 2136 quadraginta
1400 2097 1558 2136 quinque3
1576 2098 1696 2128 fulmen
1711 2098 1891 2128 inauratum
1904 2121 1913 2136 ,
1936 2097 2140 2136 quadraginta
2155 2106 2211 2127 eu-

1176 2147 1335 2186 bitorum3
1353 2149 1385 2179 et
1397 2147 1532 2179 aedicula
1545 2157 1624 2179 auro
1637 2148 1775 2179 obducta
1785 2173 1793 2187 ,
1808 2149 2014 2188 quadraginta
2031 2148 2210 2179 cubitorum

1175 2199 1207 2229 in
1223 2199 1358 2230 circuitu
1375 2209 1383 2237 ;
1401 2199 1441 2229 ad
1454 2199 1540 2238 hacc,
1561 2199 1679 2239 duplex
1699 2208 1799 2230 cornu
1815 2201 1887 2230 octo
1908 2198 2100 2229 cubitorum.
2113 2201 2207 2230 Fere-

1175 2250 1268 2281 batur
1289 2251 1441 2289 praeterea
1472 2250 1714 2281 simulacrorum
1745 2259 1822 2281 auro
1862 2250 2072 2281 obductorum
2097 2260 2210 2290 magna

1176 2302 1358 2341 multitudo,
1374 2311 1511 2342 quorum
1525 2303 1675 2342 pleraque
1690 2303 1857 2334 duodecim
1874 2304 2054 2334 cubitorum
2068 2315 2075 2342 3
2094 2305 2125 2334 et
2140 2305 2209 2334 ani-

1174 2354 1293 2384 mantia
1303 2354 1448 2384 immanis
1465 2354 1689 2393 magnitudinis
1700 2378 1708 2393 ‚
1723 2355 1754 2384 et
1764 2354 1878 2393 aquilae
1892 2354 2000 2393 viginti
2015 2354 2207 2386 cubitorum.

1174 2408 1256 2437 Tum
1285 2414 1411 2437 coronae
1433 2415 1538 2437 aureae
1556 2406 1780 2438 deserebantur
1802 2408 1850 2437 ter
1870 2406 1955 2438 mille
1977 2407 2123 2437 ducentae
2151 2420 2158 2437 :
2176 2409 2208 2437 et

1173 2458 1233 2488 alia
1247 2461 1391 2498 mystica
1401 2467 1525 2490 corona
1539 2467 1633 2489 aurea
1643 2483 1652 2498 ‚
1664 2459 1808 2498 pretiosis
1819 2459 1973 2498 lapidibus
1984 2461 2106 2498 ornata,
2123 2461 2206 2490 octo·

1173 2510 1258 2549 ginta
1279 2510 1461 2541 cubitorum
1490 2509 1581 2549 (haec
1606 2509 1685 2548 suit,
1707 2518 1770 2549 qua
1796 2510 1897 2540 cincta
1924 2511 1991 2541 erat
2022 2512 2113 2549 porta
2131 2510 2207 2541 aedis

1175 2562 1330 2592 Berenicae
1343 2573 1352 2601 ;
1366 2561 1376 2599 )
1391 2562 1422 2591 et
1432 2562 1525 2600 (πρῖε,
1538 2561 1654 2599 pariter
1662 2569 1768 2591 aurea.
1782 2561 2012 2591 Deserebantur
2027 2561 2100 2591 item
2116 2561 2204 2592 limbi

1173 2613 1258 2644 aurei
1284 2622 1396 2651 magno
1425 2612 1597 2643 admodum
1616 2621 1768 2651 numero,
1804 2621 1884 2651 quos
1912 2612 2073 2651 gestabant
2093 2613 2206 2652 puellae

1175 2665 1307 2704 pretiose
1323 2665 1443 2694 ornatae
1460 2676 1466 2694 :
1483 2672 1592 2694 eorum
1609 2672 1692 2695 unus
1706 2665 1794 2703 erat,
1812 2663 1902 2702 cujus
1917 2663 2051 2694 altitudo
2069 2663 2205 2695 duorum

1173 2716 1371 2754 cubitorum,
1403 2715 1541 2745 ambitus
1582 2714 1762 2745 cubitorum
1796 2714 1944 2746 sedecim.
1973 2714 2084 2746 Lorica
2110 2715 2204 2746 etiam

1173 2766 1359 2797 cernebatur
1385 2774 1480 2796 aurea
1494 2789 1502 2803 ,
1526 2765 1692 2796 duodecim
1716 2765 1897 2796 cubitorum
1925 2778 1932 2796 :
1956 2765 1987 2796 et
2006 2765 2067 2795 alia
2089 2773 2200 2804 argen-

1172 2820 1222 2849 tea
1235 2841 1243 2855 ,
1263 2818 1443 2848 cubitorum
1468 2817 1663 2856 octodecim,
1681 2817 1735 2833 *¹¹*
1755 2826 1888 2855 novem,
1917 2825 2011 2856 super
2030 2824 2094 2856 qua
2112 2818 2204 2848 erant

1172 2871 1303 2902 fulmina
1316 2880 1409 2901 aurea
1422 2870 1485 2900 duo
1504 2870 1776 2908 decemcubitalia,
1791 2871 1823 2901 et
1841 2877 1957 2900 corona
1973 2877 2093 2908 querna
2111 2877 2201 2908 gem·

1172 2922 1231 2953 mis
1243 2922 1400 2952 distincta.
1419 2923 1499 2952 'rum
1517 2921 1617 2960 clypei
1628 2921 1713 2952 aurei
1736 2921 1863 2960 viginti3
1887 2920 1984 2951 totius
1994 2919 2133 2959 corporis
2149 2928 2202 2950 ar-

1172 2973 1305 3004 maturae
1319 2981 1425 3003 aureae
1441 2972 1599 3011 sexaginta
1616 2972 1777 3011 quattu0r;
1800 2979 1901 3001 ocreae
1915 2978 2020 3000 aureae
2032 2969 2131 3001 trium
2144 2977 2201 3000 cu-

1171 3024 1308 3054 bitorum
1331 3023 1420 3062 duae3
1441 3023 1548 3062 pelves
1572 3031 1677 3053 aureae
1695 3021 1880 3059 duodecim3
1899 3021 2074 3060 phialarum
2095 3020 2201 3059 ingens

1171 3074 1362 3113 multitudo;
1385 3074 1466 3112 gutti
1496 3073 1608 3103 vinarii
1635 3072 1762 3111 triginta
1788 3080 1861 3109 sex3
1888 3071 2095 3109 unguentaria
2125 3079 2201 3101 vasa

1171 3134 1283 3164 magua
1310 3124 1440 3162 decem;
1463 3124 1581 3163 hydriae
1606 3123 1790 3161 duodecim;
1816 3121 2013 3152 mazonomia
2041 3120 2199 3160 quinqua-

1169 3178 1275 3223 ginta3
1290 3185 1407 3208 mensae
1425 3176 1540 3207 diversi
1559 3175 1702 3215 generis3
1731 3175 1864 3205 calicum
1892 3181 2061 3203 aureorum
2079 3172 2198 3211 reposi-

1171 3228 1250 3258 toria
1263 3227 1553 3267 quinque;cornu,
1571 3227 1671 3257 totum
1691 3233 1730 3256 ex
1743 3233 1839 3262 auro,
1859 3223 2039 3254 cubitorum
2058 3221 2197 3261 triginta.

1173 3280 1268 3309 Erant
1289 3279 1397 3308 autem
1424 3286 1520 3308 aurea
1536 3277 1594 3307 ista
1611 3285 1684 3306 vasa
1698 3277 1812 3314 proeter
1836 3274 1901 3311 illa,
1921 3282 1994 3313 qum
2020 3273 2050 3303 iu
2083 3272 2194 3303 Bacchi

1172 3337 1284 3368 pompa
1309 3329 1411 3359 delata
1440 3329 1522 3359 sunt.
1552 3324 1671 3358 Deinde
1698 3325 1908 3365 sequebantur
1931 3323 2035 3354 'adhuc
2058 3323 2197 3363 plaustra
