2338 3765
920 152 980 189 FP.
990 152 1048 189 AG
1058 153 1091 188 M
1103 153 1247 190 ENJ'A.

314 243 339 276 F.
370 241 524 276 LIBRIS
557 238 786 275 lNClssRTlS.

92 420 193 455 Idem
213 432 219 453 z
238 416 445 454 Δυσπόντιον
457 445 467 464 ,
483 415 580 456 πόλις
598 413 768 462 Πισαίας,
782 412 849 449 ἀπὸ
866 412 1063 450 Δυσπόντου

37 480 94 514 τοῦ
119 476 289 520 Πέλοπος,
308 472 402 525 παρὰ
417 472 477 518 τὴν
492 470 567 509 ὁδὸν
584 471 643 516 τὴν
661 471 693 512 ἐξ
709 468 852 512 νΙΙλιδος
872 471 917 512 εἷς
933 469 1064 517 Ὀλυμ-

38 533 131 570 πίαν.
152 532 233 570 Ἀπὸ
247 530 373 576 ταύτης
393 530 594 580 Ἀντίμαχος
606 523 646 574 ἦν
664 527 953 577 Ὀλυμπιονίκης,
971 527 1065 571 νική-

38 606 100 633 σας
113 593 145 628 ἐν
163 588 375 638 Ὀλυμπιάδι
394 589 454 638 [δ’]
474 588 620 624 στάδιον.
638 586 783 636 Φλέγων
798 587 832 622 ἐν
850 585 1064 633 Ὀλυμπιάδι

40 648 79 685 δ’·
91 647 328 698 «Ἀντίμαχος,
340 646 474 687 Ἠλεῖος
488 647 524 681 ἐκ
536 644 746 682 Δυσποντίου
762 643 908 680 στάδιον.
919 661 932 674 ›1
951 644 977 679 Κ
985 642 1018 678 αὶ
1034 644 1066 679 ἐν

43 707 104 749 κζ’·
118 724 132 738 «
145 705 300 747 Δάϊππος
316 702 556 754 Κροτωνιάτης
569 702 646 747 πὺξ,
662 703 677 717 *
689 701 835 739 Ἠλείων
851 702 896 750 (l.
914 700 1065 749 Ἡλεῖος)

42 765 80 800 ἐκ
100 763 311 801 Δυσποντίου
331 761 530 812 τέθριππον.
553 778 567 793 »ι
588 762 770 796 Exeidisse
789 773 927 795 nomen
946 767 1066 807 patet,

39 830 81 858 ut
112 819 324 872 Ἀρχιδάμας
346 821 523 869 (Pausnn.
549 820 590 863 6,
624 819 686 863 18,
710 818 751 867 Ι.)
775 826 837 853 aut
861 816 1069 866 Τηλέμαχος

41 880 117 928 (id.
138 880 159 915 6
172 907 181 924 ,
203 879 245 914 13
261 907 271 927 ,
291 878 335 927 6)
358 886 420 913 aut
434 878 557 926 aliud,
574 883 749 912 monente
768 878 1066 912 WVestermanno.

538 975 571 1011 5.

93 1068 198 1103 Idem
221 1081 228 1102 :
246 1066 464 1118 Ἵ’περασία,
487 1065 584 1107 πόλις
598 1094 606 1110 ,
628 1059 668 1110 ἧς
687 1064 724 1101 τὸ
749 1063 877 1101 ἐθνικὸν
906 1063 1065 1113 “Υπερα-

43 1123 143 1166 σιεύς.
155 1124 299 1174 Φλέγων
310 1126 446 1175 εἰκοστῇ
457 1125 553 1174 τρίτῃ
568 1122 795 1171 Ὀλυμπιάδι.
810 1123 1000 1158 Pausanias
1010 1124 1071 1167 IV,

48 1183 111 1229 15,
136 1197 150 1218 1
175 1197 183 1219 :
273 1185 332 1227 τῆς
358 1182 474 1233 τρίτης
494 1180 731 1229 Ὀλυμπιάδος
758 1179 817 1216 καὶ
838 1180 1008 1224 εἰκοστῆς,
1029 1178 1069 1224 ἣν

41 1236 179 1290 Ἴκαρος
196 1238 423 1289 Ἱ“περησιεὺς
439 1237 533 1275 ἐνίκα
549 1237 698 1274 στάδιον.
720 1239 763 1272 In
781 1238 929 1273 Eusebii
947 1239 1072 1285 Olym-

44 1300 279 1345 pionicarum
300 1299 467 1345 catalogo
489 1310 528 1344 p.
553 1300 622 1338 144
642 1308 650 1330 ε
672 1293 826 1342 Ὀλυμπ.
847 1295 914 1344 κγ’.
931 1294 1073 1345 Ἰκάριος

43 1353 301 1404 “Υπεριεσσιεύς
319 1354 386 1402 (sic
398 1355 422 1401 ).
440 1354 644 1401 Stephanus
657 1365 806 1399 quoque
821 1354 967 1388 alteram
980 1354 1073 1388 hane

46 1415 192 1461 gentilis
215 1413 372 1447 formam
395 1412 503 1446 affert
524 1424 560 1448 v,
589 1408 801 1458 Ἱ’περησία,
831 1411 897 1445 ubi
923 1413 1074 1458 gentiles

44 1469 279 1520 “Υπερησιεῐς,
301 1470 401 1517 apud
429 1470 713 1516 Theopompum
738 1481 826 1503 vero
847 1466 1069 1519 Ἵ“περασιεῖς

44 1530 167 1564 vocari
190 1529 292 1565 dicit.

551 1601 587 1636 6.

100 1695 204 1730 Idem
229 1708 236 1729 ε
264 1692 423 1738 Σινώπη,
446 1692 542 1735 πόλις
562 1691 819 1744 διασαφεστάτη
838 1695 896 1730 τοῧ
918 1691 1075 1742 Πόντου,

49 1752 176 1800 κτίσμα
197 1751 366 1802 Κρητίνου
384 1750 441 1787 καὶ
461 1750 583 1796 Κώου,
603 1751 648 1793 ὥς
668 1766 749 1802 φησι
768 1750 927 1798 Φλέγων.
946 1753 1045 1788 Libri
1067 1765 1074 1790 :

51 1809 192 1859 Κτίσμα
215 1809 407 1860 Μακριτίου
439 1808 556 1847 Κώου.
586 1812 671 1845 Non
702 1810 819 1844 multo
847 1810 1078 1846 emendatio-

54 1881 132 1902 rem
161 1868 386 1915 Stephanum
418 1868 548 1902 habuit
576 1868 806 1911 Eustathius,
838 1869 901 1914 qui
924 1868 970 1902 ad
987 1870 1076 1903 Dio-

49 1938 129 1972 nys.
148 1927 230 1961 Per.
261 1937 360 1969 772:
391 1922 531 1971 Κτίσμα
555 1922 644 1959 κατά
671 1938 764 1965 τινας
788 1923 932 1973 Κριτίου
960 1921 1077 1974 ἀνδρὸς

53 1980 169 2019 Κώου.
187 1983 283 2016 Hinc
300 1979 440 2030 Κριτίου
455 1994 514 2028 ap.
533 1983 661 2028 Steph.
679 1982 796 2017 edidit
806 1975 1074 2018 IVesterniann.

49 2041 186 2075 Vocem
209 2037 326 2088 ἀνδρὸς
350 2039 396 2074 de
425 2052 490 2074 suo
520 2040 665 2074 addidit
692 2041 921 2085 Eustathius,
949 2041 1079 2075 vitiosa

49 2110 108 2145 ap.
129 2098 356 2144 Stephanum
376 2109 481 2131 suum
500 2098 658 2132 lectione
677 2097 863 2134 seductus,
881 2099 975 2132 Nam
988 2110 1080 2132 voce

52 2153 152 2191 Κώου
172 2167 250 2189 non
265 2155 385 2202 patria
406 2154 528 2190 Critiae
541 2181 550 2198 ‚
570 2155 634 2189 sed
664 2154 765 2189 aliud
786 2156 855 2188 viri
872 2167 1009 2189 nomen
1030 2156 1079 2189 si-

50 2212 257 2261 gnificatur.
288 2213 468 2246 Nimirum
493 2213 542 2247 ita
569 2213 681 2247 habet
708 2213 885 2259 Scymnus
914 2211 1022 2248 Chius
1043 2225 1077 2247 v.

52 2275 128 2318 949
160 2270 240 2318 (ed.
269 2271 424 2318 Mein.),
446 2283 521 2316 quo
544 2271 628 2305 loeo
661 2270 706 2305 de
738 2271 892 2305 coloniis
919 2272 1082 2317 Sinopen

53 2328 217 2363 deductis
236 2329 405 2375 loquitur
427 2340 435 2362 ε
465 2326 565 2363 Μετὰ
588 2325 801 2375 Κιμμερίους
833 2329 950 2371 Κῶος,
980 2326 1082 2362 πάλιν

54 2385 87 2421 δὲ
117 2385 309 2435 Κρητίνης,
342 2386 372 2421 οἱ
403 2384 576 2434 γενόμενοι
605 2385 750 2435 φυγάδες
777 2383 862 2434 ὅρων
884 2383 1080 2428 Μιλησίων.

552 2500 584 2530 4.

94 2552 301 2591 Dyspontium
311 2576 320 2591 ‚
336 2552 434 2583 Pisaea
445 2552 518 2582 urbs
528 2576 537 2591 ,
551 2560 569 2582 a
583 2553 745 2591 Dysponto
760 2551 880 2591 Pelopis
895 2551 958 2582 filio
971 2560 1085 2582 nomen

56 2605 163 2639 nacta,
179 2603 218 2633 ad
235 2604 318 2634 viam
335 2613 407 2643 quae
425 2603 512 2634 Elide
527 2603 706 2643 Olympiam
722 2603 826 2642 ducit,
844 2604 902 2634 sita
916 2604 972 2634 est.
991 2605 1038 2633 Ex
1051 2612 1086 2633 ea

54 2653 206 2685 oriundus
214 2655 416 2685 Antimachus
428 2654 656 2693 Olympionica,
671 2653 857 2693 Olympiade
864 2656 977 2693 quarta
987 2654 1087 2685 stadio

55 2704 167 2736 victor.
184 2705 320 2744 Phlegon
335 2705 366 2735 in
383 2708 497 2744 quarta
515 2704 700 2743 Olympiade
716 2713 723 2734 :
741 2717 755 2731 «
770 2705 977 2736 Antimachus
995 2705 1088 2736 Eleus

55 2765 96 2785 ex
121 2757 293 2795 Dyspontio
311 2756 424 2786 stadio.
439 2768 453 2782 υ
473 2755 555 2786 Idem
570 2755 604 2785 in'
620 2756 746 2794 Olymp.
762 2755 909 2785 vicesima
927 2755 1058 2794 septima
1079 2768 1086 2786 z

58 2818 72 2831 «ι
89 2806 227 2845 Daippus
248 2807 448 2838 Crotoniates
460 2830 468 2844 ,
492 2806 632 2845 pugilatu
645 2829 653 2844 ,
681 2806 712 2821 **
729 2805 822 2836 Eleus
840 2814 880 2836 ex
899 2806 1088 2845 Dyspontio,

55 2857 222 2897 quadrigis.
242 2872 255 2885 »

554 2901 588 2931 5.

97 2955 284 2993 Hyperasia,
300 2955 374 2986 urbs
393 2955 403 2995 (
421 2953 587 2992 Achaiae),
605 2953 694 2992 cujus
708 2953 821 2993 gentile
842 2952 1087 2993 Hyperasiensis.

59 3006 196 3045 Phlegon
214 3007 399 3047 Olympiade
416 3006 566 3037 vicesima
579 3006 680 3036 tertia.

552 3061 587 3092 6.

98 3114 212 3154 Sinope
222 3139 230 3154 ,
242 3116 316 3147 urbs
325 3116 496 3147 clarissima
506 3124 523 3146 a
537 3117 601 3146 Coo
615 3114 646 3146 et
654 3114 780 3146 Cretine
791 3114 916 3146 condita
925 3137 933 3152 ‚
949 3116 983 3145 ut
997 3113 1086 3145 Phle-

58 3174 117 3204 gon
131 3166 236 3198 tradit.

100 3265 221 3302 Lenus,
261 3263 437 3295 Pisatarum
468 3263 562 3302 regio.
597 3263 682 3294 Civis
713 3265 853 3295 Lenaeus.
890 3263 1026 3302 Phlegon
1059 3261 1089 3292 in

59 3314 245 3354 Olympiade
258 3314 491 3354 quadragesima
507 3316 626 3345 orlavu.

2070 164 2141 193 noi»

1123 232 1227 273 0sz
1247 241 1469 283 συνοικίζουσι
1489 241 1514 276 δ’
1537 240 1639 285 αὐτὴν
1655 273 1664 290 ,
1681 242 1781 286 ἡνίκα
1800 242 1842 278 Ὁ
1866 242 2061 291 Κιμμερίων
2083 259 2144 279 κα-

1126 295 1272 344 τέδραμε
1291 296 1350 341 τὴν
1375 298 1487 334 Ἀσίαν
1509 298 1663 348 στρατός.
1687 301 1811 335 (lodex
1834 302 1943 335 lmlwt
1968 300 2143 351 Κριτίνης,

1127 354 1327 389 Meinelxius
1349 359 1507 402 reposuit
1533 357 1702 406 Κρητίνης
1718 387 1725 404 ,
1740 359 1841 403 cujus
1858 361 2015 394 nominis
2032 374 2147 395 exem-

1127 411 1185 455 pla
1203 412 1308 446 affert
1326 426 1368 447 ex
1389 415 1581 449 llerodoto
1601 418 1661 451 Vll
1678 444 1686 459 ,
1710 417 1776 450 165
1796 424 1830 451 et
1853 431 1940 462 190,
1960 420 2043 454 coll.
2065 421 2148 453 l‘ur-

1129 468 1252 501 {honio
1277 471 1371 506 Erat.
1400 472 1454 515 13,
1477 474 1659 508 Plutarch.
1679 477 1787 511 l'rov.
1810 477 1843 518 I,
1869 475 1929 520 57.
1952 478 2148 523 Resperti-

1128 532 1187 559 net
1202 527 1247 560 ad
1268 528 1323 563 Ol.
1349 529 1393 562 36
1411 531 1466 564 ιυΙ
1485 532 1544 574 37.
1563 535 1602 566 V.
1626 534 1960 571 Raoul-Rochcnc.
1976 536 2146 571 litabliss.

1129 584 1260 630 111,p.
1290 585 1376 621 ¹331.

1626 665 1656 684 „n

1181 737 1282 771 Idem
1303 748 1310 772 ε
1330 738 1437 780 Αῆνος
1451 765 1460 783 ,
1477 736 1573 786 χώρα
1592 739 1658 773 τῶν
1676 738 1841 776 Πισαίων.
1860 739 1903 775 ‘()
1921 739 2060 784 πολίτης
2080 742 2151 785 Λη-

1129 795 1232 834 ναῒος.
1243 792 1388 842 Φλέγων
1398 797 1651 843 τεσσαρακοστῇ
1664 795 1763 845 ὀγδόῃ
1778 795 1999 845 ἼΟλυμπιοίδι.
2011 801 2152 833 Nomen

1130 853 1266 899 gentile
1285 852 1320 885 in
1341 864 1492 885 nummo
1513 853 1705 888 Caracalla?
1723 863 1849 899 exstat,
1872 864 2042 891 monente
2060 855 2151 891 llol-

1131 917 1262 945 stenio.

1606 985 1683 1016 7²¹·

1185 1059 1345 1093 African.
1368 1070 1426 1104 ap.
1449 1058 1581 1094 Euseb.
1612 1059 1651 1094 P.
1681 1060 1722 1095 F..
1751 1060 1807 1101 X,
1833 1072 1896 1103 10,
1916 1072 1954 1106 p.
1979 1059 2072 1104 488,
2094 1062 2120 1095 C
2142 1074 2151 1094 :

1133 1116 1245 1165 Κῦρος
1267 1116 1410 1164 Περσῶν
1443 1113 1660 1163 ἐίασίλευεν,
1691 1108 1717 1165 ᾧ
1746 1114 1812 1151 ἔτει
1838 1115 2034 1164 Ὀλυμπιὰς
2064 1116 2154 1166 ἤχθη

1132 1173 1196 1218 νε’,
1213 1175 1257 1215 ὡς
1275 1174 1311 1209 ἐκ
1332 1174 1398 1209 τῶν
1416 1172 1648 1217 ΒιὸλιοΟηκῶν
1670 1172 1838 1223 Διοδώρου
1856 1173 1914 1209 καὶ
1934 1176 1998 1209 τῶν
2015 1173 2155 1211 Θάλλου

1134 1231 1191 1268 καὶ
1211 1231 1384 1281 Κάστορος
1404 1232 1583 1281 ἱστοριῶν,
1605 1230 1654 1267 ἔτι
1675 1230 1708 1267 δὲ
1731 1230 1900 1268 Πολυόίου
1919 1231 1976 1268 καὶ
2000 1231 2156 1281 Φλέγον·

1135 1288 1188 1331 τός
1203 1290 1293 1325 ἐστιν
1312 1291 1418 1339 εὑρεῖν
1430 1317 1441 1337 ,
1461 1287 1549 1325 ἀλλὰ
1565 1287 1623 1325 καὶ
1637 1288 1758 1339 ἑτέρων
1780 1282 1827 1330 οἷς
1846 1288 2010 1337 ἐμέλησεν
2028 1289 2157 1338 Ὀλυμ-

1135 1347 1278 1384 πιάδων.

1437 1436 1466 1469 Ε
1494 1435 1640 1470 LIBRO
1670 1436 1870 1472 OCTAVO.

1634 1523 1667 1558 8.

1190 1609 1294 1645 Idem
1313 1623 1319 1644 :
1338 1608 1532 1659 Αὖγούσται
1546 1639 1554 1655 ,
1566 1607 1664 1650 πόλις
1678 1608 1710 1645 ἓν
1727 1608 1867 1659 Κιλικίᾳ
1883 1608 1941 1645 καὶ
1956 1608 2099 1660 Ἰταλίᾳ.
2118 1610 2162 1646 Οἱ

1137 1667 1273 1704 πολῖται
1295 1667 1539 1715 Αὐγουστανοί.
1563 1666 1709 1716 Φλέγων
1731 1668 1763 1703 ἐν
1782 1666 2029 1715 Ὀλυμπιάδων
2050 1671 2160 1716 (vgo.

1139 1725 1371 1775 Ὀλυμπιάδι)
1387 1725 1430 1771 η’.

1192 1883 1295 1918 Idem
1327 1895 1334 1916 ε
1377 1879 1518 1931 Κρέμη,
1561 1879 1658 1922 πόλις
1690 1878 1836 1917 Πόντου.
1875 1878 2022 1928 Φλέγων
2058 1876 2166 1929 ὀγδόῳ

1140 1941 1328 1989 Χρονικῶν,
1352 1940 1451 1974 Urbs
1476 1940 1622 1987 ignota,
1643 1939 1711 1973 nisi
1741 1938 1836 1973 forte
1854 1938 1979 1973 eadem
2006 1944 2057 1972 est
2085 1950 2166 1984 quae

1144 1999 1306 2048 Κρῶμνα.

1415 2097 1443 2129 Ε
1471 2095 1629 2130 LIBRIS
1656 2095 1889 2130 INCERTIS.

1625 2194 1682 2217 10.

1195 2269 1295 2303 Idem
1315 2279 1323 2304 2
1344 2266 1477 2308 Νίσιὲις
1492 2295 1500 2311 ,
1519 2267 1616 2307 πόλις
1636 2265 1823 2314 Αἰγύπτου.
1839 2265 1986 2314 Φλέγων
2000 2267 2167 2315 ἑκατοστῆ

1144 2328 1404 2375 τεσσαρακοστῇ
1425 2324 1653 2373 Ὀλυμπιάδι.
1688 2325 1786 2360 Urbs
1812 2326 1956 2373 ignota,
1990 2332 2168 2371 quantum

1144 2397 1267 2419 seiam.

1617 2497 1690 2528 7a.

1186 2577 1287 2615 Cyrus
1308 2577 1472 2606 Persarum
1493 2583 1548 2605 rex
1571 2574 1672 2604 sactus
1684 2574 1731 2604 est
1749 2581 1811 2612 quo
1828 2581 1910 2602 anno
1927 2571 2085 2611 Olympias
2101 2573 2171 2602 acta

1145 2630 1191 2659 est
1210 2628 1469 2667 quinquagesima
1497 2626 1624 2666 quinta,
1656 2626 1692 2656 ut
1719 2625 1819 2664 legere
1835 2625 1907 2655 licet
1923 2624 1953 2654 in
1980 2623 2171 2654 Bibliotheca

1147 2679 1296 2717 Diodori,
1312 2679 1342 2709 in
1356 2678 1497 2709 Historiis
1514 2677 1614 2708 Thalli
1629 2677 1659 2707 et
1674 2677 1809 2707 Castoris
1821 2700 1829 2714 ‚
1842 2676 1873 2706 in
1890 2675 2016 2714 Polybio
2035 2676 2065 2705 et
2084 2674 2170 2704 Phle-

1146 2732 1239 2770 gonte
1259 2730 1390 2769 aliisque
1419 2728 1474 2768 qui
1499 2728 1538 2758 ad
1569 2727 1789 2767 olympiadum
1805 2735 1903 2758 annos
1928 2735 1976 2757 res
1997 2724 2171 2764 expendere

1145 2781 1285 2812 student.

1641 2841 1675 2871 8.

1192 2919 1356 2958 Augustae,
1383 2917 1458 2948 urbs
1487 2917 1518 2947 in
1544 2916 1652 2947 Cilicia
1677 2916 1708 2946 et
1740 2916 1838 2947 ltalia.
1869 2915 1962 2946 Cives
1989 2913 2156 2952 Augustani

1148 2971 1285 3010 Phlegon
1302 2971 1413 3001 octavo
1433 2969 1513 3000 libro
1531 2968 1765 3008 olympiadum.

1643 3039 1678 3071 9.

1188 3117 1317 3153 Creme,
1332 3113 1408 3145 urbs
1427 3113 1529 3144 Ponti.
1551 3112 1686 3151 Phlegon
1709 3111 1790 3141 libro
1807 3110 2030 3141 Chronicorum
2049 3107 2169 3136 octavo.

1630 3184 1685 3216 10.

1188 3258 1320 3296 Nisibis,
1345 3257 1418 3288 urbs
1441 3255 1572 3296 AEgypti.
1598 3255 1731 3293 Phlegon
1756 3253 1785 3283 in
1808 3249 1990 3290 Olympiade
2004 3247 2170 3278 eeiitvsima

1148 3310 1394 3351 quadragesima.
1466 3300 1469 3302 ’
