2338 3765
126 192 197 222 421

121 272 240 315 εἰπεῖν,
259 268 371 318 ἔλεγεν
393 266 502 304 ὁπόσα
530 266 732 309 ἀποδείξεών
761 282 796 303 τε
817 266 875 304 καὶ
895 267 1044 318 ἐλέγχων
1065 269 1145 319 ἐχό-

121 343 205 375 μενα
227 322 308 372 ἦν...

170 398 197 422 5.
223 384 391 425 Νικόλαος
412 382 597 434 ἀρξάμενος
618 376 665 423 οἷς
684 397 720 418 τε
740 385 756 418 ὁ
779 382 937 432 βασιλεὺς
956 382 1148 434 κατήρξατο

116 441 227 490 λόγοις
242 442 461 490 παλιλλογεῒν
480 440 638 488 μειζόνως
653 440 820 486 ἐκδεινῶν,
837 439 895 476 καὶ
912 440 1019 477 ὁπόσα
1037 441 1072 476 ἐκ
1092 443 1150 488 βα-

119 498 263 544 σάνων-ἢ
283 501 476 549 μαρτυριῶν
495 500 618 547 συνῆγε
635 497 671 515 *²⁶
689 497 750 543 τὴν
764 497 933 541 ἀπόδειξιν
948 502 1006 535 τοῦ
1023 498 1150 547 ἐγκλή-

120 572 240 604 ματος·
274 556 425 604 μάλιστα
453 555 486 591 δὲ
513 553 574 599 τὴν
601 553 724 606 ἀρετὴν
748 554 890 592 ἐπιπολὺ
917 554 1066 604 ἐξηγεῖτο
1092 558 1148 591 τοῦ

120 614 286 663 βασιλέως
295 608 382 664 ᾗπερ
394 612 440 655 εἴς
453 628 488 649 τε
503 611 628 663 τροφὰς
637 612 695 650 καὶ
706 611 924 661 παιδεύματα
933 611 1150 662 χρησάμενος

118 674 181 708 τῶν
199 671 296 708 υἱέων
311 703 318 714 ,
337 670 523 719 οὐδαμόθεν
541 670 671 721 εὕροιτο
687 670 886 722 ὀνησιφόρον
907 670 1030 715 αὐτὴν,
1051 684 1150 720 περι-

116 730 248 765 πταίων
260 729 383 780 ἑτέροις
395 728 451 779 ἀφ’
463 727 596 778 ἑτέρων.
610 727 732 765 Καίτοι
743 743 781 776 γε
792 729 855 778 οὐχ
867 727 955 764 οὕτω
967 727 1149 775 θαυμάζειν

121 788 188 822 τῶν
204 801 306 836 προτε
299 785 376 837 ἰρι)ν
397 785 458 830 τὴν
477 785 659 822 ἀδουλίαν·
679 785 860 835 νεωτέρους
879 784 944 835 γὰρ
965 800 1022 820 και
1047 782 1151 820 κακία

123 844 327 893 συμὸούλιιη
341 842 602 895 διεφθαρμένους
619 843 809 893 ἀπαλεῖψαι
823 841 866 879 τὰ
880 845 938 888 τ7,·ς
954 841 1084 893 φύσεως
1103 842 1150 877 δι-

120 902 325 951 καιώυ.,ατα
347 903 415 951 ἀρχ
417 904 455 947 ’ἧς
473 899 635 937 θᾶσσον
618 917 639 945 η
656 903 769 952 χρῆν
764 902 1022 936 μεταποιεῖσθαι
1048 912 1152 935 σπου-

118 959 308 1002 δάσαντας·
342 959 566 1010 Ἀντιπάτρου
601 957 628 995 3
666 958 707 995 ἂν
743 957 880 999 δικαίως
915 956 976 1002 τὴν
1013 955 1151 1006 μιαρίαν

117 1018 397 1067 καταπλαγῆναι,
414 1015 460 1065 μὴ
479 1016 579 1065 μόνον
597 1015 661 1052 ὑπὸ
676 1018 734 1052 τοῦ
751 1013 877 1064 πατρὸς
892 1012 1152 1064 εὐεργετηθέντα

121 1075 179 1112 τὸν
204 1075 383 1126 λογισμὸν,
407 1074 523 1125 ὥσπερ
545 1074 588 1111 τὰ
615 1073 827 1110 ἷοῧολιῖπατα
850 1074 916 1109 τῶν
934 1073 1083 1122 ἑρπετῶν
1104 1069 1152 1119 μὴ

123 1132 368 1183 μαλαχθέντος,
382 1131 491 1168 καίτοι
505 1147 542 1203 γε
558 1130 724 1172 κάκείνοις
745 1129 832 1172 τινὸς
848 1128 1065 1179 ἐγγινομένης
1086 1143 1155 1176 μα-

121 1191 243 1234 λακίας
256 1194 313 1227 τοιΝ)
327 1192 454 1227 ἀδικεῖν
472 1206 572 1231 τους.
560 1189 749 1260 εὐεργέτρις,
771 1187 860 1225 ἀλλὰ
874 1187 960 1237 μηδὲ
974 1203 1033 1229 τας
1050 1186 1155 1236 τύχας

119 1251 186 1285 τῶν
207 1249 264 1285 ἀδε
269 1250 360 1286 λ’,ιιῶν
376 1248 458 1298 πρὸς
473 1247 510 1284 τὸ
526 1248 562 1284 οὗ
575 1246 728 1296 μιμητὴν
745 1247 855 1282 αὐτων
869 1246 1083 1289 καταστῆναι
1097 1247 1156 1289 τῆς

120 1305 692 1355 ιι)ιιοτττος-.ι.ποοιινστησαντος
693 1303 890 1352 Καίτοιγε,
902 1319 929 1339 ιι)
941 1300 1155 1351 Ἀντίπατρε,

120 1366 187 1400 τῶν
209 1365 288 1400 ἀδελ
283 1379 363 1414 ’.ρων
384 1362 535 1411 μηνυτής
554 1377 589 1398 τε
606 1365 651 1398 ὡν
668 1360 875 1409 τολμήσειαν
899 1359 997 1401 αυτὸς
1016 1362 1073 1404 ἧς,
1099 1374 1157 1394 και

121 1421 302 1472 ἐρευνητὴς
324 1437 390 1457 των
411 1420 465 1457 ἑλέ
469 1435 561 1470 ⁴77cov
577 1434 636 1456 και
655 1417 825 1463 κολαστὴς
844 1419 910 1454 τῶν
940 1415 1130 1467 πεφωραμέ
1133 1438 1151 1442 -

122 1495 200 1518 νων.
224 1479 294 1517 Καὶ
312 1480 348 1516 οὐ
364 1482 421 1515 τοῦ
445 1478 496 1515 ἐπ’
514 1477 650 1518 ἐκείνοις
669 1476 879 1525 ἐγκαλοῦμεν
896 1476 992 1526 θυμῷ
1009 1477 1157 1525 χρῆσθαι

123 1536 170 1585 μὴ
191 1537 421 1582 ἐλλείποντος,
443 1535 531 1572 ἀλλὰ
554 1539 609 1571 τοῦ
626 1537 805 1582 μιμεῖσθαι
824 1531 885 1578 τὴν
901 1533 1079 1582 ἀσέλγειαν
1097 1533 1156 1567 αὖ-

122 1598 188 1632 τῶν
212 1594 464 1638 σπουδασαντος
484 1593 775 1642 ἐκπεπληγυἽεθα
793 1591 999 1642 ευρίσκοντες
1017 1591 1158 1627 κακεῖνα

125 1655 186 1690 οὐκ
213 1655 263 1690 ἐπ’
294 1653 462 1704 ἀσφαλεία
483 1656 540 1689 του
567 1651 713 1701 πατρὸς,
747 1651 823 1686 ἀλλ’
853 1649 906 1685 ἐπ’
935 1648 1063 1699 ὀλέθρῳ
1091 1651 1157 1684 τῶν

127 1713 281 1764 ἀδελρῶν
292 1710 532 1762 πεπραγμένα,
549 1709 639 1751 ὅπως
656 1707 884 1758 μισοπονηρίᾳ
897 1709 939 1757 τῇ
954 1706 1030 1742 κατ
1047 1706 1159 1742 αὐτῶν

128 1770 327 1822 φιλοπάτωρ
352 1773 435 1806 εἰναι
460 1765 747 1814 πεπιστευμένος,
773 1763 973 1815 ἀδεεστέραν
993 1763 1044 1799 ἐπ’
1067 1764 1160 1799 αὖτιιΝ)

131 1833 332 1879 κακουργεῖν
356 1825 554 1876 παραλάὸοι
558 1841 571 1867 ς
599 1824 757 1894 δύναμιν·
787 1822 804 1858 3
823 1821 863 1867 δὴ
883 1822 941 1858 καὶ
961 1823 1028 1863 τοῖς
1054 1820 1161 1871 ἔργοις

129 1901 364 1936 παρεστησας.

126 1948 154 1981 οἵ
159 1961 172 1986 ς
190 1944 248 1989 ι]λε
252 1959 332 1994 γχες
347 1957 512 1993 πονηρους
528 1940 721 1990 γεγονότας,
733 1954 791 1975 και
805 1953 881 1980 τους
899 1935 1162 2006 ὅμοπραγήσριν-

125 2018 185 2045 τας
205 2003 316 2043 αὐτοις
332 2002 396 2051 037
415 1999 608 2044 υπεδίδοῊς
630 1996 772 2049 φανερὸν
790 1998 857 2037 τοῖς
872 2009 959 2031 πασι
976 1991 1140 2035 καθιστὰς
1152 2024 1160 2039 ,

396 1883 491 1932 ‘'AILOE
513 1899 547 1920 ΟΞ
566 1898 624 1919 >Uli
644 1897 721 1924 τους
744 1879 906 1932 ἇΟεΛφΟυς
927 1879 1081 1930 ἀνῃρὲῑς,
1109 1879 1159 1930 ἐφ

128 2063 172 2102 ὡς
192 2075 250 2097 και
271 2059 397 2103 συνθηκ
399 2073 439 2102 ην
458 2058 540 2109 πρὸς
554 2055 674 2098 αὐτους
690 2053 779 2092 κατὰ
795 2068 852 2090 του
871 2052 996 2103 πατρὸς
1016 2051 1161 2096 ποιησά-

132 2133 251 2163 μενος,
272 2116 449 2153 ἐπανείλου
474 2118 690 2165 κατηγορεῖν,
713 2110 915 2161 βουλόμενος
937 2110 989 2147 σοὶ
1009 2108 1068 2154 τὴν
1088 2110 1160 2145 ἐπι·

129 2174 228 2212 δουλ
215 2190 254 2219 ην
272 2177 331 2219 τῆς
347 2171 593 2223 πατροκτονίας
611 2169 845 2221 κερδαίνεσθαι
862 2167 951 2205 κατὰ
971 2167 1086 2215 μόνας,
1103 2181 1162 2203 και

131 2235 220 2269 δυοῖν
251 2231 391 2280 αγιί)νοιν
421 2230 641 2299 eupwpoci'avmv
657 2226 916 2279 καρπούμενος,
950 2225 1082 2282 τρόπου
1105 2238 1163 2260 του

131 2295 189 2327 σοῦ’
213 2293 250 2332 ας
236 2290 319 2335 ίαν,
348 2304 430 2340 φανε
417 2304 492 2338 ρου
512 2287 553 2335 μὲ
540 2303 572 2323 ,ν
590 2289 646 2323 του
668 2284 758 2321 κατὰ
775 2286 841 2320 τῶν
870 2284 1041 2333 ἀδελφῶν,
1058 2284 1085 2332 ᾧ
1106 2296 1164 2318 και

131 2348 283 2397 ἠγάλλου
312 2362 356 2387 ως
384 2346 439 2381 ἐπι
467 2349 535 2386 τοῖς
557 2342 756 2414 155in65025,
792 2356 849 2376 και
887 2335 927 2384 ἦν
960 2339 997 2381 οἷς
984 2339 1049 2374 ἰον
1076 2337 1164 2374 ουτω

134 2406 278 2457 υρονεῒν,
297 2405 326 2439 εἷ
344 2403 377 2439 35
400 2402 446 2450 μή
463 2417 550 2451 γε,
534 2416 574 2437 συ
594 2399 718 2450 χείρων
729 2401 769 2443 ἠς
786 2397 947 2447 κρύπτειν
965 2395 1060 2432 δόλον
1076 2394 1166 2431 κατὰ

134 2467 193 2498 τοῦ
216 2460 346 2512 πατρὸς
367 2458 547 2503 συντιθεὶς,
580 2457 725 2497 ἐκείνους
750 2455 810 2504 μὲν
836 2469 900 2503 ουγ
918 2470 962 2495 ως
995 2455 1043 2489 τιΝι)
1060 2452 1166 2522 πατρὶ

136 2516 461 2558 επιδεοου)ευκότας
490 2530 598 2563 μισων
622 2515 681 2563 (ου
699 2512 764 2562 γὰρ
791 2528 830 2548 αν
862 2512 892 2547 5
880 2510 1041 2553 ζώκειλας
1069 2508 1167 2550 αὐτὸς

137 2577 192 2613 ἐπὶ
223 2575 343 2626 πραξιν
379 2571 627 2623 παραπλησίαν
647 2573 675 2618 ),
706 2571 780 2606 αλ’λ
818 2585 861 2610 ι)ς
892 2567 1067 2616 διαδόχους
1109 2569 1167 2610 τῆς

135 2632 318 2683 ἡγεμονίας
335 2647 394 2668 σου
412 2629 620 2677 δικαιότερον
639 2643 679 2664 αν
697 2624 912 2675 γενομένους·
928 2624 983 2660 τὸν
1000 2624 1034 2660 δὲ
1057 2623 1167 2660 πατέ-

139 2707 180 2742 ρα
202 2689 396 2740 ἐπισφάζειν
425 2703 491 2728 τοις
521 2687 611 2722 αδελ
594 2686 707 2735 ιιροῖς*
713 2713 722 2729 ,
749 2682 803 2720 ἵνα
828 2686 952 2719 Οασσον
969 2697 1013 2723 ως
1034 2680 1168 2718 ἐκείνων

138 2749 329 2797 5rttmtmb5
317 2746 430 2782 εύσαιο
452 2743 498 2792 υὴ
524 2745 683 2793 ἐλεγχθῇς
697 2771 707 2790 ,
729 2757 787 2778 και
806 2756 852 2777 ων
875 2739 974 2781 αὐτὸς
990 2738 1085 2780 δίκας
1101 2754 1167 2774 πα-

141 2821 246 2857 ρασχε
234 2808 280 2841 ,ἵν
318 2803 354 2839 ἅῖ
342 2818 405 2845 ιος
439 2817 475 2851 γε
463 2816 568 2849 ,νοιο,
601 2800 729 2844 ταύτην
763 2797 858 2847 παρὰ
888 2801 946 2834 τοῦ
986 2797 1171 2845 δυστυχοῦς

140 2862 280 2913 εἷσπράς
285 2876 338 2897 αιο
357 2860 506 2929 πατρὸς,
531 2859 671 2894 ἐπινοῶν
703 2854 950 2905 πατροκτονίαν
974 2855 1011 2890 οὐ
1040 2868 1169 2903 κοινην,

143 2923 216 2958 ἀλλ’
237 2919 310 2957 οίαν
333 2934 372 2966 μ
361 2917 434 2967 5'7pt
449 2920 504 2952 νυν
520 2917 582 2964 οὐχ
598 2914 776 2983 ιστόρηρεν
794 2915 811 2949 ὃ
831 2912 920 2963 βίος·
939 2926 1003 2962 067
1016 2910 1084 2953 υιὸς
1104 2910 1168 2963 γὰρ

144 2979 243 3028 μόνον
264 2991 368 3025 πατρι
390 2972 550 3010 {memus
539 2987 628 3015 weg,
650 2971 737 3007 ἀλλὰ
758 2970 816 3006 καὶ
836 2971 987 3020 φιλουντι
1003 2968 1061 3005 καὶ
1078 2969 1171 3018 εὐερ-

142 3052 201 3082 γετ
191 3035 321 3080 ηκότι,

146 3093 300 3142 διάδοχος
319 3087 496 3139 προφανεθ
494 3103 541 3131 ις,
564 3102 621 3122 και
641 3101 701 3129 την
726 3084 786 3120 μὲν
809 3083 930 3128 ηδονην
950 3099 1009 3127 της
1024 3083 1173 3125 ἓξουσιας

354 3030 510 3071 κοινωνὸς
537 3032 596 3073 τὴς
628 3027 801 3077 βασιλείας
827 3043 873 3063 ων
894 3029 962 3067 τοῖς
971 3025 1092 3095 ἔργοις
1115 3026 1172 3062 καὶ

147 3152 213 3196 ἤδη
234 3147 490 3200 προλοιμίὶανειν
513 3144 559 3193 μὴ
585 3141 821 3189 ἐπικεκωλυμέ
808 3157 894 3185 νεος,
918 3141 1076 3177 ἐλπίδα
1060 3140 1094 3177 οὲ
1112 3141 1172 3185 τὴν

149 3210 296 3248 εἱσαυθις
312 3204 431 3255 γνώμη
453 3218 510 3239 του
528 3200 654 3250 πατρὸς
672 3214 728 3235 και
754 3214 935 3249 γραμμασι
959 3199 1173 3248 προησφαλι-

150 3265 286 3314 σμένος·
306 3262 380 3299 ἀλλ’
396 3276 455 3297 ουκ
476 3260 541 3309 ἄρα
561 3261 603 3308 τ7]
625 3256 781 3307 Πρώδου
797 3258 899 3304 ἀρετῃ
917 3254 958 3290 τὰ
972 3254 1136 3305 πράγμτα
1140 3270 1173 3299 α,

150 3322 268 3371 γνώμη
291 3320 323 3356 δὲ
345 3335 402 3355 και
430 3317 574 3366 πονηρία
602 3314 727 3364 ἔεκριν
714 3342 727 3354 5
747 3316 787 3362 τ7·
809 3314 928 3347 ἑαυτου
942 3312 1117 3360 ,ιβουλόυε
1122 3327 1173 3351 νος

922 182 1126 220 NlCOLAI
1158 184 1449 226 DAMASCENI

1208 285 1280 307 eum
1295 281 1432 317 rogasset
1450 288 1500 310 rex
1515 303 1522 318 ,
1541 281 1576 310 ut
1593 280 1712 320 reliqua
1729 281 1875 320 adderet,
1895 290 1967 322 quae
1990 283 2179 323 pertinerent
2200 284 2238 315 ad

1208 333 1374 365 criminum
1390 335 1608 374 probationem
1622 361 1630 374 ,
1646 339 1945 378 persequebatur....

1251 401 1279 426 5.
1301 397 1446 428 Nicotaus
1459 397 1691 429 accusationem
1705 407 1723 430 a
1737 408 1807 439 rege
1827 402 1962 440 coeptam
1983 401 2120 433 atrocius
2138 411 2241 442 perse·

1209 474 1308 504 quens
1318 491 1326 505 ‚
1342 469 1527 506 argumenta
1540 468 1645 498 omnia
1658 468 1698 499 ad
1712 477 1781 499 eam
1795 469 1982 501 firmandam
1993 495 2002 509 ,
2016 480 2088 510 quae
2102 480 2142 504 ex
2154 480 2242 511 quae-

1210 534 1362 565 stionibus
1377 536 1431 566 aut
1447 535 1576 566 testium
1590 536 1651 567 fide
1668 536 1775 568 haberi
1792 538 1939 577 poterant
1951 562 1960 578 ,
1977 538 2130 570 densavit.
2146 540 2242 580 Inpri-

1210 604 1269 634 mis
1287 612 1361 635 vero
1375 605 1454 644 regis
1467 604 1617 636 virtutem
1633 606 1840 647 praedicabat,
1855 609 1886 639 et
1901 609 2012 640 merita
2026 609 2058 640 in
2072 609 2151 641 bene
2166 609 2236 641 edu·

1213 672 1319 704 caudis
1329 673 1590 714 instituendisque
1598 675 1714 716 liberis,
1724 686 1858 716 quorum
1869 678 1920 710 ille
1927 687 1990 709 non
2001 679 2095 710 modo
2106 679 2244 711 fructum

1212 742 1384 781 perciperet
1400 743 1541 783 nullum,
1556 744 1610 775 sed
1628 745 1699 776 inde
1713 746 1744 776 in
1765 746 1842 778 alias
1858 755 1896 778 ex
1913 748 1981 778 aliis
1997 747 2148 780 incideret
2160 749 2243 780 cala-

1215 810 1352 841 mitates.
1371 812 1479 850 Neque
1495 812 1601 843 tamen
1615 812 1695 844 adeo
1711 822 1743 844 se
1765 814 1871 845 mirari
1883 815 2023 854 priorum
2041 815 2179 847 filiorum
2194 817 2245 847 te—

1213 878 1391 909 meritatem
1407 890 1415 910 z
1434 879 1528 910 fuisse
1546 880 1630 911 enim
1654 881 1806 920 iuvenes,
1828 883 1860 913 et
1875 891 1894 913 a
1909 883 2000 914 malis
2015 884 2247 915 consultoribus

1214 949 1396 988 corruptos,
1416 950 1453 979 ut
1468 949 1580 988 maj0ri
1601 959 1698 990 quam
1712 953 1872 991 oporteret
1886 953 2007 984 fruendi
2032 953 2154 993 imperii
2167 953 2248 985 festi·

1214 1018 1342 1049 natione
1356 1027 1374 1050 a
1391 1020 1514 1050 naturae
1529 1020 1650 1059 legibus
1663 1020 1881 1053 desciscerent.
1898 1023 1937 1053 At
1953 1022 2107 1062 Antipatri
2118 1024 2246 1062 stupen-

1214 1086 1291 1118 dum
1305 1088 1397 1127 plane
1418 1089 1539 1129 scelus,
1562 1099 1658 1130 quem
1677 1091 1726 1121 tot
1745 1091 1842 1130 patris
1864 1092 1977 1122 merita
2001 1101 2064 1122 non
2082 1092 2247 1131 flexerint,

1215 1157 1360 1188 venenati
1375 1158 1407 1188 in
1423 1167 1544 1190 morem
1561 1159 1746 1200 animantis,
1761 1160 1819 1192 nisi
1838 1161 1923 1200 quod
1944 1161 2039 1200 hujus
2052 1170 2179 1201 quoque
2195 1171 2248 1201 ge-

1216 1225 1297 1256 neris
1309 1226 1427 1266 aliquid
1443 1227 1582 1258 creditur
1595 1228 1755 1260 beneficiis
1768 1230 1900 1260 emolliri
1913 1240 1922 1269 ;
1934 1238 1993 1261 nec
2011 1230 2144 1261 fratrum
2158 1231 2250 1262 mise-

1218 1294 1313 1324 randa
1337 1296 1482 1335 exempla
1507 1296 1755 1336 absterruerint,
1781 1307 1844 1337 quo
1870 1298 1974 1330 minus
1997 1307 2051 1330 eos
2073 1299 2250 1330 imitaretur

1217 1357 1382 1389 obfirmato
1399 1359 1430 1389 in
1448 1359 1620 1391 duritatem
1637 1361 1753 1392 animo.
1773 1362 1869 1401 Atqui
1886 1362 1923 1392 tu
1940 1362 2025 1402 ipse,
2042 1363 2163 1403 inquit,
2187 1367 2250 1395 An-

1218 1421 1345 1460 tipater,
1366 1422 1462 1453 index
1478 1423 1564 1454 fuisti
1582 1423 1727 1454 facinoris
1752 1423 1903 1462 fratrum,
1921 1427 1955 1454 tu
1973 1427 2157 1464 argumenta
2175 1435 2251 1466 sup-

1219 1484 1382 1525 peditasti,
1399 1487 1479 1517 tuin
1496 1489 1658 1518 convictos
1677 1489 1713 1518 ut
1731 1487 2034 1519 animadverteretur
2055 1489 2166 1520 fecisti.
2188 1491 2252 1521 Nec

1218 1549 1249 1580 id
1264 1550 1444 1589 culpamus,
1458 1550 1544 1590 quod
1563 1553 1594 1582 in
1609 1551 1669 1583 illis
1681 1551 1759 1583 iram
1779 1552 1896 1583 satiasti
1913 1565 1920 1583 :
1944 1552 1998 1583 sed
2012 1552 2071 1583 lioc
2088 1553 2251 1592 miramur,

1219 1615 1250 1644 te
1266 1615 1332 1645 tam
1348 1615 1453 1645 subito
1473 1616 1658 1646 aemulatum
1678 1616 1819 1656 ipsorum
1844 1617 2077 1656 improbitatem
2102 1630 2109 1649 ε
2132 1620 2163 1649 et
2183 1618 2255 1649 hinc

1222 1676 1371 1709 discimus
1381 1703 1389 1717 ,
1405 1688 1477 1719 quae
1491 1679 1590 1712 fecisti
1603 1682 1694 1713 antea
1704 1704 1712 1719 ,
1730 1681 1761 1712 in
1775 1681 1811 1712 iis
1824 1683 2016 1722 propositam
2029 1683 2122 1714 fuisse
2134 1693 2198 1714 non
2211 1693 2254 1717 sa·

1221 1741 1320 1773 lutem
1336 1744 1451 1783 patris,
1466 1745 1519 1775 sed
1531 1745 1662 1776 fratrum
1681 1745 1870 1786 perniciem,
1888 1746 1965 1777 dum
1988 1747 2169 1778 insectando
2192 1748 2253 1778 sci-

1222 1810 1294 1841 licet
1308 1810 1447 1850 ipsorum
1462 1811 1614 1842 malitiam
1628 1811 1660 1841 id
1673 1814 1862 1843 consecutus
1873 1836 1882 1851 ‚
1894 1813 1931 1842 ut
1943 1811 2039 1852 patris
2053 1820 2162 1843 amans
2175 1812 2257 1844 filius

1222 1875 1393 1906 credereris
1403 1899 1411 1914 ,
1429 1875 1562 1914 majores
1577 1875 1650 1906 inde
1662 1875 1744 1907 vires
1757 1877 1788 1907 et
1801 1876 1965 1907 audaciam
1980 1877 2020 1907 ad
2036 1877 2138 1908 scelus
2150 1885 2255 1917 aggre÷

1223 1940 1372 1971 diendum
1393 1950 1544 1972 sumeres.
1560 1942 1659 1973 Docet
1673 1942 1734 1972 hoc
1753 1950 1802 1972 res
1815 1941 1891 1981 ipsa.
1907 1943 2032 1973 Fratres
2045 1943 2199 1974 sustulisti
2213 1943 2255 1974 ob

1224 2019 1260 2041 ea
1277 2018 1348 2049 quae
1368 2009 1558 2040 admiserant
1577 2022 1584 2040 :
1600 2010 1741 2040 conscios
1762 2011 1857 2049 atque
1880 2009 2039 2048 adjutores
2061 2019 2172 2041 eorum
2193 2019 2257 2041 non

1223 2075 1370 2106 dedidisti
1380 2099 1389 2115 ‚
1404 2077 1439 2106 ut
1458 2075 1549 2106 facile
1564 2076 1729 2115 appareat,
1744 2076 1776 2106 te
1788 2075 1884 2106 tacito
1900 2084 1974 2106 cum
1989 2075 2036 2107 his
2048 2075 2164 2106 foedere
2179 2075 2258 2107 inito

1224 2140 1455 2171 accusationem
1481 2149 1677 2180 aggressum,
1715 2140 1866 2171 nimirum
1879 2164 1887 2178 ‚
1924 2141 1959 2170 ut
1987 2139 2071 2170 solus
2102 2137 2258 2179 parricidii

1225 2213 1354 2245 compos
1371 2205 1461 2236 fieres
1472 2229 1480 2244 ,
1496 2205 1526 2235 et
1545 2204 1702 2244 duplicem
1714 2227 1722 2242 ,
1737 2204 1790 2235 sed
1813 2206 1979 2243 utramque
1996 2203 2193 2243 tuo-dignam
2210 2203 2258 2234 in-

1225 2270 1315 2308 genio
1331 2269 1506 2309 perciperes
1519 2269 1716 2307 voluptatem
1734 2280 1740 2298 :
1759 2268 1861 2307 palam
1884 2267 2009 2306 quidem
2030 2268 2180 2298 confectis
2195 2266 2257 2297 fra·

1226 2332 1326 2363 tribus
1336 2356 1344 2371 ,
1360 2341 1422 2372 quo
1436 2332 1562 2363 nomine
1575 2354 1583 2369 ‚
1596 2333 1745 2370 tanquam
1761 2338 1826 2360 rem
1841 2330 1990 2369 praeclare
2002 2338 2157 2368 gessisses,
2173 2329 2258 2360 ultro

1226 2397 1384 2437 gloriaris,
1398 2405 1455 2427 nec
1474 2396 1605 2435 injiiria3
1625 2395 1672 2425 sin
1689 2394 1810 2433 minus,
1828 2396 1862 2424 tu
1880 2394 1940 2424 illis
1957 2393 2091 2432 pejores,
2107 2394 2160 2433 qui
2177 2394 2257 2427 clam

1227 2462 1323 2501 patris
1343 2461 1416 2491 vitae
1435 2459 1598 2491 insidiatus
1616 2468 1667 2497 es,
1684 2459 1770 2497 illos,
1791 2467 1854 2488 non
1871 2457 1954 2497 quod
1975 2466 2037 2488 non
2061 2458 2140 2497 patri
2158 2458 2258 2488 moliti

1227 2527 1329 2557 esseut
1342 2533 1451 2556 necem
1464 2548 1472 2563 ,
1490 2524 1562 2554 odio
1576 2523 1693 2554 habens
1708 2523 1718 2561 (
1730 2531 1803 2553 uam
1816 2521 1848 2552 id
1861 2522 1886 2553 si
1899 2522 1998 2556 esset,
2013 2529 2075 2551 non
2086 2522 2117 2552 te
2129 2521 2261 2561 obligas·

1227 2599 1276 2622 ses
1288 2590 1397 2621 eodem
1412 2589 1560 2628 crimine)
1572 2614 1580 2627 ,
1594 2588 1646 2619 sed
1658 2588 1742 2628 quod
1754 2588 1839 2627 regni
1854 2586 1984 2619 heredes
1993 2588 2095 2617 esseut
2107 2586 2260 2625 justiores.

1230 2657 1354 2686 Patrem
1365 2656 1471 2685 autem
1481 2653 1656 2685 interficere
1667 2652 1806 2691 voluisti,
1821 2651 1937 2682 scilicet
1951 2650 2098 2682 fratribus
2111 2649 2260 2689 superad-

1229 2720 1329 2751 ditum
1341 2744 1348 2758 ,
1364 2720 1398 2749 ut
1413 2718 1588 2758 periculum
1605 2718 1771 2756 effugeres,
1789 2724 1840 2753 ne,
1855 2723 1927 2754 quae
1941 2714 1972 2745 in
1985 2723 2038 2746 eos
2054 2713 2261 2745 calumniatus

1230 2793 1262 2815 es
1274 2809 1282 2823 ‚
1296 2784 1527 2823 detegerentur,
1548 2784 1579 2814 et
1603 2791 1675 2821 quae
1692 2783 1727 2812 tu
1751 2781 1882 2812 meritus
1897 2788 1966 2811 eras
1984 2779 2153 2818 supplicia,
2171 2786 2207 2809 ea
2222 2777 2262 2808 de

1231 2852 1344 2883 infelici
1361 2853 1448 2892 patre
1463 2850 1602 2889 exigeres
1617 2862 1624 2880 ε
1640 2850 1780 2889 repertor
1790 2856 1853 2878 non
1869 2846 2006 2885 vulgaris
2019 2844 2196 2885 parricidii,
2207 2842 2261 2875 sed

1231 2920 1323 2959 quale
1342 2919 1494 2949 hactenus
1517 2917 1639 2956 ignorat
1655 2915 1819 2945 hominum
1845 2912 1919 2943 vita.
1944 2913 2012 2942 Non
2033 2909 2115 2940 enim
2137 2909 2260 2939 tantum

1232 2986 1311 3026 patri
1330 2985 1410 3016 filius
1423 2984 1585 3015 insidiatus
1601 2991 1650 3020 es,
1669 2981 1722 3012 sed
1739 2981 1770 3011 et
1785 2978 1904 3010 amanti
1926 2979 1975 3015 te,
1994 2974 2150 3007 beneficiis
2167 2973 2208 3005 ab
2224 2981 2261 3004 eo

1232 3052 1376 3089 affectus,
1389 3059 1420 3081 re
1433 3050 1499 3090 ipsa
1510 3048 1572 3088 jam
1588 3047 1740 3088 particeps
1751 3044 1834 3083 regni
1848 3045 1878 3074 et
1888 3050 2048 3073 successor
2061 3040 2238 3079 designatus
2251 3050 2258 3069 :

1233 3118 1275 3149 ita
1291 3119 1326 3148 ut
1344 3117 1537 3156 voluptatem
1557 3112 1678 3153 imperii
1696 3120 1728 3142 re
1746 3109 1887 3149 ipsajam
1911 3108 2103 3147 perciperes,
2121 3107 2152 3136 et
2172 3113 2260 3144 spem

1234 3184 1333 3223 plenae
1358 3179 1557 3221 possessionis
1581 3177 1784 3210 certissimam
1808 3175 1938 3205 haberes
1950 3196 1958 3210 ,
1975 3171 2148 3210 conscripta
2165 3169 2260 3209 patris

1235 3248 1406 3280 voluntate.
1420 3245 1459 3276 At
1475 3245 1508 3274 tu
1521 3251 1583 3273 non
1598 3240 1728 3273 Herodis
1742 3239 1879 3270 bonitate
1891 3261 1900 3276 ,
1914 3235 1967 3267 sed
1981 3234 2134 3275 pravitate
2148 3231 2260 3272 ingenii

1236 3314 1281 3345 tui
1298 3321 1345 3343 res
1359 3308 1536 3341 metiebaris
1548 3331 1556 3345 ,
1572 3308 1631 3338 lioc
1645 3314 1737 3345 agens
1748 3327 1756 3342 ,
1772 3306 1804 3335 ut
1821 3302 1899 3342 patri
1914 3298 2178 3338 indulgentissimo
2193 3303 2260 3342 parz

2311 3095 2338 3765 ffl—-—2⁴—ss*fflrh
2329 3126 2332 3198 *A*
2330 2992 2338 3090 aa
2330 2899 2338 2978 2³-—
2332 2674 2338 2861 aa*
2332 2571 2338 2710 *2—2—ar
2333 2616 2334 2623 τ
2333 2588 2335 2598 22
2334 2467 2338 2552 ——Q-
2333 2325 2338 2470 ⁷2——<
2334 2295 2335 2298 „
2334 2265 2338 2281 τι
2334 2205 2338 2249 τ’·-
