2338 3765
77 191 151 222 426

69 284 129 306 ναν
150 269 260 305 αὐτῶν
286 268 508 316 εὐγνωμονεῖν
529 264 828 316 προαιρουμένους.
850 265 914 308 Ὡς
942 265 976 303 δὲ
997 267 1098 302 πολέ-

71 342 132 375 μια
162 325 265 375 ἔδρων
296 324 387 375 λόγω
414 323 474 372 μὲν
504 325 580 360 κατ’
610 322 816 373 Αρχελάου,
846 339 884 361 το
909 323 944 360 δὲ
977 325 1081 369 ἀληθὲ
1085 341 1099 366 ς

70 386 116 426 εἰς
145 383 326 433 Καίσαρα,
360 396 502 433 φανερον
532 384 629 417 εἰναι.
666 379 756 423 Τους
781 379 847 432 γὰρ
879 381 1098 433 ὓοριοῦντας,

71 439 254 482 κωλύτας
244 438 539 490 παραγενομένους
559 438 616 475 καὶ
636 438 692 474 ὑπ’
713 438 810 490 Ἀρχ-
799 438 896 475 -)άου
917 439 1096 490 ‘trenay-,po-

71 514 148 543 τας,
178 503 306 534 κτεῖναι
338 495 608 545 ἐπιτιθεμένους,
638 495 714 533 οὔτε
743 501 802 534 τοῦ
827 500 916 537 Θεου
943 497 1018 534 οὔτε
1040 513 1098 535 του

71 555 173 605 νόμου
189 559 247 601 τῆς
259 558 375 606 ἑορτῆς
387 557 420 592 ἐν
432 554 581 606 φροντίδι
595 554 807 605 γενομένους,
819 550 864 593 ὧν
880 555 1098 604 Ἀντίπατρον

71 615 131 650 οὐκ
151 612 371 664 αἰσχύνεσθαι
389 611 569 658 ἐκδικητὴν
595 612 842 661 καθιστάμενον
864 614 918 650 ἐπὶ
937 613 1100 663 θεραπείᾳ

72 671 193 721 ἔχθρας
211 674 272 715 τῆς
295 672 399 707 αὑτοῦ
419 669 502 720 πρὸς
527 669 727 721 Ἀρχέλαον,
747 669 768 715 ἢ
790 670 882 718 μίσει
907 674 966 707 τοῦ
996 672 1099 721 ἀρετῇ

71 728 216 766 δικαίου.
248 730 294 765 Οἱ
319 727 543 778 παρελθόντες
569 728 628 764 καὶ
656 727 704 777 μὴ
731 728 815 779 πρὸς
846 727 1100 776 διανοουμένους

71 786 231 836 ἄρχοντες
247 785 372 822 ἀδίκων
389 784 512 837 ἔργων,
531 785 600 823 οἵδε
619 785 702 823 εἰσὶν
720 788 749 822 οἱ
766 786 958 837 βιαζόμενοι
975 785 1033 822 καὶ
1052 784 1099 832 μὴ

71 844 229 887 θέλοντας
248 843 324 886 τοὺς
351 843 581 893 ἀμυνομένους
600 845 651 895 ἐφ’
681 842 769 880 ὅπλα
790 850 925 895 χωρεῖν,
945 843 1100 880 Ἀνετίθει

73 901 106 938 δὲ
126 901 184 938 καὶ
208 900 252 938 τὰ
267 901 372 938 λοιπὰ
392 907 478 938 πᾶσι
499 902 567 944 τοῖς
593 903 626 938 ἐν
651 903 755 952 βουλῇ
784 904 850 938 τῶν
878 901 1077 952 κατηγόρων
1092 916 1099 922 ·

73 957 168 994 οὐδεν
188 957 254 1009 γὰρ
271 957 291 994 ὅ
309 973 341 994 τι
361 958 410 1005 μὴ
431 960 467 994 οὐ
487 958 573 1007 μετὰ
592 959 730 1008 γνώμης
750 961 808 1003 τῆς
831 960 940 995 αὐτόν
957 973 1099 1025 γεγενη-

74 1015 174 1064 μένον
192 1015 285 1053 αἰτία
302 1030 359 1052 του
375 1017 502 1053 ἀδικεῖν
524 1019 593 1053 ὑπα
585 1017 727 1066 ’γεσθαι.
747 1018 798 1053 Οὐ
817 1032 857 1066 τῃ
878 1015 959 1067 φύσε
965 1031 973 1050 ι
991 1030 1101 1052 τοιου-

73 1090 138 1115 τως
156 1073 243 1110 αὐτὰ
262 1072 425 1123 γεγονότα
442 1074 575 1122 πονηρὰ
593 1079 699 1120 εἰναι,
721 1074 808 1110 ἆθλα
834 1076 880 1110 τιΝ)
898 1073 1006 1124 {ssepe
1013 1089 1040 1108 ιν
1062 1088 1101 1108 αν

73 1132 182 1168 δοκεῖν
213 1130 312 1182 Ἀρχε
299 1130 412 1169 εἠλαο]
450 1131 603 1176 Ἰοσηνδε
637 1131 748 1173 αὐτοῖς
774 1134 859 1167 εἶναι
892 1131 989 1181 βου)
976 1147 1016 1174 [ν
1043 1146 1101 1166 του

73 1190 266 1239 υὸριοῧντος
287 1190 330 1231 εἷς
351 1189 456 1240 ἄνδρα
475 1204 642 1239 συγγενη,
660 1205 718 1226 και
738 1204 866 1239 πατρος
888 1188 928 1259 μὲ
932 1204 947 1223 ν
969 1189 1021 1225 εὖτ
1027 1187 1102 1256 ργέ-

76 1263 148 1294 την,
169 1247 296 1292 συνήθη
323 1246 357 1283 δε
378 1249 489 1289 αυτοῖς
509 1247 566 1284 καὶ
587 1246 642 1283 διὰ
670 1262 794 1289 παντος
815 1247 973 1288 οἰκειως
965 1262 1004 1282 ’τ
994 1247 1103 1283 :mh-

73 1304 248 1353 τευμένον.
271 1304 344 1346 'laic
363 1320 401 1354 γε
426 1305 493 1353 μὴν
523 1304 685 1350 διαθήκας
716 1305 781 1342 ὑπό
800 1320 836 1341 τε
856 1308 1104 1355 σωφρονοῦντος

74 1361 263 1414 γεγράφθαι
279 1366 338 1399 τοῦ
357 1365 424 1411 βασ
429 1361 477 1398 ι)’
463 1378 523 1403 εως
534 1378 615 1409 ,και
633 1361 841 1413 κυριωτέρας
862 1365 1027 1399 εἶναιτῶν
1046 1379 1104 1413 γε-

74 1420 280 1470 γραμμένων
292 1419 466 1470 πρότερον,
475 1420 529 1456 διὰ
540 1435 577 1456 το
588 1420 796 1470 Καίσαραδε
801 1419 887 1456 σπότ
877 1436 930 1465 ην
941 1420 1105 1457 τῶνὸἦων

76 1478 343 1529 καταλελεῖφθαι
363 1478 446 1527 πρὸς
464 1476 523 1522 τὴν
544 1477 655 1528 κρίσιν
676 1480 742 1514 τῶν
762 1479 794 1514 ἐν
816 1479 933 1519 αὐταῖς
949 1493 1104 1528 γεγραμ-

78 1535 208 1584 μένων·
239 1534 451 1584 μιμῆσεσθαί
477 1551 513 1572 τε
541 1537 697 1583 οὐδαμῶς
728 1535 889 1586 Καίσαρα
919 1536 979 1581 τὴν
1009 1536 1105 1586 ῧῧριν

78 1596 201 1639 αὐτῶν,
226 1594 257 1630 οἳ
276 1598 335 1639 τ’Νης
363 1594 517 1644 Ἡρώδου
541 1594 709 1636 παντοίως
740 1595 994 1636 ἀπολαύσαντες
1024 1597 1106 1645 παρ’

77 1652 112 1688 ὃν
134 1652 190 1696 ἔζη
216 1652 333 1702 καιρὸν
355 1652 546 1700 δυνάμεως,
568 1651 611 1688 τὰ
638 1652 751 1688 πάντα
770 1651 825 1687 ἐπὶ
849 1651 944 1702 ὕὸριν
969 1651 1107 1701 γνώμης

78 1709 266 1759 ἐπείγοιντο
286 1710 407 1754 αὐτοῦ,
429 1710 497 1745 οὐδ’
522 1710 635 1745 αὐτῶν
662 1709 739 1759 περὶ
757 1708 813 1745 τὸν
834 1712 980 1757 συγγενῆ
997 1709 1106 1746 τοιού-

78 1784 144 1804 των
161 1767 359 1816 γεγονότων.
391 1766 526 1804 Οὔκουν
549 1766 710 1817 Καίσαρά
729 1782 765 1803 τε
791 1767 908 1816 ἀνδρὸς
937 1768 994 1804 ὑπ’
1015 1770 1107 1804 αὐτι)

78 1824 311 1873 πεποιημένου
331 1824 373 1861 τὰ
389 1825 502 1861 πάντα
519 1824 577 1861 καὶ
597 1825 693 1875 φίλου
713 1824 770 1861 καὶ
788 1825 976 1875 συμμάχου
995 1841 1106 1862 κατα-

79 1882 191 1919 λύσειν
211 1882 270 1923 τὰς
296 1881 480 1927 διαθήκας,
508 1882 564 1918 ἐπὶ
585 1881 697 1918 πίστει
717 1884 758 1931 τῇ
783 1883 885 1918 αὐτοῦ
915 1897 1110 1933 γεγραμμε-

80 1957 158 1985 νας,
179 1939 254 1977 οὐδὲ
276 1939 487 1989 μιμήσεσθαι
506 1940 631 1976 κακίαν
651 1938 710 1984 τὴν
732 1940 866 1977 ἐκείνων
883 1940 944 1985 τὴν
972 1941 1109 1978 Καίσα-

81 2014 134 2050 ρος
151 1997 273 2048 ἀρετὴν
298 1998 356 2035 καὶ
385 1998 514 2044 πίστιν,
548 1997 630 2049 πρὸς
649 1998 788 2034 ἅπασαν
818 1998 878 2046 τὴν
910 2001 1109 2047 οἷκουμενην

80 2056 318 2092 ἀνενδοίαστον
363 2055 567 2105 γενομένην,
602 2055 660 2092 καὶ
694 2056 817 2104 μανίαν
851 2057 909 2093 καὶ
948 2058 1111 2106 λογισμοῦ

81 2112 240 2150 ἔκστασιν
261 2113 477 2164 κατακρίνειν
493 2114 609 2164 ἀνδρὸς
628 2113 794 2164 βασιλέως
807 2144 815 2159 ,
837 2116 903 2152 υἱεῖ
918 2115 979 2164 μὲν
995 2118 1112 2167 ἀγαθῷ

82 2170 142 2216 τὴν
177 2170 340 2221 ’διαδοχὴν
376 2171 684 2220 καταλελοιπότος,
719 2171 832 2208 πίστει
867 2172 899 2209 δὲ
932 2176 973 2224 τῇ
1008 2174 1112 2210 αὐτοῦ

82 2229 391 2280 προσπεφευγότος·
409 2229 485 2266 οὔτε
518 2229 728 2280 ἁμαρτάνειν
751 2229 911 2281 <Ηρώδην
933 2230 1015 2267 ποτὲ
1035 2231 1114 2283 περὶ

83 2286 192 2337 κρίσιν
221 2289 278 2323 τοῦ
305 2287 482 2337 διαδόχου,
511 2287 714 2338 σωφροσύνῃ
740 2287 952 2339 κεχρημένον
983 2288 1039 2325 ἐπὶ
1069 2292 1111 2339 τῇ

87 2344 260 2394 Καίσαρος
284 2343 404 2394 γνώμη
426 2345 468 2380 τὰ
486 2345 598 2381 πάντα
617 2349 798 2383 ποιεῖσθαι.

135 2415 165 2439 7.
200 2401 270 2438 Καὶ
300 2402 469 2444 Νικόλαος
502 2401 563 2473 μὲν
594 2403 708 2439 τοιάδε
737 2402 889 2449 διελθὼν,
920 2403 1115 2440 καταπαύει

85 2474 142 2495 τον
170 2459 282 2508 λόγοι
308 2462 446 2509 Καῖσαρ
478 2460 512 2496 δὲ
542 2460 640 2510 Αρχε
629 2460 725 2496 ε’λαον
751 2460 990 2511 προσπεσόντα
1024 2463 1116 2498 αὖτιΝ)

86 2532 167 2567 προς
187 2516 229 2552 τὰ
251 2516 378 2565 γόνατα
399 2516 605 2568 φιλοφρόνως
628 2518 746 2563 ἀνίστη
764 2533 911 2568 φααενος
932 2518 1116 2562 ἀξιώτατον

87 2578 173 2610 εἶναι
189 2590 248 2619 της
268 2574 457 2623 [ιασιλείας.

573 2666 633 2710 96.

141 2753 290 2799 Joseph.
302 2755 344 2789 Λ.
355 2754 372 2787 J
382 2783 389 2789 .
399 2754 519 2797 XVII,
534 2767 546 2787 1
560 2767 571 2788 1
582 2782 591 2802 ,
603 2754 622 2789 3
640 2768 647 2789 :
660 2755 813 2791 Τοιαῦτα
827 2754 860 2791 δὲ
870 2755 1118 2793 τῶνἸουδαίων

89 2809 291 2858 εἰρηκότων,
311 2809 479 2852 Νικόλαος
503 2809 579 2852 τούς
603 2826 638 2847 τε
664 2813 812 2861 βασιλεῖς
833 2813 1033 2857 ἀπήλλασσε
1053 2815 1119 2850 τῶν

89 2865 331 2915 ἐγκλημάτων,
353 2865 509 2917 Ἡρώδην
528 2867 602 2916 μὲν,
627 2868 682 2905 διὰ
702 2869 739 2906 τὸ
758 2872 840 2915 παρ’
862 2869 898 2906 δν
920 2870 977 2916 ἔζη
998 2870 1119 2921 χρόνον

864 180 1066 218 NlCOLAI
1098 180 1387 219 DAMASCENI

1163 272 1304 303 homines
1323 272 1418 303 verbo
1436 271 1566 311 quidem
1586 271 1617 302 in
1636 271 1824 303 Archelaum
1841 273 1979 312 patrasse
1997 273 2141 314 hostilia,
2158 284 2192 306 re

1163 329 1229 369 ipsa
1242 331 1348 360 autem
1362 329 1392 360 in
1406 331 1582 368 Caesarem,
1597 329 1643 360 uti
1661 331 1776 369 pateat.
1790 332 1923 361 Constat
1941 331 2024 362 enim
2039 331 2191 372 (inquit),

1161 396 1239 425 quos
1255 386 1293 416 ad
1310 388 1372 416 vim
1383 396 1419 417 ac
1435 387 1581 425 inJ'uriam
1601 387 1828 425 prohibendam
1852 388 2023 419 Archelaus
2045 388 2192 426 miserat,

1161 444 1279 475 occisos
1291 444 1331 475 ab
1350 444 1408 475 illis
1424 452 1527 483 neque
1542 446 1642 475 Deum
1660 453 1763 483 neque
1782 445 1828 475 fas
1842 444 1965 476 dierum
1981 446 2192 477 sanctissimo-

1162 511 1232 532 rum
1251 502 1475 533 reverentibus.
1491 503 1558 532 Etsi
1582 503 1676 540 sunt,
1700 511 1836 541 quorum
1852 511 1915 533 non
1935 503 2048 542 puduit
2064 504 2192 544 Antipa-

1162 561 1247 590 trum
1268 560 1426 599 suscipere
1456 560 1607 598 tutelam,
1635 560 1701 591 sive
1723 561 1760 592 ut
1780 560 1853 591 odio
1878 561 1911 591 in
1930 561 2119 592 Archelaum
2137 570 2194 593 sno

1162 626 1282 648 morem
1297 618 1436 656 gereret,
1454 617 1520 648 sive
1534 617 1682 657 quodjus
1704 619 1736 649 et
1755 627 1883 658 aequum
1903 627 1997 650 omne
2018 621 2192 651 aversetur.

1162 678 1254 707 Certe
1267 675 1319 714 qui
1334 675 1525 706 adoriuntur
1538 676 1634 715 alios,
1652 676 1794 715 nihilque
1807 677 1881 707 mali
1903 677 2097 716 suspicantes
2112 677 2194 717 inju-

1162 734 1215 764 riis
1239 734 1413 771 lacessunt,
1440 733 1472 763 hi
1497 735 1591 772 sunt,
1619 734 1673 772 qui
1699 734 1843 765 nolentes
1871 736 1989 774 cogunt
2015 735 2062 765 sui
2087 735 2196 766 tuendi

1163 798 1255 820 causa
1268 789 1306 820 ad
1323 798 1412 819 arma
1429 798 1600 820 recurrere.
1620 793 1702 821 Tum
1722 791 1916 831 reliquorum
1933 792 2077 823 omnium
2089 817 2098 831 ‚
2123 801 2196 833 quae

1161 847 1284 885 objecta
1309 848 1451 885 fuerant,
1478 857 1606 878 causam
1627 849 1799 888 assignavit
1820 849 1856 880 iis
1880 849 1972 890 ipsis,
1994 851 2049 889 qui
2068 851 2197 881 consilio

1163 907 1254 935 erant
1280 905 1527 936 accusatoribus.
1560 905 1643 936 Nihil
1671 906 1756 936 enim
1782 915 1848 938 esse
1869 907 1954 946 quod
1979 916 2043 938 non
2071 908 2197 939 illorum

1163 962 1312 993 instinctu
1340 964 1457 994 sactum
1479 964 1544 1002 J'am
1570 964 1602 994 in
1622 964 1746 1003 injuriae
1770 966 1939 1005 tanquam
1964 965 2008 997 ab
2035 965 2199 997 Archelao

1163 1023 1349 1052 commissa:
1358 1021 1590 1052 accusationem
1604 1021 1799 1061 producatur
1815 1035 1822 1053 :
1839 1022 1921 1053 unde
1937 1023 2024 1054 color
2037 1024 2200 1062 quaeratur

1164 1078 1301 1117 injuriae,
1316 1079 1401 1118 quod
1414 1088 1477 1109 non
1493 1079 1565 1119 ipsis
1577 1079 1694 1110 factum
1709 1081 1749 1111 sit
1762 1081 1954 1112 suasoribus.
1969 1082 2077 1121 Neque
2089 1090 2127 1112 ea
2140 1090 2196 1122 per

1164 1146 1196 1167 se
1210 1146 1275 1168 esse
1292 1137 1452 1176 improba,
1467 1137 1522 1168 sed
1541 1137 1574 1167 in
1591 1137 1700 1168 odium
1720 1138 1862 1169 Archelai
1876 1139 1920 1169 ita
1937 1139 2043 1170 referri
2057 1163 2066 1178 ,
2080 1140 2117 1169 ut
2138 1139 2198 1170 im-

1166 1195 1262 1234 proba
1277 1195 1451 1226 videantur.
1469 1197 1569 1226 Tanto
1586 1196 1655 1227 illos
1679 1196 1726 1235 agi
1744 1196 1849 1227 studio
1871 1196 2006 1228 laedendi
2030 1198 2200 1236 cognatum

1167 1253 1327 1283 hominem
1343 1253 1381 1284 de
1395 1253 1534 1293 ipsorum
1554 1255 1682 1293 parente
1694 1254 1774 1285 hene
1787 1254 1934 1285 meritum
1948 1255 1978 1285 et
1992 1255 2074 1294 ipsos
2095 1254 2198 1286 omni-

1165 1311 1224 1341 bus
1247 1311 1394 1342 amicitiae
1423 1311 1534 1342 officiis
1564 1314 1779 1351 prosecutum.
1807 1313 2047 1343 Testamentum
2070 1320 2088 1343 a
2110 1313 2202 1352 patre

1166 1369 1285 1399 sactum
1311 1369 1389 1399 bene
1414 1368 1529 1399 mentis
1553 1371 1717 1408 compote,
1743 1370 1775 1400 et
1791 1368 1875 1399 haud
1895 1368 1991 1400 dubie
2015 1369 2203 1408 posteriores

1166 1427 1291 1457 tabulas
1304 1427 1441 1466 potiores
1455 1435 1520 1458 esse
1536 1427 1708 1466 prioribus,
1725 1435 1825 1466 eoque
1843 1426 1959 1466 magis,
1977 1427 2061 1466 quod
2084 1427 2201 1459 Caesari

1166 1484 1327 1523 omnium,
1347 1493 1420 1523 quae
1446 1485 1477 1515 in
1500 1485 1536 1516 iis
1562 1485 1677 1524 scripta
1692 1484 1774 1523 sint,
1798 1484 2012 1524 plenissimum
2032 1484 2198 1515 arbitrium

1168 1543 1375 1582 relinquatur.
1395 1544 1463 1573 Non
1477 1543 1654 1573 timendum
1668 1566 1675 1580 ,
1689 1551 1729 1573 ne
1746 1542 1858 1572 horum
1881 1542 2079 1581 iniquitatem
2097 1544 2203 1573 Caesar

1169 1600 1322 1637 imitetur,
1342 1601 1397 1639 qui
1423 1600 1571 1638 Herodis,
1594 1610 1636 1631 ex
1655 1600 1745 1639 eujus
1770 1600 1904 1631 viventis
1924 1601 2063 1639 potentia
2084 1602 2203 1631 fructus

1169 1658 1321 1696 plurimos
1334 1659 1485 1697 ceperint,
1500 1666 1584 1688 nnnc
1601 1658 1719 1688 mortui
1736 1658 1929 1688 voluntatem
1941 1660 2133 1697 oppugnent,
2154 1657 2202 1688 id-

1169 1724 1233 1754 que
1245 1716 1319 1746 satis
1333 1715 1391 1746 sibi
1409 1716 1544 1754 conscii,
1558 1716 1744 1755 neutiquam
1757 1724 1790 1746 se
1802 1715 1840 1746 de
1851 1717 1975 1746 Herode
1991 1716 2034 1745 ita
2052 1716 2182 1746 meritos
2192 1739 2201 1752 ,

1170 1775 1207 1803 ut
1220 1774 1391 1804 Archelaus
1406 1774 1510 1805 suerit.
1525 1775 1593 1804 Non
1606 1782 1678 1804 eum
1696 1782 1762 1804 esse
1777 1775 1947 1811 Caesarem,
1962 1774 2015 1813 qui
2028 1773 2085 1803 viri
2100 1773 2204 1810 amici,

1171 1832 1325 1863 bellorum
1340 1832 1433 1870 socii,
1448 1832 1546 1872 quiin
1567 1831 1715 1862 omnibus
1737 1840 1777 1862 ex
1797 1833 1921 1862 Caesare
1935 1831 2069 1870 pendere
2084 1840 2206 1870 semper

1172 1890 1324 1928 voluerit,
1347 1889 1504 1921 rescindat
1535 1891 1758 1921 testamentum
1789 1898 1855 1920 suae
1885 1889 2090 1920 commissum
2119 1889 2203 1920 fidei.

1173 1948 1309 1979 Multum
1333 1948 1372 1979 ab
1399 1948 1511 1979 horum
1543 1948 1737 1987 malignitate
1762 1948 1946 1979 absuturam
1971 1947 2103 1979 Caesaris
2136 1947 2201 1977 vir-

1177 2007 1276 2036 tutem
1294 2014 1329 2037 ac
1353 2005 1447 2037 sidem
1460 2006 1519 2037 toti
1533 2006 1672 2036 humano
1688 2006 1792 2045 generi
1806 2005 2038 2044 testatissimas‚
2058 2012 2160 2044 neque
2176 2003 2207 2034 id

1176 2065 1206 2094 in
1223 2073 1294 2094 eum
1312 2064 1423 2095 cadere
1436 2088 1444 2102 ,
1459 2066 1494 2095 ut
1509 2073 1572 2095 non
1586 2073 1670 2095 sanae
1686 2064 1800 2095 mentis
1813 2064 1996 2103 pronuntiet
2016 2071 2139 2102 regem,
2153 2061 2206 2101 qui

1175 2122 1312 2161 primum
1338 2122 1403 2152 filio
1425 2123 1507 2153 bono
1532 2122 1740 2153 hereditatem
1767 2121 1946 2161 reliquerit,
1963 2120 2075 2151 deinde
2096 2120 2128 2150 in
2148 2119 2208 2150 hoc

1176 2179 1272 2218 ipsius
1297 2180 1428 2210 Caesaris
1450 2179 1545 2210 fidem
1570 2179 1797 2218 imploraverit.
1826 2178 1958 2215 Quando
1981 2178 2206 2209 testamentum

1175 2237 1313 2267 condens
1330 2237 1470 2268 Herodes
1483 2238 1526 2268 ita
1544 2237 1701 2276 sapuerit,
1721 2237 1756 2266 ut
1769 2236 1901 2267 Caesaris
1911 2234 2076 2265 arbitratui
2093 2236 2208 2266 cuncta

1176 2295 1394 2333 submitteret,
1415 2295 1447 2325 in
1463 2295 1578 2326 herede
1599 2294 1726 2334 quidem
1748 2293 1888 2333 eligendo
1907 2293 2046 2332 desipere
2064 2284 2126 2323 non
2149 2301 2207 2332 po-

1175 2353 1285 2384 tuisse.

1218 2412 1294 2441 Haec
1309 2411 1371 2440 sere
1385 2419 1484 2449 quum
1498 2410 1640 2440 oratione
1657 2410 1860 2449 percurrisset.
1871 2408 2028 2447 Nicotaus,
2046 2408 2140 2439 finem
2158 2408 2208 2439 di-

1176 2468 1266 2499 cendi
1285 2467 1369 2498 lacit.
1387 2469 1490 2498 Caesar
1508 2468 1615 2497 autem
1633 2467 1839 2505 Archelaum,
1854 2466 1908 2505 qui
1923 2474 1956 2496 se
1972 2465 2011 2496 ad
2034 2465 2127 2505 pedes
2141 2466 2210 2506 eJus

1176 2526 1350 2564 abiecerat,
1373 2525 1504 2556 comiter
1526 2525 1692 2562 allevavit,
1719 2533 1813 2564 regno
1836 2523 2052 2563 dignissimum
2069 2531 2136 2554 csse
2159 2523 2207 2554 di·

1177 2592 1261 2614 cens.

1662 2672 1720 2704 96.

1220 2762 1446 2796 Quumautem
1462 2760 1565 2792 Judaei
1579 2759 1732 2799 eJusmodi
1745 2759 1918 2790 orationem
1941 2758 2138 2797 habuissent,
2155 2757 2214 2790 Ni-

1180 2817 1287 2848 colaus
1310 2827 1396 2857 reges
1418 2818 1457 2849 de
1476 2818 1660 2849 criminibus
1686 2817 1850 2858 purgavit,
1876 2816 2033 2848 Herodem
2056 2816 2208 2856 quidem,

1181 2876 1265 2916 quod
1285 2877 1370 2907 nulla
1384 2878 1422 2908 de
1436 2886 1470 2908 re
1495 2877 1535 2908 ab
1553 2877 1614 2908 illis
1627 2878 1792 2907 accusatus
1802 2875 1896 2907 suerit
1908 2875 2058 2915 quamdiu
2072 2874 2210 2913 viveret,

93 2983 120 3012 Ιι
123 2991 158 3013 ns
170 2984 218 3014 ter
233 2983 320 3014 mille
334 2983 462 3015 Judmos
472 2993 527 3015 oc(
531 2985 639 3016 fideret.
658 2988 729 3017 Post
743 2987 761 3016 h
765 2995 790 3016 1·
794 2996 811 3016 c
824 2989 956 3018 Romam
971 2989 1128 3027 profectus
1141 2997 1204 3028 pra·
1208 2989 1254 3019 ter
1265 2988 1342 3019 alios
1355 2989 1450 3019 etiam
1463 2988 1624 3020 Nicolaum
1638 2991 1781 3020 nostrum
1796 2996 1903 3019 secum
1916 2987 2050 3018 abduxit
2063 2985 2208 3026 (Joseph.

92 3031 200 3066 xvll,
226 3033 264 3067 9,
291 3031 338 3069 3).
363 3030 480 3061 Eodem
509 3033 615 3062 εῑιιιῐειιι
635 3034 775 3071 timporr
792 3035 923 3063 Romam
946 3035 1033 3066 venit
1049 3037 1194 3075 Antipas,
1220 3036 1301 3066 alius
1318 3034 1449 3065 Herodis
1465 3034 1565 3074 tilius,
1588 3035 1643 3074 qui
1670 3042 1767 3074 quum
1784 3033 1886 3085 primo
1906 3033 2095 3063 testamento
2112 3031 2212 3062 haeres

92 3074 272 3114 designatus
287 3077 379 3114 esset,
394 3076 530 3107 consiliis
542 3077 654 3108 σιὼ-ηε
667 3078 840 3109 amicorum
857 3079 956 3117 (inter
970 3090 1049 3120 (mos
1063 3082 1250 3112 Ptolemaeus
1264 3082 1359 3112 trater
1373 3081 1525 3120 Nicolai),
1541 3083 1770 3112 successionem
1788 3079 1874 3119 regni
1890 3079 2045 3118 surripere
2057 3077 2210 3109 Archelao

94 3121 294 3152 moliebatur.
317 3124 361 3152 Rc
388 3122 427 3152 ad
458 3124 614 3154 Caesarem
644 3124 766 3163 orlata,
793 3127 902 3157 (·.‹›ntra
923 3128 1109 3158 Archelaum
1141 3129 1236 3159 verba
1258 3128 1331 3159 tacit
1356 3128 1529 3167 Antipater,
1559 3128 1642 3159 filius
1664 3128 1846 3164 salmones,
1871 3135 1944 3166 quae
1969 3134 2057 3156 soror
2081 3123 2211 3156 Herodis

94 3168 171 3197 (rat.
200 3168 377 3207 Exprobrat
402 3170 508 3199 autem
525 3170 680 3200 adversar
675 3180 703 3200 ιο
723 3173 790 3201 tum
817 3171 876 3201 alia
902 3174 1084 3213 complura,
1110 3176 1178 3205 tum
1199 3174 1277 3204 illud
1304 3174 1459 3211 maxime,
1484 3174 1568 3213 quod
1593 3175 1625 3205 in
1650 3173 1779 3205 Judoeos
1800 3172 1902 3203 scelus
1925 3171 2153 3209 commisisset,
2178 3171 2209 3201 et

95 3212 178 3250 quod
197 3215 366 3252 antequam
391 3214 527 3246 licuisset
545 3216 675 3247 Cawsnis
700 3217 810 3255 venia,
827 3218 924 3249 arbitr
927 3220 979 3249 atu
1000 3228 1057 3251 suo
1073 3230 1122 3252 res
1137 3221 1392 3253 administrasset.
1414 3221 1469 3252 His
1487 3220 1636 3259 expositis
1650 3218 1811 3258 subjimgit
1837 3218 1994 3257 Josephus
2011 3225 2084 3257 quae
2102 3216 2210 3247 nostro

96 3260 120 3288 h
123 3261 267 3296 agmento
286 3259 334 3297 leg
326 3261 442 3290 ¹.untur

138 3309 187 3335 96.
211 3307 244 3335 ln
262 3306 519 3337 antecedentibus
538 3308 694 3346 Josephus
709 3308 848 3339 narravit
873 3310 1034 3347 quomodo
1051 3313 1237 3343 suda-mum
1261 3313 1350 3351 legati
1374 3311 1456 3351 apud
1484 3312 1642 3342 Caesarem
1671 3310 1709 3342 dc
1727 3309 1858 3342 llerodis
1876 3311 1906 3340 et
1925 3308 2066 3340 Archelai
2091 3305 2210 3338 saevitia

103 3353 263 3390 conquesti
285 3354 449 3392 petiverint
474 3356 508 3385 ut
533 3355 596 3384 suis
617 3355 673 3385 sibi
694 3355 812 3394 legibus
840 3356 962 3387 vivendi
986 3357 1044 3387 sub
1067 3361 1279 3391 Romanorum
1306 3359 1401 3390 tutela
1425 3358 1516 3389 detur
1539 3359 1684 3397 potestas.

2324 0 2338 70 --··-x.de
