2289 3728
952 136 1272 174 FRAGMEN'H.
2087 143 2158 173 ‘2:‚3

51 224 174 272 μένων.
195 242 207 257 υ
224 225 445 270 Snbjiviinus
461 227 527 261 alia
549 225 715 271 quiedam
745 223 790 257 de
809 223 974 257 moi-ilius
998 223 1072 258 Ru-

50 296 242 317 manorum
257 310 265 327 ‚
283 295 363 329 qua·
380 283 475 317 idem
494 283 685 317 Athenaeus
702 294 720 315 0
740 280 937 314 Posidonio
954 280 1071 314 afferi.

542 386 578 409 2.

100 465 202 500 Idem
218 466 284 509 VI,
302 477 339 512 p.
358 469 444 510 274,
469 468 499 500 A
527 475 535 501 ζ
552 462 699 513 Πάτριος
717 461 778 511 μὲν
793 460 858 511 γὰρ
878 455 918 506 ἦν
940 460 1075 507 αὐτοῖς,

47 520 91 563 ὥς
113 536 196 572 φησι
225 521 450 563 Ποσειδώνιος
464 550 473 566 ,
494 520 656 572 καρτερία
677 519 735 556 καὶ
754 518 830 564 λιτὴ
856 518 991 564 δίαιτα,
1019 516 1077 553 καὶ

46 580 112 614 τῶν
133 579 247 615 ἄλλων
278 581 345 616 τῶν
366 578 432 615 ὑπὸ
463 576 525 622 τὴν
551 580 671 623 κτῆσιν
692 575 820 628 ἀφελὴς
841 575 899 612 καὶ
920 573 1078 625 ἀπερίερ-

46 652 103 688 γος
120 640 265 688 χρῆσις,
285 636 334 674 ἔτι
358 636 392 674 δὲ
414 636 570 674 εὐσέὸεια
600 634 782 685 θαυμαστὴ
803 634 881 686 περὶ
908 633 946 671 τὸ
963 632 1080 682 δαιμό·

45 709 127 740 νιον,
149 694 343 740 δικαιοσύνη
358 710 393 732 τε
411 694 469 732 καὶ
486 692 598 739 πολλὴ
612 697 669 731 τοῦ
684 694 901 743 πλημμελεῖν
917 690 1078 728 εὐλάὸεια

47 755 130 805 πρὸς
157 753 288 795 πάντας
320 752 534 804 ἀνθρώπους,
573 751 665 801 μετὰ
702 753 762 796 τῆς
794 749 883 788 κατὰ
911 747 1078 800 γεωργίαν

48 812 239 858 ἀσκήσεως,
263 813 321 850 Cf.
343 813 453 848 etiam
476 812 523 848 fr.
542 824 599 847 12.

550 897 587 934 3.

101 987 206 1022 Idem
223 988 284 1030 VI,
302 999 340 1033 p.
373 984 462 1030 275,
494 987 525 1020 A
545 997 554 1019 :
582 981 756 1034 Πρότερον
777 981 811 1018 ’δὲ
831 980 937 1023 οὕτως
965 982 1073 1030 ὀλιγο-

50 1044 134 1085 δεεῖς
153 1046 240 1088 ἦσαν
272 1058 301 1079 οι
321 1040 383 1087 τὴν
423 1041 572 1079 Ἰταλιαν
609 1043 865 1088 κατοικοῦντες,
901 1053 989 1074 ωστε
1024 1038 1082 1074 καὶ

50 1100 125 1138 καθ’
139 1103 233 1149 ἡμᾶς
254 1099 323 1146 ἔτι,
343 1098 445 1159 φησὶν
461 1100 478 1135 ὁ
500 1097 746 1146 Ποσειδώνιος,
775 1098 806 1134 οἱ
823 1095 953 1147 σφόδρα
968 1095 1082 1132 εὐκαι-

53 1157 210 1208 ρούμενοι
225 1162 293 1199 τοῖς
313 1156 427 1207 βίοις
411 1171 493 1205 ηγον
505 1171 581 1198 τους
593 1154 682 1198 υἱοὺς
701 1154 816 1206 ὕδωρ
811 1153 870 1191 μὲν
888 1155 932 1195 ὡς
946 1152 983 1190 τὸ
995 1151 1081 1188 πολυ

51 1214 230 1261 πίνοντας,
260 1213 431 1256 ἐσθίοντας
451 1214 480 1250 δ’
514 1214 534 1250 ὅ
562 1229 595 1251 τι
614 1211 655 1249 ἂν
675 1212 777 1263 τύχῃ.
809 1211 879 1249 Και
899 1210 1083 1257 πολλάκις,

52 1272 158 1324 φησὶ,
190 1271 307 1324 πατὴρ
329 1271 351 1317 ἢ
372 1271 486 1323 μήτηρ
513 1271 583 1308 υἱὸν
611 1269 753 1321 ἠρώτα,
786 1270 928 1320 πότερον
963 1268 1083 1310 ἀπίους

51 1330 73 1377 ἢ
105 1330 217 1381 κάρυα
252 1329 412 1379 βούλεται
435 1330 633 1374 δειπνῆσαι·
662 1328 719 1365 καὶ
739 1327 866 1365 τούτων
897 1342 929 1364 τι
955 1325 1084 1378 φαγὼν,

52 1391 189 1441 ἠρκεῖτο
209 1389 266 1425 καὶ
284 1389 459 1437 ἐκοιμᾶτο.
484 1390 539 1424 Ex
559 1388 693 1424 eodem
715 1389 799 1422 loco
823 1387 948 1422 111)1(10
966 1388 1084 1421 conti-

52 1449 176 1483 nentia
198 1449 455 1483 Romanorum
474 1446 528 1495 (οἳ
549 1444 744 1495 ἀντείχοντο
760 1446 827 1481 τῶν
843 1445 881 1481 ἐκ
894 1446 955 1489 τῆς
973 1444 1086 1485 Στοᾶς

53 1504 253 1555 δογμάτων,
275 1506 411 1542 Athen.
433 1517 473 1552 p.
499 1508 587 1549 274,
606 1503 654 1551 E)
672 1516 792 1539 sermo
814 1510 913 1550 erat,
933 1502 1085 1537 fortasse

53 1564 241 1599 fluxerunt
277 1576 358 1610 quae
388 1575 476 1598 mox
521 1569 766 1610 opponuntur
796 1561 843 1597 de
871 1561 1085 1598 Graecorum

55 1622 293 1670 quorundam
309 1622 466 1656 luxuria.
1063 1627 1076 1639 ·

552 1718 587 1755 li.

108 1801 212 1837 Idem
240 1802 334 1845 VII,
367 1812 404 1847 p.
426 1801 567 1847 279,D
589 1797 881 1841 Ἀσπάζονται
863 1796 897 1833 οὲ
929 1796 966 1832 οὐ
987 1796 1087 1844 μόνον

58 1859 87 1894 οἱ
126 1856 311 1907 Επικούρε
317 1871 359 1893 ιοι
380 1855 440 1901 τὴν
471 1854 609 1900 ἡδονὴν,
631 1855 719 1891 ἀλλὰ
739 1869 797 1890 και
825 1868 855 1890 οι
879 1853 1089 1903 Κυρηναϊκοι

56 1930 114 1953 και
136 1912 423 1964 Μνησιστράτειοι
444 1912 478 1949 δὲ
494 1911 714 1960 καλούμενοι.
739 1910 809 1948 Καὶ
827 1910 891 1960 γαρ
921 1914 1010 1946 οὗτοι
1029 1912 1088 1955 ζῆν

59 1970 100 2022 μὲ
104 1988 120 2009 ν
134 1971 240 2018 ηδέως
258 1971 448 2022 χαίρουσιν,
462 1987 506 2013 ως
521 1985 603 2021 φησι
623 1968 862 2010 1]οσειδιῖ.1νιος

561 2063 575 2072 μ

558 2073 592 2099 ζ).

363 2158 390 2191 E
419 2157 568 2192 LIBRO
597 2156 786 2191 TERTIO.

113 2250 214 2286 Idem
244 2251 306 2294 IV,
341 2262 378 2296 p.
406 2249 492 2294 176,
526 2251 557 2284 D
582 2261 589 2283 τ
616 2246 838 2288 Ποσειδώνιος
859 2246 887 2282 δ’
909 2248 926 2282 ὃ
947 2247 1012 2282 ἀπὸ
1031 2248 1090 2290 τῆς

558 2363 592 2394 2.

103 2417 216 2448 Patriae
235 2416 381 2448 Romanis
409 2417 499 2447 erant
521 2415 570 2446 lite
597 2416 744 2454 virtutes,
767 2416 802 2446 ut
823 2415 866 2445 ait
890 2414 1089 2453 Posidonius,

61 2469 227 2500 tolerantia
243 2468 388 2500 laborum
407 2470 438 2499 et
457 2468 592 2499 tenuitas
607 2470 711 2499 victus
724 2469 754 2499 et
770 2468 803 2498 in
820 2467 967 2498 omnibus
982 2467 1090 2504 rebus,

62 2529 141 2560 quas
153 2520 362 2560 possiderent,
376 2519 407 2550 in
417 2527 590 2558 earumque
603 2528 661 2550 usu
677 2519 860 2558 simplicitas
873 2518 1038 2558 quaedam,
1053 2518 1092 2548 ab

62 2572 147 2602 omni
160 2571 255 2601 nimia
266 2572 321 2601 aut
331 2570 499 2601 curiosiore
510 2569 668 2609 diligentia
681 2570 864 2600 abhorrens.
877 2569 922 2600 Ad
934 2569 1000 2599 haec
1014 2568 1091 2598 mira

64 2622 215 2653 adversus
227 2620 301 2652 deos
311 2621 409 2660 pietas
421 2623 453 2652 et
467 2621 602 2659 justitia,
611 2622 642 2652 et
657 2630 696 2652 ne
705 2620 780 2660 quid
791 2620 940 2651 adversus
952 2620 1093 2650 homines

64 2682 269 2714 quoscunque
277 2674 443 2713 peccarent
454 2673 585 2713 diligens
597 2673 702 2704 caut-io
710 2697 720 2711 ,
732 2682 804 2704 cum
819 2673 1020 2712 agriculturae
1032 2674 1094 2703 stu-

64 2725 116 2756 dio
132 2726 163 2756 et
171 2724 296 2756 labore.

561 2779 597 2809 3.

107 2831 220 2863 Priscis
238 2829 432 2870 temporibus
451 2830 493 2861 ita
510 2838 604 2870 parce
624 2829 774 2862 vivebant
793 2830 891 2862 ltaliae
912 2830 1042 2868 incolae,
1059 2832 1095 2861 ut

68 2885 175 2915 nostra
187 2883 281 2914 etiam
293 2884 398 2921 aetate,
413 2882 457 2913 ait
470 2882 667 2922 Posidonius,
680 2883 821 2913 homines
834 2882 1005 2912 admodum
1018 2891 1094 2921 opu-

68 2935 144 2967 lenti
160 2935 240 2966 filios
254 2944 328 2966 snos
346 2934 568 2966 assuefecerint
583 2943 696 2974 aquam
719 2934 926 2974 utplurimum
940 2934 1046 2966 bibere
1065 2936 1096 2966 et

68 2987 139 3017 cibo
153 2986 198 3017 uti
211 2986 373 3017 vilissimo.
391 2987 481 3025 Saepe
502 2985 586 3016 enim
597 3009 605 3024 ,
619 2986 741 3025 inquit,
758 2986 846 3024 pater
860 2986 917 3016 aut
933 2987 1033 3016 mater
1046 2985 1094 3016 in-

69 3037 246 3075 terrogabat
260 3036 359 3067 filium
370 3060 378 3075 ,
395 3038 503 3067 utrum
518 3036 602 3076 pyris
615 3038 670 3067 aut
687 3036 819 3067 nucibus
833 3036 926 3067 vellet
939 3035 1043 3067 vesci?
1056 3039 1096 3068 Et

70 3088 129 3119 liae
142 3088 194 3119 ille
207 3096 296 3118 coena
309 3088 476 3119 contentus
495 3087 637 3118 cubitum
650 3087 727 3118 ibat.

566 3142 601 3173 4.

112 3197 180 3226 Non
206 3194 300 3225 modo
326 3195 469 3234 Epicurei
496 3195 717 3234 amplexantur
742 3194 936 3233 voluptatem
947 3217 955 3232 ,
985 3203 1094 3225 verum

72 3245 165 3276 etiam
176 3246 230 3285 qui
245 3246 405 3284 Cyrenaici
420 3247 451 3276 et
464 3244 688 3276 Menesistratei
702 3246 865 3275 vocantur.
880 3247 958 3275 Nam
972 3245 1002 3276 1ιὶ
1017 3254 1096 3284 qno-

73 3305 152 3337 que,
169 3298 204 3328 ut
218 3297 399 3329 Posidonius
415 3297 476 3335 ait,
494 3298 556 3328 vita
573 3297 707 3336 gaudent
723 3297 932 3336 voluptuaria.

1139 223 1246 262 Στοᾶς
1264 221 1441 272 φιλόσοφος
1457 224 1489 258 ἐν
1511 225 1550 272 τῇ
1572 223 1666 274 τρίτῃ
1692 224 1756 259 τῶν
1778 221 1949 272 Ἱστοριῶν
1974 222 2152 270 διηγούμε-

1138 293 1189 319 νος
1211 279 1287 329 περὶ
1324 282 1382 315 τοῦ
1415 280 1595 326 Ἀπαμέων
1625 280 1708 330 πρὸς
1730 279 1957 330 Λαρισσαίους
1990 279 2162 328 πολέμου,

1138 338 1260 387 γράφει
1279 336 1377 372 τάδε·
1400 354 1415 368 «ι
1439 337 1680 387 ΙῙαραζωνίδια
1697 338 1754 374 καὶ
1774 330 1928 388 >tow-&pff
1949 337 2164 389 ἀνειληφότες

1141 394 1179 443 ἰῷ
1210 393 1269 429 καὶ
1299 393 1395 443 ῥύπῳ
1415 393 1657 443 κεκρυμμένα,
1688 395 1835 431 πετάσια
1867 395 1894 431 δ’
1917 396 2158 444 ἐπιτεθειμένοι

1138 449 1196 486 καὶ
1214 449 1420 500 προσκόπια,
1434 449 1531 486 σκιὰν
1549 450 1588 486 μὲ
1593 467 1608 486 ν
1622 466 1800 497 ποιουντα,
1816 456 2064 490 καταπνεῖσθαι
2082 454 2110 489 δ’
2126 455 2163 489 οὐ

1139 506 1315 544 κωλύοντα
1332 522 1408 546 τους
1422 507 1557 556 τραγήλ
1550 522 1624 553 ους,
1639 508 1733 551 ὄνους
1750 511 1805 560 ἐερε
1793 510 1898 559 λκου
1901 526 1982 556 ενοι,
1998 511 2165 560 γέμοντας

1139 563 1228 601 οἴνου
1251 579 1309 601 και
1333 564 1524 614 βρωμάτιον
1545 566 1783 612 παντοδαπων,
1810 571 1857 609 οἱς
1876 568 2062 618 παρέκειτο
2093 583 2165 620 (po)-

1139 621 1253 672 ‘nisyron
1268 621 1326 658 καὶ
1351 620 1538 670 μοναύλια,
1563 622 1703 672 mimium,
1722 639 1758 660 ου
1778 625 1937 673 πολέμων
1958 626 2097 677 ὄργανα.
2121 645 2136 659 ³»

1194 682 1290 716 Hinc
1319 694 1382 716 sua
1400 681 1608 715 Eustathius
1627 694 1664 727 p.
1696 682 1805 727 1157,
1838 688 1897 726 (24.
1937 701 1951 716 «
1979 687 2037 721 Ad
2057 699 2166 732 quam

1142 746 1283 773 aetatem
1296 739 1369 773 1100
1384 739 1524 773 bellum
1536 740 1732 785 pertineat,
1746 748 1848 775 certo
1862 741 2007 777 definiri
2025 745 2166 790 nequit,

1141 803 1340 843 propterea
1370 796 1473 842 quod
1493 795 1536 831 de
1556 796 1801 843 peculiaribus
1827 799 2086 844 Apamensium
2108 813 2169 835 re—

1143 854 1209 888 bus
1226 854 1319 888 nihil
1346 854 1540 900 proditum
1557 860 1629 900 est,
1648 854 1715 887 nisi
1737 866 1799 888 eos
1826 868 1897 890 una
1929 870 2011 891 rum
2040 859 2170 892 Antion

1143 911 1242 946 cheis
1266 913 1471 958 ceterisque
1496 911 1608 958 Syriae
1640 911 1849 946 civitatibus
1878 925 1897 947 a
1917 915 2108 949 Demetrio
2135 917 2169 950 11

1144 969 1318 1004 defecisse
1331 996 1340 1013 ,
1360 969 1448 1004 dum
1466 970 1526 1003 1110
1540 970 1579 1003 111
1604 970 1764 1016 AEgypto
1786 970 1937 1005 abesset.
1975 974 2018 1007 V.
2036 974 2168 1008 Justin.

1142 1027 1329 1070 XXXIX,
1358 1040 1389 1061 1.
1413 1043 1426 1057 υ
1456 1028 1568 1061 BAKE.
1591 1027 1762 1062 Ceterum
1782 1027 1828 1062 ad
1850 1034 2015 1075 tempora
2039 1031 2172 1064 Deme-

1144 1085 1205 1118 trii
1224 1085 1260 1118 II
1279 1085 1462 1119 Nicatoris
1484 1084 1568 1131 (qui
1597 1086 1765 1132 regnavit
1779 1085 1867 1120 inde
1887 1086 1932 1119 ab
1960 1087 2028 1126 146
2057 1100 2090 1123 a.
2111 1088 2170 1133 C.)

1145 1148 1180 1176 et
1197 1141 1244 1176 ad
1264 1154 1400 1176 annum
1431 1141 1499 1183 143
1530 1142 1586 1176 vel
1616 1146 1685 1183 142
1719 1142 1909 1177 Posidonii
1941 1144 2063 1177 locum
2087 1145 2161 1179 rese

1145 1199 1303 1234 rendum
1324 1212 1399 1234 esse
1427 1212 1470 1234 ex
1489 1199 1575 1234 libri
1600 1212 1756 1234 numero
1774 1201 1949 1247 colligere
1966 1202 2064 1236 lieet.
2098 1204 2175 1236 Ma-

1145 1258 1224 1304 gnis
1249 1258 1430 1304 variisque
1451 1258 1567 1292 turbis
1598 1258 1665 1292 sub
1695 1258 1841 1292 initium
1870 1259 1971 1305 regni
1998 1261 2173 1294 Demetrii

1146 1316 1329 1350 Nicatoris
1346 1317 1511 1350 civitates
1531 1317 1643 1362 Syriae
1660 1315 1876 1350 dilaceratas
1895 1328 1968 1351 esse
1993 1318 2076 1351 satis
2093 1330 2177 1351 eon·

1145 1380 1224 1408 stat.
1246 1373 1386 1410 Videv.
1410 1386 1444 1410 c-
1466 1374 1626 1411 Diodor.
1646 1374 1834 1419 XXXIII,
1853 1372 1872 1408 5
1894 1374 1941 1408 de
1966 1375 2065 1409 bello
2084 1376 2178 1409 inter

1146 1431 1304 1467 Aradios
1329 1439 1365 1466 et
1391 1432 1639 1468 Maratlienos.
1666 1434 1722 1467 De
1749 1433 1951 1476 Larissaeis,
1974 1445 2067 1479 quos
2085 1434 2174 1467 Dio-

1148 1490 1260 1524 dotus
1276 1492 1492 1537 Apamensis
1522 1503 1542 1525 a
1570 1491 1762 1525 Demetrio
1798 1492 1972 1525 Nicatore
2005 1490 2178 1525 deficiem

1147 1549 1215 1584 sibi
1235 1547 1424 1594 adjunxit,
1447 1562 1483 1583 v.
1509 1549 1671 1584 Diodor.
1698 1550 1785 1583 Exc.
1806 1550 1861 1583 De
1886 1548 2026 1583 insidiis
2048 1549 2090 1582 fr.
2113 1562 2174 1587 2o,

1147 1607 1361 1643 Diodorum
1383 1607 1469 1642 inde
1496 1607 1541 1641 ab
1568 1619 1627 1642 au.
1664 1606 1733 1648 146
1761 1606 2002 1642 Posidonium
2021 1608 2178 1642 maxime

1148 1672 1313 1701 secutum
1333 1677 1406 1700 esse
1427 1665 1590 1700 dubitari
1610 1666 1754 1712 nequit.

1647 1757 1681 1792 6,

1202 1843 1305 1878 Idem
1321 1844 1421 1886 XIV,
1438 1856 1476 1890 p.
1495 1843 1591 1890 649,
1609 1844 1641 1877 D
1660 1855 1667 1876 :
1689 1842 1756 1877 Καὶ
1772 1840 1996 1883 Ποσειδώνιος
2016 1840 2050 1877 δὲ
2080 1844 2097 1877 ὃ
2114 1842 2180 1877 ἀπο

1150 1902 1209 1944 τῆς
1240 1901 1351 1942 Στοᾶς
1379 1901 1411 1935 ἐν
1437 1902 1479 1949 τῇ
1500 1899 1596 1949 τρίτῃ
1618 1900 1684 1934 τῶν
1702 1897 1877 1947 Ἱστοριῶν
1904 1898 2026 1949 γράφει
2055 1898 2179 1940 οὕτως*

1152 1974 1166 1989 τι
1188 1957 1295 2007 Φέρει
1314 1957 1347 1993 δὲ
1365 1956 1423 1993 καὶ
1439 1956 1476 1993 τὸ
1490 1957 1645 2007 πέρσειον
1667 1961 1687 2000 ὴ
1706 1955 1848 2006 Ἀραέἶία
1865 1956 1922 1992 καὶ
1941 1959 1961 2000 ἡ
1979 1956 2105 2006 Συρία,
2123 1956 2178 1992 καὶ

1150 2013 1188 2050 τὸ
1206 2012 1415 2062 καλούμενον
1437 2013 1630 2063 βιστάκιον·
1651 2012 1668 2049 ὃ
1688 2012 1728 2058 δὴ
1749 2013 1807 2049 καὶ
1831 2013 2005 2063 βοτρυώδη
2023 2013 2079 2049 τὸν
2096 2028 2180 2063 καρ-

1151 2071 1214 2107 πὸν
1232 2071 1374 2123 ἀφίησι,
1394 2070 1612 2121 λευκόφλοιον
1631 2069 1711 2107 ὄντα
1733 2070 1790 2106 καὶ
1811 2070 1955 2120 μακρὸν,
1977 2071 2179 2121 παρεμφερῆ

1150 2134 1220 2171 τοῖς
1242 2128 1409 2180 δακρύοις,
1432 2128 1485 2164 ἃ
1468 2128 1508 2173 οὴ
1530 2144 1569 2179 ροι
1574 2144 1641 2177 γων
1661 2127 1788 2179 τρόπον
1806 2128 1964 2173 ἀλλήλοις
1982 2126 2157 2165 ἔπιέάλλει
2173 2143 2180 2149 ‘³

1154 2188 1195 2223 τὰ
1215 2188 1243 2224 δ’
1274 2187 1367 2223 ἔνοον
1387 2186 1576 2237 ἔγχλωρον,
1596 2186 1654 2223 καὶ
1675 2189 1731 2222 τοῦ
1751 2185 1871 2223 κωνίου
1900 2201 1967 2222 των
1995 2185 2181 2236 στροὲίλιιμι

1154 2261 1254 2290 ηττον
1274 2261 1313 2281 με
1318 2261 1334 2280 ν
1353 2244 1516 2294 εὔχυμον,
1537 2244 1646 2290 εὐώοη
1668 2244 1701 2281 οὲ
1723 2245 1904 2293 μᾶλλον.»

1651 2361 1685 2391 5.

1198 2419 1383 2451 Posidonius
1402 2429 1418 2450 e
1438 2420 1512 2451 Stoa
1526 2419 1731 2459 philosophus
1751 2418 1844 2449 tertio
1860 2417 2065 2449 ilistoriarum
2086 2426 2182 2456 expo-

1153 2479 1228 2501 nens
1243 2471 1463 2510 Apamensium
1475 2471 1592 2501 bellum
1604 2479 1677 2500 cum
1689 2469 1860 2507 Larissaeis,
1876 2469 1943 2499 liaec
1953 2469 2061 2499 scribit
2075 2482 2081 2499 :
2096 2481 2110 2494 α
2128 2471 2184 2499 Pu·

1154 2522 1320 2561 giuncnlos
1337 2522 1380 2552 illi
1402 2524 1434 2553 et
1450 2521 1596 2561 parvulas
1612 2522 1736 2552 lanceas
1757 2522 1975 2560 sumpserunt,
1996 2520 2133 2558 aerugine
2153 2522 2184 2550 et

1154 2573 1299 2604 sordibus
1317 2573 1434 2604 obsitas
1459 2583 1466 2603 ε
1488 2572 1700 2612 petasunculis
1719 2573 1832 2611 capnt,
1856 2571 1995 2611 personis
2013 2571 2122 2602 facien]
2139 2572 2184 2600 te-

1153 2627 1237 2656 ctam
1255 2625 1424 2663 habebant,
1436 2624 1550 2664 quibus
1563 2626 1765 2663 praestaretur
1775 2623 1899 2661 umbra,
1914 2631 1972 2653 nec
1984 2632 2057 2653 vero
2071 2624 2184 2652 ventus

1155 2677 1373 2717 prohiberetur
1391 2676 1559 2716 quominus
1577 2676 1713 2707 eervices
1728 2668 1874 2715 perflaret
1894 2687 1901 2705 :
1916 2675 2026 2705 asellos
2039 2675 2049 2715 [
2063 2674 2141 2705 vasis
2154 2674 2184 2704 id

1154 2738 1251 2769 genus
1264 2729 1331 2769 est]
1347 2729 1611 2760 circumferebant
1623 2728 1696 2758 vino
1713 2729 1744 2759 et
1755 2727 1848 2758 variis
1861 2727 2005 2757 ciborum
2021 2726 2184 2766 generibus

1155 2780 1306 2819 repletos,
1325 2779 1481 2819 adjunctis
1494 2779 1662 2818 pliotingiis
1677 2780 1709 2810 et
1731 2778 1904 2817 monaulis,
1923 2777 2183 2809 comessationum

1155 2832 1371 2863 instrumentis
1380 2856 1388 2871 ,
1400 2840 1462 2862 non
1477 2832 1643 2863 bellorum.
1660 2844 1674 2857 »

1199 2940 1381 2971 Posidonius
1405 2949 1530 2979 quoque
1552 2940 1677 2971 Stoicus
1700 2939 1794 2970 tertio
1817 2939 1894 2969 libro
1912 2938 2119 2970 Historiarum
2141 2937 2184 2967 ita

1157 2991 1265 3022 scribit
1279 3001 1286 3022 ι
1300 3004 1314 3017 ιι
1333 2991 1440 3030 Gignit
1450 2993 1556 3022 autem
1574 2991 1687 3022 Arabia
1700 2992 1796 3030 atque
1811 2990 1901 3030 Syria
1916 2991 2010 3021 etiam
2025 2989 2183 3020 Persicum

1158 3043 1278 3073 malum
1295 3044 1326 3073 et
1341 3043 1506 3074 bislacium
1520 3042 1604 3082 quod
1617 3042 1745 3081 dicitur,
1765 3042 1829 3073 sive
1844 3042 2004 3073 histaciam
2021 3042 2183 3077 arborem,

1156 3102 1227 3133 quae
1245 3094 1381 3124 fructum
1398 3094 1457 3125 sert
1475 3102 1668 3126 raceniosum
1680 3117 1688 3132 ,
1710 3103 1749 3124 ex
1770 3094 1857 3124 fusco
1874 3093 2030 3124 albentem
2041 3115 2050 3130 ,
2071 3093 2181 3123 oblon-

1159 3153 1251 3183 gum,
1276 3144 1413 3175 lacrimis
1426 3144 1578 3183 similem,
1594 3153 1666 3184 qnae
1683 3144 1832 3175 nimirum
1848 3144 1887 3174 ad
1905 3144 2066 3174 acinorum
2088 3143 2183 3173 instar

1159 3195 1229 3226 aliae
1253 3195 1321 3225 aliis
1339 3195 1544 3234 incumbunt3
1563 3195 1747 3226 intrinsecus
1765 3194 1976 3231 subviridem,
1991 3197 2022 3224 et
2040 3201 2101 3223 non
2117 3193 2182 3222 tam

1159 3246 1230 3276 boni
1246 3246 1373 3285 quidem
1387 3245 1473 3277 succi
1487 3255 1582 3286 quam
1600 3246 1703 3277 nuclei
1724 3246 1885 3284 pinearum
1900 3252 2016 3274 nucum
2027 3267 2035 3280 ‚
2049 3242 2101 3273 sed
2122 3242 2182 3272 sra-

1159 3297 1356 3336 grantiorem.
1374 3310 1388 3323 υ
