2338 3765
131 175 202 205 370
924 162 1125 200 NICOLAI
1156 161 1443 201 DAMASCENI

753 248 802 271 V'

122 253 260 304 Ιρωάδι
276 251 343 288 ἐνίκ
347 265 447 296 ησεν·
463 251 688 290 ἀποθανόντος
700 248 734 285 δε
751 249 945 297 ..ααωνος(
935 249 962 297 (2
965 257 1057 298 )τκα
1061 248 1081 284 ὰ
1097 247 1355 293 τὴν53111οῃο
1369 253 1474 282 autern
1493 251 1524 282 in
1540 259 1642 290 pugna
1657 251 1820 282 interfecto
1831 275 1839 290 ,
1858 260 1989 283 uxorem
2004 252 2087 284 illius
2104 253 2242 291 Dadam‚

126 312 200 360 μάχ
202 326 258 358 ην,
279 325 340 353 ττν
360 308 504 357 γυναῖκα
535 308 637 343 αυτοῦ
658 305 786 352 Δοίδαν,
808 305 941 357 μητέρα
963 322 1028 343 των
1046 307 1158 343 νεανί-

123 383 225 413 σκων,
248 368 294 408 εἷς
321 365 358 402 τὸ
380 365 504 403 Πόὶιοι
527 365 568 413 (3)
589 363 757 414 ἐξεπεμξιε
787 363 842 399 διὰ
863 366 1025 414 κήρυκος,
1052 380 1095 406 ως
1118 363 1158 401 ἂν

122 425 193 461 ἐκεῖ
208 438 439 469 συνοικησειεν
455 422 522 458 ὅτι)
544 420 722 471 βουληται.
747 419 790 458 ‘O
809 419 842 457 ῗὲ
859 420 962 471 κῆρυξ
983 420 1072 457 κατὰ
1097 420 1158 466 τὴν

1219 323 1352 352 matrem
1366 320 1615 359 adolescentum,
1629 328 1693 350 una
1703 328 1777 350 cum
1791 320 1999 352 caduceatore
2010 321 2135 352 Polium
2150 321 2245 359 misit,

1220 390 1266 421 uti
1291 398 1329 421 eo
1351 390 1420 420 loco
1437 389 1572 419 nuberet
1594 388 1643 418 cui
1662 388 1768 420 vellet.
1795 389 1856 420 Sed
1883 398 1981 428 quum
2007 389 2196 421 caduceator
2213 390 2246 421 in

121 481 197 518 ὁδὸν
214 480 363 531 βιασάμ
369 495 421 522 vo<
442 477 548 523 αὐτὴν
567 478 727 528 ᾔσχυνεν
749 476 830 515 ΜΗ
813 477 845 514 Οὲ
869 493 907 515 το
924 477 1014 528 ἕως
1030 477 1156 528 ylowe(
1219 458 1330 489 itinere
1343 466 1413 488 eain
1427 457 1457 487 vi
1472 457 1559 488 illata
1582 457 1839 496 constuprasset‚
1863 457 1976 488 mulier
1991 458 2095 498 gladio
2117 458 2246 497 mariti,

120 538 159 574 τὸ
179 542 237 575 τοῦ
260 537 395 588 ἀνδρὸς,
429 535 534 581 αὑτὴν
555 535 775 587 διεχρήσατο.
852 535 1054 583 ΑἷσΟόυ.ενοι
1075 534 1108 571 δὲ
1128 537 1157 572 οἱ

123 596 258 646 Κρῆτες
280 610 336 631 τον
357 594 492 645 κήρυκα
513 593 740 643 κατέλευσαν,
765 592 842 630 ἔνθα
866 595 883 630 ὁ
912 595 1021 644 χῶρος
1047 592 1157 630 ’-Αναι

123 653 214 696 δείας
232 653 256 703 (4
243 655 271 703 4)
295 653 496 701 ὠνομάσθη.

1186 263 1190 366 ί

1217 534 1311 565 quem
1327 533 1437 556 secum
1451 524 1598 563 babebat,
1614 533 1646 556 se
1660 524 1760 564 ipsam
1773 525 1942 556 transfixit.
1961 525 2057 562 Quod
2071 535 2168 566 quum
2180 528 2249 559 Cre-

1217 596 1319 626 tenses
1338 602 1537 633 comperere,
1551 593 1794 625 caduceatorem
1814 603 1852 626 eo
1878 595 1944 634 ipso
1966 596 2054 634 loco,
2069 596 2124 636 qui
2148 596 2244 636 vulgo

1218 663 1424 704 lrnpudentioe
1437 662 1625 703 appellatur,
1639 662 1796 702 lapidibus
1811 663 1997 695 obruerunt.

589 742 631 764 21
655 742 686 765 a.
1683 736 1724 768 21
1747 743 1778 768 a,

174 812 298 846 schol.
323 812 437 846 Hom.
455 810 583 856 Odyss.
601 823 636 855 ot,
654 822 696 843 21
720 822 726 843 z
750 806 896 857 Ἐγωόὲ
912 823 969 843 και
988 805 1157 846 Νικόλαος
1184 749 1188 908 1

119 868 212 918 λέγει
235 867 286 904 ὅτι
315 866 503 908 Ὀδυσσευς
531 865 581 903 λε
572 881 667 915 γεται
689 864 783 916 παρὰ
811 868 869 902 τοῦ
901 865 1092 909 ὀδυσσεύω,
1119 862 1157 899 τὸ

1259 816 1320 854 Ego
1332 822 1406 844 vero
1423 822 1495 844 cum
1510 813 1639 844 Nicolao
1653 814 1730 853 puto
1745 813 1923 854 Odysseum
1939 814 1948 853 (
1966 814 2135 854 Ulyssem)
2153 814 2214 846 dici
2228 823 2247 846 a

1216 889 1312 921 verbo
1325 889 1484 920 ὀδυσσεύω
1494 912 1503 928 ,
1517 888 1586 920 odi.
1602 890 1670 920 Hoc
1681 888 1764 920 enim
1778 889 1906 920 nomine
1920 890 2051 920 vocatus
2064 890 2111 921 est
2123 891 2249 930 propter

125 942 226 976 μισω.
250 924 355 963 Οὕτω
372 924 437 975 γὰρ
458 924 621 969 ἐκλήθη
605 923 660 960 οιὰ
674 938 713 959 το
734 922 1001 972 ouvrgsssnxb<‚‘
984 938 1028 964 ως
1044 937 1099 959 και
1119 923 1156 959 ἐκ

120 986 186 1020 τῶν
208 985 267 1034 ῥα)
258 983 388 1020 amssunv
411 982 518 1025 ἔξεστι
544 985 644 1031 μαθε-
618 997 675 1019 ιν
1215 973 1251 996 ea
1263 973 1336 1005 quae
1349 964 1533 1002 evenerunt,
1549 965 1596 995 uti
1608 972 1648 995 ex
1660 963 1834 995 Homericis
1845 964 2019 1004 rhapsodiis
2030 965 2105 997 licet
2117 964 2248 997 discere.

387 1081 449 1117 ΕΚ
477 1080 577 1117 ΤΟΥ
607 1079 806 1117 ΒΙΒΑΙΟΥ
837 1075 1614 1114 3213
1646 1074 1792 1111 LIBRO
1823 1074 1891 1112 lv.

613 1178 672 1200 22.
1708 1172 1765 1204 22

174 1256 299 1302 Steph.
315 1256 356 1291 B.
381 1251 578 1303 ῑΤόρρ-ηῧος
591 1281 600 1297 ,
617 1251 714 1293 πόλις
732 1250 878 1295 Λυοίας,
894 1250 960 1286 ἀπο
975 1248 1155 1301 ἸορρτἝίου
1259 1255 1438 1287 Torrliebus
1451 1254 1526 1286 urbs
1539 1256 1585 1286 est
1600 1255 1705 1294 Lydiae
1718 1255 1762 1286 sic
1778 1255 1862 1286 dicta
1872 1263 1889 1286 a
1902 1254 2065 1286 Torrhebo
2079 1255 2166 1295 Atyis
2176 1255 2251 1287 filio.

121 1316 180 1350 τοῦ
200 1310 330 1353 Ἄτυος.
354 1310 404 1348 'lb
425 1309 553 1347 ἐθνικὸν
574 1308 782 1360 Τορρηοιοι,
810 1324 869 1345 και
892 1308 1347 1358 οηλυκον’1ορ·69111116
1368 1313 1562 1348 Tora-hebri,
1582 1314 1613 1344 et
1628 1313 1777 1344 feminino
1794 1321 1905 1353 genere
1932 1313 2106 1345 Torrliebis
2124 1312 2250 1344 dicitur.

123 1369 231 1421 ρηςίς.
255 1369 315 1407 'liv
337 1369 370 1405 δὲ
391 1371 432 1418 τῇ
453 1366 643 1418 Τορρηέίδι
673 1365 762 1402 ἐστὶν
784 1365 859 1415 ὄρος
885 1365 1010 1416 Κάριος
1032 1365 1157 1402 καλεό-
1217 1374 1253 1402 111
1268 1380 1341 1410 agro
1358 1372 1464 1402 autem
1481 1371 1724 1402 Torrbebiorum
1738 1380 1827 1402 mons
1841 1373 1888 1402 est
1902 1371 2031 1410 carius,
2048 1371 2081 1402 in
2093 1380 2157 1410 quo
2169 1371 2252 1402 Carii

123 1443 221 1476 μενον
245 1430 283 1474 (1)
303 1426 360 1463 καὶ
381 1425 418 1462 τὸ
435 1425 524 1475 ἱερὸν
546 1428 604 1461 τοῦ
627 1423 756 1474 Καρίου
776 1424 857 1462 ἐκεῖ.
882 1424 1006 1474 Κάριος
1025 1423 1059 1460 δὲ
1079 1424 1157 1464 Διὸς
1222 1429 1329 1459 sanum
1338 1429 1459 1459 visitur.
1470 1429 1582 1459 carius
1593 1437 1667 1460 vero
1676 1429 1756 1459 lilius
1765 1429 1917 1460 fuitJovis
1927 1438 1964 1460 ac
1974 1429 2255 1468 1¹0rrliehiae‚teste

122 1492 203 1529 παῖς
219 1486 277 1523 καὶ
294 1483 489 1535 Τορρηὲίας
501 1513 511 1530 ‚
531 1485 575 1525 ὡς
593 1482 763 1523 Νικόλαος
782 1483 935 1533 τετάρτῳ
948 1497 955 1504 ·
973 1481 1006 1523 ὃς
1025 1482 1158 1525 πλαζό<
1222 1487 1350 1518 Nicolao
1368 1489 1563 1517 Damasceno
1578 1486 1659 1516 libro
1672 1487 1803 1525 quarto,
1819 1485 1871 1525 qui
1885 1493 1985 1525 quum
2002 1488 2085 1516 circa
2104 1485 2253 1525 paludem

123 1559 222 1592 μενος
252 1541 331 1592 περί
358 1556 434 1578 τινα
463 1540 602 1590 λίμνην,
637 1540 712 1585 ἥτις
743 1539 803 1576 ἀπ’
836 1541 939 1576 αὐτοῦ
977 1539 1157 1590 Τορρτ,ἕία
1222 1545 1394 1584 quandam,
1409 1553 1480 1584 quae
1501 1553 1540 1575 ex
1555 1544 1664 1574 matris
1677 1544 1804 1574 nomine
1817 1543 1967 1574 Torrebia
1979 1543 2062 1574 dicta
2075 1544 2142 1581 est,
2158 1551 2252 1582 vaga-

122 1601 249 1647 ἐκλῆθη
263 1630 272 1646 ,
291 1602 438 1651 φθογγῆς
453 1601 608 1650 Νυμφῶν
624 1597 772 1640 ἀκούσας
782 1628 790 1643 ,
806 1597 845 1639 ἃς
857 1598 915 1633 καὶ
931 1597 1070 1639 Μούσας
1085 1600 1155 1634 Λυ-
1222 1604 1322 1640 retur,
1335 1602 1470 1633 audiisse
1483 1601 1597 1632 dicitur
1608 1610 1717 1632 vocem
1729 1601 1960 1641 Nympharum,
1971 1609 2049 1640 quas
2060 1601 2136 1640 Lydi
2148 1603 2254 1632 Musas

121 1659 172 1697 δοὶ
189 1660 345 1704 καλοῦσι,
360 1657 418 1694 καὶ
436 1656 602 1706 μουσικὴν
617 1655 792 1706 ἐδιδάχθη,
808 1656 866 1691 καὶ
881 1655 979 1697 αὐτὸς
995 1654 1102 1705 [τοὺς]
1131 1654 1157 1703 2)
1224 1662 1349 1698 vocant,
1361 1669 1379 1690 a
1389 1660 1506 1699 quibus
1518 1660 1670 1690 musicam
1682 1659 1822 1698 edoctus,
1834 1659 1899 1698 ipse
1911 1658 2012 1698 Lydos
2023 1667 2135 1690 canere
2146 1660 2256 1698 postea

123 1780 219 1811 quam
231 1773 355 1801 Isaacus
365 1771 493 1800 Tzetzes
506 1768 537 1798 in
551 1768 706 1807 Lycophr.
717 1767 822 1807 [1:302]
835 1777 898 1798 non
915 1767 1107 1798 Scamandro
1120 1767 1173 1798 sed
1190 1770 1310 1798 Teucro
1323 1767 1387 1798 lilio
1400 1767 1431 1797 id
1446 1766 1596 1797 accidisse
1610 1766 1728 1797 scribit.
1744 1779 1759 1793 υ
1781 1766 1942 1797 Valesius.
1959 1785 1999 1791 -
2013 1770 2041 1796 2.
2057 1764 2255 1804 Σάμωνος]

125 1831 139 1843 «
163 1819 279 1848 Samon
296 1816 347 1846 liic
369 1814 525 1846 Cretensis
540 1814 599 1845 suit
612 1837 620 1852 ,
634 1822 696 1844 una
711 1823 783 1844 cum
798 1813 991 1844 Scamandro
1008 1814 1169 1852 profectus
1182 1823 1199 1845 e
1212 1816 1304 1845 Creta
1315 1836 1323 1851 ,
1347 1822 1365 1844 a
1378 1822 1441 1852 quo
1464 1813 1646 1845 Samonium
1664 1814 1765 1844 Cretae
1778 1812 2029 1852 promontorium
2049 1812 2134 1851 apud
2151 1811 2256 1842 Ptole-

124 1872 242 1894 maeum
258 1862 378 1893 dictum
396 1869 462 1891 esse
477 1859 641 1898 existimo,
655 1869 848 1899 quamquam
866 1859 1047 1898 Apollonius
1065 1863 1179 1898 Argon.
1199 1863 1254 1898 lv,
1277 1864 1366 1898 1693,
1383 1862 1413 1890 et
1430 1860 1615 1891 Eustathius
1631 1859 1670 1890 ad
1684 1859 1812 1898 Dionys.
1827 1863 1878 1898 83,
1898 1858 2079 1898 Σαλμωνίδα
2092 1858 2187 1899 ἄκραν
2200 1867 2257 1898 ap-

124 1910 253 1949 pellant.
268 1907 329 1939 Sed
345 1907 479 1943 Strabo,
497 1906 578 1937 Mela
591 1908 623 1937 et
637 1906 756 1937 Plinius
771 1906 974 1937 Samonicum
989 1905 1172 1937 defendunt.
1189 1920 1204 1934 »
1226 1908 1386 1938 Valesius.
1403 1909 1489 1938 Uxor
1508 1906 1592 1938 Sami
1613 1908 1744 1937 vocatur
1756 1905 2039 1944 Ao't6231egendum
2057 1906 2133 1944 puto
2153 1905 2255 1941 Λάδα

122 1973 164 1979 -
178 1961 194 1987 3
230 1956 307 1986 Πὸ)
316 1966 349 1985 ιο
356 1954 391 1994 ν]
410 1966 423 1979 α
441 1953 582 1989 mmm·
577 1962 607 1983 in
627 1953 799 1992 exemplari
813 1955 890 1983 erat.
906 1952 1065 1991 Oppidum
1079 1954 1205 1992 'lrojani
1220 1954 1285 1992 agri
1307 1953 1475 1992 significari
1491 1954 1614 1992 opinor,
1634 1952 1719 1991 quod
1734 1952 1979 1991 Astypalaeenses
2001 1951 2040 1981 ad
2064 1951 2256 1983 Simoentem

123 1991 348 2039 condiderant,
365 2000 451 2040 quod
467 1999 577 2030 Πύλιον
591 2000 679 2030 initio
692 2000 813 2030 dictum
827 2002 873 2029 est
884 2000 1015 2038 ,postea
1027 1999 1187 2038 Πόλισμα,
1200 2001 1279 2032 teste
1292 2000 1444 2031 Strabone
1456 2002 1544 2030 Xlll
1539 2008 1590 2038 ‚p.
1602 2003 1674 2030 601.
1690 1999 1889 2030 Valesius
1907 2010 1922 2025 a
1937 1997 1996 2029 sed
2014 1998 2163 2037 temporis
2176 1998 2258 2029 ratio

124 2049 291 2080 admittere
310 2057 373 2078 non
386 2047 511 2077 videtur
533 2047 613 2077 lianc
632 2047 831 2077 sententiam.
851 2045 1007 2085 Oppidum
1027 2045 1110 2076 enim
1132 2046 1206 2075 illud
1220 2069 1228 2082 ‚
1243 2046 1333 2084 cujus
1352 2047 1461 2077 Strabo
1479 2046 1651 2083 meminit‚‘
1655 2011 1726 2084 post
1742 2045 1846 2084 Troiae
1860 2044 1974 2075 ἅλωσιν
1989 2045 2029 2075 ab
2043 2045 2256 2085 Astypalaeen·

124 2096 210 2127 sibus
227 2095 389 2126 conditum
413 2095 459 2125 est
472 2095 503 2124 et
516 2102 591 2124 mox
608 2092 758 2123 dirutum.
780 2092 912 2122 Videtur
937 2093 1040 2131 potius
1061 2091 1136 2122 illud
1156 2092 1278 2122 Polium
1298 2092 1444 2132 intelligi,
1467 2092 1555 2131 cujus
1571 2091 1748 2130 Stephanus
1765 2091 1929 2122 meminit:
1949 2090 2085 2122 Πύλιον..
2103 2091 2133 2121 ἐν
2144 2092 2257 2131 Λέσὸῳ
2298 2125 2301 2128 ,

124 2143 228 2179 τόπος,
240 2142 318 2172 ὅπου
329 2142 362 2172 τὸ
376 2143 474 2180 ἡρῷον
488 2139 656 2170 Ταντάλου.
673 2151 688 2165 n
703 2138 899 2170 Holstenius
912 2138 951 2169 ad
965 2138 1072 2177 Stepb.
1088 2139 1162 2177 Byz.
1176 2137 1196 2168 l.
1212 2138 1234 2168 l.
1253 2139 1291 2169 At
1307 2138 1423 2169 Dadam
1435 2139 1465 2169 in
1479 2138 1616 2169 Lesbum
1633 2137 1767 2168 insulam
1781 2146 1798 2168 a
1812 2145 1956 2176 praecone
1971 2139 2181 2168 transvectam
2193 2146 2260 2169 esse

127 2190 178 2220 vix
193 2189 297 2220 credo.
313 2188 436 2219 Polium
454 2187 494 2218 ab
511 2186 795 2225 Astypalmensibus
809 2185 971 2216 conditum
992 2185 1105 2216 veteris
1120 2184 1224 2223 oppidi
1242 2185 1426 2215 memoriam
1453 2184 1668 2222 renovaverit,
1686 2182 1778 2214 sicuti
1796 2185 1921 2214 Novum
1937 2182 2041 2213 llium.
2059 2203 2098 2208 —
2114 2185 2142 2213 4.
2158 2183 2256 2215 Ἀναι-

125 2236 180 2267 δεί
191 2234 242 2275 ας]
256 2233 290 2265 in
304 2236 392 2265 textu
408 2234 524 2264 codicis
537 2233 686 2263 omissum
704 2231 868 2262 notaturin
881 2232 1026 2270 margine.
1044 2233 1092 2263 Cf.
1109 2232 1196 2268 Ἄτης
1213 2232 1302 2263 collis
1314 2256 1323 2270 ‚
1338 2232 1369 2262 in
1383 2241 1446 2271 quo
1460 2232 1567 2270 postea
1585 2231 1648 2262 llus
1660 2230 1751 2261 llium
1766 2229 1917 2260 condidit.
1931 2229 2110 2272 Apollodor.
2131 2230 2192 2268 ΙΙΙ,
2210 2235 2257 2268 12,

128 2289 143 2314 3
156 2293 164 2320 ;
178 2283 285 2312 Tzetz.
301 2280 340 2310 ad
353 2280 429 2319 Lyc.
446 2283 496 2311 29.
511 2296 551 2301 —
564 2280 713 2310 Ceterum
729 2277 844 2317 priscas
857 2278 925 2308 illas
939 2279 1148 2317 Trojanorum
1162 2287 1210 2309 res
1223 2278 1369 2309 Nicolaus
1385 2277 1571 2317 praemisisse
1583 2276 1739 2316 putandus
1755 2276 1893 2307 liistoriae
1909 2275 1981 2307 belli
1996 2276 2121 2314 Trojani
2133 2300 2141 2314 ‚
2158 2285 2256 2316 quam

126 2327 292 2366 subiunxit
308 2325 480 2356 narrationi
498 2325 538 2355 de
554 2324 742 2363 Argonautis
757 2324 788 2354 et
808 2323 846 2354 de
866 2324 1008 2355 Herculis
1023 2324 1117 2354 rebus
1132 2324 1237 2363 gestis.
1255 2326 1359 2363 Usque
1372 2323 1409 2354 ad
1425 2324 1520 2354 finem
1541 2322 1613 2353 belli
1630 2323 1756 2361 Trojani
1771 2322 1884 2352 librum
1901 2323 2030 2352 tertium
2048 2322 2255 2354 Historiarum

132 2373 319 2413 pertinuisse
332 2371 495 2412 probabile
507 2372 565 2401 est.

171 2422 214 2450 Ex
230 2418 496 2450 Constantinianis
509 2416 666 2455 excerptis
685 2416 801 2447 Nicolai
815 2417 998 2455 deprompta
1015 2424 1081 2447 esse
1100 2415 1355 2448 Hemsterliusius
1374 2414 1576 2454 probabiliter
1589 2413 1697 2444 statuit
1711 2422 1746 2443 ea
1759 2437 1767 2451 ,
1781 2422 1854 2452 quae
1874 2413 1955 2452 apud
1973 2413 2101 2445 Suidam
2112 2414 2259 2453 leguntur

131 2474 159 2496 v.
183 2465 296 2498 Μίνως.
315 2465 388 2494 Haec
404 2464 478 2493 sunt
500 2475 506 2492 :
527 2461 662 2496 Μίνως.
687 2461 786 2496 Οὗτος
807 2461 1056 2500 ἐθαλαττοκράτει
1067 2485 1075 2500 ,
1090 2462 1142 2492 καὶ
1158 2461 1335 2501 πανταχόσε
1352 2462 1452 2498 ἔπλει,
1468 2460 1561 2495 ξενίοις
1579 2471 1610 2490 τε
1627 2460 1747 2494 πολλοῖς
1764 2460 1954 2498 ἐπήγγελλε-,1.
1973 2459 2163 2499 Ἀφικόμενος
2179 2461 2211 2492 δὲ
2230 2461 2259 2497 ἐς

133 2512 188 2547 τὴν
206 2510 326 2546 Ἀσίαν,
342 2511 392 2539 καὶ
408 2508 528 2538 ἀκούων
543 2508 628 2541 κλέος
643 2507 721 2546 μέγα
743 2507 772 2537 ἐν
790 2507 911 2547 Φρυγίᾳ
927 2511 981 2537 τοῦ
1003 2518 1035 2537 τε
1052 2508 1156 2547 Τρωὸς
1177 2510 1229 2543 τῆς
1248 2506 1359 2546 Τροίας
1383 2506 1532 2545 βασιλέως
1544 2529 1551 2542 ,
1572 2506 1624 2535 καὶ
1640 2508 1701 2534 τῶν
1720 2505 1838 2535 παίδων
1862 2505 1974 2542 αὐτοῦ,
1994 2505 2082 2543 ἦλθεν
2104 2507 2145 2541 εἰς
2170 2506 2258 2538 πόλιν

133 2557 303 2596 Δάρδανον,
317 2555 346 2584 ἐν
361 2554 380 2593 ἦ
397 2555 470 2594 ᾤκει
488 2555 504 2584 ὁ
518 2553 614 2592 Τρώς.
633 2552 735 2583 Ἦσαν
753 2553 778 2583 δ’
800 2554 883 2592 αὐτῷ
896 2556 974 2593 τρεῖς
996 2555 1119 2591 παῖδες,
1138 2552 1235 2588 Ἶλος,
1252 2552 1438 2592 Ἀσσάρακος
1451 2575 1458 2589 ,
1477 2552 1671 2590 Γανυμήδης,
1690 2551 1725 2581 οὗ
1742 2552 1777 2588 δὴ
1801 2552 1944 2590 μέγιστον
1960 2551 1996 2588 ἦν
2014 2551 2111 2591 ὄνομα
2131 2552 2261 2589 κάλλους

132 2603 211 2642 πέρι.
231 2600 425 2639 Ξενιζὸμενος
445 2599 497 2629 οὖν
514 2599 596 2638 παρὰ
612 2599 663 2628 τὸν
683 2601 775 2637 Τρῶα
792 2600 808 2629 ὁ
832 2600 953 2633 Μίνως,
977 2600 1028 2629 καὶ
1052 2600 1134 2639 δῶρα
1159 2598 1256 2633 διδούς
1275 2609 1306 2628 τε
1328 2599 1381 2628 καὶ
1405 2598 1565 2637 δεχόμενος
1588 2597 1728 2627 ἐκέλευσε
1750 2599 1793 2635 τῷ
1816 2599 1897 2637 Τρωὶ
1922 2598 2025 2628 καλεῖν
2046 2598 2115 2633 τοὺς
2137 2599 2259 2636 παῖδας,

130 2648 168 2679 ἶν’
183 2648 290 2682 αὐτοὺς
304 2647 364 2676 ’ίδοι
381 2656 413 2675 τε
430 2646 481 2675 καὶ
499 2645 580 2684 δῶρα
600 2644 679 2680 δοίη.
696 2644 729 2675 Ὁ
752 2645 783 2675 δὲ
803 2645 857 2682 ἔφη
875 2645 903 2679 ἐς
917 2645 1096 2682 κυνηγέσιον
1114 2643 1266 2674 ἐστάλθαι.
1284 2644 1321 2674 Ὁ
1340 2644 1371 2674 δὲ
1388 2645 1439 2674 καὶ
1454 2644 1543 2678 αὐτὸς
1558 2644 1643 2680 ἤθελε
1657 2644 1848 2682 ξυγκυνηγεῖν
1863 2644 1974 2678 αὐτοῖς.
1994 2645 2119 2684 Πρῶτον
2133 2644 2164 2674 δὲ
2181 2645 2262 2684 θερα·

131 2694 250 2724 πόντων
271 2691 437 2730 ξυνέπεμψε
450 2701 517 2720 τινα
533 2691 573 2725 εἰς
586 2690 636 2720 τὸν
651 2693 749 2729 χῶρον
761 2714 768 2728 ,
782 2690 832 2720 ἰ’να
846 2691 873 2720 οἱ
890 2690 993 2723 παῖδες
1007 2689 1170 2728 ἐκυνήγουν
1180 2714 1189 2728 ,
1201 2692 1267 2730 περὶ
1281 2691 1331 2721 τὸν
1350 2690 1492 2730 Γρανικὸν
1509 2689 1657 2728 ποταμόν.
1676 2690 1708 2720 Ὁ
1722 2690 1753 2720 δὲ
1770 2689 1872 2724 Μίνως
1884 2690 1923 2720 τὰ
1937 2691 2029 2720 πλοῖα
2042 2690 2260 2730 προεκπέμψας

133 2741 160 2775 ἐς
177 2740 228 2769 τὸν
245 2738 383 2777 ποταμὸν
405 2737 506 2775 ὀλίγον
522 2737 646 2775 ὕστερον
662 2735 731 2773 ἢλῠε
745 2737 818 2776 πρὸς
832 2736 902 2772 τοὺς
915 2736 1024 2771 παῖδας
1036 2760 1044 2774 ,
1061 2738 1111 2766 καὶ
1126 2737 1177 2767 τὸν
1192 2737 1371 2775 Γανυμήδην
1389 2736 1575 2772 Θεασάμενος
1594 2735 1682 2775 ἔρωτι
1697 2736 1791 2766 αὐτοῦ
1806 2736 1930 2775 ἔσχετο·
1952 2735 2208 2775 ἐγκελευσάμενος
2226 2737 2258 2767 δὲ

132 2789 194 2820 τοῖς
214 2785 327 2823 Κρησὶν
338 2807 345 2820 ,
362 2783 501 2822 ἁρπάσας
514 2783 565 2812 τὸν
582 2783 676 2812 παῖδα
687 2805 694 2818 ,
712 2782 827 2813 ἐνέῡετο
844 2783 885 2817 εἷς
898 2783 951 2818 τήν
965 2785 1037 2812 ναῦν
1054 2783 1106 2812 καὶ
1121 2782 1258 2813 ἀπέπλει.
1281 2783 1317 2813 ‘O
1335 2783 1365 2813 δὲ
1385 2783 1477 2816 τόπος
1494 2783 1604 2818 ἐκλήθη
1621 2781 1776 2821 Ἁρπάγια.
1791 2782 1828 2812 ‘O
1842 2783 1873 2812 δὲ
1887 2782 1989 2818 Μίνως
2003 2782 2083 2822 ἔχων
2101 2783 2153 2812 τὸν
2165 2783 2261 2813 παῖδα

134 2832 221 2869 ἢλθεν
238 2831 265 2865 ἐς
291 2830 421 2868 Κρήτην.
444 2829 480 2858 ‘0
503 2829 533 2858 δὲ
550 2831 620 2863 παῖς
643 2828 710 2858 κατ’
725 2829 880 2859 εὐπέτειαν
894 2829 953 2859 υπὸ
969 2828 1062 2864 λύπης
1080 2829 1185 2859 ἑαυτὸν
1202 2829 1273 2867 ξίφει
1294 2828 1502 2868 διειργάσατο·
1528 2829 1578 2858 καὶ
1603 2828 1694 2858 αὐτὸν
1718 2829 1734 2858 ὁ
1754 2828 1856 2863 Μίνως
1876 2828 1906 2858 ἐν
1919 2831 1964 2868 τῷ
1979 2831 2045 2868 ναῷ
2068 2828 2187 2867 ἔθαψεν.
2209 2828 2261 2864 Ἐξ

136 2877 171 2909 οὗ
185 2878 220 2913 δὴ
238 2877 288 2906 καὶ
309 2876 427 2914 λέγεται
448 2874 623 2913 Γανυμήδην
639 2875 714 2913 μετὰ
731 2876 799 2909 Διὸς
814 2874 970 2914 ὑπάρχειν.

179 2927 227 2954 22.
252 2924 420 2960 Postquain
449 2920 527 2950 libro
545 2919 635 2950 terlio
652 2921 799 2951 Nicolaitis
816 2921 976 2951 historiam
995 2928 1092 2958 usquc
1111 2920 1151 2950 ad
1168 2921 1338 2959 Trojanuui
1357 2921 1566 2961 παράπηγμα,
1591 2921 1635 2951 uti
1661 2922 1906 2951 consentaneum
1923 2922 1988 2958 est,
2012 2920 2206 2958 deduxerat,
2225 2920 2260 2951 li-

137 2972 229 3001 brum
254 2970 401 3007 quartum
429 2975 445 2996 a
472 2965 629 3004 Lydorum
650 2965 777 2996 historia
798 2975 929 2997 exorsus
946 2974 1013 2997 esse
1028 2965 1154 2997 videtur
1171 2969 1180 3005 (
1195 2969 1233 2998 tr.
1263 2973 1298 2999 ⁴22
1308 2972 1383 2999 -29
1396 2971 1418 3005 ).
1440 2968 1516 3007 Lydi
1534 2968 1708 2998 secundum
1737 2967 1909 2998 Diodorum
1926 2975 1977 3006 ap.
2007 2967 2120 2998 Euseb.
2139 2967 2258 2998 Cliron.

138 3027 167 3057 p.
188 3019 243 3048 169
260 3015 330 3046 Mai.
348 3023 402 3052 per
416 3016 453 3043 90,
471 3021 569 3042 annos
583 3012 683 3042 iudea
700 3013 835 3051 Trojana
848 3013 968 3051 opor-lia
982 3012 1076 3043 maris
1094 3013 1263 3053 imperium
1278 3016 1414 3045 tenuisse
1433 3013 1644 3053 perhibentur.
1665 3013 1788 3049 Quibus
1803 3012 1880 3043 illud
1897 3012 2090 3050 significatur
2106 3012 2260 3051 temporis

138 3061 337 3094 intervallum
352 3059 435 3098 quod
462 3059 542 3088 inter
559 3057 727 3095 'ri-ojanum
748 3058 864 3088 bellum
885 3060 917 3089 et
937 3060 1041 3088 motus
1060 3059 1295 3090 lleraclidarum
1320 3060 1506 3090 descensum
1533 3060 1718 3090 subsecutos
1748 3058 1947 3095 interjectum
1965 3059 2012 3088 est
2032 3057 2094 3096 (cs.
2120 3057 2261 3089 Castoris

141 3111 250 3147 fragm.
266 3115 296 3146 p.
316 3106 407 3142 180).
427 3103 506 3134 lllud
528 3103 627 3141 ipsum
642 3103 792 3141 temporis
811 3104 969 3142 spatium,
987 3113 1049 3142 quo
1070 3103 1228 3143 Lydorum
1247 3114 1295 3136 res
1309 3106 1450 3136 floruisse
1466 3104 1600 3143 debent,
1616 3112 1679 3143 prae
1699 3103 1810 3134 ceteris
1832 3103 1863 3132 in
1886 3103 1945 3132 boc
1960 3101 2041 3132 libro
2057 3101 2260 3133 tractandum

141 3155 201 3185 sibi
219 3152 365 3185 Nicotaus
381 3149 549 3188 sumpsisse
567 3148 725 3187 putandus
738 3150 797 3179 est.
815 3149 1001 3180 praemiserit
1018 3158 1073 3189 pro
1087 3159 1174 3181 inore
1196 3160 1254 3181 suo
1268 3159 1340 3189 quae
1362 3150 1402 3181 de
1417 3150 1631 3189 antiquissima
1644 3148 1806 3188 Lydorum
1829 3147 1980 3178 memoria
2001 3147 2118 3179 tradita
2132 3147 2259 3187 reperit.

140 3202 291 3231 Ceterum
304 3206 375 3236 quse
389 3196 468 3226 libro
484 3196 525 3226 ΙΙΙ
541 3194 580 3224 ‹le
600 3194 744 3232 Atyadis,
769 3194 848 3225 libro
871 3197 961 3226 sexto
984 3195 1022 3225 de
1043 3196 1214 3227 Heraclidis
1230 3198 1260 3227 et
1274 3197 1353 3227 libro
1370 3195 1503 3234 septimo
1522 3195 1561 3226 de
1580 3193 1769 3226 Mermnadis
1786 3193 1944 3232 Lydorum
1963 3193 2088 3232 regibus
2099 3193 2259 3233 leountur,

141 3245 247 3277 omnia
269 3245 380 3274 bansta
395 3250 461 3273 esse
477 3250 494 3271 e
517 3239 632 3270 Xantbi
661 3239 826 3278 Lydiicis,
851 3241 964 3279 sapius
981 3241 1036 3271 1111
1064 3241 1148 3272 docti
1167 3242 1368 3272 monuerunt.
1390 3243 1496 3280 Neque
1521 3249 1596 3271 vcro
1611 3239 1782 3279 genuinum
1801 3239 1981 3290 logographi
2008 3248 2104 3279 opus,
2121 3238 2177 3271 sed
2196 3239 2261 3270 tale

142 3292 234 3332 quale
251 3292 357 3329 postea
381 3287 547 3325 Dionysius
566 3285 762 3323 minuimus
781 3285 938 3323 ediderat,
958 3286 1104 3317 Nicolaus
1123 3290 1195 3318 ante
1209 3287 1317 3317 oculos
1333 3286 1454 3317 tribuit
1469 3303 1509 3309 —
1526 3290 1553 3317 1.
1568 3283 1830 3325 καλεόμενον]
1851 3284 1895 3314 sic
1909 3283 1979 3315 cod.
2004 3284 2188 3323 Vratislavq
2202 3295 2260 3314 κα-

145 3339 234 3378 ὶούμε
223 3347 288 3368 νο]
309 3345 379 3375 vgo.
405 3333 483 3365 lllud
504 3333 619 3362 tonum
640 3332 777 3361 lonium}
794 3341 924 3371 mugnere
937 3332 1063 3362 dixeris.
1082 3335 1102 3363 li
1109 3342 1125 3362 x
1145 3334 1254 3364 eodeni
1269 3332 1338 3363 eod.
1358 3331 1486 3363 Vratisl.
1505 3331 1674 3361 articulum
1688 3331 1722 3361 τὸ
1738 3329 1843 3361 addidi
1864 3331 1937 3361 ante
1951 3338 1980 3361 v.
2000 3330 2090 3370 ἱερόν
2101 3347 2141 3352 -
2156 3334 2184 3361 2.
2202 3329 2260 3360 αὐ-
