2338 3765
923 179 1250 219 FRAGMENTA.

514 296 577 321 22.

84 374 184 410 Ideni
207 385 214 410 ζ
240 372 533 424 Μαιμακτηριὼν,
555 375 570 410 6
590 373 615 410 ε’
634 373 702 423 μὴν
719 376 800 425 παρ’
824 374 1059 420 Ἀθηναίοις...

31 431 230 479 ὠνόμασται
250 429 284 467 δὲ
301 430 368 467 ἀπὸ
384 429 462 473 Διὸς
476 431 692 479 μαιμάκτου·
708 432 908 481 μαιμάκτης
926 432 954 469 δ’
971 433 1061 469 ἐστὶν

31 491 48 525 6
68 488 288 533 ἐνθουσιώδης
312 487 370 525 καὶ
392 488 618 538 ταρακτικὸς,
645 488 690 531 ὥς
710 505 792 541 φησι
823 490 1062 541 Λυσιμαχίδης

31 547 249 599 (Λυσιμάχης
266 547 351 583 cod.
363 547 506 595 Venet.)
524 547 557 582 ἐν
572 548 621 598 τῷ
635 547 719 598 Περὶ
736 549 800 584 τῶν
817 547 974 594 Ἀθήνησι
989 564 1061 597 μη-

29 607 93 642 νῶν
104 620 112 627 ·
131 603 240 655 ἀρχὴν
255 603 289 641 δὲ
309 603 473 647 λαὸόντος
486 607 544 641 τοῦ
558 607 726 655 χειμῶνος
743 607 776 642 ἐν
791 605 900 657 τούτῳ
914 608 960 657 τῷ
978 608 1060 654 μηνὶ

28 665 45 700 6
63 662 129 714 ἀὴρ
146 661 350 713 ταράττεται
371 662 428 698 καὶ
446 662 641 710 μεταὸολῆν
659 662 742 713 ἔχει.
774 666 829 702 Cf,
856 667 1055 702 llcrniann.

29 723 55 759 l.
78 723 101 758 l.
121 722 142 770 S
164 721 225 766 57.

510 813 572 850 23.

79 906 327 953 Harpocratio
347 918 354 939 :
374 904 484 954 Σκίρα
503 903 601 955 ἑορτὴ
619 906 702 956 παρ’
722 905 926 952 Ἀθηναίοις,
945 908 1002 957 ἀφ’
1018 901 1058 952 ἧς

24 963 84 1002 καὶ
105 966 122 1000 6
147 961 214 1012 μὴν
235 961 479 1013 ΣκιροφοριιῖΝ.
502 963 600 1000 Φασὶ
631 963 664 1000 δὲ
693 965 723 1000 οἱ
744 963 936 1014 γράψαντες
968 965 1057 1015 Περί

23 1037 60 1059 τε
81 1022 204 1072 ἑορτῶν
225 1019 283 1056 καὶ
305 1021 421 1067 μηνῶν
443 1019 626 1070 Ἀθήνησι,
648 1015 695 1058 ῶν
717 1021 788 1058 ἐστὶ
811 1021 870 1058 καὶ
897 1025 1054 1071 Λυσιμα-

23 1078 143 1131 χίδης,
164 1079 209 1120 ὡς
230 1077 268 1114 τὸ
297 1076 411 1128 σκίρον
433 1076 586 1114 σκιάδιόν
607 1079 679 1115 ἐστι
698 1078 807 1129 μέγα,
831 1078 886 1129 ὑφ’
910 1073 937 1129 ᾧ
958 1094 1055 1130 <pepo-

931 1137 1055 1188 Σκίρον

25 1135 117 1187 μένῳ
133 1135 166 1179 ἐξ
183 1135 400 1186 ἀκροπόλεως
420 1137 464 1178 εἴς
484 1152 560 1173 τινα
581 1136 683 1174 τόπον
703 1137 914 1185 καλούμενον

24 1193 226 1246 πορεύονται
247 1193 270 1239 ἥ
292 1209 328 1230 τε
346 1196 405 1239 τῆς
435 1193 576 1240 Ἀθηνᾶς
596 1194 700 1246 ἱέρεια
730 1194 789 1231 καὶ
810 1197 826 1230 6
845 1198 906 1231 τοῦ
928 1197 1055 1233 Ποσει-

24 1254 125 1294 δῶνος
135 1251 243 1303 ἱερεὺς
258 1251 316 1288 καὶ
331 1254 348 1288 6
365 1256 424 1289 τοῦ
441 1252 560 1290 Ἡλίου
573 1268 581 1276 ·
593 1252 769 1302 κομίζουσι
785 1252 819 1289 δὲ
831 1256 929 1289 τοῦτο
941 1253 1055 1291 Ἐτεο-

24 1310 202 1349 ὅουτάδαι.
230 1309 412 1358 Σύμὸολον
430 1308 464 1346 δὲ
482 1314 582 1348 τοῦτο
602 1310 732 1359 γίνεται
759 1314 816 1347 τοῦ
839 1312 906 1347 δεῖν
924 1313 1055 1348 οἰκοδοἣ

23 1369 98 1418 μεῖν
115 1368 173 1405 καὶ
197 1367 325 1409 σκέπας
344 1372 465 1414 ποιεῖν,
485 1370 529 1409 ὡς
548 1367 668 1405 τούτου
686 1371 743 1405 τοῦ
770 1368 893 1420 χρόνου
914 1368 1054 1420 ἀρίστου

24 1425 114 1469 ὄντος
124 1425 206 1476 πρὸς
220 1425 429 1473 οἰκοδομίαν.
447 1425 517 1463 Καὶ
529 1425 671 1470 Ἀθηνᾶν
684 1425 719 1462 δὲ
735 1426 891 1476 Σκιράδα
909 1429 1053 1474 τιμῶσιν

23 1480 213 1532 Ἀθηναῖοι,
232 1484 273 1529 ἣν
288 1483 481 1535 Φιλόχορος
499 1482 559 1532 μὲν
576 1485 608 1521 ἐν
629 1485 659 1534 β’
676 1484 822 1524 Ἀτθίδος
840 1483 909 1521 ἀπὸ
928 1484 1055 1535 Σκίρου

26 1542 109 1584 τινὸς
129 1541 340 1580 Ἐλευσινίου
362 1541 515 1590 μάντεως
543 1543 750 1587 κεκλῆσθαι,
782 1541 943 1594 Πραξίων
964 1543 998 1579 δὲ
1021 1545 1053 1580 ἐν

23 1599 54 1650 β’
82 1601 290 1651 Μεγαρικῶν
317 1599 384 1637 ἀπὸ
411 1600 597 1651 Σκίρωνος.
626 1602 681 1637 Cf.
706 1603 823 1637 schol.
860 1603 1050 1650 Aristoph.

22 1661 158 1695 Eccles.
193 1659 260 1703 183
281 1660 474 1694 Pausanias
492 1661 527 1704 I,
553 1660 620 1704 36,
654 1660 695 1704 33
728 1660 887 1696 Bekker.
908 1661 1051 1697 Anecd.

19 1730 56 1765 p.
78 1717 163 1758 304.
183 1717 222 1754 C.
244 1719 447 1754 Hermann.
471 1719 495 1753 l.
516 1719 540 1753 l.
557 1718 578 1766 S
593 1719 656 1764 61,
674 1724 733 1761 ¹14.

500 1815 564 1853 24.

71 1898 194 1934 Schol.
213 1898 326 1944 soph.
347 1898 444 1934 OEd.
464 1898 503 1933 C.
522 1896 569 1932 56
588 1910 596 1932 z
615 1895 703 1947 Περὶ
716 1900 774 1933 τοῦ
789 1895 845 1933 τὸν
864 1895 1052 1948 Προμηθέα

22 1955 100 2006 περὶ
117 1955 178 2000 τὴν
193 1954 423 2002 Ἀκαδήμειαν
441 1954 500 1991 καὶ
516 1954 572 1991 τὸν
588 1954 749 1992 Κολωνὸν
764 1956 919 2005 ἱδρῦσθαι
935 1955 1053 1991 Ἀπολ-

17 2013 162 2064 λόδωρος
193 2013 314 2063 γράφει
345 2012 450 2055 οὕτως
465 2025 473 2033 ·
513 2030 527 2045 «
567 2013 782 2059 Συντιμᾶται
811 2011 845 2048 δὲ
870 2013 927 2048 καὶ
956 2013 989 2048 ἐν
1009 2015 1050 2063 τῇ

18 2070 211 2122 Ἀκαδημία
225 2074 266 2121 τῇ
281 2071 415 2122 Ἀθηνᾷ,
430 2069 586 2120 καθάπερ
604 2071 621 2106 6
636 2068 844 2119 εἭφαιστος.
868 2069 939 2107 Καὶ
955 2069 1049 2106 ἔστιν

496 2185 554 2217 22.

57 2239 311 2277 memacterion,
328 2239 457 2278 quintus
474 2238 558 2277 apud
575 2237 778 2269 Athenienses
790 2237 924 2276 mensis,
938 2245 1054 2267 nomen

16 2290 139 2321 habeta
148 2292 226 2322 Jove
239 2292 268 2321 Μ
271 2292 414 2321 aemacte.
428 2291 608 2321 Moemactes
618 2298 693 2320 vero
703 2291 750 2320 est
762 2290 868 2320 furore
882 2289 1054 2328 corripiens

17 2342 49 2372 et
67 2341 274 2380 perturbans,
295 2342 330 2371 ut
348 2341 584 2380 Lysimachides
608 2341 688 2372 libro
714 2343 759 2372 De
775 2341 936 2372 mensibus
954 2341 1052 2371 Athe-

17 2393 177 2424 niensibus
189 2393 244 2424 ait.
265 2393 390 2424 Scilicet
409 2402 508 2432 quum
522 2393 622 2424 hiems
635 2402 672 2424 eo
688 2401 796 2425 mense
812 2393 958 2432 incipiat,
974 2393 1054 2424 aeris

17 2444 157 2475 turbatio
175 2445 206 2476 et
219 2444 427 2476 commutatio
442 2444 487 2475 fit.

508 2499 567 2531 23.

74 2557 178 2595 scira,
203 2557 317 2588 festum
338 2557 422 2597 apud
448 2558 670 2596 Athenienses,
697 2567 715 2588 a
740 2567 804 2597 quo
830 2557 1051 2597 Scirophorion

17 2609 131 2640 mensis
151 2608 349 2642 nominatur.
363 2611 497 2640 Narrant
513 2618 589 2640 vero
608 2610 661 2648 qui
679 2609 718 2640 de
735 2610 819 2640 sestis
835 2618 872 2640 ac
892 2609 1052 2639 mensibus

19 2660 256 2692 Atheniensium
278 2660 489 2699 scripserunt,
517 2660 599 2690 inter
617 2669 698 2699 quos
726 2662 772 2691 est
800 2660 1049 2699 Lysimachides,

18 2713 135 2743 scirum
150 2721 216 2743 esse
230 2720 376 2751 magnam
391 2712 562 2742 umbellam
573 2713 649 2750 ,sub
659 2721 723 2751 quo
739 2721 778 2743 ex
794 2721 865 2743 arce
881 2713 913 2742 in
927 2712 1050 2743 Scirum

19 2764 177 2803 quendam
200 2764 307 2794 locum
329 2763 568 2802 proficiscantur
584 2764 753 2802 Miiiervae‚
768 2764 904 2802 Neptuni
921 2765 952 2794 et
971 2763 1052 2795 Solis

18 2815 212 2846 sacerdotes:
235 2815 347 2853 gestari
365 2823 435 2844 eam
459 2814 499 2844 ab
519 2814 742 2853 EteobutadiS;
762 2814 927 2853 significari
944 2816 1050 2845 autem

19 2877 55 2898 eo
65 2892 73 2906 ‚
83 2868 147 2907 iam
161 2866 293 2898 aedificia
307 2868 338 2897 et
348 2868 529 2905 tegumenta
542 2866 684 2897 facienda
697 2875 775 2905 esse,
790 2867 875 2906 quod
888 2866 964 2898 illud
978 2867 1050 2898 anni

20 2921 142 2958 tempus
154 2918 194 2949 ad
209 2918 432 2948 aedificandum
449 2918 489 2949 sit
502 2917 874 2948 accommodatissiinum.

501 2980 558 3012 24.

59 3041 105 3071 De
112 3038 291 3070 Promethei
298 3038 391 3077 juxta
400 3039 600 3070 Academiam
609 3039 641 3069 et
652 3038 807 3069 Colonum
818 3039 1051 3070 consecratione

21 3091 227 3130 Apollodorus·
242 3091 286 3121 ita
300 3091 409 3121 scribit
425 3103 432 3121 ε
452 3104 466 3117 «
483 3091 604 3122 Colitur
619 3091 825 3122 Prometheus
842 3091 872 3121 in
885 3091 1051 3122 Academia

22 3150 83 3172 una
99 3150 173 3172 cum
191 3141 348 3179 Minerva,
373 3141 464 3172 sicuti
481 3142 654 3173 Vulcanus.
674 3143 777 3181 Atque
793 3144 840 3173 est
853 3143 879 3172 ei
899 3143 990 3173 vetus
1007 3143 1050 3173 si-

21 3203 116 3232 gnnm
130 3195 304 3233 fanumque
316 3194 355 3224 ad
372 3194 527 3233 templum
541 3194 601 3225 dei.
620 3207 634 3221 υ
653 3195 846 3225 Mousti-atur
861 3194 956 3225 etiam
970 3194 1052 3226 basis

21 3246 147 3285 antiqua
161 3246 191 3276 in
205 3246 311 3284 aditu;
326 3246 358 3275 in
375 3254 436 3284 qna
451 3246 628 3277 Promethei
643 3246 765 3285 signnm
780 3249 810 3277 et
825 3247 969 3277 Vulcani.
986 3246 1050 3277 Pri·

0 3306 1 3330 1
23 3304 109 3326 muln
134 3305 208 3328 vero
235 3298 264 3327 et
283 3296 461 3335 antiquius,
484 3298 517 3328 ut
540 3297 774 3336 Lysimachides
799 3306 927 3337 quoque
952 3297 1048 3335 dicit,

2075 193 2140 226 3⁸1

1126 269 1228 304 αὐτοῖοΙ
1254 268 1400 304 παλαιὸν
1431 268 1558 319 ἵδρυμα
1591 270 1649 307 καὶ
1672 271 1787 321 βωμὸς
1817 274 1848 309 ἐν
1872 274 1918 323 τῷ
1941 272 2071 321 τεμένει
2092 276 2154 318 τῆς·

1126 328 1215 363 θεοῦ.
1238 343 1250 358 υ
1266 325 1446 362 Δείκνυται
1468 327 1501 363 δὲ

1266 378 1285 385 Ν
1523 328 1580 363 καὶ
1603 329 1700 377 βάσις
1721 330 1850 379 ἀρχαία
1875 329 1963 366 κατὰ
1983 333 2043 375 τὴν
2065 330 2153 367 εἴσο-

1125 384 1194 428 δον,
1213 384 1245 419 ἐν
1262 388 1283 433 ᾗ
1301 387 1358 420 τοῦ
1377 399 1412 419 τε
1434 384 1644 433 Προμηθέως
1663 387 1733 423 ἐστὶ
1752 387 1854 429 τύπος
1871 388 1928 424 καὶ
1948 392 2006 424 τοῦ
2025 388 2153 439 ἹΙφαί-

1124 455 1217 477 στου.
1240 441 1432 485 Πεποίηται
1456 442 1508 486 δὲ,
1525 443 1569 483 ὡς
1590 443 1646 478 καὶ
1668 446 1909 495 Λυσιμαχίδης
1926 445 2039 496 φησὶν,
2059 446 2152 494 ὃμὲν

1125 497 1328 547 Προμηθεὺς
1338 499 1470 546 πρῶτος
1484 497 1542 534 καὶ
1555 499 1803 550 πρεσὸύτερος,
1823 503 1854 538 ἐν
1873 501 1963 552 δεξιᾷ
1978 505 2152 553 σκῆπτρον

1124 555 1227 606 ἔχων,
1256 558 1272 592 6
1295 554 1329 592 δὲ
1348 555 1541 606 Ἥφαιστος
1568 556 1639 598 νέος
1663 557 1721 593 καὶ
1751 559 1913 609 δεύτερος.
1941 560 2010 596 Καὶ
2037 560 2151 610 βωμὸς

1123 616 1248 664 ἀμφοῖν
1268 612 1375 654 κοινός
1391 615 1480 649 ἐστιν
1504 614 1537 649 ἐν
1557 616 1600 662 τῇ
1629 613 1726 663 βάσει
1747 616 2068 665 ἀποτετυποψένος.

1173 673 1225 708 Cf.
1256 673 1450 707 Pausanias
1469 674 1505 715 Ι,
1538 672 1606 715 30,
1639 685 1658 706 2
1693 684 1700 709 :
1724 671 1782 709 Ἐν
1802 673 1996 726 Ἀκαδημίᾳ
2025 676 2059 711 δέ
2080 676 2151 712 ἐστι

1122 727 1333 779 Προμηθέως
1352 728 1478 778 βωμός·
1496 727 1555 764 καὶ
1570 727 1700 765 θέουσιν
1719 730 1777 765 ἀπ’
1794 732 1896 768 αὐτοῦ
1911 732 1992 781 πρὸς
2009 732 2069 778 τὴν
2087 732 2152 769 πό-

1119 789 1191 832 λιν,
1244 786 1378 837 ἔχοντες
1422 785 1606 834 καιομένας
1652 787 1849 835 λαμπάδας.
1904 791 2149 838 Harpocralio

1120 859 1154 880 v.
1169 844 1320 893 Λαμπάς
1334 859 1342 880 t
1359 845 1461 895 Τρεῖς
1476 843 1614 892 ἄγουσιν
1633 844 1803 889 Ἀθηναῖοι
1818 846 1935 897 ἑορτὰς
1949 848 2150 895 λαμπάδας,

1120 903 1376 948 Παναθηναίοις
1397 902 1456 939 καὶ
1485 902 1720 955 “Ηφαιστείοις
1740 903 1798 940 καὶ
1820 906 2058 954 Προμηθείοις.
2090 908 2146 945 Ct'.

1119 963 1307 998 W'elcker.
1336 964 1471 1008 Trilog.
1494 975 1533 1009 p.
1558 975 1649 1007 1213
1672 965 1871 998 Hermann.
1890 965 1915 1001 l,
1938 966 1958 1000 l.
1981 966 2148 1012 §6225

1163 1067 1282 1104 ΠΕΡΙ
1310 1066 1415 1134 ἸᾏΩΝ
1448 1065 1562 1104 HAP’
1592 1067 1832 1105 ΑΤΤΙΚΟΙΣ
1862 1068 2114 1107 ΡΗΤΟΡΩΝ.

1447 1157 1559 1210 Πρὸς
1580 1159 1822 1197 Καικίλιον.

1605 1252 1665 1289 25.

1170 1329 1413 1364 Ammonius:
1437 1326 1605 1378 Θεωρὸς
1620 1326 1679 1363 καὶ
1705 1327 1859 1372 θεατὴς
1876 1328 2040 1379 διαφέρει.
2058 1330 2151 1366 Θεω-

1120 1384 1173 1435 ρὸς
1200 1384 1261 1433 μὲν
1281 1384 1346 1435 γάρ
1375 1386 1466 1421 ἐστιν
1487 1387 1504 1421 6
1532 1386 1578 1426 εἷς
1599 1383 1691 1426 θεοὺς
1711 1384 1952 1434 πεμπόμενος,
1975 1385 2096 1431 θεατὴς
2115 1385 2150 1423 δὲ

1116 1444 1133 1479 6
1155 1442 1295 1493 ἀγώνων
1313 1441 1371 1479 καὶ
1392 1441 1555 1493 θεάτρων.
1577 1442 1796 1492 [Εὐριπίδης
1818 1444 1850 1479 ἐν
1868 1441 1991 1493 ”[ωνι·]

1198 1517 1326 1557 πότερον
1341 1518 1448 1554 θεατὴς
1461 1518 1479 1554 ἢ
1493 1516 1579 1557 χάριν
1594 1517 1834 1557 μαντευμάτων;

1115 1582 1173 1619 καὶ
1192 1582 1374 1633 Αἰσχύλος*

1197 1658 1271 1698 βοᾷς
1287 1658 1405 1687 τοιοῦδε
1420 1658 1597 1698 πράγματος
1608 1658 1717 1698 θεωρὸς
1734 1658 1787 1688 ὢν.

1118 1720 1389 1772 Ἁμαρτάνουσιν
1411 1716 1468 1758 οὖν
1490 1724 1520 1759 οἱ
1542 1720 1696 1771 λέγοντες
1724 1722 1935 1773 θεωρῆσαί
1962 1737 2003 1769 με
2026 1722 2073 1758 δεῖ
2093 1722 2148 1758 τὸν

1117 1781 1232 1827 ἀγῶνα
1243 1809 1252 1825 ,
1269 1779 1342 1816 δέον
1363 1781 1470 1816 εἰπεῖν
1491 1783 1508 1816 θ
1519 1795 1532 1816 ε
1543 1780 1593 1816 άσ
1606 1783 1743 1818 ασθαι.
1761 1779 1961 1818 Διαστέλλει
1977 1773 2033 1817 οὖν
2050 1783 2149 1816 τοῦτο

1114 1838 1284 1886 ἐπιμελῶς
1304 1838 1543 1888 Λυσιμαχίδης
1566 1840 1598 1874 ἓν
1616 1839 1664 1889 τῷ
1681 1837 1765 1888 πρὸς
1786 1837 1964 1875 Καικίλιον
1984 1837 2060 1888 περὶ
2080 1839 2148 1873 τῶν

1116 1895 1212 1946 παρὰ
1232 1901 1300 1938 τοῖς
1319 1895 1484 1939 Ἀττικοῖς
1505 1895 1671 1948 ῥητόρων,
1702 1895 1761 1932 καὶ
1781 1896 1917 1932 πολλῶν
1945 1896 2149 1946 παραθέσεις

1113 1954 1273 1991 ποιεῖται.
1335 1953 1404 1991 Καὶ
1426 1953 1497 1990 ἔστι
1522 1953 1559 1990 τὸ
1580 1952 1785 2000 θεάσασθαι,
1806 1951 1924 2004 ὥσπερ
1944 1953 2146 2005 πρόκειται,

1115 2011 1210 2062 παρὰ
1229 2011 1289 2056 τὴν
1310 2011 1403 2057 θέαν,
1422 2012 1461 2049 τὸ
1482 2011 1517 2049 δὲ
1535 2012 1684 2062 θεωρεῖν,
1700 2011 1816 2063 φησὶν,
1835 2012 1896 2048 οὐκ
1917 2011 2001 2048 ἄλλο
2022 2027 2053 2048 τι
2071 2010 2093 2056 ἢ
2111 2011 2148 2048 τὸ

1116 2072 1183 2106 τῶν
1199 2072 1283 2106 θεῶν
1298 2071 1412 2120 ὠρεῖν,
1425 2069 1571 2107 τοῦτοδὲ
1586 2069 1624 2107 τὸ
1636 2069 1833 2121 φροντίζειν.
1848 2069 1908 2106 Διὸ
1922 2069 2067 2112 καὶτοὺς
2079 2072 2146 2106 τῶν

1116 2180 1194 2211 illud
1208 2183 1254 2212 est
1267 2181 1443 2212 Promethei
1457 2180 1569 2212 dextra
1579 2182 1718 2220 septrum
1729 2180 1875 2218 tenentis,
1890 2179 2062 2210 secundum
2073 2187 2148 2209 vero

1115 2241 1151 2263 ac
1166 2232 1321 2263 recentius
1331 2232 1477 2263 Vulcani.
1494 2233 1535 2263 Et
1545 2240 1600 2262 ara
1614 2233 1660 2263 est
1673 2231 1838 2270 utriusque
1851 2230 2028 2262 communis
2040 2230 2071 2260 in
2083 2229 2147 2260 basi

1113 2284 1229 2315 et'ticta.

1300 2348 1365 2384 DE
1390 2346 1589 2385 ATTICIS
1620 2345 1954 2383 RHETOBIBUS.

1466 2429 1593 2458 Contra
1612 2426 1800 2458 cceciltum.

1600 2493 1659 2524 25.

1154 2556 1257 2586 Verba
1285 2555 1394 2595 Θεωρὸς
1421 2555 1452 2585 et
1471 2555 1578 2590 θεατὴς
1606 2553 1768 2584 differunt.
1794 2554 1914 2593 Θεωρὸς
1936 2560 2074 2591 namque
2098 2552 2146 2582 est

1112 2608 1166 2647 qui
1192 2608 1230 2638 ad
1249 2607 1380 2638 deorum
1398 2608 1515 2646 templa
1532 2606 1682 2644 mittitur,
1704 2607 1809 2643 Θεατής
1825 2615 1900 2637 vero
1923 2606 2080 2645 spectator
2099 2605 2146 2635 est

1113 2658 1321 2689 certaminum
1347 2667 1384 2689 ac
1409 2658 1558 2689 ludorum
1585 2657 1794 2689 scenicorum.
1814 2656 2000 2697 (Euripides
2016 2657 2049 2689 in
2070 2657 2145 2687 Ione

1113 2721 1143 2742 v.
1165 2715 1219 2743 301
1243 2712 1273 2749 z)

1183 2795 1259 2822 Num
1273 2797 1419 2831 spectator
1431 2795 1514 2822 venis
1525 2801 1562 2822 an
1576 2793 1763 2822 oraculorum
1777 2800 1862 2821 cansa
1870 2794 1883 2820 ἒ·

1111 2876 1142 2906 et
1159 2874 1324 2914 AEschylus
1341 2875 1402 2913 (fr.
1420 2877 1479 2906 409
1494 2875 1503 2913 )
1521 2887 1528 2904 :

1183 2958 1360 2987 vociferaris
1371 2958 1434 2986 talis
1450 2959 1492 2986 rei
1502 2960 1659 2994 spectator.

1113 3042 1247 3072 Peccant
1263 3040 1356 3079 igitur
1371 3039 1425 3079 qui
1441 3039 1550 3070 dicunt
1565 3039 1715 3078 θεωρῆσαί
1731 3049 1766 3078 με
1778 3039 1823 3068 δεῖ
1837 3039 1888 3069 τὸν
1904 3038 2026 3077 ἀγῶνα,
2041 3046 2140 3077 quum

1111 3092 1278 3123 dicendum
1292 3092 1331 3123 sit
1344 3091 1524 3122 θεάσασθαι.
1542 3093 1696 3122 Accurate
1717 3091 1785 3121 haec
1800 3090 2017 3129 distinguendo
2031 3089 2140 3120 ‹letini-

1112 3144 1156 3175 vit
1169 3144 1404 3183 Lysimachides
1418 3145 1448 3174 in
1463 3144 1579 3183 scripto
1596 3145 1707 3174 contra
1722 3142 1883 3174 Caecilium
1900 3144 1945 3172 De
1967 3140 2142 3171 oratoribus

1111 3196 1220 3227 Atticis
1241 3197 1272 3226 et
1288 3195 1437 3235 appositis
1453 3195 1627 3226 multorum
1643 3195 1832 3234 scriptorum
1849 3194 1926 3224 locis
1942 3202 2006 3223 rem
2025 3192 2139 3222 contii·-

1112 3248 1194 3277 mat:
1209 3246 1354 3277 videlicet
1362 3245 1541 3284 θεάσασθαι,
1557 3246 1601 3276 uti
1612 3246 1761 3284 (fiximus,
1770 3245 1809 3276 de
1816 3243 2001 3284 spectaculis
2012 3242 2137 3278 dicitur,

1111 3299 1231 3337 Θεωρεῖν
1245 3298 1364 3336 alitem,
1380 3297 1428 3328 ille
1443 3296 1498 3334 ait,
1515 3296 1590 3328 nihil
1605 3296 1689 3328 aliud
1703 3296 1856 3336 signifieat
1868 3294 1924 3325 nisi
1944 3294 1977 3325 τὸ
1991 3297 2048 3323 τῶν
2064 3293 2137 3321 θεῶν
