2338 3765
142 202 215 233 592

139 282 277 327 πολίττς
294 281 388 332 παρὰ
408 280 574 330 Αρριανώ
590 280 624 315 ἐν
644 277 794 328 πέμπτω
812 278 1035 314 Βιθυνιακων.
1056 278 1118 314 Δεῖ
1133 275 1166 313 δὲ

139 343 196 376 τοῦ
215 339 433 380 Βιθυνόπολις
453 341 539 373 εἶναι
558 338 586 373 Β
591 334 834 380 ιθυνοπολίτης.

190 395 417 445 Βιθυόπολις]
440 393 657 435 Βιθονόπολις
676 394 787 430 codd.
807 393 978 441 plurimi,
1001 400 1039 427 ut
1063 393 1167 428 vide-

139 463 210 490 tur.
238 453 459 494 Βιθυνόπολις
488 453 575 488 cod.
606 452 768 499 Rhedig.
798 449 1000 491 Βιθυόπολις
1030 451 1166 485 Salma-

137 513 209 547 sius
229 519 388 559 propter
421 523 579 558 sequens
603 507 864 553 Βιθυοπολίτης.
895 510 983 544 Tres
1007 509 1168 542 nominis

137 569 264 603 formae
288 570 395 604 fuisse
423 568 600 603 videntur
631 578 640 603 ζ
662 565 882 611 Βιθυόπολις,
907 563 1167 609 Βιθυνιοίπολις,

138 624 372 667 Βιθυνόπολις,
394 625 645 661 Probabiliter
664 624 792 659 eadem
810 631 862 658 est
880 624 988 667 urbs,
1013 635 1094 669 quae
1121 622 1166 656 ab

137 686 217 719 aliis
244 692 399 720 vocatur
419 681 573 720 Βιθύνιον
593 681 603 730 (
621 695 659 719 v-
678 682 811 719 Strabo
833 694 873 729 p.
898 680 971 717 565
984 708 993 726 ‚
1013 683 1164 716 Pausan.

137 743 236 789 VIII,
254 755 288 791 9,
313 743 487 790 Stephan.
509 754 538 778 s.
557 753 591 776 v.
605 748 674 776 etc.
692 737 718 789 ).

629 832 690 869 28.

194 930 249 965 St.
269 930 311 967 Β.
333 941 340 963 :
365 925 609 975 Νικομήδειον,
626 924 788 975 ἐμπόριον
808 923 978 966 Βιθυνίας.
999 921 1171 974 Ἀρριανὸς

139 984 287 1035 πέμπτῳ
308 986 531 1021 Βιθυνιακῶν.

625 1071 690 1107 29.

192 1145 297 1181 Idem
316 1158 325 1181 ι
346 1141 612 1195 Μεγαρικὸν,
633 1142 826 1193 πολίχνιον,
845 1141 863 1179 ὃ
879 1140 1171 1191 συγκαταλέγεται

142 1204 215 1245 ταῖς
236 1203 386 1239 Βιθυνῶν
406 1201 559 1239 πόλεσιν.
616 1199 789 1251 Ἀρριανὸς
813 1199 980 1249 πέμπτῳ·
1008 1217 1022 1231 «
1044 1198 1170 1235 Ἄστα-

140 1259 199 1302 κός
215 1274 250 1296 τε
280 1258 339 1296 καὶ
358 1258 487 1309 ξΗροιία
506 1257 564 1295 καὶ
581 1256 619 1294 τὸ
648 1256 856 1308 Μεγαρικόν.
882 1274 897 1289 »
932 1255 1015 1306 [Τὸ]
1046 1255 1172 1293 ἐθνικὸν

141 1317 348 1367 Μεγαρικός.
378 1319 434 1353 De
460 1319 590 1352 Heraea
620 1316 668 1353 ef.
697 1317 962 1351 Demosthenes
981 1316 1019 1350 in
1039 1322 1172 1361 quarto

140 1377 196 1410 De
214 1376 323 1410 rebus
336 1376 595 1421 Bithyniorum
609 1401 618 1418 ,
631 1374 731 1421 apud
742 1375 866 1421 Steph.
882 1375 968 1420 Byz.
982 1386 1019 1409 v,
1031 1370 1172 1421 ἹΙραία.

194 1433 299 1468 Idem
322 1446 330 1467 τ
363 1430 552 1476 Ἀστακος,
586 1431 683 1472 πόλις
711 1430 886 1476 Βιθυνίας,
911 1430 979 1466 ἀπὸ
1008 1427 1172 1467 Ἀστάκου

698 1487 858 1534 Ὀλὸίας,
883 1489 928 1530 ὡς
947 1486 1118 1537 Ἀρριανὸς
1141 1487 1174 1523 ἐν

141 1492 200 1526 τοῦ
218 1489 432 1531 Ποσειδῶνος
455 1489 513 1526 καὶ
542 1488 675 1540 νύμφης

142 1549 353 1590 Βιθυνιακοῖς
377 1549 518 1597 ἱστορεῖ.

416 1647 444 1679 Ε
473 1646 628 1681 LIBRIS
658 1645 893 1681 INCERTIS.

626 1736 687 1773 30.

194 1825 402 1859 Eustathius
416 1825 454 1858 in
472 1825 582 1860 Hom.
595 1825 639 1860 Il.
658 1837 688 1860 ε.
710 1824 803 1867 408,
818 1835 857 1870 p.
882 1827 957 1871 429
974 1835 983 1861 ε
1001 1823 1176 1862 Ἐνταῦθα

143 1879 177 1916 δὲ
193 1880 365 1932 χρήσιμον
384 1879 443 1916 καὶ
463 1879 501 1916 τὸ
517 1882 576 1916 τοῦ
593 1879 768 1930 Ἀρριανοῦ
786 1879 939 1923 εἰπόντος
959 1881 993 1917 ἐν
1017 1883 1176 1919 Βιθυνια-

142 1939 223 1985 κοῖς,
238 1938 289 1975 ὅτι
304 1956 317 1970 «
331 1937 479 1980 ἀνιόντες
493 1938 537 1980 εἷς
544 1936 587 1974 τὰ
602 1937 688 1989 ἄκρα
703 1939 770 1974 τῶν
785 1939 870 1989 ὀρῶν
884 1938 1018 1976 Βιθυνοὶ
1033 1939 1176 1978 ἐκάλουν

142 1995 288 2033 πάπαν
305 1996 360 2033 τὸν
379 1995 445 2034 Δία
473 1994 571 2032 noti*
550 2011 670 2033 αττιν
689 1994 745 2032 τὸν
765 1995 881 2033 αὐτόν.
905 2014 920 2029 υ
944 1996 1099 2067 (Ομοίως
1118 1998 1177 2035 καὶ

143 2052 329 2105 Ἡροδότου
349 2054 359 2103 (
378 2057 439 2099 IV,
460 2054 529 2103 59)
550 2053 604 2102 τὸ,
620 2070 634 2087 α
655 2054 765 2091 Καλε”
756 2069 823 2091 ιται
840 2053 956 2097 Ζευς
944 2055 1008 2092 υπὸ
1034 2057 1176 2093 Σκυθῶν

142 2112 308 2161 ὀρθότατα
338 2113 557 2154 Παπαῖος.»
587 2111 649 2155 Ἐξ
673 2115 721 2149 ων
753 2111 938 2162 συνάγεται
969 2112 1063 2150 θείαν
1090 2108 1176 2150 εἰναί

144 2185 220 2206 τινα
244 2169 332 2212 λέξιν
352 2169 390 2206 τὸ
410 2169 530 2211 πάπας
549 2168 607 2206 καὶ
630 2168 772 2211 πάππος
801 2168 918 2206 καὶτὰ
937 2173 1092 2209 τοιαῦτα.
1120 2173 1175 2210 Cf.

144 2228 302 2262 Diodor.
314 2229 385 2274 ΙΙΙ,
403 2226 466 2273 53,
485 2232 505 2268 4
525 2240 532 2262 :
547 2225 676 2275 Ἄττιν,
698 2226 836 2278 ὕστερον
854 2227 1081 2272 ἐπικληθέντα
1099 2228 1179 2266 Ποί-

145 2299 228 2322 παν.
246 2288 288 2321 V.
311 2286 426 2323 Bnehr.
448 2285 495 2320 ad
513 2286 695 2323 Herodot.
712 2287 736 2324 l.
760 2287 786 2323 l.
806 2293 842 2322 et
861 2288 900 2321 in
919 2287 1041 2323 indice
1062 2288 1110 2323 ad
1138 2301 1174 2323 v,

146 2343 310 2383 παπαῖος.

147 2463 213 2485 esse
225 2454 466 2494 Bithy01›olites;
482 2457 515 2485 at
528 2456 628 2494 reperi
643 2455 901 2495 Bithyniapolites
913 2456 997 2495 apud
1011 2456 1177 2487 Arrianum

149 2506 180 2536 in
197 2507 307 2545 quinto
321 2510 366 2538 De
383 2507 477 2537 rebus
491 2507 657 2546 Bithyniae.
691 2510 736 2538 De
752 2507 968 2547 Bithynopolis
985 2508 1099 2547 gentile
1116 2509 1179 2540 sor-

149 2558 301 2589 mandum
318 2560 364 2589 est
377 2559 634 2598 Bithynopolites.

630 2613 689 2644 28.

190 2664 422 2703 Nicomedium,
441 2666 619 2706 emporium
643 2665 809 2706 Bithyniae.
834 2666 982 2698 Arrianus
1003 2667 1113 2706 quinto
1135 2669 1181 2699 De

151 2716 245 2747 rebus
261 2715 425 2755 Bithyniae.

632 2770 688 2801 29.

192 2823 393 2863 Megaricum,
415 2823 612 2863 oppidulum,
635 2823 719 2863 quod
734 2824 814 2855 inter
831 2824 987 2864 Bithyniae
1012 2825 1106 2857 urbes
1131 2834 1181 2857 re-

152 2876 259 2905 censet
276 2875 424 2905 Arrianus
440 2874 520 2905 libro
543 2875 654 2914 quinto
679 2884 687 2906 :
713 2888 727 2901 ι(
755 2877 904 2916 Astacus,
930 2878 1041 2908 Heraea
1063 2879 1095 2909 et
1116 2880 1183 2909 Me-

153 2926 305 2965 gau-icum.
329 2939 344 2953 n

195 2978 340 3014 Astacus,
362 2976 439 3007 urbe
463 2976 639 3016 Bithyniae,
670 2978 709 3008 ab
732 2979 843 3009 Astaco
872 2980 1008 3019 Neptuni
1026 2981 1058 3012 et
1083 2981 1184 3012 Olbiae

154 3029 303 3069 nympha}
317 3028 381 3059 lilio
392 3052 401 3068 ‚
415 3029 497 3060 sicut
511 3030 660 3060 Arrianus
676 3030 707 3060 in
724 3030 895 3070 Bithynicis
908 3032 1013 3064 refert.

637 3084 695 3115 30.

199 3136 285 3168 Facit
298 3136 361 3166 huc
374 3135 458 3175 quod
472 3136 622 3167 Arrianus
636 3136 664 3167 in
680 3136 852 3176 Bithynicis
868 3138 979 3177 tradit,
1002 3147 1114 3178 nempe
1135 3140 1184 3170 Bi-

157 3187 272 3226 thynos
288 3187 319 3217 in
343 3186 498 3217 montium
517 3187 682 3218 cacumina
707 3188 893 3227 ascendere,
923 3189 1026 3228 ibique
1053 3192 1185 3230 Papam

159 3238 304 3268 invocare
321 3238 433 3268 Jovem
454 3237 591 3277 itemque
608 3239 712 3269 Albim
729 3238 874 3269 cundem.

642 3291 696 3322 31.

201 3344 349 3375 Arrianus
374 3344 532 3376 fabulatur
559 3344 599 3375 ad
627 3344 767 3384 sangarii
791 3345 875 3376 lluvii
904 3345 984 3385 ripas
1010 3347 1184 3385 Bacchum,

880 188 1092 228 ARRIANI
1120 187 1489 228 NICOMEDENSlS

1714 311 1774 346 31.

1284 407 1449 441 Eustath.
1472 406 1507 439 in
1530 405 1681 450 Dionys.
1702 402 1779 450 939
1801 413 1810 439 ε
1827 400 1910 439 ’Ότι
1928 403 1946 437 ὁ
1963 400 2136 443 Διονύσιος
2149 402 2262 439 ἐπιτό-

1232 478 1286 513 μω
1311 461 1471 513 ἐγκωαίυ
1496 459 1557 505 τὴν
1585 458 1748 510 Αραὸίαν
1769 458 1956 508 σεμνύνας,
1975 458 2064 495 κατὰ
2081 458 2119 496 τὸ
2137 474 2263 510 προσε-

1232 535 1272 570 χε
1259 519 1290 562 ὲς
1308 519 1427 568 ἐπάγει
1459 521 1578 567 μῦθον,
1607 515 1659 553 ὅτι
1688 516 1792 559 ὅντως
1817 518 1886 554 ἐκεῖ
1908 516 1992 558 Ζεὺς
2016 516 2073 554 τὸν
2101 516 2263 555 Διόνυσον

1232 575 1377 613 ἐλύσατο
1391 574 1485 625 παρὰ
1501 589 1611 625 μηρου
1631 574 1812 626 εὔραφέος
1828 575 1886 625 ἀφ’
1905 578 1944 612 οὑ
1923 568 2018 611 καὶ
2032 574 2265 626 Εἷραφιώτης,

1231 636 1276 676 ὡς
1294 633 1504 685 προερρέθη,
1529 631 1656 677 εκληθη
1677 633 1768 669 κατά
1792 647 1899 674 τινας.
1954 634 2065 670 Τουτο
2085 631 2120 669 δὲ
2133 632 2266 684 Ἀρρια-

1231 692 1285 734 νὸς
1302 691 1358 728 ἐπὶ
1381 690 1570 742 Σαγγαρίω
1595 691 1854 740 μυθοπλαστεῖ,
1879 689 2025 740 λέγωνς
2013 688 2064 726 ότι
2092 689 2175 740 πρὸς
2192 695 2267 732 ταῖς

1233 750 1351 801 ὄχθαις
1382 765 1439 786 του
1470 747 1671 799 Σαγγαρίου
1698 747 1817 799 ἔρρηξε
1840 763 1917 790 τους
1945 747 2092 797 δεσμους
2111 751 2170 786 τοῦ
2187 747 2267 790 Διὸς

1233 810 1250 844 ὁ
1271 806 1463 849 Διόνυσος
1442 807 1509 852 ηδη
1527 805 1690 857 τρόφιμος
1706 804 1767 842 ὤν.

1719 898 1782 937 32.

1285 993 1387 1028 Idem
1408 993 1499 1028 inll.
1512 1006 1533 1036 η
1547 1021 1556 1036 ,
1576 990 1671 1038 459,
1692 1003 1729 1039 p.
1744 990 1815 1037 691
1834 990 1892 1026 ed.
1906 992 2019 1028 Rom.
2046 987 2117 1026 :‘0
2133 987 2268 1039 Πρίη·

1233 1064 1308 1091 πος
1337 1049 1374 1086 οὐ
1408 1048 1508 1097 μόνον
1539 1049 1572 1084 ἐν
1601 1050 1651 1098 τῷ
1690 1063 1711 1093 η
1739 1047 1899 1097 λέγεται,
1930 1045 2019 1084 ἀλλὰ
2050 1046 2109 1083 καὶ
2129 1045 2185 1083 διὰ
2209 1048 2268 1083 τοῦ

1234 1123 1254 1143 α
1282 1107 1496 1157 Πρίαπος,
1527 1105 1585 1143 καὶ
1612 1105 1667 1142 διὰ
1687 1108 1774 1142 τοῧε
1798 1103 1833 1142 δὲ
1868 1104 2062 1156 Πρίεπος
2079 1104 2173 1155 παρὰ
2190 1103 2269 1155 Ἀρ-

1235 1167 1340 1217 ριανῷ
1362 1167 1394 1202 ἐν
1416 1164 1628 1206 Βιθυνιακοῗς
1641 1192 1652 1212 ,
1669 1165 1752 1213 παρ’
1774 1157 1802 1214 ᾧ
1818 1162 1877 1200 καὶ
1897 1164 1942 1205 εἷς
1957 1162 2051 1208 ἥλιον
2068 1163 2269 1213 ἀλληγορεῖ-

1238 1238 1294 1259 ται
1311 1225 1328 1259 ὁ
1348 1221 1498 1273 Πρίεπος
1514 1221 1569 1258 διὰ
1586 1220 1624 1258 τὸ
1640 1220 1793 1272 γόνιμον.

1722 1316 1784 1352 33.

1288 1415 1392 1450 Idem
1419 1416 1458 1449 in
1485 1415 1529 1452 Il.
1552 1427 1592 1462 γ,
1626 1413 1724 1459 275,
1746 1426 1785 1461 p.
1810 1418 1905 1458 414,
1939 1414 1982 1449 13
2012 1424 2021 1450 τ
2049 1411 2120 1451 Τὸν
2147 1410 2271 1451 Ἥλιον

1237 1471 1271 1508 δὲ
1291 1470 1418 1520 ταμίαν
1440 1472 1507 1506 τῶν
1534 1468 1643 1519 ὅρκων
1670 1471 1814 1506 ἐνταῦθα
1845 1469 1942 1506 καλεῖ
1974 1472 2020 1512 ὣς
2046 1470 2161 1507 πάντα
2188 1471 2272 1521 ἐφο-

1239 1531 1365 1579 ρῶντα.
1424 1527 1486 1565 Διὸ
1505 1527 1564 1563 καὶ
1582 1527 1735 1572 Βιθυνοὶ,
1755 1529 1800 1569 ὡς
1817 1526 1989 1578 Ἀρριανὸς
2007 1529 2156 1578 ἱστορεῖ,
2177 1527 2273 1570 δίκας

1238 1585 1391 1630 ἐδίκαζον
1418 1583 1637 1633 καθεζόμενοι
1665 1583 1773 1621 ἀντίοι
1794 1587 1853 1622 τοῦ
1883 1584 2002 1631 ἡλίου,
2029 1588 2074 1628 ὡς
2094 1584 2135 1622 ἂν
2165 1587 2183 1622 ὃ
2202 1584 2274 1626 θεὸς

1238 1642 1430 1680 ἐποπτεύοι.

1728 1734 1788 1778 34-

1291 1828 1396 1863 Idem
1415 1828 1454 1862 in
1468 1828 1510 1864 Il.
1527 1841 1557 1872 0,
1577 1827 1664 1873 302,
1681 1840 1722 1875 p.
1746 1840 1840 1872 1017
1863 1828 1972 1863 Rom.
1990 1839 1998 1862 t
2022 1825 2195 1871 Μυκήτων
2210 1827 2272 1863 οὐκ

1239 1883 1330 1922 ἔστιν
1361 1883 1437 1921 οὐδὲ
1470 1883 1564 1934 ἴχνος
1597 1886 1658 1928 τῆς
1691 1886 1930 1934 σπερματικῆς
1963 1882 2178 1934 κορυνήσεως
2199 1883 2274 1920 οὐδὲ

1239 1941 1515 1992 σπερματώσεως
1527 1942 1599 1988 ,ὡς
1618 1940 1678 1979 καὶ
1694 1940 1770 1979 οὐδὲ
1788 1941 1901 1978 ἄλλων
1914 1943 2030 1980 τινῶν.
2087 1940 2191 1980 Ἔστι
2209 1940 2275 1992 γὰρ

1238 2000 1328 2037 κατὰ
1346 1999 1403 2037 τὸν
1440 1999 1577 2048 μύκητα
1605 1999 1665 2037 καὶ
1689 1998 1727 2036 τὸ
1747 1998 1844 2036 ὕδνον
1859 1999 1897 2036 τὸ
1919 1999 1977 2036 καὶ
1996 1998 2166 2050 γεράνειον
2183 1999 2274 2036 κατά

1237 2072 1343 2104 τινας,
1367 2058 1465 2103 καὶὴ
1493 2057 1564 2101 ἕλιξ
1593 2057 1653 2095 καὶ
1679 2060 1701 2103 ἡ
1732 2058 1848 2108 πτέρις
1871 2056 1919 2103 δὲ,
1939 2056 1980 2102 ἣν
2010 2056 2088 2094 ἔνιοι
2125 2056 2274 2108 βλάχνον

1240 2117 1419 2164 καλοῦσιν,
1438 2117 1482 2157 ὡς
1502 2114 1562 2152 καὶ
1576 2114 1747 2167 Ἀρριανὸς
1770 2115 1868 2161 δηλοῖ
1885 2116 1919 2151 ἐν
1938 2116 2161 2157 Βιθυνιακοῒς.
2179 2117 2276 2152 Hau-

1240 2177 1285 2210 sit
1313 2188 1376 2210 sua
1396 2175 1605 2210 Eustathius
1630 2187 1675 2210 ex
1700 2175 1877 2210 Athenaeo
1908 2175 1959 2218 11,
1986 2186 2025 2221 p.
2045 2174 2092 2209 62
2108 2201 2117 2218 ,
2141 2173 2186 2218 F,
2202 2173 2273 2208 nisi

1241 2232 1347 2278 quod
1366 2232 1518 2266 sortasse
1544 2231 1694 2267 Arriani
1714 2233 1941 2267 mentionem
1965 2231 2011 2266 de
2025 2243 2092 2265 suo
2116 2230 2270 2276 adjece-

1239 2290 1302 2326 rit.
1319 2291 1425 2325 Certe
1441 2291 1478 2324 in
1494 2290 1657 2336 Epitom.
1675 2290 1841 2324 Athenaei
1852 2290 2028 2324 Arrianus
2039 2301 2114 2323 non
2126 2290 2272 2326 citatur.

1241 2346 1411 2381 Ceterum
1434 2359 1471 2380 v.
1501 2347 1672 2393 Steplian.
1697 2347 1802 2381 Thes.
1823 2359 1857 2381 v,
1880 2345 2027 2394 βλῆχνον
2045 2352 2081 2381 et
2105 2345 2270 2395 βλῆχρον.

1237 2466 1335 2496 quum
1350 2458 1414 2496 jam
1425 2459 1518 2489 altilis
1531 2458 1571 2489 ad
1584 2458 1799 2490 maturitatem
1815 2458 1910 2490 soetus
1926 2458 2136 2499 pervenisset,
2155 2458 2275 2499 rupisse

1237 2509 1324 2540 Jovis
1340 2509 1477 2541 vincula.

1726 2564 1784 2596 32.

1279 2616 1399 2648 Dicitur
1415 2624 1478 2647 non
1497 2617 1600 2648 solum
1618 2617 1766 2657 Πρίηπος,
1785 2616 1839 2648 sed
1854 2616 1950 2647 etiam
1972 2615 2124 2656 Πρίαπος,
2137 2616 2168 2647 et
2181 2615 2273 2656 Πρίε·

1240 2679 1296 2704 πος
1311 2669 1393 2708 apud
1407 2669 1575 2700 Arrianuni
1592 2669 1623 2700 in
1641 2669 1830 2709 Bithynicis,
1847 2668 1901 2700 ubi
1916 2668 2046 2708 Priepus
2058 2668 2222 2708 allegorice
2235 2668 2274 2699 de

1238 2720 1303 2751 sole
1316 2719 1533 2760 intelligendus
1545 2728 1612 2752 esse
1624 2720 1741 2752 dIcitur
1755 2720 1882 2760 propter
1902 2718 2148 2751 foecunditatem.

1726 2777 1785 2808 33.

1282 2829 1387 2860 Solem
1405 2829 1561 2861 Homerus
1576 2829 1637 2860 hoc
1652 2829 1721 2860 loco
1743 2829 1994 2868 juramentorum
2024 2828 2094 2859 fidei
2119 2827 2273 2859 arbitrum

1240 2879 1336 2919 dicit,
1353 2880 1463 2920 utpote
1478 2880 1584 2911 omnia
1605 2880 1833 2919 inspicientem.
1858 2882 1964 2916 Quare
1980 2878 2105 2919 Bithyni
2127 2887 2273 2918 quoque,

1240 2932 1276 2963 ut
1295 2932 1447 2963 Arrianus
1470 2933 1600 2971 narrat,
1626 2932 1753 2972 quando
1774 2932 1844 2963 lites
1865 2931 2100 2971 disceptabant,
2126 2931 2158 2962 in
2174 2930 2272 2962 solem

1241 2985 1384 3015 conversi
1407 2984 1570 3023 sedebant,
1591 2986 1626 3016 ut
1638 2985 1681 3015 sic
1699 2984 1777 3015 deus
1793 2984 1968 3024 inspiceret,

1725 3038 1782 3070 34.

1284 3092 1381 3131 Fungi
1408 3100 1511 3132 neque
1540 3091 1706 3131 vestigium
1731 3090 1966 3130 germinationis
1992 3089 2148 3121 seminalis
2171 3097 2273 3129 neque

1242 3152 1347 3175 semen
1362 3145 1460 3175 ullum
1475 3144 1671 3184 producunt,
1684 3143 1774 3175 sicuti
1786 3142 1880 3174 etiam
1893 3142 1962 3173 aliae
1975 3141 2122 3180 quaedam
2136 3141 2270 3181 plantae;

1243 3204 1316 3226 nam
1325 3195 1409 3235 quod
1418 3195 1457 3226 de
1471 3195 1582 3233 fungis,
1592 3194 1675 3225 idem
1688 3194 1771 3224 valet
1783 3193 1822 3224 de
1832 3193 1943 3224 tubere
1953 3192 2017 3222 sive
2027 3192 2153 3231 geranio
2160 3199 2269 3222 secun·

1243 3247 1319 3277 dum
1336 3247 1520 3284 nonnullos,
1533 3246 1572 3277 de
1583 3246 1681 3277 helice
1692 3247 1722 3277 et
1735 3245 1773 3277 de
1787 3245 1878 3283 lilice,
1893 3252 1987 3284 quam
2002 3244 2143 3274 nonnulli
2158 3242 2269 3275 blach-

1245 3306 1309 3329 ηοη
1330 3298 1454 3336 vocant,
1472 3297 1562 3328 sicuti
1579 3297 1673 3328 etiam
1689 3296 1839 3328 Arrianus
1849 3296 1878 3327 in
1894 3295 2064 3334 Bithynicis
2080 3294 2185 3326 tradit.
