2338 3765
126 161 198 191 468

120 244 188 278 bus
209 241 254 276 ad
284 253 384 275 suam
412 246 548 273 :etatem
579 237 771 272 deduxisse
793 236 950 273 videtur.
971 237 1078 272 Certe
1106 237 1152 271 de

121 300 227 334 Sultae
245 299 355 332 rebus
372 308 489 330 sermo
503 303 553 329 est
568 295 608 329 fr.
631 307 642 328 1
654 295 690 331 8.
704 293 815 339 Quod
830 293 877 328 de
888 295 1052 329 Sertorio
1069 306 1150 327 nar·

124 365 223 392 ratur
258 356 304 391 fr.
335 367 398 401 19,
429 355 611 388 incertum
633 360 682 387 cst
712 359 837 386 utrum
860 352 905 386 ad
940 350 1074 387 meu-ml<
1107 363 1153 385 an

123 415 169 448 ad
188 410 373 460 Ῥιο)μα“ι“κὰ
387 413 432 445 sit
450 410 701 446 referendum.
722 407 754 444 Ἀ
762 407 981 457 ρχαιολογίαν
1002 407 1154 456 (Ρωμαϊ-

122 470 185 515 κὴν
210 472 377 505 nominat
401 469 607 515 Stephanus
624 468 817 514 Byzantius
846 467 912 515 (fr.
939 467 1017 514 15).
1044 466 1155 512 Quod

123 530 187 564 etsi
207 541 275 575 per
292 540 328 562 se
349 527 501 561 minime
525 525 661 572 probat
680 525 726 560 ad
747 525 982 570 antiquitates
998 525 1155 559 maxime

124 589 310 622 Romanas
323 585 456 619 Jubam
477 583 673 618 attendisse
687 611 695 627 ,
710 583 874 629 reliquiae
893 590 1035 626 tamen,
1053 590 1091 616 ut
1108 582 1155 616 ita

124 650 333 683 statuamus,
356 641 592 688 persuadent.
611 641 735 687 Magni
755 640 913 675 ambitus
928 639 1078 674 historia
1093 641 1164 671 non

124 702 252 743 fuerit,
276 712 357 735 nam
376 700 473 734 libro
494 698 657 733 secundo
677 698 752 743 jam
773 711 892 733 sermo
914 705 991 732 erat
1011 697 1056 731 de
1080 698 1155 730 Nu-

125 761 275 795 mantia.
298 759 424 793 Graece
443 770 536 804 opus
555 757 732 803 scriptum
751 768 824 791 esse
845 762 996 790 testatur
1016 755 1156 788 Plutar-

125 818 214 851 chus
227 818 264 850 in
281 817 410 862 Comp.
422 816 550 862 Pelop.
571 827 601 849 c.
615 815 727 848 Mare.
743 812 810 860 (fr.
831 826 870 857 17
886 812 896 859 )
914 812 977 846 ubi
995 824 1003 847 ε
1023 809 1157 858 Ἡμεῖς,

126 876 196 918 ait,
213 871 342 923 Λιὲίῳ,
366 872 517 920 Καίσαρι
538 870 596 907 καὶ
616 870 773 914 Νέπωτι,
792 869 945 906 καὶτῶν
967 867 1158 911 Έλληνι·

127 933 207 968 κῶν
231 933 279 982 τῷ
311 931 446 980 βασιλεῖ
474 928 569 979 '10'th
593 928 812 977 πιστεύομεν.
847 929 951 963 Idem
974 930 1009 962 in
1032 929 1158 962 Caesar.

128 1007 161 1028 e.
183 990 229 1025 55
261 991 394 1025 Jubam
413 989 503 1023 dicit
527 986 560 1030 ἐξ
579 985 754 1037 βαρέάρου
781 985 839 1022 καὶ
856 984 1001 1033 νομάδος
1018 982 1160 1027 Ἑλλή-

127 1062 205 1083 νων
226 1049 295 1088 τοῖς
309 1044 626 1094 πολυμαθεστάτοις
640 1044 819 1094 ἐνάριθμον
834 1042 988 1092 γενέσθαι
1009 1056 1159 1093 συγγρα-

128 1108 239 1156 φεῦσι.
261 1108 350 1151 Quae
375 1105 538 1140 scribens
558 1104 775 1138 Plutarchus
796 1115 910 1149 quum
936 1102 997 1136 vix
1022 1101 1068 1135 de
1087 1114 1160 1135 una

128 1166 385 1199 Romanorum
410 1163 565 1197 historia
600 1162 836 1209 cogitaverit,
866 1167 976 1206 atque
1012 1161 1089 1206 ipse
1117 1171 1160 1193 ex

130 1223 208 1256 aliis
223 1221 326 1256 Jubae
347 1221 450 1254 libris
468 1220 690 1266 deprompta
712 1218 860 1262 asserat,
881 1219 991 1253 etiam
1018 1217 1163 1262 reliqua

130 1281 224 1328 regis
242 1291 355 1326 opera
376 1290 491 1325 graecc
516 1284 660 1311 exarata
683 1276 789 1311 fuisse
815 1275 1050 1310 statuendum
1071 1275 1160 1318 erit,

130 1338 197 1372 nisi
218 1337 421 1383 peculiares
438 1336 598 1369 rationes
618 1333 755 1376 adsint,
778 1346 844 1368 eur
862 1346 978 1367 unum
994 1333 1051 1367 vel
1074 1334 1163 1368 alte-

131 1407 214 1429 rum
230 1394 343 1428 latino
364 1405 534 1427 sermone
551 1393 727 1438 scriptum
747 1392 931 1426 malueris.

182 1454 238 1487 De
256 1455 481 1496 Assyriorum
497 1451 650 1484 historia
663 1477 671 1493 ,
691 1451 728 1484 in
747 1462 818 1496 qua
836 1451 1011 1484 Berosum
1034 1456 1164 1484 auctor

135 1517 279 1546 secutus
297 1516 368 1552 est,
385 1522 462 1543 non
480 1510 599 1543 habeo
618 1508 720 1554 quod
737 1508 873 1543 dicam.

184 1570 227 1604 In
250 1569 376 1614 Libyoe
405 1569 644 1615 descriptione
663 1567 796 1600 Jubam
816 1567 975 1600 Puniens
997 1573 1166 1600 auctores

135 1628 189 1674 (v.
203 1641 233 1663 e.
250 1627 497 1672 Hiempsalem
509 1653 517 1668 ‚
532 1625 578 1659 de
591 1637 665 1671 quo
679 1637 711 1659 v.
728 1622 872 1658 Sallust.
889 1625 928 1659 B.
948 1625 1033 1670 Jug.
1052 1636 1083 1657 c.
1103 1623 1165 1671 17)

133 1686 355 1732 adhibuiSse,
373 1696 487 1730 quum
505 1695 573 1729 per
593 1694 629 1716 se
645 1682 843 1728 probabile
860 1687 925 1724 est,
939 1688 1016 1715 tum
1033 1681 1167 1715 diserte

135 1744 418 1777 testaturAmm.
435 1738 743 1787 Marcellinus(fr.
756 1737 841 1785 29).
857 1736 1035 1772 Praet‘erea
1049 1739 1167 1784 ipsum

137 1812 260 1847 regem
276 1811 346 1833 suae
364 1798 515 1832 ditionis
531 1797 702 1843 regiones
719 1802 753 1830 et
766 1796 956 1842 proximas
973 1795 1169 1843 diligenter

134 1858 329 1893 excussisse
359 1868 403 1891 ex
431 1854 644 1902 fragmentis
673 1854 873 1901 colligitur.
906 1853 1022 1899 Hujus
1055 1854 1168 1901 igitur

136 1917 257 1963 operis
269 1915 413 1961 jactura
429 1926 504 1961 prae
519 1912 648 1947 ceteris
668 1911 842 1946 dolenda.

190 1975 244 2008 De
263 1973 405 2007 Arabia
426 1971 606 2016 terrisque
622 1969 876 2015 adjacentibus
888 1970 1075 2004 volumina
1087 1970 1172 2003 scri-

137 2033 207 2079 psit
220 2031 267 2067 ad
281 2031 411 2066 Caium
431 2030 607 2065 Caesarem
619 2055 628 2072 ,
651 2028 805 2075 Augusti
824 2026 962 2072 filium,
983 2029 1047 2074 qui
1066 2040 1171 2074 expe·

138 2090 317 2123 ditionem
333 2087 542 2122 Parthicam
562 2093 595 2120 et
615 2085 815 2120 Arabicam
833 2086 990 2120 moliens
1004 2085 1082 2131 (an.
1104 2098 1117 2119 1
1139 2097 1170 2121 a.

138 2147 218 2194 C.)‚
240 2147 334 2181 fama
350 2147 427 2192 ejus
454 2151 560 2178 terrae
580 2143 735 2178 ardebat
757 2142 814 2190 (v.
838 2143 881 2177 fr.
904 2141 967 2179 51.
998 2147 1059 2184 44.
1084 2142 1169 2190 46).

141 2204 304 2239 Eandem
337 2203 386 2238 ob
417 2214 560 2237 causam
594 2203 778 2248 Augustus
813 2201 860 2235 ad
890 2200 1174 2235 commentanda

141 2263 263 2296 omnia
282 2263 320 2296 in
341 2260 531 2297 Orientem
551 2260 777 2306 praemiserat
799 2259 1018 2305 Dionysium
1039 2259 1174 2293 Chara-

141 2332 272 2354 cenum
298 2319 363 2363 (fr.
391 2322 437 2359 Δί,
452 2316 477 2367 ).
498 2317 594 2352 Juba
625 2329 714 2350 num
734 2317 811 2363 ipse
831 2317 911 2351 illas
930 2317 1100 2363 regiones
1119 2317 1175 2350 lu-

141 2378 328 2420 straverit,
349 2375 447 2411 haud
476 2376 613 2421 liquet,
635 2375 701 2408 etsi
720 2374 800 2408 veri
819 2386 897 2407 non
916 2374 1081 2408 absimile
1101 2385 1176 2408 esse

142 2435 304 2471 videtur.
328 2432 583 2469 Confidentius
604 2431 830 2465 contendere
850 2431 937 2465 licet
955 2443 1037 2466 euin
1054 2432 1174 2466 multo

143 2492 264 2527 studio
300 2492 518 2538 congessisse
548 2500 778 2535 quaecunque
810 2489 952 2535 priores
982 2490 1179 2536 scriptores

146 2550 235 2584 inde*
246 2549 291 2583 ab
310 2547 507 2583 Alexandri
520 2553 623 2580 aetate
639 2546 684 2580 de
697 2547 816 2592 plagis
829 2547 904 2580 istis
916 2545 1176 2592 prodiderant.

149 2609 364 2653 Fragmenta
391 2605 454 2638 uni
480 2604 657 2638 debemus
677 2604 817 2646 Plinio,
844 2604 907 2649 qui
929 2603 994 2637 lib.
1017 2603 1089 2646 VI,
1114 2616 1176 2647 27,

149 2664 189 2698 31
217 2666 225 2711 ζ
243 2663 289 2697 fr.
311 2662 379 2710 44)
396 2663 434 2695 in
456 2661 705 2707 descriptIOne
729 2661 871 2695 Arabiae
887 2666 1051 2695 secutum
1070 2672 1105 2695 se
1123 2660 1179 2694 di-

148 2723 195 2754 cit
220 2721 353 2755 Jubam
377 2731 502 2766 regem
521 2726 556 2752 ct
577 2731 678 2752 arma
700 2720 880 2753 Romana.
904 2719 1025 2763 Quare
1044 2730 1121 2752 non
1142 2731 1180 2753 ea

149 2786 312 2824 tantum,
336 2778 400 2811 ubi
430 2788 594 2823 expressa
622 2784 675 2810 cst
706 2777 809 2810 Jubae
838 2777 999 2820 mentio,
1023 2775 1087 2810 sed
1112 2777 1181 2811 alia

154 2838 263 2871 etiam
276 2837 436 2882 plurima
454 2847 498 2869 ex
511 2836 645 2868 Nostro
663 2833 807 2869 fluxisse
821 2835 986 2881 putanda
1001 2842 1098 2872 sunt.
1116 2837 1182 2870 La-

151 2895 225 2928 tine
246 2906 339 2940 opus
364 2894 540 2938 scriptum
563 2892 669 2926 fuisse
695 2892 913 2927 Dodvvellus
933 2891 993 2940 (v.
1027 2899 1106 2930 not.
1136 2893 1182 2928 ad

151 2952 195 2987 i'r.
221 2950 292 2998 39)
320 2951 524 2996 suspicatur
544 2956 741 2995 propterea
761 2951 941 2993 maxime,
967 2950 1071 2997 quod
1088 2952 1125 2984 in
1143 2952 1184 2985 iis
1212 2957 1214 2990 ξ

152 3021 232 3056 quae
253 3007 352 3054 apud
384 3008 540 3041 Plinium
571 3006 616 3041 de
638 3008 791 3053 paraplo
813 3008 970 3042 Nearchi
999 3015 1035 3043 et
1055 3009 1182 3043 Onesi-

152 3067 233 3101 criti
254 3078 294 3101 ex
311 3065 407 3099 Juba
428 3064 646 3107 afferuntur,
670 3066 781 3111 spatia
803 3066 1019 3100 Graecorum
1039 3066 1085 3100 ad
1105 3068 1184 3100 Ro-

154 3135 348 3158 manorum
379 3122 547 3156 milliaria
576 3123 645 3155 siut
674 3129 856 3158 revocata.
892 3123 1002 3167 Quod
1033 3123 1183 3169 quidem

155 3188 413 3227 argumentum
434 3187 534 3214 caret
565 3179 744 3226 pondere.
779 3181 867 3213 Nam
901 3193 1015 3226 quum
1050 3182 1187 3216 Plinius

157 3248 338 3273 terrarum
359 3250 545 3272 mensuras
567 3238 810 3283 locorumque
831 3237 1018 3272 distantias
1040 3250 1058 3272 e
1087 3239 1186 3272 Grae-

159 3299 208 3332 cis
228 3296 469 3343 scriptoribus
492 3295 728 3342 depromptas
745 3295 884 3340 ubique
906 3295 976 3329 fere
1000 3296 1044 3329 ad
1066 3308 1187 3342 passus

955 148 1095 185 ,111ssAE
1126 145 1414 185 MAERITANI

1213 237 1401 270 Romanos
1433 232 1637 278 redegerit,
1673 230 1804 277 quidni
1835 230 1932 265 idem
1956 231 1991 264 in
2017 230 2120 265 Juhae
2143 231 2246 265 libris

1215 291 1456 339 excerpendis
1476 291 1598 324 fecisse
1616 288 1828 323 censeatur?

1268 354 1507 396 Quantopere
1537 349 1670 382 'Noster
1701 358 1846 389 rerum,
1870 358 1951 391 quae
1981 345 2027 380 ad
2047 346 2247 381 naturalem

1217 409 1406 442 historiam
1422 407 1620 453 pertinent,
1633 404 1815 438 studiosus
1827 404 1937 437 fuerit
1947 403 2104 438 Arabica
2116 403 2249 439 docent

1215 465 1512 500 luculentissime.
1527 462 1663 497 Iisdem
1682 462 1868 508 peculIare
1889 473 1983 507 opus
1997 460 2246 504 dedicaverat,

1217 522 1435 569 Φυσιόλογα,
1467 522 1518 555 uti
1540 520 1702 564 videtur,
1733 520 1964 566 inscriptum.
1994 519 2114 553 Etiam
2135 518 2182 554 de
2209 532 2250 554 re

1216 582 1348 616 rustica
1365 581 1486 614 nescio
1499 591 1544 613 an
1558 578 1679 624 aliqua
1693 577 1944 623 composuerit
1959 576 1967 623 (
1982 589 2012 611 v.
2026 576 2072 614 fr,
2091 574 2175 624 69).
2191 577 2250 612 Ad

1217 645 1332 673 artem
1353 636 1535 671 medicam
1555 642 1721 681 spectant
1741 635 1855 669 libelli
1873 636 1927 669 De
1951 635 2038 680 opio
2059 642 2096 669 et
2115 634 2162 669 de
2183 646 2251 669 eu—

1217 695 1396 742 phorbia,
1423 693 1523 727 mira?
1555 693 1700 726 virtutis
1725 692 1859 734 herba,
1895 703 2006 737 quam
2038 691 2076 724 in
2106 691 2253 726 Atlante

1217 763 1281 785 rex
1313 752 1368 785 vel
1390 751 1513 797 potius
1533 749 1698 783 medicus
1718 749 1813 795 regis
1842 748 2067 794 Euphorbus
2099 747 2254 796 indaga-

1220 816 1332 844 verat.

1272 869 1327 900 De
1349 875 1428 900 arte
1444 869 1556 913 [ἠρίον
1564 869 1612 907 ia,
1642 866 1696 898 De
1708 865 1910 911 pictoribus
1925 875 2117 910 eorumque
2134 868 2255 911 operi-

1225 927 1290 959 bm-
1301 926 1426 959 mnltis
1441 931 1661 971 exposuerat
1674 922 1938 964 voluminibus,
1956 934 2000 956 ex
2018 922 2153 968 quibus
2165 923 2256 957 nihil

1219 985 1285 1017 nisi
1305 984 1380 1017 (luo
1397 983 1442 1016 de
1464 982 1656 1016 Parrhasio
1673 988 1707 1015 et
1728 981 1937 1027 Polygnoto
1955 979 2158 1027 fragmenta
2171 992 2256 1027 per-

1221 1042 1414 1076 durarunt.
1438 1040 1605 1076 Fortasse
1625 1039 1823 1085 descriptio
1844 1039 2095 1084 pieturarum,
2118 1037 2256 1084 quibus

1223 1100 1449 1145 Polygnotus
1469 1098 1606 1143 aliique
1634 1103 1875 1131 monumenta
1896 1095 2124 1130 Athenarum
2147 1107 2257 1130 orna-

1221 1164 1366 1199 verant,
1391 1158 1428 1190 in
1448 1168 1553 1190 causa
1573 1156 1654 1200 suit,
1675 1167 1741 1189 cur
1760 1155 1920 1189 amicum
1935 1154 2090 1201 Augusti
2112 1154 2259 1188 civitate

1223 1214 1441 1249 donandum
1458 1221 1650 1260 statuaque
1667 1212 1932 1247 honorandum
1950 1218 2127 1258 putarent
2143 1212 2258 1246 Athe-

1227 1274 1382 1308 nienses.
1406 1272 1621 1306 Eorundem
1647 1271 1774 1305 urbem
1806 1271 1922 1305 altero
1943 1270 2037 1304 Juba
2067 1269 2260 1305 illustravit

1224 1343 1350 1377 opere,
1370 1328 1503 1379 ἱστορία
1520 1327 1681 1377 Οεατρική
1697 1330 1886 1375 inscripto.
1902 1328 2078 1374 Reliquiae
2096 1327 2171 1373 ejus
2185 1327 2260 1362 fere

1225 1401 1351 1423 omnes
1370 1396 1453 1422 sunt
1472 1388 1518 1422 de
1539 1388 1791 1422 instrumentis
1807 1387 1955 1421 musicis
1973 1385 2094 1432 deque
2111 1387 2260 1433 generi-

1225 1448 1292 1482 bus
1311 1447 1560 1482 saltationum.
1579 1448 1715 1480 Verum
1740 1445 1786 1479 de
1805 1445 1890 1491 ipsis
1910 1456 2063 1490 quoque
2089 1444 2209 1490 poetis
2226 1451 2263 1478 et

1226 1505 1271 1539 (le
1292 1505 1435 1539 ratione
1456 1516 1529 1550 qua
1549 1510 1766 1550 argumenta
1783 1515 1847 1537 sua
1874 1502 2113 1536 tractaverint
2129 1508 2261 1536 aueto-

1226 1575 1302 1597 rem
1321 1562 1530 1597 disseruisse
1547 1562 1698 1608 colligas
1717 1573 1762 1595 ex
1779 1560 1911 1607 fragm.
1934 1558 1996 1593 33.

1280 1620 1420 1662 Libris,
1447 1619 1585 1665 quibus
1609 1615 1833 1664 Ὁμοιότητες
1854 1618 1983 1652 titulus
2009 1624 2106 1661 erat,
2129 1618 2263 1651 simili-

1228 1677 1394 1721 tudines,
1425 1690 1505 1723 quae
1526 1678 1622 1711 inter
1642 1676 1875 1710 diversorum
1893 1676 2123 1722 populorum
2150 1676 2263 1710 insti—

1229 1742 1306 1770 tuta
1344 1746 1542 1781 moresque
1578 1734 1868 1777 intercesserint,
1902 1733 2169 1768 demonstrasse
2208 1734 2262 1766 vi·

1230 1794 1350 1830 detur.

1283 1853 1324 1886 In
1335 1851 1577 1900 grammatico
1603 1856 1820 1897 argumento
1835 1848 2050 1883 versabatur
2065 1860 2158 1894 opus
2175 1846 2264 1897 Περὶ

1233 1911 1358 1959 φθορᾶς
1377 1906 1521 1951 λέξεως,
1544 1909 1618 1942 sive
1636 1909 1692 1942 De
1713 1907 1956 1953 corruptione
1975 1907 2174 1950 sermonis,
2198 1907 2266 1941 sci-

1232 1968 1318 2001 licet
1334 1967 1456 2014 graeci.
1479 1966 1803 2013 Commemoratur
1820 1964 1981 2010 denique
2001 1964 2021 1998 J
2024 1961 2097 1999 uba
2113 1964 2268 2011 artigra-

1232 2025 1326 2071 phus
1343 2024 1390 2059 de
1407 2024 1518 2058 rebus
1537 2023 1726 2058 nonnullis
1742 2035 1822 2069 quae
1847 2022 1895 2057 ad
1914 2022 2190 2070 grammaticam
2216 2022 2267 2057 la-

1233 2084 1345 2117 tinam
1356 2083 1555 2129 pertinent.
1568 2082 1639 2128 Qui
1653 2093 1769 2127 quum
1779 2081 1891 2115 latine
1899 2081 2097 2127 scripserit,
2107 2092 2127 2115 a
2138 2081 2267 2116 Vossio

1234 2146 1270 2174 et
1289 2140 1423 2174 Sevino
1446 2138 1613 2174 diversus
1630 2150 1705 2172 esse
1723 2150 1742 2172 a
1763 2137 1899 2173 Nostro
1920 2137 2081 2172 videtur.
2103 2138 2271 2172 Fortasse

1234 2203 1451 2231 erraverunt
1466 2197 1536 2230 viri
1558 2196 1773 2230 doctissimi.

1288 2257 1475 2289 Hactenus
1494 2254 1540 2289 de
1568 2252 1782 2303 πολυμαθείᾳ
1809 2254 1984 2288 Varronis
2003 2252 2182 2289 Africani.
2210 2254 2270 2288 Fi-

1237 2313 1321 2347 dem
1352 2312 1428 2358 ejus
1462 2319 1498 2347 et
1530 2313 1788 2346 auctoritatem
1823 2310 1862 2346 in
1888 2312 2012 2345 multis
2039 2311 2271 2358 impugnavit

1237 2371 1419 2417 Didymus
1441 2371 1502 2405 ille
1522 2368 1768 2419 χαλκέντερος,
1791 2370 1807 2404 ὁ
1827 2366 1938 2404 πολλὰ
1956 2366 2091 2418 γράψας
2111 2367 2186 2403 κατ’
2207 2368 2270 2404 αὐ-

1238 2430 1311 2463 τοῦ.
1332 2429 1466 2463 Parum
1484 2428 1555 2462 hoe
1573 2439 1632 2462 me
1659 2435 1850 2471 moveret,
1875 2428 1941 2461 nisi
1967 2426 2158 2461 fatendum
2181 2434 2272 2462 esset

1238 2486 1329 2520 nihil
1352 2498 1412 2521 me
1442 2487 1480 2519 in
1504 2486 1669 2531 reliquiis
1689 2485 1995 2532 deprehendisse,
2022 2484 2127 2530 quod
2151 2485 2272 2519 virum

1238 2544 1376 2591 prodat
1390 2556 1472 2578 cum
1484 2544 1700 2590 multiplicis
1711 2543 1931 2577 eruditionis
1943 2541 2272 2589 copiajungentem

1241 2603 1349 2636 etiam
1365 2601 1662 2647 acumenjudicii
1684 2608 1718 2635 et
1735 2602 1987 2643 severitatem,
2004 2607 2133 2635 eontra
2152 2600 2273 2634 nimiae

1242 2667 1277 2693 et
1303 2661 1407 2694 anilis
1433 2660 1508 2694 sere
1538 2659 1764 2693 credulitatis
1800 2659 1952 2705 vestigia
1984 2664 2035 2692 sat
2067 2656 2275 2704 frequentia

1244 2717 1515 2764 deprehendes.
1539 2718 1627 2762 Quae
1666 2729 1781 2763 quum
1813 2718 1862 2751 ita
1884 2729 1920 2751 se
1949 2715 2126 2760 habeant,
2150 2715 2274 2750 neseio

1243 2787 1399 2820 quanam
1419 2787 1457 2809 re
1476 2775 1543 2809 nisi
1566 2776 1656 2822 regii
1677 2776 1838 2809 nominis
1855 2775 2039 2822 praestigio
2063 2765 2276 2808 Juba'inter

1250 2834 1316 2868 aevi
1340 2834 1392 2867 sui
1410 2833 1657 2880 polyhistores
1672 2834 1878 2868 eminuerit.
