2338 3765
933 139 1260 176 FRAGMENTA.

39 232 106 264 lire
135 236 237 264 tanta
268 231 323 267 vi,
363 236 399 262 ut
430 228 532 261 milla
561 239 662 261 mora
694 228 836 273 pondus
871 230 1066 273 impactum

36 295 190 334 respuat.

518 377 580 419 49·

89 464 226 498 Plinius
251 465 358 508 VIII,
381 476 409 498 s.
436 462 497 507 45,
514 475 551 510 p.
571 462 617 508 78
649 476 656 497 :
675 465 871 498 Hominum
888 474 1067 497 sermones

38 525 177 557 imitari
207 530 243 556 et
273 521 538 557 mantichoram
571 524 607 554 in
637 522 828 568 sEtlziopia
857 529 984 555 auctor
1014 527 1067 554 est

37 580 148 616 Juba.

520 652 582 690 50.

90 746 194 782 Idem
210 747 296 789 XII,
315 758 343 780 s.
375 746 435 788 34,
468 759 505 792 p.
526 745 598 790 273
615 773 623 789 ,
654 745 700 780 de
717 745 875 791 myrrhae
901 744 1035 779 arbore
1055 756 1062 777 :

38 811 182 844 Folium
199 811 324 851 olivas,
343 822 469 843 veram
487 812 653 855 crispius,
673 816 709 842 et
723 810 931 842 aculeatum
940 821 953 850 ;
968 809 996 842 J
995 808 1065 842 uba

35 870 195 904 olas-atri.

521 956 583 991 51.

87 1048 190 1084 Idem
215 1048 311 1092 XII,
349 1060 378 1084 s.
419 1047 481 1091 31,
514 1060 552 1094 p.
586 1060 686 1092 270,
735 1047 782 1083 de
808 1049 926 1083 thuris
953 1048 1063 1082 arbo-

34 1107 137 1142 ribus
164 1118 174 1142 :
199 1106 297 1140 Juba
315 1118 396 1148 rex,
422 1109 466 1140 iis
490 1107 736 1140 voluminibus
753 1119 838 1153 quoe
853 1109 997 1153 scripsit
1016 1107 1069 1140 ad

2084 148 2157 180 479

1126 228 1265 272 reliquo
1279 239 1413 272 genere
1426 228 1584 274 plebeia>
1602 229 1783 265 videntur.
1805 230 1846 273 ὁ)
1858 231 1888 262 ri
1909 236 1943 262 et
1961 229 2057 262 suba
2079 237 2159 262 tra-

1126 292 1275 330 gemata
1297 286 1500 331 appellant.

1613 341 1676 379 55.

1178 433 1282 467 Idem
1311 434 1394 476 XV,
1421 446 1447 467 s.
1480 435 1541 477 28,
1567 447 1605 480 p.
1637 434 1679 473 55
1712 434 1832 470 :Juba
1848 443 2037 471 auctorest
2060 440 2161 482 quin-

1125 502 1330 536 quagenum
1349 491 1548 524 culn'torum
1567 493 1761 526 altitialine
1782 496 1818 526 in
1836 492 1979 527 Arabia
2001 506 2076 527 csse
2094 506 2159 528 eas

1128 547 1137 594 (
1151 546 1344 582 unedones
1363 547 1515 582 arbores
1529 546 1552 590 ).

1617 604 1676 642 56.

1177 693 1282 728 Idem
1306 694 1417 736 XIII,
1449 692 1494 728 52
1511 721 1520 737 ‚
1542 707 1579 740 p.
1599 696 1670 737 314
1693 709 1700 730 :
1717 698 1814 731 Juba
1831 700 1941 733 tradit
1956 703 2050 733 circa
2070 700 2159 734 Tro-

1123 753 1357 799 glodytarum
1392 754 1530 786 insulas
1546 751 1724 797 ¹fruticem
1755 760 1792 789 in
1824 759 1900 791 allo
1931 762 2059 792 vocari
2092 760 2160 792 Isi-

1126 811 1185 844 dis
1197 814 1332 844 criizem
1345 838 1353 854 ‚
1370 812 1521 845 corallio
1536 814 1705 854 similem,
1723 817 1801 848 sine
1806 814 1913 859 soliis
1931 828 1937 850 ς
1954 820 2155 863 proecisum

1127 877 1264 904 mutato
1285 870 1401 903 colore
1429 872 1464 902 in
1488 873 1632 915 nigrum
1654 872 1840 907 durescere
1858 886 1866 907 .·
1896 887 2002 920 quum
2022 876 2150 916 cadat,

1115 925 1267 973 frangi.
1307 929 1416 967 Item,
1459 929 1572 961 alium
1601 931 1663 974 qui
1690 939 1842 964 vocatur
1867 932 2161 979 rbaritobleplza-

1125 996 1205 1026 ron,
1236 982 1428 1028 efficacem
1450 988 1487 1018 in
1508 989 1698 1020 amatoriis
1726 999 1734 1020 .·
1758 988 1950 1033 spatlialia
1970 1001 2011 1022 eo
2023 987 2158 1033 facere

1125 1049 1164 1075 et
1179 1044 1329 1075 monilia
1335 1040 1522 1086 feminas:
1544 1046 1679 1077 sentire
1694 1056 1774 1078 eum
1788 1057 1825 1078 se
1842 1049 1943 1091 capi,
1965 1047 2162 1092 durarique

1125 1111 1253 1133 cornus
1270 1100 1390 1142 modo,
1417 1108 1455 1134 et
1477 1100 1650 1135 hebetare
1671 1105 1785 1135 aciem
1795 1100 1907 1146 ferri.
1936 1104 2074 1147 Quodsi
2093 1102 2162 1147 fi:-

37 1165 81 1201 C.
112 1163 141 1198 C
142 1177 297 1199 cesarem
314 1166 471 1209 Augusti
492 1164 612 1210 filium
633 1165 821 1198 ardentem
829 1163 945 1208 fama
966 1166 1066 1198 Ara—
1115 1154 1292 1201 fellerint
1306 1159 1472 1200 insidioe,
1497 1161 1535 1192 in
1558 1159 1719 1206 lapidem
1739 1161 2005 1206 transfigurari.

36 1224 120 1265 bioe,
157 1223 272 1257 tradit
300 1225 451 1256 contorti
478 1234 554 1256 esse
584 1223 762 1264 caudicis,
798 1226 913 1256 ramis
942 1235 1065 1256 acet-ce

37 1284 197 1315 maxime
204 1281 354 1323 Pontici,
374 1292 516 1314 succum
531 1281 747 1326 amy'gdaloe
761 1282 867 1316 modo
880 1285 1063 1315 emittere:

38 1339 196 1385 talesque
225 1342 263 1372 in
293 1338 494 1373 Carmania
522 1351 720 1385 apparere,
756 1347 795 1373 et
820 1342 856 1373 in
904 1341 1066 1385 -AEgypto

35 1404 136 1430 satas
150 1397 268 1430 studio
285 1397 567 1431 Ptolemoeorum
586 1400 832 1444 regnantium.
849 1397 901 1433 Cf.
921 1398 1066 1432 Solinus

36 1467 68 1489 c.
89 1454 159 1498 33,
177 1467 215 1501 p.
239 1453 299 1496 45.

518 1547 578 1583 52.

88 1640 191 1676 Idem
212 1641 306 1685 XII,
331 1653 359 1678 s,
387 1644 449 1684 4ο,
478 1653 517 1687 p.
539 1641 613 1685 276
631 1652 638 1676 :
660 1642 876 1687 Peregrinos
894 1646 973 1689 ipsa
990 1647 998 1690 (
1013 1655 1062 1677 sc.

37 1702 191 1751 Arabia)
205 1705 293 1736 mire
306 1703 432 1736 odores
447 1710 482 1735 et
500 1703 552 1735 ad
566 1710 708 1736 alteros
719 1706 823 1749 petit.
846 1705 962 1737 Tanta
978 1717 1067 1737 mor-

38 1761 171 1794 talibus
198 1772 344 1793 suarum
373 1771 490 1794 rerum
520 1764 667 1794 satietas
685 1768 756 1803 est,
791 1762 1068 1808 alienarumque

36 1819 235 1855 aviditas...
255 1819 388 1852 Petunt
405 1820 518 1864 igitur
536 1821 571 1851 in
597 1820 629 1852 E
633 1820 781 1863 lsmoeos
796 1820 960 1854 arborem
983 1821 1068 1853 bra—

39 1882 158 1910 tum...
178 1876 314 1909 Petunt
330 1882 364 1908 et
383 1877 418 1908 in
440 1875 644 1909 Carmanos
661 1876 825 1910 arborem
845 1878 1000 1912 strobum
1018 1879 1071 1912 ad

36 1930 189 1977 suffitus,
207 1930 400 1979 perfusam
412 1936 523 1967 vineo
530 1934 682 1979 palmeo
693 1935 938 1970 accendentes.
953 1938 1069 1981 Hujus

36 1991 126 2025 odor
139 1991 237 2024 redit
255 2003 280 2024 a
303 1994 459 2025 cameris
480 1992 533 2024 ad
547 1993 661 2025 solam
680 1994 878 2036 jucundus,
910 1995 977 2028 sed
993 2006 1068 2039 ag-

37 2060 195 2093 gravans
213 2051 350 2095 capita,
375 2051 466 2082 citra
484 2049 645 2083 dolorem
667 2058 800 2086 tamen.
815 2052 891 2085 Hoc
905 2064 1068 2086 somnum

39 2111 150 2153 oegris
169 2115 347 2154 quierunt.
380 2108 446 2141 His
464 2111 687 2142 commerciis
716 2109 881 2143 Carrhas
896 2111 1067 2156 oppidum

38 2177 220 2211 aperuere,
239 2166 335 2211 quod
348 2172 400 2198 est
416 2166 492 2198 illis
505 2166 775 2201 nzmdinatium.
791 2167 886 2199 Inde
903 2168 1068 2201 Gabbam

39 2235 161 2257 omnes
182 2231 307 2269 petere
333 2223 519 2264 solebant,
546 2223 688 2256 dierum
707 2226 837 2268 viginti
868 2227 1008 2267 itinere,
1035 2232 1072 2258 et

39 2281 278 2315 Paloestinam
293 2279 439 2325 *Syriam
454 2292 464 2313 .·
476 2287 604 2326 postea
618 2280 820 2314 Characem
828 2284 905 2328 peti
915 2290 1068 2328 coeptum

40 2350 84 2372 ac
102 2350 216 2384 regna
232 2337 449 2372 Parthorum
469 2350 517 2371 ex
534 2350 578 2371 ea
597 2350 708 2372 caiisa
719 2364 730 2380 ,
754 2347 881 2373 auctor
896 2348 948 2373 est
960 2341 989 2374 J
987 2341 1068 2375 uba.

41 2396 139 2430 Mihi
157 2397 210 2429 ad
230 2397 358 2430 Persas
378 2399 490 2430 etiam
511 2399 612 2442 prius
635 2400 703 2430 ista
724 2405 888 2443 portasse
906 2411 1014 2445 quam
1035 2402 1070 2432 in

41 2453 186 2499 Syriam
217 2460 281 2486 aut
305 2455 503 2499 AEgy’ptum
535 2454 715 2495 videntur,
748 2455 928 2490 Herodoto
962 2465 1062 2497 teste,

41 2513 103 2555 qui
112 2511 222 2545 tradit
235 2512 382 2556 singula
396 2512 512 2545 millia
527 2513 701 2546 talentu'm
720 2512 835 2547 tlzuris
848 2526 1070 2562 annuapen—

41 2570 170 2602 sitasse
186 2569 329 2603 Arabes
345 2567 494 2615 regibus
506 2571 715 2607 Persarum.

522 2661 583 2697 53.

98 2753 201 2788 Idem
215 2755 323 2796 XIII,
346 2767 372 2790 S.
394 2768 427 2800 7,
442 2768 480 2802 p.
500 2755 572 2802 293
593 2768 600 2790 :
619 2757 666 2790 Ec
689 2760 726 2790 in
741 2758 882 2791 Arabia
898 2759 1072 2805 languide

45 2812 167 2845 dulces
197 2813 388 2845 traduntur
425 2825 499 2847 esse
522 2814 667 2859 palma>
695 2826 704 2848 .·
740 2827 948 2862 quanquam
973 2816 1073 2852 ,suba

47 2869 150 2914 apud
166 2868 330 2902 Scenitas
350 2870 490 2903 Arabes
497 2868 661 2916 praefert
676 2872 841 2906 omnibus
857 2876 1064 2920 saporibus,

48 2937 154 2970 quam
170 2934 308 2960 vocant
325 2927 488 2963 Dablan.

531 3001 590 3043 54.

101 3090 205 3125 Idem
221 3092 336 3135 XIII,
355 3104 381 3127 s,
405 3104 441 3138 9,
465 3105 504 3139 p.
524 3093 613 3140 296,
632 3093 678 3128 de
693 3095 862 3140 palmulis
878 3097 1074 3133 Thebaidis

51 3154 87 3181 et
115 3149 258 3183 Arabiae
281 3160 289 3185 ε
320 3149 516 3184 Thebaidis
523 3149 672 3195 fructus
699 3155 882 3199 extemplo
901 3157 936 3187 in
964 3157 1075 3190 cados

51 3207 216 3240 conditur
229 3219 307 3241 cum
326 3210 381 3241 sui
396 3209 538 3243 ardoris
557 3213 683 3243 anima
707 3222 713 3244 :
739 3214 779 3244 ni
799 3215 851 3244 ita
859 3212 951 3257 fiat,
976 3215 1073 3247 cele-

55 3266 312 3310 rite1·e1rspi1·at
326 3277 334 3298 .·
354 3270 610 3313 marcescitque
623 3280 694 3301 non
709 3276 856 3302 retostus
861 3267 998 3312 furnis.
1018 3272 1075 3304 Ea,-

1617 1251 1677 1296 57.

1178 1342 1283 1378 Idem
1313 1343 1434 1386 XXV,
1461 1355 1490 1378 s.
1523 1341 1568 1386 5,
1589 1355 1627 1389 p.
1652 1342 1699 1385 46
1727 1353 1736 1379 :
1762 1344 1813 1377 Et
1827 1345 1926 1378 Juba
1954 1348 1992 1378 in
2023 1346 2165 1378 Arabia

1126 1400 1241 1435 herba,
1257 1408 1460 1435 revocatum
1474 1401 1528 1434 ad
1536 1404 1656 1435 vitam
1673 1401 1856 1436 hominem
1875 1403 2001 1439 tradit.

1615 1492 1678 1530 58.

1179 1586 1285 1620 Idem
1304 1586 1390 1628 XII,
1415 1598 1476 1630 22,
1508 1598 1549 1632 p.
1570 1585 1643 1620 266
1668 1598 1675 1620 :
1698 1586 1870 1631 Ejusdem
1886 1588 2017 1621 insuloe
2035 1586 2134 1635 (Tyli
2153 1586 2164 1634 )

1126 1644 1324 1677 excels-iore
1357 1651 1527 1689 suggestu
1562 1644 1741 1689 lanigeroe
1769 1644 1916 1678 arbores
1946 1645 2023 1679 alio
2052 1645 2157 1679 modo

1127 1714 1234 1748 (suam
1255 1701 1396 1735 Serum.
1420 1702 1486 1735 His
1498 1699 1603 1746 folia
1626 1698 1842 1745 infoecunda
1871 1715 1878 1736 .·
1904 1715 2000 1748 quce,
2025 1706 2065 1736 ni
2084 1706 2156 1736 mi-

1127 1772 1218 1793 nora
1234 1766 1364 1801 essent,
1383 1762 1513 1793 vitium
1524 1767 1698 1805 poterant
1711 1760 1846 1795 videri.
1868 1761 2006 1794 Ferunt
2024 1763 2163 1795 cotonei

1128 1819 1219 1851 mali
1237 1818 1481 1864 amplitudine
1499 1817 1720 1859 cucurbitas,
1760 1830 1844 1864 qua?
1872 1822 2083 1852 maturitate
2102 1831 2162 1852 ru-

1122 1883 1206 1923 ptoe
1223 1876 1418 1909 ostendunt
1447 1876 1631 1921 lanuginis
1656 1877 1770 1922 pilas,
1806 1887 1854 1909 ex
1883 1874 2011 1922 quibus
2044 1884 2162 1910 vestes

1125 1935 1284 1979 pretioso
1304 1933 1411 1966 linteo
1420 1930 1588 1976 faciunt.
1614 1932 1770 1966 Arbores
1799 1941 1934 1966 vocant
1956 1936 2160 1979 gossympi-

1128 2001 1192 2023 nos
1210 1987 1418 2033 :fertiliore
1434 1993 1545 2023 etiam
1564 1991 1653 2035 Tylo
1668 1993 1812 2031 minore,
1834 2003 1917 2036 quie
1933 1991 2048 2024 distat
2062 1991 2162 2025 XM.

1103 2059 1227 2094 -pass.
1258 2047 1356 2080 Juba
1376 2050 1473 2080 circa
1491 2045 1669 2091 fruticem
1701 2049 1892 2095 lanugines
1921 2060 1996 2082 esse
2026 2049 2155 2089 tradit,

1131 2106 1315 2150 linteaque
1333 2117 1379 2138 ea
1404 2105 1547 2138 Indicis
1557 2109 1838 2152 preestantiora.
1863 2107 2016 2140 Arabia?
2041 2114 2161 2139 autem

1129 2162 1289 2203 arbores,
1329 2174 1376 2195 ea:
1404 2162 1531 2207 quibus
1556 2170 1673 2196 vestes
1688 2160 1861 2206 saciant,
1883 2176 1995 2209 cynas
2026 2166 2156 2204 vocari,

1119 2216 1222 2262 solio
1233 2220 1379 2265 palmae
1395 2220 1525 2255 simili.

1616 2281 1679 2329 59.

1184 2373 1289 2408 Idem
1312 2374 1503 2417 XXXIII,
1533 2387 1561 2410 s.
1594 2379 1641 2416 4ο
1676 2386 1684 2410 :
1705 2376 1803 2409 Jaba
1825 2379 1976 2409 minium
2001 2379 2106 2409 nasci
2128 2383 2164 2409 et

1132 2435 1169 2465 in
1191 2431 1394 2466 Carmania
1411 2433 1543 2476 tradit,
1567 2433 1784 2478 Timagenes
1799 2441 1836 2466 et
1852 2437 1888 2466 in
1904 2433 2108 2480 AEdn‘opz'a.

1614 2525 1676 2559 60.

1186 2616 1290 2650 Idem
1322 2617 1442 2659 XXV,
1468 2629 1495 2650 s.
1529 2628 1575 2650 22
1608 2629 1615 2650 :
1642 2616 1925 2651 Sanduraclzam
1952 2627 1988 2652 et
2016 2618 2163 2653 ochram

1131 2675 1159 2708 J
1161 2674 1231 2707 uba
1249 2675 1361 2707 tradit
1378 2678 1415 2707 in
1437 2675 1556 2707 insula
1577 2675 1690 2708 Rubri
1708 2678 1821 2708 maris
1844 2676 1989 2721 Topazo
2008 2681 2122 2711 nasci.

1619 2766 1680 2801 61.

1186 2857 1290 2892 Idem
1308 2858 1490 2900 XXXVI,
1510 2870 1538 2893 s.
1564 2857 1610 2898 46
1642 2870 1649 2890 :
1680 2859 1728 2891 In
1755 2859 1897 2891 Arabia
1923 2872 2060 2905 (suoque
2090 2873 2165 2895 esse

1135 2916 1300 2961 lapidem
1321 2918 1412 2949 vitri
1431 2916 1537 2949 modo
1557 2917 1831 2957 translucidum,
1857 2930 1925 2962 quo
1941 2925 2087 2951 utuntur
2096 2931 2164 2964 pro

1132 2974 1394 3020 specularibus,
1419 2974 1516 3007 suba
1538 2981 1664 3007 auctor
1677 2982 1740 3009 est.

1618 3065 1679 3103 62.

1186 3156 1291 3192 Idem
1324 3158 1528 3200 XXXVII,
1567 3171 1595 3193 s.
1627 3171 1650 3205 9
1684 3169 1692 3194 :
1721 3159 1818 3193 Juba
1862 3166 1987 3192 auctor
2032 3165 2086 3191 est
2127 3164 2164 3190 et

1136 3218 1172 3248 in
1205 3216 1365 3260 quadam
1398 3217 1518 3250 insula
1557 3217 1670 3250 Rubri
1703 3220 1815 3249 maris
1858 3224 1942 3249 ante
1982 3215 2159 3248 Arabiam

1135 3275 1207 3305 sita
1235 3276 1338 3307 nasci
1370 3272 1650 3321 (crystallum)⁷
1671 3286 1754 3319 quie
1781 3276 1922 3309 Necron
1943 3280 2098 3313 vocetury
2125 3279 2161 3306 et
