2289 3728
679 149 1054 264 DINIAS
1120 173 1628 268 ARGIVUS.

149 503 274 538 Dinias
290 500 459 548 Argivus,
475 496 680 548 Ἀργολικῶν
695 506 840 544 auctor,
854 499 1128 547 Agatharchide

100 561 288 606 antiquior
305 558 370 605 (fr.
389 562 409 599 4
425 558 450 605 ),
467 565 529 593 aut
545 558 672 605 paullo
693 565 776 606 post
791 561 945 594 Aratum
959 559 1052 592 vixit
1068 565 1131 592 aut

97 619 223 653 iisdem
239 617 372 664 quibus
392 617 453 650 ille
468 616 713 663 *temporibus
733 614 804 664 (fr.
827 616 886 664 9).
910 617 1038 662 Neque
1057 616 1129 649 hoc

97 677 192 711 adeo
211 675 459 722 improbabile
479 681 544 711 est.
562 675 670 710 Certe
690 674 803 709 facilis
818 673 1049 719 conjectura,
1075 673 1131 709 Di-

95 735 206 778 niam‚
216 746 260 768 ex
271 745 347 779 quo
360 733 406 767 de
416 740 537 768 morte
546 733 725 779 Aristippi
737 733 882 779 tyranni
893 732 1015 778 aliqua
1025 730 1132 765 affert

94 792 312 827 Plutarchus
325 819 336 839 ,
364 790 525 826 eundem
549 802 622 826 esse
649 803 733 825 cum
752 791 879 834 Dinia,
899 801 1011 836 quem
1030 788 1129 823 idem

93 850 311 885 Plutarchus
340 850 378 883 in
407 849 710 884 antecedentibus
738 848 882 883 dixerat
907 846 1128 881 Abantidem

93 908 356 955 Sicyoniorum
392 913 591 953 tyrannum
632 904 931 940 interficiendum
970 916 1127 939 curasse.

93 967 281 1001 Plutarch.
302 968 404 1001 Arat.
421 977 455 1001 c.
476 965 496 999 3
521 977 527 998 :
548 961 747 999 Ἀἕαντίδαν
768 961 829 1010 μὲν
852 963 881 998 οἳ
899 961 976 1012 περὶ
993 959 1130 998 Δεινίαν

92 1022 152 1059 καὶ
166 1020 382 1074 Ἀριστοτέλη
403 1020 622 1069 (Argivum,
644 1022 747 1056 Arati
765 1021 942 1070 amicum)
959 1047 968 1064 ,
984 1018 1040 1055 τὸν
1057 1019 1130 1055 δια-

92 1081 265 1128 λεκτικὸν,
287 1078 428 1116 εἰωθότα
446 1083 515 1121 τοῖς
533 1078 644 1128 λόγοις
664 1079 775 1114 αὐτῶν
796 1077 872 1114 κατ’
896 1075 1024 1127 ἀγορὰν
1047 1091 1129 1126 σχο-

91 1139 261 1183 λαζόντων
279 1137 440 1175 ἑκάστοτε
457 1137 616 1187 παρεῖναι
636 1137 693 1173 καὶ
714 1135 999 1188 συμφιλονεικεῖν,
1017 1134 1130 1184 ἐμὸα-

92 1197 206 1239 λόντες
235 1198 280 1239 εἷς
310 1194 471 1240 τοιαύτην
505 1194 683 1246 διατριῧὴν
713 1194 772 1231 καὶ
803 1193 1130 1246 παρασκευάσαντες

94 1255 293 1300 ἐπιδουλὴν,
308 1254 454 1290 ἀνεῖλον.
474 1255 576 1288 Alios
590 1256 715 1289 Dinias
734 1262 899 1289 recenset
912 1251 1130 1289 Dindorfius

93 1316 132 1349 in
155 1315 282 1362 Steph.
303 1314 408 1348 Thes.
426 1312 490 1348 Gr.
509 1325 536 1349 s,
556 1313 594 1348 h.
615 1326 652 1347 V.

141 1373 406 1419 Argolicorum
421 1382 513 1416 opus
525 1372 760 1418 peramplum
775 1372 813 1405 in
829 1372 954 1418 plures
964 1370 1128 1405 divisum

90 1437 169 1465 erat
197 1436 320 1477 partes
341 1429 415 1463 sive
442 1425 643 1473 Συντάξεις,
667 1429 824 1476 duaeque
852 1428 928 1474 ejus
950 1429 1127 1463 exstitisse

89 1488 265 1522 videntur
275 1486 522 1522 recensiones.
539 1487 685 1521 Etenim
700 1488 739 1521 in
753 1487 798 1524 sr.
817 1486 837 1521 3
854 1488 988 1521 citatur
1002 1487 1129 1521 Dinias

91 1547 126 1582 ἐν
158 1545 186 1583 θ’
218 1548 278 1591 τῆς
304 1543 443 1594 πρώτης
463 1542 670 1590 συντάξεως,
700 1544 867 1586 ἐκδόσεως
888 1543 922 1580 δὲ
952 1542 1124 1593 δευτέρας.

90 1606 213 1641 Prima
237 1603 390 1646 σύνταξις
413 1610 582 1649 tempora
604 1605 784 1651 mythica‚
812 1605 926 1639 altera
948 1604 1125 1638 historica

91 1663 201 1698 fuerit
221 1663 427 1710 complexa.

482 1755 741 1795 ΑΡΓΟΑΙΚΑ.

373 1849 544 1889 ΠΡΩΤΙΙ
576 1846 845 1885 ΣΥΝΤΑΞΙΣ.

404 1944 432 1977 Ε
461 1943 608 1978 LIBRO
635 1941 804 1976 PRIMO.

142 2034 263 2068 Schol.
284 2034 409 2080 Apoll.
432 2034 559 2069 Rhod.
584 2035 620 2068 II
635 2060 645 2080 ,
667 2032 741 2079 789
762 2045 769 2066 :
788 2028 870 2068 ‘'O-ci
888 2028 923 2066 δὲ
942 2028 1017 2070 τοὺς
1044 2030 1124 2066 Πα-

90 2090 260 2140 φλαγόνας
274 2089 438 2133 ὑπέταξεν
457 2089 634 2139 Ἡρακλῆς
647 2094 715 2131 τοῖς
732 2088 810 2138 περὶ
827 2086 939 2125 Λύκον
960 2087 1127 2135 (Marian-

89 2150 275 2195 (lynorum
292 2148 459 2197 regem),
477 2148 606 2198 ἱστορεῖ
624 2146 758 2188 Δεινίας
774 2150 806 2183 ἐν
825 2145 952 2196 πρώτῳ
971 2145 1125 2195 Ἀργολι-

88 2207 154 2241 κῶν
174 2206 232 2242 καὶ
247 2205 500 2251 Ἀσκληπιάδης
514 2208 531 2242 ὃ
551 2204 751 2256 Μυρλεανὸς
769 2206 802 2240 ἐν
819 2203 951 2254 δεκάτῳ
969 2205 1125 2253 Ιίιθυνια·

88 2265 170 2301 κῶν.
193 2267 269 2300 Alia
286 2266 453 2312 quaedam
476 2278 516 2300 ex
542 2265 713 2300 Herculis
740 2264 916 2306 historia,
939 2275 1020 2309 quae
1038 2264 1126 2297 item

88 2323 135 2357 ad
157 2325 319 2369 primum
350 2324 488 2358 librum
513 2322 732 2370 pertinuisse
764 2321 950 2364 videntur,
979 2320 1064 2355 vide
1087 2321 1125 2354 in

90 2382 131 2414 fr.
153 2381 172 2415 5
192 2389 227 2415 ct
247 2382 280 2415 6.

472 2474 743 2531 Aacoticsx.

595 2582 625 2613 1.

132 2663 343 2702 paphlagones
356 2665 395 2695 ab
411 2666 546 2696 Hercule
565 2667 649 2704 Lyco
668 2664 827 2703 subjectos
843 2671 911 2694 esse
927 2662 1034 2694 Dinias
1051 2671 1123 2692 nar-

91 2715 138 2744 rat
161 2713 239 2744 libro
262 2714 363 2753 primo
387 2717 504 2746 Rerum
525 2716 753 2755 Argolicarum,
772 2716 804 2746 et
821 2713 1018 2753 Asclepiades
1038 2715 1122 2752 Myr-

90 2766 198 2796 lranus
213 2765 292 2795 lihro
306 2766 428 2797 decimo
441 2769 559 2798 Rerum
583 2767 832 2806 Bithynicarum.

589 2839 622 2870 2.

135 2913 400 2947 Agamemnonem
430 2919 447 2941 a
477 2911 721 2950 Clytaemnestra
744 2911 947 2941 intersectum
981 2917 1046 2939 csse
1072 2908 1123 2939 die

90 2961 212 2991 decimo
228 2962 320 2992 toruo
332 2963 525 2992 Gainelionis
542 2963 657 2993 mensis
673 2962 776 3001 Argivi
795 2963 963 3001 scriptores
981 2961 1123 2999 tradunt,

91 3014 171 3043 iuter
191 3021 308 3051 cosque
334 3014 438 3043 ninias
462 3014 493 3044 in
512 3015 629 3044 Rerum
650 3013 864 3052 Argolicarum
879 3012 960 3043 libro
973 3012 1119 3050 septimo.

596 3084 627 3115 3.

132 3153 253 3192 Ἄκραν,
269 3156 553 3192 promonlorinm,
563 3154 682 3184 certum
695 3154 852 3192 quendam
864 3154 967 3184 lorum
982 3154 1024 3184 ita
1035 3152 1122 3191 dicit,

90 3211 184 3242 quem
212 3205 355 3234 Pronem
380 3204 390 3242 (
402 3205 690 3243 promontorium)
705 3205 810 3242 Argivi
831 3205 965 3242 vocant,
984 3204 1038 3234 ubi
1061 3206 1122 3234 Da—

91 3263 168 3283 naus
179 3255 248 3293 post
263 3255 442 3286 interfectos
454 3255 575 3294 aegypti
588 3254 829 3292 siliosj¹11lici11m
841 3255 946 3286 subiit.
965 3257 1031 3293 lpse
1041 3254 1123 3284 enim

95 3307 242 3344 1¹Egyplus
264 3309 364 3343 *Argos
381 3307 483 3343 vonit,
500 3307 530 3335 ul
551 3306 644 3336 caulis
659 3306 740 3336 illius
753 3315 859 3345 pst-nas
873 3307 1035 3345 repeteret.
1054 3308 1124 3342 Quo

1477 500 1507 534 E
1534 499 1680 535 LIBRO
1710 499 1929 535 SEPTIMO.

1688 604 1722 627 2.

1243 685 1368 719 Schol.
1395 685 1572 731 Sophocl.
1595 684 1732 719 Electr.
1757 683 1851 728 281,
1876 683 1923 719 ad
1942 684 2056 719 verba
2081 690 2221 730 poetae,

1158 732 1162 812 i
1190 740 1334 791 Εὓροῧσ’
1369 740 1686 790 (Clytaemnestra)
1714 739 1843 786 ἐκείνην
1867 740 2014 792 ἡμέραν,
2043 742 2077 778 ἐν
2101 735 2124 791 ᾗ
2146 740 2223 777 τότε

1195 796 1336 849 Πατέρα
1353 797 1408 834 τὸν
1433 796 1520 845 ἀμὸν
1541 798 1580 834 ἐκ
1597 797 1696 833 δόλου
1718 796 1940 844 κατέκτανεν,
1959 797 2082 848 Ταύτῃ
2102 797 2224 850 χοροὺς

1189 854 1305 900 ἵστησι
1322 855 1380 892 καὶ
1401 856 1621 906 μηλοσφαγεῖ
1635 856 1774 893 Θεοῖσιν
1788 854 1914 904 ἔμμην’
1929 855 2003 907 ἱερὰ
2018 861 2088 899 τοῖς
2108 871 2223 902 σωτη-

1191 914 1287 964 ρίοις]
1307 928 1313 949 :
1334 914 1378 952 Οἱ
1399 912 1587 964 Ἀργολικοὶ
1616 918 1819 963 συγγραφεῖς
1845 913 1887 962 ιγ’
1914 907 1998 949 εἶναί
2019 928 2103 964 φασι
2119 912 2224 962 μηνὸς

1190 973 1414 1021 Γαμηλιῶνος
1429 1001 1439 1020 ,
1455 973 1498 1013 ὡς
1514 970 1648 1012 Δεινίας
1662 972 1695 1007 ἐν
1710 971 1737 1015 ζ’
1753 971 1786 1009 Ἀ
1794 972 1973 1022 ργολικῶν.
1991 975 2047 1008 De
2067 973 2126 1008 die
2147 985 2223 1020 quo

1189 1031 1300 1078 Troja
1317 1038 1423 1079 capta
1437 1031 1492 1074 sit,
1513 1043 1547 1067 V.
1572 1030 1669 1064 infra
1688 1029 1734 1065 fr.
1762 1043 1821 1068 10.

1516 1137 1543 1170 E
1571 1135 1720 1170 LIBRO
1748 1135 1896 1172 NONO.

1691 1238 1724 1275 3.

1240 1338 1362 1375 Schol.
1379 1339 1467 1373 Eur.
1487 1338 1607 1374 Orest.
1628 1337 1699 1373 861
1719 1348 1728 1374 ζ
1748 1335 1876 1388 Ἄκρα
1889 1337 1922 1388 ν]
1937 1337 2038 1381 τόπος
2054 1337 2143 1375 οὕτω
2158 1353 2221 1376 κα·

1186 1392 1368 1443 λούμενος·
1395 1393 1485 1444 λέγει
1513 1393 1548 1431 δὲ
1570 1393 1626 1431 τὸν
1654 1395 1832 1446 Πρῶνα...
1863 1393 1948 1431 ὅπου
1973 1395 2056 1446 φασὶ
2084 1397 2220 1446 πρῶτον

1190 1450 1247 1488 τὸν
1266 1450 1402 1489 Δαναὸν
1424 1451 1511 1501 μετὰ
1525 1450 1669 1489 θάνατον
1685 1454 1766 1489 υἱῶν
1783 1450 1959 1502 Αἷγύπτου
1976 1452 2091 1489 δοῦναι
2110 1452 2220 1496 δίκας,

1191 1508 1302 1551 Αὐτὸς
1320 1508 1385 1560 γὰρ
1406 1511 1423 1546 ὃ
1443 1507 1616 1559 Αἴγυπτος
1634 1503 1717 1555 ἧκεν
1739 1510 1785 1551 εἷς
1804 1507 1923 1561 Ἄργος
1941 1509 2148 1562 τιμωρήσων
2175 1512 2225 1563 τῷ

1189 1566 1290 1619 φόνῳ.
1347 1566 1481 1610 Δαναὸς
1508 1566 1543 1604 δὲ
1569 1567 1689 1616 μαθὼν
1725 1567 1842 1618 ἐξῆγεν
1869 1569 1915 1610 εἷς
1934 1566 2024 1605 ὅπλα
2053 1567 2130 1611 τοὺς
2149 1567 2225 1620 Ἀρ-

1188 1625 1316 1673 γείους,
1335 1623 1424 1662 ἀλλὰ
1443 1624 1596 1675 Λυγκεὺς
1614 1624 1721 1662 πείθει
1743 1625 1854 1675 λόγοις
1873 1626 1976 1662 λῦσαι
1995 1624 2056 1670 τὴν
2081 1625 2221 1677 ἔχθραν.

1190 1683 1261 1721 Καὶ
1274 1685 1462 1720 καθιστῶσι
1475 1681 1638 1725 δικαστὰς
1650 1684 1764 1725 αὐτοῖς
1777 1683 1976 1733 Αἰγυπτίων
1993 1682 2052 1720 καὶ
2066 1682 2224 1735 Ἀργείων

1188 1740 1264 1783 τοὺς
1281 1740 1450 1792 ἀρίστους.
1483 1739 1528 1779 ‘O
1549 1740 1584 1777 δὲ
1602 1739 1705 1783 τόπος
1725 1739 1804 1777 ἔνθα
1823 1743 1844 1786 ἡ
1864 1740 1941 1786 δίκη
1959 1739 2129 1791 συνήχθη,
2146 1739 2225 1790 περὶ

1190 1798 1252 1844 τὴν
1269 1797 1435 1847 μεγίστην
1452 1797 1573 1848 ἄκραν,
1594 1797 1672 1835 ἔνθα
1688 1797 1747 1835 καὶ
1759 1797 1899 1849 Ἴναχος
1915 1798 2038 1841 ἁλίσας
2058 1797 2114 1835 τὸν
2128 1797 2225 1843 λαὸν,

1189 1854 1454 1892 συνεὸούλευσεν
1475 1854 1609 1899 οἰκίζειν
1625 1854 1664 1893 τὸ
1677 1855 1806 1894 πεδίον.
1827 1855 1871 1893 Ὁ
1887 1854 1921 1891 δὲ
1933 1854 2033 1896 τόπος
2048 1853 2081 1896 ἐξ
2096 1854 2223 1891 ἐκείνου

1190 1912 1323 1950 Ἁλιαία
1343 1913 1500 1950 καλεῖται
1533 1915 1554 1958 ἦ
1581 1917 1637 1950 ν’ῧν
1666 1912 1808 1951 εΗλιαία
1838 1913 2018 1963 λεγομένη.
2049 1910 2219 1954 Ἄλλως.

1192 1970 1235 2008 Ἡ
1251 1969 1361 2016 πολλὴ
1379 1970 1457 2014 δόξα
1476 1971 1615 2022 κατέχει
1637 1970 1685 2020 μὴ
1707 1972 1814 2009 ἐλθεῖν
1825 1971 1882 2008 τὸν
1898 1971 2072 2022 Αἴγυπτον
2087 1972 2132 2012 εἷς
2144 1968 2222 2022 Ἄρ·
2246 1999 2251 2001 -

1187 2044 1256 2079 γος,
1268 2028 1423 2081 καθάπερ
1435 2028 1533 2073 ἄλλοι
1544 2031 1581 2066 τέ
1592 2044 1675 2081 φασι
1687 2029 1744 2066 καὶ
1757 2029 1940 2073 Ἑκαταῖος
1950 2028 2089 2081 γράφων
2101 2027 2222 2071 οὕτως·

1155 2113 1159 2153 Ι
1188 2105 1203 2119 «
1222 2086 1267 2125 ‘O
1288 2085 1323 2123 δὲ
1344 2086 1518 2136 Αἴγυπτος
1547 2087 1646 2130 αὐτὸς
1666 2086 1726 2136 μὲν
1752 2089 1814 2125 οὐκ
1832 2082 1932 2133 ἦλθεν
1962 2089 2007 2129 εἷς
2040 2086 2179 2138 Ἄργος.
2204 2105 2218 2119 »

1188 2145 1383 2195 [Φρύνιχος
1397 2144 1432 2181 δὲ
1448 2146 1465 2181 ὁ
1476 2144 1633 2196 τραγικός
1647 2159 1729 2197 φησι
1745 2144 1805 2182 σὺν
1824 2143 2022 2195 Αἰγυπτίοις
2041 2143 2097 2181 τὸν
2117 2143 2222 2194 Αἴγυ-

1188 2218 1270 2239 πτον
1287 2202 1381 2248 ἥκειν
1400 2204 1445 2245 εἷς
1458 2201 1496 2240 Ἄ
1505 2203 1619 2253 ργος.]
1642 2202 1789 2252 Λέγεται
1804 2202 1840 2240 δέ
1854 2218 1903 2245 τις
1924 2204 1958 2239 ἐν
1971 2201 2086 2253 Ἄργει
2105 2201 2222 2253 Πρών,

1187 2260 1271 2297 ὅπου
1291 2260 1484 2304 δικάζουσιν
1504 2261 1667 2312 Ἀργεῖοι.
1686 2260 1834 2311 Ἱστορεῖ
1861 2260 1895 2297 δὲ
1915 2261 1994 2312 περὶ
2017 2263 2076 2297 τοῦ
2095 2260 2222 2311 χωρίου

1187 2318 1321 2360 Δεινίας
1343 2319 1401 2368 [ἐν
1421 2318 1448 2355 0'
1469 2321 1529 2364 τῆς
1544 2318 1682 2369 πρώτης
1697 2317 1905 2364 συντάξεως,
1918 2317 2083 2360 ἐκδόσεως
2097 2317 2132 2355 δὲ
2148 2319 2223 2354 δευ·

1151 2373 1159 2426 j
1188 2375 1329 2427 τέρας,]
1353 2375 1493 2427 γράφων
1513 2375 1635 2418 οὕτως·
1656 2393 1670 2408 «
1687 2374 1835 2426 Ταχέως
1854 2375 1888 2413 δὲ
1912 2375 2149 2426 κυριεύσαντες
2165 2374 2222 2412 τὸν

1183 2489 1345 2526 comperto
1368 2490 1497 2518 Danaus
1512 2488 1672 2518 armatum
1695 2487 1884 2527 Argivorum
1898 2487 2074 2518 exercitum
2087 2486 2222 2518 eductu-

1183 2548 1236 2569 rus
1253 2540 1339 2577 emt,
1358 2539 1412 2570 sed
1434 2539 1549 2578 Lyncei
1574 2538 1720 2578 precibus
1738 2538 1906 2570 adducitur
1919 2540 1955 2570 ut
1967 2538 2072 2570 verbis
2090 2546 2216 2578 compo·

1183 2598 1258 2620 nere
1277 2590 1457 2621 inimicitias
1482 2590 1623 2622 mavelit.
1651 2590 1893 2622 constituuntur
1917 2590 2025 2630 itaque
2041 2590 2078 2621 iis
2101 2589 2223 2629 judices

1183 2641 1400 2680 [Egyptiorinn
1413 2642 1663 2681 Argivorumque
1675 2641 1839 2681 primores.
1855 2644 1958 2674 Locus
1970 2650 2046 2673 vero
2058 2641 2112 2672 uhi
2127 2642 2158 2672 in
2167 2642 2220 2681 ju-

1184 2693 1302 2724 dicium
1321 2695 1556 2732 convenerunt,
1583 2694 1667 2724 circa
1680 2702 1842 2725 summum
1862 2695 1929 2725 erat
1947 2694 2197 2734 promontorium
2211 2717 2220 2732 ,

1184 2744 1237 2774 ubi
1251 2745 1386 2776 Inachus
1405 2745 1480 2776 olim
1502 2745 1656 2784 populum
1673 2753 1864 2784 congregans
1885 2745 2034 2784 (ἁλίσας)
2057 2746 2167 2776 auctor
2191 2744 2221 2775 ei

1183 2795 1322 2834 exstitit,
1346 2797 1382 2826 ut
1408 2805 1462 2835 per
1485 2795 1648 2835 planitiem
1676 2795 1764 2827 sedes
1786 2795 1845 2826 sibi
1862 2795 2003 2839 figerent.
2028 2796 2131 2835 Atque
2147 2795 2220 2826 hinc

1185 2845 1304 2876 Haliaea
1329 2848 1547 2886 nuncupatus,
1568 2855 1666 2885 quam
1689 2855 1747 2877 nos
1765 2846 1830 2885 jam
1857 2847 2008 2877 Heliaeam
2031 2854 2143 2877 vocare
2168 2855 2219 2877 so·

1182 2895 1294 2927 lcmus.
1320 2914 1361 2919 —
1392 2897 1513 2929 Aliter.
1545 2897 1692 2936 vulgaris
1716 2897 1822 2937 opinio
1843 2898 1890 2928 est
1918 2897 2020 2936 ipsum
2049 2898 2218 2936 AEgyptum

1182 2955 1245 2977 non
1268 2948 1389 2979 venisse
1409 2949 1441 2979 in
1455 2948 1632 2987 Argolidem
1643 2948 1835 2987 ‚·11tpraeter
1851 2948 1928 2979 alios
1941 2948 2036 2978 etiam
2051 2949 2220 2979 Hecataeus

1182 2997 1279 3036 dicit;
1304 2999 1347 3030 ita
1360 2999 1444 3030 enim
1470 3000 1564 3031 hahet
1583 3012 1590 3030 :
1611 3012 1626 3025 «
1647 3002 1713 3039 lpse
1737 2998 1866 3038 quidem
1885 3000 2036 3038 AEgyptus
2049 3007 2112 3030 non
2132 2999 2218 3030 venit

1185 3053 1292 3089 Argos.
1312 3063 1326 3077 «
1345 3052 1542 3091 Phrynichus
1556 3060 1632 3083 vcro
1644 3051 1783 3091 tragicus
1796 3053 1967 3091 AEgyptum
1981 3059 2053 3081 cum
2067 3051 2220 3090 AEgyptiis

1184 3102 1281 3139 Argos
1305 3103 1426 3134 venisse
1450 3103 1536 3135 dicit.
1568 3104 1716 3135 Ceterum
1742 3102 1845 3134 celsus
1865 3102 1994 3142 quidam
2019 3102 2050 3133 in
2072 3102 2218 3142 Argolide

1183 3151 1270 3183 locus
1287 3154 1351 3192 est,
1367 3163 1460 3194 quem
1474 3155 1572 3195 πρών,
1586 3154 1875 3194 promontorium.
1895 3154 2026 3191 vocant,
2045 3152 2098 3184 uhi
2115 3152 2217 3192 Argivi
2258 3150 2262 3153 ’

1182 3201 1299 3240 judicia
1314 3204 1441 3236 habent.
1463 3205 1538 3244 Ejus
1555 3205 1660 3236 Dinias
1676 3203 1819 3235 meminit
1833 3204 1864 3235 in
1880 3204 1980 3243 prima
1993 3205 2080 3243 parte
2094 3203 2216 3243 Argoli-

1184 3262 1293 3284 corum
1311 3255 1458 3287 editionis
1479 3255 1626 3287 secundae
1648 3256 1691 3285 ita
1713 3254 1851 3285 scribens
1869 3264 1875 3283 :
1899 3267 1913 3279 κ
1941 3256 2015 3286 Mox
2032 3263 2108 3286 vcro
2126 3254 2215 3294 potiti

1189 3305 1366 3337 Mrlanrhro
1380 3308 1409 3338 et
1424 3307 1600 3338 Cleonictra
1611 3330 1618 3344 ,
1636 3305 1791 3345 lapidibus
1805 3305 1974 3336 obruentes
1988 3314 2040 3336 cos
2053 3305 2216 3339 necarunt.
