2338 3765
961 153 1286 206 FRAGMENTA.

75 237 134 275 καί
147 254 221 275 τινα
238 238 410 288 ἀλάστορα
427 239 460 274 ἐν
480 243 546 280 τοῖς
562 239 661 289 ἰεροῖς
675 237 945 288 ἐγκεκρυμμένον
963 238 1098 274 δίοπτον

75 290 172 334 εἶναι.
198 295 242 334 Ὁ
262 295 296 332 δὲ
326 295 501 346 ἀχθεσθεὶς
528 296 729 346 ἀπεστράφη
758 295 840 346 πρὸς
862 295 1021 343 δυόμενον
1045 295 1101 332 τὸν

71 352 185 397 ἥλιον·
208 352 265 389 καὶ
295 355 326 389 οἱ
353 352 490 400 μάντεις
512 351 599 389 πολὺ
619 354 748 401 μᾶλλον
768 356 866 388 τοῦτο
891 352 1100 389 οἷωνίσαντο.

73 409 245 460 Παρόντες
272 410 306 446 δὲ
332 411 361 446 οἱ
380 410 490 460 φονεῖς
513 410 554 459 (2)
576 409 730 454 ἥσθησαν
748 409 803 446 ἐπὶ
823 408 964 451 τούτοις.
993 409 1037 447 ‘0
1068 409 1101 447 δὲ

72 469 223 516 Καῖσαρ,
247 466 333 503 πολὺ
354 466 505 514 μάλιστα
527 469 592 503 τῶν
613 467 718 517 φίλων
741 465 908 515 δεομένων
930 466 1096 504 ἀναὸαλέ·

71 527 150 561 σθαι
169 524 225 560 τὸν
243 522 406 573 σύλλογον
425 523 554 568 ἐκείνης
573 526 632 568 τῆς
649 523 778 574 ἡμέρας
799 523 854 560 διὰ
874 524 917 560 τὰ
935 524 1101 574 λεγόμενα

72 580 136 618 ὑπὸ
151 583 217 618 τῶν
233 581 399 629 μάντεων,
419 581 574 617 ἐκέλευσε
591 583 631 630 (3)
650 582 708 618 καὶ
723 582 762 626 δὴ
779 585 876 619 τοῦτο
891 583 983 632 δρᾶν.
999 581 1101 632 Ταχὺ

72 639 100 675 δ’
117 640 146 676 οἱ
164 638 331 689 ὑπηρέται
345 639 438 689 αὐτῷ
467 639 658 683 ἐπέστησαν
673 641 856 682 καλοῦντες
872 639 930 676 καὶ
950 639 1103 689 λέγοντες

73 695 124 732 ὅτι
138 695 272 747 πλήρης
288 698 308 740 ἡ
330 695 434 745 βουλὴ
450 694 516 740 εἴη.
542 695 610 732 Καὶ
626 698 643 732 ὃ
660 697 721 744 μὲν
739 698 784 739 εἷς
803 696 879 738 τοὺς
898 696 1013 748 φίλους
1034 696 1103 733 διέ-

72 752 207 804 ὅλεψεν.
238 752 280 791 Ὁ
303 753 338 790 δὲ
358 755 503 804 Βροῦτος
524 754 616 803 αὐτῷ
633 753 735 790 πάλιν
756 753 955 805 παραστὰς,
984 772 998 787 α
1018 752 1101 800 Ἴθι,

72 804 100 847 ιῖ)
118 808 242 859 ἀγαθὲ,
262 810 324 861 ἔφη
338 839 347 856 ,
364 815 432 852 τοῖς
445 810 560 860 λήροις
575 810 701 847 τούτων
718 811 849 862 χαίρειν
873 811 1022 863 φράσας,
1044 811 1102 848 καὶ

74 868 94 904 ἃ
113 867 264 919 Καίσαρί
280 883 315 904 τε
332 866 390 903 καὶ
405 870 445 918 τῇ
461 867 610 918 τοσαύτῃ
628 871 718 919 ἀρχῇ
737 870 871 905 διοικεῖν
889 868 1034 920 πρέπει,
1055 869 1101 918 μὴ

73 924 286 970 ἁναῧοὶλλου,
308 924 417 961 αἴσιον
447 925 565 962 οἰωνὸν
585 925 647 970 τὴν
674 929 816 962 σεαυτοῦ
841 926 964 976 ἀρετὴν
984 927 1103 963 ποιού-

73 996 183 1030 μενος.
207 1000 222 1014 »
246 981 317 1020 Καὶ
339 984 356 1018 ὁ
373 982 434 1031 μὲν
448 986 557 1019 ταῦτα
573 982 807 1033 παραπείθων,
822 985 905 1031 ὁμοῦ
925 986 984 1029 τῆς
998 983 1103 1027 δεξιᾶς

71 1039 258 1088 λαῦόμενος
278 1039 394 1090 (ἐγγὺς
414 1040 441 1076 δ’
466 1034 507 1085 ἦν
528 1039 586 1077 καὶ
605 1040 643 1077 τὸ
669 1040 860 1091 συνέδριον)
885 1035 965 1090 ἦγεν
985 1041 1100 1080 αὐτόν.

73 1096 116 1135 Ὁ
133 1097 167 1133 δὲ
188 1096 302 1134 εἵπετο
317 1101 443 1148 σιωπῇ.
462 1097 624 1136 Εἷσιόντα
640 1097 673 1134 δὲ
695 1098 796 1134 αὐτὸν
817 1100 861 1149 ᾡς
881 1093 966 1135 εἶδεν
980 1101 1001 1144 ἧ
1021 1099 1102 1148 σύγ-

72 1155 215 1200 κλητος,
239 1154 413 1200 ὑπανέστη
441 1157 486 1197 εἰς
504 1158 606 1204 τιμῆς
626 1155 776 1199 ἀξίωσιν.
798 1158 842 1193 Οἱ
864 1155 898 1192 δὲ
925 1155 1103 1205 μέλλοντες

72 1212 280 1263 ἐγχειρήσειν
307 1212 385 1263 περὶ
411 1213 511 1249 αὐτὸν
532 1210 633 1259 ἦσαν.
669 1215 811 1263 Πρῶτος
832 1213 866 1250 δὲ
890 1213 1027 1250 πάντων
1049 1216 1102 1251 ἐπ’

72 1269 173 1306 αὐτὸν
202 1269 339 1307 καθίετο
374 1271 418 1319 (4)
449 1271 593 1312 Τύλλιος
620 1270 776 1321 Κίμὸρος
811 1271 850 1323 (5)
864 1300 875 1320 ,
907 1265 934 1322 ᾧ
965 1270 1101 1322 ἔφευγεν

72 1326 212 1379 ἀδελφὸς
231 1327 438 1375 ἐληλαμένος
456 1328 520 1364 ὑπὸ
542 1327 729 1378 Καίσαρος.
747 1329 807 1366 Ἐν
825 1328 1046 1380 προσχήματι
1062 1331 1101 1375 δὴ

70 1388 129 1422 τοῦ
155 1386 340 1423 ἀντιὲολεῖν
362 1386 462 1423 αὐτὸν
481 1388 634 1436 λιπαρῶς
652 1386 735 1437 ὑπὲρ
756 1390 813 1424 τοῦ
839 1388 984 1438 ἀδελφοῦ
1003 1403 1102 1438 προσ·

74 1442 177 1480 ελθὼν
201 1442 328 1488 ἥπτετο
356 1447 416 1490 τῆς
438 1443 629 1490 ἀναὸολῆς,
656 1444 722 1481 καί·
738 1460 770 1481 τι
795 1444 999 1495 θρασύτερον
1021 1445 1099 1482 εἴσω

70 1500 129 1542 τὰς
147 1506 264 1551 χεῖρας
278 1501 412 1552 ἔχοντος
426 1502 534 1538 ἐδόκει
550 1503 631 1553 δρᾶν
643 1531 653 1548 ,
680 1501 809 1540 ἐκώλυέ
825 1518 879 1548 τε,
898 1504 926 1539 εἷ
948 1502 1102 1553 βούλοιτο

72 1557 272 1595 ἀνίστασθαι
287 1558 345 1596 καὶ
364 1562 438 1602 ταῖς
452 1559 549 1611 χερσὶ
569 1563 734 1610 χρῆσθαι·
750 1560 963 1610 ὀργιζομένου
978 1560 1007 1597 δ’
1026 1563 1102 1598 ἐπι-

71 1619 220 1667 στρεφῶς
235 1617 380 1663 ἐκείνου,
397 1616 495 1668 ἔργου
516 1617 646 1668 εἴχοντο
666 1620 695 1655 οἱ
714 1618 847 1670 ἄνδρες,
866 1618 953 1669 ταχὺ
969 1617 1002 1656 δὲ
1018 1619 1102 1657 πάν·

69 1689 123 1716 τες
152 1674 392 1724 γυμνώσαντες
418 1675 460 1711 τὰ
489 1676 695 1726 ἐγχειρίδια,
722 1676 773 1713 ἐπ’
797 1676 895 1713 αὐτὸν
919 1676 1097 1727 ὥρμησαν.

71 1731 142 1769 Καὶ
159 1735 292 1783 πρῶτος
305 1732 365 1781 μὲν
380 1733 570 1783 Σερουίλιος
582 1733 723 1776 Κάσκας
740 1734 778 1782 (6)
791 1733 879 1770 κατὰ
889 1734 945 1770 τὸν
966 1736 1100 1785 ἀριστε-

72 1789 127 1839 ρὸν
144 1782 237 1837 ὦμον
264 1791 351 1840 ὀρθῷ
377 1791 425 1841 τῷ
446 1789 531 1840 ξίφει
547 1790 640 1826 παίει
663 1791 782 1841 μικρὸν
804 1790 887 1841 ὑπὲρ
909 1789 970 1836 τὴν
991 1792 1098 1840 κλεῖν,

70 1846 214 1883 εὐθύνων
237 1847 289 1882 ἐπ’
318 1845 436 1893 αὐτὴν,
457 1847 706 1898 ταραττόμενος
737 1848 771 1884 δὲ
794 1850 854 1885 οὐκ
873 1849 1023 1894 ἠδυνήθη
1043 1850 1099 1898 (7).

71 1906 211 1954 Καῖσαρ
242 1904 270 1940 δ’
301 1903 424 1950 ἀνέστη
455 1906 495 1954 (S)
524 1907 568 1947 ὡς
594 1905 803 1954 ἀμυνόμενος
829 1906 881 1942 ἐπ’
910 1906 1100 1943 αὖτόν·κα“ι

72 1961 107 2004 ὃς
138 1961 194 1998 τὸν
227 1962 371 2012 ἀδελφὸν
405 1965 468 2014 βοᾷ
496 1961 641 2000 (Ελλάδι
676 1963 811 2012 γλώττῃ
843 1963 908 2000 ὑπὸ
940 1963 1096 2014 θορύδου.

71 2018 115 2057 ‘O
141 2019 168 2056 δ’
198 2019 395 2061 ὑπακούσας
424 2019 542 2071 ἐρείδει
567 2020 605 2057 τὸ
625 2020 715 2071 ξίφος
740 2020 829 2057 κατὰ
858 2024 917 2066 τῆς
936 2022 1099 2071 πλευρᾶς.

70 2077 203 2127 Μικρὸν
220 2077 254 2114 δὲ
271 2077 420 2119 Κάσσιος
435 2076 585 2128 ὑποφθὰς
602 2080 647 2120 εἷς
665 2078 703 2114 τὸ
718 2078 898 2129 πρόσωπον
915 2079 1098 2129 ἐγκαρσίαν

70 2136 163 2185 αὐτῷ
180 2134 316 2184 πληγὴν
338 2135 470 2172 δίδωσι·
493 2136 626 2181 Δέκμος
646 2135 680 2172 δὲ
704 2139 850 2186 Βροῦτος
865 2136 930 2173 ὑπὸ
946 2138 1020 2178 ταῖς
1036 2138 1098 2173 λα-

71 2191 147 2242 γόσι
178 2191 363 2242 διαμπερὲς
394 2192 500 2229 παίει.
537 2191 690 2235 Κάσσιος
722 2193 755 2229 δὲ
787 2196 950 2243 Λογγῖνος
981 2193 1097 2244 ἑτέραν

70 2249 268 2286 ἕπεκδοῦναι
279 2249 414 2299 πληγὴν
429 2249 664 2295 σπεύδων,τοῧ
680 2249 740 2299 μὲν
759 2251 960 2302 ἁμαρτάνει,
974 2251 1100 2301 τυγχά-

69 2321 116 2343 νει
143 2306 175 2342 δὲ
201 2309 261 2352 τῆς
287 2306 433 2356 Μάρκου
454 2306 603 2357 Βρούτου
629 2307 754 2358 χειρός.
781 2308 962 2351 Μινούκιος
989 2310 1030 2358 (9)
1060 2309 1094 2345 δὲ

69 2363 127 2400 καὶ
148 2363 247 2406 αὐτὸς
270 2363 406 2400 τύπτων
440 2364 620 2416 Καίσαρα,
647 2364 739 2401 παίει
763 2365 943 2415 Ῥούτῗριον
971 2370 1016 2408 εἰς
1040 2366 1097 2403 τὸν

71 2420 190 2471 μηρόν.
217 2419 394 2472 Ἔῴκεσοίν
414 2437 451 2458 τε
478 2422 686 2472 μαχομένοις
706 2424 760 2459 ἐπ’
780 2424 888 2473 αὐτῷ.
914 2422 1039 2461 Πίπτει
1064 2422 1097 2460 δὲ

70 2479 134 2515 ὑπὸ
144 2478 291 2524 πλήθους
305 2479 508 2530 τραυμάτων
524 2479 589 2531 πρὸ
604 2483 661 2516 τοῦ
681 2480 866 2529 Πομπηίου
884 2480 1078 2532 ἀνδριάντος
1089 2509 1097 2517 .

70 2535 141 2574 Καὶ
154 2536 260 2578 οὐδεὶς
281 2536 329 2573 ἔτι
343 2536 459 2573 λοιπὸν
476 2532 516 2584 ἦν
530 2537 563 2579 ὃς
578 2537 653 2588 οὐχὶ
671 2538 786 2589 νεκρὸν
801 2538 955 2587 κείμενον
970 2537 1097 2585 ἔπαιεν,

70 2593 160 2636 ὅπως
179 2592 219 2630 ἂν
240 2593 297 2630 καὶ
317 2594 414 2637 αὐτὸς
430 2596 490 2644 (ιο)
513 2595 626 2641 δοκοίη
647 2599 706 2632 τοῦ
731 2595 828 2646 ἔργου
851 2599 1035 2648 συνῆφθαι,
1053 2598 1099 2639 εἷς

70 2650 87 2687 ὃ
107 2651 132 2687 ε’
151 2651 210 2687 καὶ
226 2651 257 2687 λ’
281 2652 338 2701 (ιι)
364 2652 480 2688 λαὸὼν
502 2651 685 2702 τραύματα
707 2653 928 2689 ἀπέπνευσεν.

124 2709 245 2746 XXV.
270 2708 414 2759 Κραυγὴ
446 2708 480 2746 δὲ
508 2709 612 2760 μυρία
636 2710 794 2761 ἐφέρετο,
809 2713 875 2746 τῶν
898 2709 957 2758 μὲν
979 2712 1016 2747 ἐκ
1039 2713 1098 2747 τοῦ

71 2764 245 2816 συνεδρίου
260 2766 432 2816 φυγόντων
448 2768 522 2815 μετ’
541 2767 733 2813 ἐκπλήξεως
745 2797 754 2812 ,
776 2767 848 2805 ὅσοι
869 2769 916 2817 μὴ
939 2774 1096 2819 μετεῖχον

69 2825 127 2859 τοῦ
148 2821 393 2872 βουλεύματος,
409 2823 467 2860 καὶ
487 2824 649 2873 οἰομένων
666 2825 788 2862 αὐτίκα
806 2828 864 2862 καὶ
885 2825 941 2862 ἐπὶ
958 2831 1044 2875 σφᾶς
1060 2825 1099 2861 τὸ

140 2879 148 2891 x
181 2876 233 2893 §clv
333 2882 354 2890 ω

69 2879 173 2915 δεινον
193 2894 296 2925 ηςειν,
309 2895 375 2916 των
388 2881 417 2916 δ’
433 2880 496 2923 ἔξω
511 2882 663 2932 Καίσαρι
675 2881 839 2919 συνόντων
854 2884 893 2931 (ι)
910 2881 1025 2927 πάσης
1038 2883 1099 2918 οἷο-

2108 170 2184 203 415

1166 248 1232 278 tum
1264 249 1293 278 in
1319 250 1399 280 extis
1432 253 1630 284 victimarum
1657 262 1723 286 csse
1749 256 1958 295 perspicuiun.
1990 256 2081 292 Quod
2110 265 2191 296 argre

1166 313 1265 344 serens
1293 317 1397 347 Ca=sar
1422 326 1519 356 quum
1545 319 1583 349 ad
1606 320 1803 351 occidentem
1831 330 1863 352 se
1891 322 1987 353 solem
2012 324 2189 360 averteret,

1164 377 1224 408 hoc
1258 379 1359 418 ipsum
1395 383 1496 414 multo
1521 385 1618 423 magis
1643 386 1821 416 ominosum
1845 395 1911 417 csse
1943 389 2027 418 vates
2054 396 2189 427 angura-

1165 444 1290 476 bantur.
1332 449 1531 480 percussores
1559 452 1727 489 pra-sentos
1758 453 1804 483 liis
1835 454 2042 485 lirtabantur.¹
2071 456 2190 493 Cacsar,

1164 511 1255 542 enixe
1273 512 1452 549 rogantibus
1468 514 1575 544 amicis
1595 517 1629 546 ut
1648 519 1838 548 conventum
1863 518 1893 548 in
1910 519 2002 550 aliam
2027 519 2110 550 diem
2130 520 2190 551 ‹lis-

1165 580 1276 618 serret‚
1294 580 1420 611 tandem
1435 581 1529 612 etiam
1553 583 1654 614 facere
1669 585 1727 615 lioc
1744 570 1959 618 volobatsssffll
1979 588 2088 618 eodem
2108 590 2191 619 tcm-

1165 651 1239 682 pore
1255 647 1439 679 accedentes
1454 650 1646 688 apparitores
1662 652 1692 682 in
1706 653 1843 692 curiam,
1864 663 1935 693 quae
1952 655 2041 694 plena
2061 655 2126 693 jam
2143 664 2190 684 cs-

1164 710 1228 747 set,
1248 711 1406 744 invocant.
1424 715 1668 747 lrlaesitabundus
1682 719 1787 749 Cacsar
1811 720 1919 750 oculos
1936 720 1966 750 in
1983 722 2101 750 amicos
2118 721 2190 751 deti-

1164 779 1218 818 git.
1239 780 1278 810 At
1291 779 1405 811 iterum
1420 782 1546 814 adstans
1562 785 1695 823 Brutus,
1715 799 1729 812 «
1753 789 1815 825 Ago
1826 813 1834 826 ,
1850 788 1969 827 inquit,
1985 798 2003 817 o
2021 789 2118 827 bone,
2131 798 2189 819 nu-

1164 857 1216 885 gas
1232 849 1306 879 istas
1320 849 1424 879 valere
1438 848 1566 887 jubeas3
1588 859 1660 888 qum
1683 852 1839 882 Czrsarem
1865 854 2054 893 tantumque
2079 855 2191 887 decent

1164 912 1331 951 imperinm
1343 937 1351 950 ‚
1364 922 1399 944 ea
1413 914 1548 945 tractare
1561 923 1600 945 ne
1613 914 1757 954 disseras3
1774 917 1908 948 faustum
1922 919 2085 956 augurium
2103 922 2190 951 tuam

1164 974 1221 1005 tibi
1238 974 1318 1005 habe
1333 975 1492 1007 virtutem.
1510 988 1525 1003 ι)
1543 976 1643 1015 quue
1660 977 1863 1015 persuadens,
1878 978 1989 1010 dextra
2003 980 2069 1018 ejus
2083 990 2192 1021 appre-

1164 1035 1278 1074 hensa,
1298 1036 1328 1066 in
1345 1036 1483 1075 curiam,
1513 1046 1584 1076 quae
1607 1037 1637 1067 in
1660 1038 1835 1076 propinquo
1861 1040 1948 1077 erat,
1972 1040 2114 1073 abduxit.
2138 1043 2192 1073 llle

1164 1097 1353 1136 sequebatur
1367 1098 1555 1129 taciturnus.
1571 1098 1801 1136 Ingredientem
1813 1099 1865 1130 ubi
1879 1102 2040 1138 conspexit
2051 1105 2188 1140 senatus,

1163 1158 1362 1190 inhonorem
1387 1158 1453 1197 ejus
1469 1160 1651 1190 assurrexit.
1673 1162 1745 1190 Jam
1765 1168 1894 1190 manum
1914 1161 2030 1192 illaturi
2054 1163 2193 1203 undique

1163 1220 1419 1251 circumstabant.
1451 1220 1576 1251 Primus
1598 1220 1637 1251 ad
1661 1229 1731 1251 eum
1759 1222 1874 1261 prodiit
1896 1222 2019 1253 Tullius
2053 1224 2191 1263 Cimber,

1164 1283 1253 1322 cujus
1268 1283 1396 1314 fratrem
1415 1285 1520 1314 Caesar
1535 1284 1630 1315 exilio
1653 1285 1850 1316 multaverat.
1875 1287 1905 1316 Is
1924 1286 2016 1324 igitur
2031 1288 2119 1325 quasi
2138 1297 2193 1327 pro

1164 1346 1259 1377 fratre
1283 1345 1498 1377 obtestaturus
1525 1346 1688 1384 instanter,
1712 1348 1841 1387 propius
1862 1348 2000 1385 accedit,
2025 1350 2193 1390 togamque

1162 1408 1399 1448 apprehendens
1413 1408 1564 1439 audacius
1578 1409 1695 1448 aliquid
1710 1419 1803 1449 quam
1818 1419 1874 1450 pro
1896 1411 1963 1442 viro
1979 1412 2061 1444 intra
2075 1415 2192 1445 vestem

1164 1481 1276 1503 manus
1294 1472 1476 1503 continente
1498 1472 1597 1503 facere
1623 1473 1802 1512 videbatur,
1820 1475 1917 1513 atque
1940 1476 1984 1506 sic
2007 1476 2194 1516 impediebat

1163 1538 1317 1568 Caesarem
1330 1560 1339 1576 ,
1354 1537 1524 1576 quominus
1536 1561 1544 1576 ‚
1562 1537 1587 1568 si
1604 1538 1708 1575 vellet,
1723 1537 1762 1568 de
1775 1538 1846 1569 sede
1863 1541 2037 1579 assurgeret
2051 1541 2081 1571 et
2095 1542 2193 1573 mani-

1164 1598 1223 1629 bus
1238 1598 1283 1628 uti
1299 1599 1411 1638 posset.
1425 1598 1483 1628 1110
1497 1599 1603 1629 autem
1617 1599 1804 1629 severiorem
1822 1599 1852 1629 in
1872 1600 2002 1631 modum
2020 1601 2171 1633 irascente
2184 1627 2191 1641 ‚

1162 1658 1376 1697 aggredientes
1390 1667 1455 1688 rem
1473 1658 1627 1697 conjurati
1644 1658 1727 1689 illico
1743 1668 1852 1690 omnes
1866 1660 1897 1690 in
1911 1669 1984 1690 eum
2001 1662 2118 1692 strictis
2130 1662 2191 1701 gla-

1162 1721 1254 1751 diolis
1272 1720 1442 1751 irruerunt.
1462 1721 1587 1751 Primus
1601 1721 1753 1752 Servilius
1772 1723 1872 1752 Casca
1889 1723 1973 1753 recto
1988 1723 2070 1753 ferro
2084 1724 2192 1755 hume—

1162 1792 1232 1813 rum
1252 1783 1412 1814 sinistrum
1426 1783 1495 1814 serit
1509 1784 1614 1822 paullo
1631 1792 1724 1822 supra
1737 1784 1901 1823 jugulum,
1919 1785 1950 1815 in
1967 1785 2052 1824 quod
2071 1786 2192 1818 direxe-

1161 1846 1210 1876 rat
1234 1845 1353 1883 ictum,
1377 1846 1431 1877 sed
1457 1854 1522 1884 prae
1550 1846 1786 1885 perturbatione
1807 1846 1955 1878 aberrans
1981 1856 2045 1878 non
2070 1849 2184 1887 tetigit.

1162 1908 1304 1939 Surrexit
1318 1910 1423 1939 Caesar
1444 1907 1628 1939 defensurus
1654 1917 1707 1947 se;
1731 1909 1830 1939 Casca
1847 1918 1922 1940 vero
1948 1910 2075 1941 fratrem
2097 1913 2191 1943 vocat

1161 1971 1265 2010 lingua
1278 1979 1380 2009 graeca
1393 1970 1530 2000 clamans
1543 1970 1583 2000 ob
1596 1970 1782 2000 tumultum.
1798 1971 1936 2002 Audiens
1950 1971 2001 2002 illc
2012 1972 2129 2003 serrum
2145 1973 2193 2004 in-

1161 2032 1225 2071 tigit
1243 2033 1343 2063 lateri.
1372 2032 1551 2063 Paullulum
1575 2033 1773 2063 antevertens
1796 2042 1869 2064 eum
1886 2034 2013 2065 Cassius
2031 2035 2062 2065 in
2080 2036 2190 2067 faciem

1160 2093 1270 2132 infligit
1283 2094 1380 2124 ictum
1396 2095 1622 2124 transversum.
1640 2095 1786 2124 Decimus
1801 2095 1915 2125 Brutus
1928 2095 2042 2134 inguen
2057 2097 2192 2135 perfodit

1160 2157 1296 2196 penitus.
1317 2156 1439 2187 Cassius
1449 2156 1608 2195 Longinus
1627 2156 1761 2187 alterum
1774 2156 1889 2188 addere
1903 2157 2002 2188 ictum
2023 2166 2191 2197 properans

1159 2219 1300 2258 aberrat,
1319 2227 1511 2258 manumque
1526 2218 1627 2257 tangit
1643 2218 1739 2249 Marci
1757 2219 1856 2250 Bruti.
1881 2219 2032 2250 Minutius
2050 2221 2189 2252 Basilus

1158 2281 1231 2311 item
1249 2281 1405 2310 Caesarem
1425 2280 1533 2319 petens
1548 2279 1702 2311 Rubrium
1721 2279 1850 2318 Rufum
1873 2280 1905 2310 in
1923 2281 2039 2312 femore
2055 2282 2186 2312 sauciat.

1159 2345 1355 2374 certantium
1372 2343 1410 2374 de
1424 2352 1460 2373 eo
1479 2343 1662 2382 praebebant
1679 2343 1903 2382 spectaculum.
1926 2344 2064 2375 Tandem
2077 2345 2188 2376 vulne-

1159 2415 1228 2437 rum
1249 2404 1453 2436 multitudine
1479 2404 1615 2435 concidit
1640 2404 1679 2434 ad
1704 2404 1840 2435 statuam
1865 2405 2022 2444 Pompeii;
2048 2414 2106 2436 nec
2124 2407 2189 2444 jam

1158 2469 1324 2508 quisquam
1351 2466 1608 2506 relinquebatur,
1637 2466 1714 2505 quin
1731 2467 1867 2497 exanimi
1888 2466 2069 2506 Jacentique
2090 2468 2188 2499 ictum

1158 2532 1328 2570 ingereret,
1347 2531 1382 2561 ut
1399 2530 1463 2569 ipse
1480 2538 1607 2568 quoque
1623 2529 1778 2569 particeps
1796 2529 1941 2559 facinoris
1955 2529 2048 2560 fuisse
2064 2530 2188 2561 videre-

1158 2594 1222 2631 tur,
1249 2601 1349 2632 usque
1371 2591 1446 2622 dum
1462 2591 1512 2622 ille
1528 2591 1654 2630 triginta
1668 2591 1807 2631 quinque
1824 2591 1985 2622 confectus
2000 2591 2187 2623 vulneribus

1158 2656 1296 2686 animam
1313 2654 1459 2685 estias-et.

1199 2715 1297 2744 XXV.
1326 2712 1452 2743 Clamor
1465 2710 1616 2742 edebatur
1637 2711 1743 2750 ingens
1760 2709 1872 2750 partim
1888 2710 1927 2741 ab
1941 2710 1977 2741 iis
1998 2710 2052 2749 qui
2068 2712 2187 2750 conspi-

1159 2771 1287 2801 rationis
1300 2779 1362 2800 non
1374 2768 1489 2799 conscii
1505 2770 1624 2799 terrore
1638 2768 1770 2807 perculsi
1787 2776 1804 2798 e
1818 2767 1904 2798 curia
1917 2776 1948 2798 se
1962 2768 2185 2807 proripiebant,

1160 2827 1331 2867 etjamj'am
1346 2828 1376 2858 iu
1399 2827 1482 2866 ipsos
1496 2835 1623 2865 quoque
1643 2827 1862 2865 tempestatem
1889 2825 1980 2856 istam
2001 2826 2184 2856 irruituram

1160 2886 1380 2925 opinabantur,
1409 2884 1524 2923 partim
1549 2884 1588 2914 ab
1614 2884 1650 2914 iis
1675 2885 1729 2922 qui
1754 2885 1911 2914 Caesarem
1937 2883 2078 2914 comitati
2105 2884 2186 2915 foras

69 2987 147 3013 -2.
161 2984 277 3024 φονεῖς]
293 2987 406 3024 φρονεῖς
418 2987 489 3016 cod.
507 3003 548 3007 —
559 2990 587 3017 3.
604 2987 762 3027 ἐκέλευσε]
781 2987 874 3017 fuisse
890 2987 1013 3017 videtur
1029 2987 1161 3021 ἐθέλησε.
1176 3002 1217 3007 —-
1231 2988 1258 3015 4.
1277 2982 1454 3022 καθίετο]
1473 2984 1576 3019 καθείη
1592 2983 1700 3014 codex.
1715 2984 1859 3014 Fortasse
1872 2983 1999 3022 praestat
2015 2982 2129 3033 κατῄει.
2143 2998 2185 3003 -

71 3034 100 3060 5.
127 3030 317 3070 Κίμὸρος]
332 3031 458 3071 κίμαρος
485 3031 597 3062 codex.
625 3032 749 3068 Τύλλιος
777 3033 908 3072 Κίμῧρος
935 3032 1092 3062 Plutarch.
1111 3032 1226 3061 caesar.
1255 3034 1293 3060 66
1304 3054 1311 3068 ,
1331 3034 1359 3060 2.
1387 3030 1503 3064 Τίλλιος
1522 3029 1653 3068 Κίμὸρος
1675 3029 1804 3068 Appian.
1831 3031 1876 3067 11,
1908 3031 1975 3059 117.
2005 3028 2061 3058 A1i1
2081 3028 2181 3064 aliter,

70 3083 149 3114 quos
161 3076 233 3107 vide
245 3085 294 3115 ap.
312 3078 414 3107 SturZ.
430 3077 467 3107 ad
482 3078 541 3108 Dio
555 3079 640 3108 Cass.
658 3081 695 3109 44
709 3103 717 3117 ‚
736 3081 802 3109 not.
821 3082 870 3109 98.
892 3096 931 3100 —
945 3083 974 3109 6.
993 3079 1057 3117 μὲν
1084 3077 1302 3114 Σερουίλιος
1320 3075 1496 3115 Κάσκας]
1511 3076 1564 3114 μὲν
1578 3076 1671 3114 χῐλων
1685 3076 1815 3110 κασικὰς
1829 3074 1939 3105 codex.
1954 3092 1994 3096 -
2007 3077 2036 3104 7.
2055 3073 2102 3103 Cf.
2118 3075 2182 3111 Ap·

71 3122 153 3160 plan.
172 3124 198 3152 ll
211 3145 219 3160 ,
236 3125 290 3153 117
310 3132 318 3153 :
336 3123 461 3158 Κάσκας
475 3123 500 3153 δ’
516 3124 646 3162 ἐφεστὼς
662 3125 736 3164 ὑπὲρ
750 3126 878 3164 κεφαλῆς
889 3147 896 3161 ,
911 3125 959 3154 ἐπὶ
976 3125 1028 3160 τὴν
1044 3124 1161 3162 σφαγὴν
1176 3124 1277 3162 ἤρεισε
1290 3125 1407 3161 πρώτος
1420 3130 1426 3137 “
1444 3122 1634 3161 παρολισθὼν
1648 3122 1679 3151 δὲ
1702 3122 1819 3160 ἐνέτεμε
1831 3121 1865 3151 τὸ
1883 3121 2000 3156 στῆθος.
2016 3118 2175 3148 Plutarch.

71 3170 129 3204 66,
152 3171 169 3197 2
185 3176 192 3197 ;
212 3171 331 3206 πρῶτος
347 3168 378 3198 δὲ
401 3169 526 3204 Κάσκας
541 3168 613 3207 ξίφει
639 3169 721 3199 παίει
737 3170 820 3208 παρὰ
838 3170 888 3199 τὸν
908 3170 1021 3208 αὐχένα
1036 3170 1153 3208 πληγὴν
1174 3170 1209 3199 οὐ
1228 3168 1431 3207 θανατηφόρον
1447 3169 1515 3198 οὐδὲ
1533 3169 1654 3207 βαρεῖαν
1665 3191 1673 3205 ,
1691 3167 1754 3197 ἀλλ’
1768 3191 1776 3205 ,
1794 3169 1834 3201 ὡς
1851 3166 1930 3199 εἰκὸς
1941 3189 1948 3202 ,
1965 3165 1994 3194 ἐν
2018 3164 2094 3201 ἀρχῇ
2111 3164 2179 3192 τολ-

72 3212 208 3251 μήματος
230 3213 362 3252 μεγάλου
383 3214 553 3253 ταραχθείς.
571 3232 612 3237 -
625 3218 654 3246 ὃ.
679 3215 848 3254 ἀνέστη]
863 3215 979 3246 ἀνέστει
994 3215 1064 3246 cod.
1079 3233 1108 3238 —
1131 3219 1161 3247 9.
1178 3217 1206 3245 Μ
1217 3214 1406 3254 ινούκιος]
1422 3214 1577 3253 μαυνίκιος
1596 3213 1706 3244 codex.
1727 3232 1765 3239 -—
1783 3216 1829 3244 10.
1846 3212 1918 3242 αυτ
1929 3210 1985 3249 ὸς]
2002 3209 2087 3243 οὗτος
2106 3207 2176 3238 cod.

72 3274 113 3280 --
137 3261 183 3288 11.
201 3258 221 3289 ε’
247 3260 315 3289 καὶ
341 3258 386 3299 λ’]
410 3260 520 3299 reliqui
538 3260 705 3299 scriptores
722 3265 758 3291 23
776 3261 905 3291 vulnera
920 3263 1104 3291 memorant.

112 3304 209 3334 XXV.
239 3307 263 3334 l.
288 3304 418 3344 Appian.
439 3307 463 3336 ll
477 3328 485 3344 ‚
508 3309 562 3336 118
580 3317 588 3337 3
608 3307 642 3336 Αἱ
662 3307 782 3342 πλέονες
803 3306 957 3346 ἀρχαὶκαὶ
973 3307 1179 3346 πολὺςὸμιλος
1201 3306 1286 3341 ἄλλος
1302 3306 1401 3336 ἀστῶν
1425 3308 1475 3336 καὶ
1491 3306 1578 3341 ξένων
1593 3306 1643 3335 καὶ
1658 3304 1751 3337 πολὺς
1772 3301 1908 3341 θεράπων
1927 3299 1976 3330 mi
1997 3297 2176 3336 ἐξὲλίύθέρῡς
