2289 3728
707 145 954 183 HEGESIAN
963 147 987 182 Α
995 147 1114 184 CTES
1144 147 1470 186 FRAGMENTA.

442 263 648 300 TPSMKA.

537 359 564 382 1.

87 432 300 466 Parthenius
320 433 421 466 Erot.
445 446 476 468 c.
505 435 522 472 l,

33 493 82 536 ρεῖ
102 486 287 537 Νίκανδρος
308 490 341 523 ἐν
355 489 402 538 τῷ
421 489 506 535 Περὶ
525 490 673 532 ποιητῶν
688 487 746 523 καὶ
767 487 931 538 Κεφάλων
948 491 963 524 ὃ
980 490 1063 539 Γερ-

31 546 134 594 γίθιος
151 547 183 582 ἐν
201 545 378 595 Ἰ”ριι>ικοῖς.
394 547 403 592 )
426 543 640 593 Ἀλέξανδρος
658 546 674 580 ὅ
703 544 862 594 Πριάμου
891 547 1061 595 βουκολῶν

549 444 555 466 ;
579 429 689 479 Περὶ
710 429 909 474 Οἰνώνης.
935 429 1061 478 (Ἱστο-

32 601 121 639 κατὰ
141 602 201 647 τὴν
221 600 318 647 Ἴδην
338 601 470 652 ἠράσθη
491 605 551 646 τῆς
573 601 745 652 Κεὸρῆνος
762 603 926 652 θυγατρὸς
945 603 1061 641 Οἰνώ-

32 675 110 705 νης·
129 660 265 709 λέγεται
287 659 321 696 δὲ
348 658 475 703 ταύτην
497 658 535 695 ἔκ
560 675 618 696 του
643 662 726 696 θεῶν
747 661 979 710 κατεχομένην
1007 664 1060 697 Οε-

32 718 160 761 σπίζειν
181 717 258 768 περὶ
275 720 340 754 τῶν
362 717 553 766 μελλόντων
567 745 577 765 ,
598 717 656 753 καὶ
678 717 788 758 ἄλλως
809 718 842 754 δὲ
862 719 916 755 ἐπὶ
932 718 1063 755 συνέσει

33 779 160 827 φρενῶν
190 775 246 812 ἐπὶ
278 775 366 824 μέγα
399 774 655 820 διαὸεὸοῆσθαι.
690 775 733 813 Ο
763 770 818 813 οῧν
849 776 1062 828 Ἀλέξανδρος

33 833 139 878 αὐτὴν
169 833 378 882 ἀγαγόμενος
406 832 501 883 παρὰ
532 849 591 870 του
615 832 740 882 πατρὸς
774 835 820 875 εἷς
850 833 911 878 τὴν
946 832 1062 880 Ἴδην,

32 890 116 928 σ’που
147 892 239 927 αὐτι)
269 893 299 927 οἱ
331 892 476 939 σταθμοι
503 895 608 936 ἦσαν,
631 894 701 940 εἶχε
725 897 869 941 γυναῖκα
890 908 947 929 και
977 894 1038 929 αὐτ
1028 897 1061 942 J,·

33 948 335 1000 φιλοφρονούμενος
351 950 527 998 υηδαμᾶ“Ιι
532 950 646 998 *προλ
640 949 752 1000 είφειν
765 978 774 994 ,
789 950 822 985 ἐν
837 950 1062 1001 περισσοτέρᾳ

32 1022 69 1043 τε
88 1009 170 1056 τιμῇ
193 1005 280 1048 ἄξειν
292 1021 299 1028 ·
317 1020 337 1050 η
355 1005 389 1042 δὲ
410 1007 557 1041 συνιέναι
574 1005 634 1052 μὲν
650 1005 813 1053 ἔφασκεν,
836 1007 880 1047 εἷς
900 1007 937 1043 τὸ
954 1008 1062 1058 παρὸν

32 1067 76 1106 ὡς
97 1063 135 1108 δὴ
160 1063 249 1099 πάνυ
276 1064 380 1107 αὐτῆς
406 1062 513 1113 ἐρῴη,
533 1062 652 1113 χρόνον
684 1063 798 1111 μέντοι
826 1064 902 1099 τινὰ
922 1065 1062 1113 γενήσε-

33 1125 129 1166 σθαι,
144 1114 219 1171 ἐνῷ
239 1120 438 1164 ἀπαλλάξας
458 1119 562 1166 αὐτὴν
578 1122 622 1162 εἷς
642 1119 703 1165 τὴν
711 1120 892 1193 γΕὐρώπην
913 1137 1063 1172 περαιω·

32 1177 171 1222 θήσεται
192 1181 293 1214 κάκεῖ
309 1178 443 1223 πτοηθε
439 1194 463 1219 ις
481 1177 536 1214 επὶ
557 1193 690 1227 γυναινι
711 1178 783 1227 ξένη
808 1179 957 1227 πόλεμον
979 1180 1061 1216 ἐπάν

33 1235 124 1278 ξεται
153 1238 220 1277 τοῖς
239 1235 385 1277 οἰκείοις.
416 1234 633 1306 Ἔξηγεῖτο
616 1251 649 1271 οε
670 1252 714 1277 ως
743 1237 792 1271 δεῖ
822 1236 923 1272 αὐτὸν
950 1248 983 1272 εν
1015 1239 1062 1273 τῶ

32 1292 115 1329 πολε
121 1309 174 1343 uo)
194 1296 363 1343 τρωῡῆναι
379 1322 389 1341 ,
418 1307 477 1329 και
496 1292 547 1329 ότι
567 1293 672 1334 οὐδεὶς
698 1294 798 1329 αὐτὸν
820 1287 886 1335 οἷός
904 1309 940 1330 τε
967 1293 1063 1331 ἔσται

32 1353 110 1399 υγιῆ
127 1353 268 1395 ποιῆσαι
284 1349 305 1394 ἢ
326 1349 426 1393 αὐτή.
447 1349 672 1387 Ἑκάστοτε
655 1350 689 1387 οὲ
704 1351 946 1400 επιλεγομένης
961 1352 1064 1396 αὐτῆς

33 1410 156 1451 ἐκεῖνος
170 1410 228 1445 οὐκ
243 1407 295 1445 εἴα
308 1411 517 1456 μεμνῆσθαι.
535 1407 669 1458 Χρόνου
685 1408 719 1445 δὲ
733 1409 929 1459 προϊόντος,
946 1409 1062 1455 ἐπειδὴ

33 1465 176 1512 Ἑλένην
203 1466 352 1516 ἔγημεν,
372 1469 393 1511 ἡ
416 1466 476 1515 μὲν
497 1465 633 1512 Οἰνώνη
658 1467 861 1518 μεμφομένη
890 1470 956 1505 τῶν
980 1483 1064 1519 πρα-

32 1524 180 1575 χθέντων
195 1524 250 1561 τὸν
263 1523 477 1575 Ἀλέξανδρον
492 1526 537 1566 εἷς
554 1524 726 1576 Κεὸρῆνα,
739 1524 812 1562 ὅθεν
826 1541 889 1577 περ
904 1520 943 1572 ἦν
958 1526 1063 1575 γένος,

34 1582 276 1633 ἀπεχώρησεν,
293 1584 310 1619 ὃ
330 1583 365 1619 δὲ
382 1582 594 1632 παρήκοντος
613 1583 678 1629 ἤδη
699 1586 757 1619 τοῦ
777 1583 928 1654 πολέμου
946 1585 1061 1620 διατο-

33 1638 206 1688 ξευόμενος
223 1639 425 1690 Φιλοκτήτῃ
441 1638 678 1688 τιτρώσκεται.
699 1640 759 1678 Ἐν
775 1656 822 1677 νω
841 1640 874 1677 δὲ
890 1640 1008 1677 λαὸὼν
1026 1641 1063 1677 τὸ

33 1700 92 1743 τῆς
114 1697 302 1743 Οἰνώνης
285 1713 386 1746 επος,
407 1698 462 1734 ὅτε
487 1697 590 1748 ἔφατο
614 1698 715 1734 αὐτὸν
735 1698 818 1751 πρὸς
840 1700 942 1743 αὐτη(
959 1698 1063 1748 μόνης

33 1749 101 1792 οἶόν
132 1771 168 1792 τε
202 1759 288 1792 εἶναι
322 1757 475 1800 ἰαθηναι,
510 1771 644 1806 κηρυκα
677 1755 807 1804 πέμπει
841 1756 1062 1805 δεησόμενον,

33 1812 124 1855 ὅπως
143 1815 339 1864 επειχθεῖσα
369 1813 534 1859 ἀκεσηταί
554 1828 589 1850 τε
609 1814 708 1850 αὐτὸν
729 1814 786 1850 καὶ
804 1817 870 1850 των
896 1829 1059 1865 παροιχο-

33 1870 144 1920 μένων
175 1871 280 1916 λήθην
300 1870 504 1916 ποιήσηται,
526 1870 585 1908 ἅτε
606 1871 646 1915 δὴ
672 1870 761 1908 κατὰ
787 1874 869 1908 θεῶν
900 1871 1060 1922 βούλησίν

32 1944 71 1979 γε
91 1928 322 1979 ἀφικομένων·
341 1932 362 1974 ἡ
382 1928 416 1965 δὲ
434 1927 678 1980 αὐθαδέστερον
695 1930 917 1980 ἀπεκρίνατο,
932 1933 977 1971 ὡς
993 1929 1060 1980 χρὴ

451 2046 648 2084 TROICA.

77 2183 123 2212 De
147 2181 286 2211 OEnone.
310 2180 441 2219 (Narrat
457 2180 611 2211 Nicander
626 2181 658 2211 in
678 2181 758 2212 libro
775 2183 820 2212 De
841 2181 940 2221 poetis
955 2182 986 2212 et
1008 2182 1066 2212 Ce-

35 2231 148 2271 phalon
166 2230 345 2270 Gergithius
366 2231 397 2261 in
415 2231 565 2270 Troicis.)
591 2232 769 2263 Alexander
795 2232 909 2263 Priami
933 2233 1016 2263 tilius
1038 2233 1066 2262 in

36 2282 89 2313 lda
103 2282 198 2313 boves
209 2290 338 2321 pascens
357 2282 506 2313 Cebrenis
519 2282 613 2313 tiliam
634 2283 760 2314 amabat
773 2285 932 2315 OEnonen.
948 2284 1069 2315 Dicitur

34 2335 139 2364 autem
157 2333 238 2363 hanc
263 2333 393 2364 numine
415 2335 591 2373 correptam
609 2334 716 2364 futura
738 2334 908 2373 praedicere
924 2335 1066 2374 solitam,

32 2386 129 2423 atque
139 2383 255 2422 alioqui
270 2383 365 2414 etiam
375 2383 416 2414 ob
429 2383 617 2423 singularem
631 2384 727 2414 animi
739 2385 936 2423 prudentiam
952 2385 1068 2424 ubique

36 2434 138 2473 magni
155 2433 288 2464 nominis
303 2435 404 2465 fuisse.
419 2435 596 2466 Alexander
611 2435 704 2474 igitur
717 2435 885 2466 abductam
899 2445 967 2466 eam
981 2444 998 2466 a
1015 2445 1068 2475 pa-

36 2486 123 2517 rente
134 2487 164 2516 in
179 2485 264 2516 idam
275 2510 284 2524 ‚
301 2486 355 2516 ubi
366 2487 478 2517 stativa
488 2495 543 2517 sua
555 2488 719 2526 posuerat,
741 2496 871 2518 uxorem
887 2487 1023 2519 habebat
1037 2491 1068 2520 et

35 2540 175 2568 amanter
188 2538 215 2568 ei
233 2537 426 2578 [pollicitus
437 2538 503 2578 est]
519 2548 551 2569 se
565 2548 727 2578 nunquam
743 2539 842 2578 ipsam
857 2540 1066 2578 deserturam,

35 2587 88 2618 sed
102 2588 132 2618 in
143 2596 267 2618 summo
286 2588 404 2618 honore
414 2588 595 2619 habiturum
613 2598 689 2619 esse.
710 2589 765 2619 llla
777 2598 851 2620 vero
862 2590 942 2621 dixit
958 2591 1067 2622 iutelli-

36 2647 107 2678 gere
129 2647 162 2669 se
178 2647 262 2669 nunc
278 2639 404 2678 quidem
429 2640 526 2678 ipsam
548 2639 587 2669 ab
609 2649 647 2670 eo
672 2640 874 2671 vehementer
897 2644 1015 2681 amari,
1037 2645 1068 2673 at

37 2691 160 2729 tempus
168 2690 310 2720 futurum
326 2698 408 2728 esse,
423 2699 506 2729 quo,
521 2690 585 2729 ipsa
598 2691 756 2729 neglecta,
772 2692 802 2721 in
816 2694 972 2731 Europam
989 2695 1069 2724 ess‹t

38 2741 236 2780 trajecturus,
247 2741 300 2772 ubi
311 2750 417 2772 amore
427 2743 596 2781 peregrinae
606 2743 747 2773 mulieris
759 2743 939 2783 implicitus
949 2745 1066 2775 bellum

32 2791 169 2830 propriae
186 2791 263 2830 pati
257 2801 294 2822 1ae
307 2791 493 2822 inducturus
505 2795 596 2823 esset.
613 2794 829 2834 Exposuitque
842 2796 976 2834 amplius
992 2805 1067 2835 qno-

38 2843 131 2874 modo
158 2843 300 2874 futurum
317 2845 415 2881 esset,
441 2845 478 2874 ut
502 2844 534 2874 in
560 2844 643 2875 bello
668 2846 826 2876 saucietur
850 2848 882 2877 et
906 2856 924 2877 a
945 2848 1069 2878 nemine

38 2895 139 2925 sanai-i
157 2895 253 2934 possit
268 2895 324 2925 nisi
339 2895 378 2925 ab
393 2895 468 2934 ipsa.
488 2898 562 2926 Haec
578 2897 635 2927 etsi
655 2898 767 2936 quavis
780 2898 944 2929 occasione
958 2899 1069 2929 mulier

39 2947 210 2984 repeteret,
231 2946 283 2976 ille
300 2947 406 2977 tamen
430 2942 570 2976 animum
596 2956 658 2977 non
680 2948 951 2980 animadvertebat
966 2959 1069 2989 neque

39 2997 159 3028 sinebat
192 2998 260 3036 ejus
286 2998 330 3029 rei
356 2998 545 3029 meminisse.
583 3000 745 3038 Temporis
772 3002 878 3031 autem
908 3010 1067 3041 progressu

40 3055 138 3085 quum
162 3048 310 3078 Helenam
327 3057 460 3078 uxorem
477 3048 634 3086 duxisset,
654 3052 780 3082 OEnone
798 3051 958 3090 indignata
977 3053 1017 3082 ob
1032 3061 1068 3083 ca

40 3106 110 3136 quae
124 3097 240 3128 fecerat
255 3098 441 3137 Alexander,
457 3099 496 3130 ad
511 3100 683 3131 Cebrenem
693 3124 702 3140 ,
716 3100 800 3131 unde
813 3110 908 3140 genus
922 3103 1067 3142 ducebat,

40 3157 164 3180 reversa
189 3151 246 3180 est.
273 3150 329 3181 Ille
352 3159 445 3189 vero,
472 3160 572 3190 quum
598 3152 716 3182 bellum
732 3152 797 3191 jam
821 3156 1068 3193 supervenisset,

38 3199 142 3238 jaculo
158 3209 176 3231 a
201 3200 375 3232 Philocteta
401 3202 537 3241 petitus,
554 3203 736 3234 vulneratur
772 3205 851 3234 Tum
875 3204 906 3235 in
929 3206 1066 3238 animum

42 3251 194 3282 revocatis
208 3253 348 3283 OEnones
368 3252 488 3291 verbis,
507 3253 621 3293 quibus
635 3254 756 3285 dixerat
769 3255 808 3285 ab
831 3255 895 3293 ipsa
911 3257 977 3287 sola
993 3266 1064 3289 eum

43 3310 130 3343 posse
155 3303 274 3341 sanari,
297 3311 472 3342 praeconem
499 3304 595 3335 mittit
613 3306 796 3343 oraturum,
817 3307 851 3336 ut
868 3309 1010 3340 accurrat
1033 3318 1067 3339 ac

2094 154 2142 183 69

1230 233 1375 279 Ἑλένην
1407 235 1505 271 αὐτὸν
1537 235 1621 270 ἱέναι
1651 233 1806 279 κάκείνης
1836 233 1982 277 Reicitur,
2004 233 2088 278 αὐτὴ
2112 233 2144 269 ἀὲ

1123 290 1273 335 μάλιστα
1303 291 1480 340 ἠπείγετο,
1511 292 1587 328 ἔνθα
1608 291 1648 336 δὴ
1677 290 1847 328 ἐπέπυστο
1879 293 2011 327 κεισθαι
2032 306 2145 328 αυτον.

1121 233 1201 283 παρ’

1124 348 1192 382 Ιοῧ
1211 346 1244 382 δὲ
1266 362 1411 395 κηρυκος
1426 347 1468 385 τὰ
1483 349 1645 399 λεχθέντα
1666 348 1761 399 παρὰ
1780 364 1837 393 τῖς
1854 348 2007 393 Οἰνώνης
2027 352 2147 385 θαττον

1123 403 1393 451 ἀπαγγείλαντος
1427 407 1603 452 ἀθυμήσας
1637 409 1654 441 ὁ
1687 406 1898 456 Αλέξανδρος
1932 405 2146 449 ἐξέπνευσεν,

1124 459 1260 505 Οἰνώνη
1283 460 1335 505 δὲ,
1354 462 1425 497 ἐπεὶ
1445 462 1540 498 νέκυν
1560 463 1624 508 ἤδη
1647 462 1735 500 κατὰ
1751 467 1811 511 γῆς
1832 463 1984 511 κείμενον
2004 465 2147 500 ἐλθοῦσα

1122 516 1208 562 ἴδεν,
1231 517 1373 568 ἀνώμωξ
1377 533 1409 553 εν
1426 533 1461 554 τε
1482 534 1538 555 και
1554 520 1664 556 mm&
1687 520 1989 572 κατολοφυραμέντ,
2011 521 2147 572 &esp-e,-

1122 590 1205 611 σατο
1220 575 1356 620 ἑαυτήν.
1379 578 1512 611 Misi-'01
1507 592 1523 610 ι
1518 591 1573 611 im
1592 581 1840 625 ΧρυΗιιιῑοιιιε,
1857 594 2005 627 quoquc
2027 594 2111 616 ιιι-ιιι
2114 589 2149 615 :it

1122 647 1158 668 ιιι
1179 634 1271 668 Bibl
1290 636 1364 675 ῘΙῘ,
1391 647 1454 675 12,
1476 636 1509 668 6.
1531 636 1780 673 Ci.C011‹›11‹.

1803 640 1862 674 ),›

1621 728 1653 749 2.

1173 795 1359 829 Parthenii
1383 796 1515 830 Erotio.
1539 808 1571 830 c.
1597 795 1640 835 34
1660 807 1667 830 :
1687 795 1795 844 Περὶ
1817 798 1842 832 K
1856 797 2011 847 ορύθου.
2032 797 2149 846 (Ἰστο-

1123 855 1171 921 ρεῖ
1203 849 1401 892 Ἑλλάνικος
1431 850 1497 898 (sl.
1528 852 1615 899 126)
1653 853 1818 901 Γρωικῶν
1843 854 1857 868 *
1893 870 1951 890 και
1984 855 2148 906 Κεφάλου

1122 910 1138 943 ὁ
1161 907 1368 958 Γεργίθιος.)
1393 906 1458 944 Ἐκ
1487 906 1521 943 δὲ
1547 907 1702 952 Οἰνώνης
1731 923 1788 944 και
1822 909 1911 946 ἰῑὶλε
1900 911 2038 962 ςάνδρου
2069 919 2148 952 παῖς

1122 963 1253 1013 ἐγένετο
1272 964 1433 1014 Κόρυθος.
1452 966 1591 1006 Οὗτος
1577 964 1752 1015 επίκουρος
1770 967 1969 1016 ἀφικόμενος
1987 971 2031 1010 εἷς
2045 968 2146 1007 ”Ihm

1124 1020 1208 1058 <Ελέ
1211 1037 1268 1066 νης
1299 1020 1433 1071 ἠράσθη
1466 1021 1526 1058 καὶ
1559 1021 1659 1058 αὐτον
1689 1022 1798 1068 ἐκείνη
1831 1023 1924 1071 μάλα
1948 1026 2152 1077 φιλοφρόνιιςι

1123 1080 1221 1114 υπεδε
1208 1078 1327 1129 .’γετο·
1354 1082 1394 1124 ἠν
1425 1079 1458 1115 δε
1492 1078 1553 1125 τὴν
1585 1080 1632 1115 ἴδε
1638 1095 1677 1115 αν
1709 1079 1906 1130 κράτιστος·
1931 1083 2090 1132 φωράσας
2118 1085 2149 1120 δὲ

1123 1136 1224 1173 αὐτον
1246 1139 1262 1173 ὁ
1279 1136 1393 1187 πατὴρ
1416 1153 1472 1173 ανε
1461 1139 1561 1176 εἶλεν,
1583 1138 1797 1188 Νίκανδρος
1793 1137 1907 1175 μέντοι
1926 1139 1980 1175 τὸν
2004 1140 2151 1191 Κόρυθον

1122 1195 1180 1230 οὐκ
1197 1193 1368 1239 Οἰνώνης,
1389 1194 1477 1230 ἀλλὰ
1500 1194 1642 1239 ἹΞλένης
1661 1195 1719 1231 καὶ
1740 1194 1956 1246 Ἀλεξάνδρου
1978 1198 2079 1247 φησὶν
2098 1213 2152 1247 γεν

1125 1252 1251 1290 νέσθαι.
1275 1254 1436 1288 Uberius
1451 1255 1527 1289 haec
1548 1262 1673 1288 narrat
1692 1256 1822 1289 Conon
1850 1256 1992 1290 Narrat.
2014 1257 2074 1293 23.

1621 1334 1656 1368 3.

1177 1424 1369 1459 Athenaeus
1383 1425 1449 1468 IX,
1465 1437 1500 1471 p.
1516 1424 1602 1470 393,
1618 1426 1670 1460 D:
1687 1422 1728 1460 ‘O
1744 1421 1778 1459 31:
1793 1421 1835 1459 τὰ
1854 1424 2071 1473 Κεφαλίωνος
2084 1427 2156 1464 ’ἐπι-

1122 1478 1320 1529 γραφόμενα
1339 1480 1481 1530 Τρωικὰ
1498 1480 1626 1521 συνθεὶς
1643 1479 1857 1530 Ἡγησιάναξ
1876 1483 1892 1518 ὃ
1914 1481 2150 1534 Ἀλεξανδρεὺς

1123 1536 1181 1573 καὶ
1200 1536 1256 1573 τὸν
1273 1536 1425 1588 Ἀχιλλεῖ
1450 1538 1745 1587 μονομαχήσαντα
1768 1537 1901 1576 Κύκνον
1921 1540 2002 1591 φησὶ
2021 1545 2151 1592 τραφῆ-

1124 1608 1179 1630 ναι
1196 1596 1230 1630 ἐν
1252 1594 1445 1646 Λευκόφρυϊ
1464 1595 1546 1646 πρὸς
1569 1599 1626 1632 τοῦ
1647 1593 1829 1643 ὁμωνύμου
1856 1596 1996 1646 ὄρνιθος.
2025 1600 2080 1636 Cs.
2108 1601 2154 1634 (lo

1125 1654 1238 1699 Cycni
1268 1655 1421 1690 historia
1457 1656 1608 1689 Aristot.
1643 1655 1798 1691 Rhetor.
1835 1657 1890 1703 ll,
1932 1670 1999 1700 223
2043 1657 2153 1692 Ovid.

1122 1712 1269 1747 Metam.
1294 1713 1388 1755 XII,
1412 1717 1504 1759 1403
1520 1713 1676 1748 Diodor.
1698 1715 1741 1756 V,
1758 1714 1827 1756 833
1847 1715 1978 1749 Strabo
2001 1727 2039 1761 p.
2061 1715 2153 1757 6023

1122 1769 1235 1803 schol.
1260 1769 1447 1807 Theocrit.
1468 1771 1575 1818 XVI,
1599 1775 1666 1818 493
1688 1772 1804 1807 Tzetz.
1834 1773 1921 1818 Lyc.
1943 1772 2027 1807 233.

1621 1861 1652 1897 ff..

1173 1934 1325 1980 Dionys.
1349 1934 1430 1969 Hal.
1451 1937 1495 1970 A.
1519 1936 1561 1970 R.
1583 1936 1617 1979 I,
1644 1939 1703 1982 49,
1719 1948 1755 1982 p.
1781 1948 1847 1969 122
1871 1938 1930 1983 R„
1949 1936 1994 1971 de
2012 1938 2124 1971 AEiiea
2150 1956 2155 1961 ·

1130 2046 1310 2084 medeatur,
1348 2047 1643 2086 prmteritorumque
1683 2047 1904 2085 obliviscatur,
1944 2049 2052 2086 utpote
2086 2057 2158 2086 qun·

1127 2104 1258 2127 aeorum
1274 2106 1310 2128 ex
1328 2098 1491 2129 voluntate
1512 2098 1706 2129 accidissent.
1728 2100 1853 2129 OEnone
1869 2100 1973 2129 antem
1991 2101 2156 2129 contume-

1128 2148 1234 2178 liosius
1249 2148 1425 2186 respondit,
1443 2149 1556 2179 debere
1572 2158 1644 2179 eum
1667 2150 1814 2180 Helenam
1832 2149 1917 2180 adire
1931 2151 2026 2189 atque
2040 2150 2158 2180 hancce

1130 2200 1270 2238 precari3
1298 2200 1500 2230 nihilomiuus
1520 2202 1625 2231 tamen
1648 2201 1713 2239 ipsa
1738 2201 1918 2231 festinanter
1938 2201 2077 2231 accurrit
2102 2201 2153 2231 uhi

1130 2250 1321 2281 decumbere
1350 2251 1563 2282 Alexandrum
1589 2253 1780 2290 perceperat.
1806 2254 1843 2282 At
1865 2261 1962 2291 quum
1982 2261 2087 2291 praeco
2107 2261 2155 2282 rc-

1127 2311 1275 2342 sponsum
1305 2305 1446 2333 OEnones
1480 2302 1572 2334 citius
1596 2303 1770 2341 retulisset,
1800 2303 1938 2333 animum
1964 2303 2159 2342 despondens

1129 2352 1304 2384 Alexander
1329 2353 1511 2392 exspirant.
1545 2354 1670 2384 OEuone
1689 2355 1795 2384 autem
1812 2354 2035 2393 superveniens
2052 2363 2150 2393 quum
2182 2350 2184 2352 ’

1129 2411 1287 2440 mortuum
1303 2410 1368 2448 jam
1391 2410 1421 2441 in
1439 2412 1520 2441 terra
1536 2411 1693 2449 jacentem
1712 2411 1923 2450 conspiceret,
1938 2413 2054 2450 gemitu
2075 2412 2158 2443 edito

1129 2470 1303 2500 magnoque
1324 2461 1441 2500 ejulatu
1454 2486 1461 2500 ,
1479 2471 1511 2492 se
1524 2462 1622 2501 ipsam
1636 2462 1803 2493 interemit.

1625 2518 1658 2548 2.

1171 2571 1217 2599 De
1242 2568 1393 2607 Goryaia.
1418 2570 1545 2607 (Narrat
1566 2570 1745 2601 Hellanicus
1768 2570 1798 2601 in
1819 2571 2002 2602 Troicorum
2023 2571 2107 2604 libris
2129 2572 2159 2601 ct

1128 2619 1288 2657 Cephalon
1307 2620 1515 2659 Gergithius.)
1537 2623 1580 2651 Ex
1594 2622 1719 2652 OEnone
1733 2623 1764 2652 ct
1781 2621 1958 2652 Alexandro
1972 2630 2049 2660 puer
2069 2623 2160 2652 natus

1130 2671 1175 2700 cst
1189 2670 1359 2709 Corythus.
1379 2673 1408 2701 ls
1429 2671 1612 2702 auxiliarius
1627 2671 1720 2702 Ilium
1738 2672 1895 2710 profectus
1912 2672 2038 2702 Helenae
2052 2680 2159 2705 amore

1130 2721 1240 2759 captus
1265 2722 1328 2759 est;
1355 2720 1408 2752 illa
1432 2730 1507 2752 vero
1530 2721 1620 2753 valde
1646 2724 1789 2753 amanter
1813 2722 1914 2762 ipsum
1935 2722 2070 2754 vicissim
2093 2732 2157 2753 am-

1129 2770 1325 2809 plectebatur
1342 2784 1349 2802 :
1375 2773 1441 2802 erat
1460 2772 1542 2802 enim
1561 2772 1661 2802 forma
1679 2773 1897 2811 pulcerrimus.
1926 2773 2158 2813 Deprehensum

1129 2823 1234 2851 autem
1263 2822 1365 2861 ipsum
1394 2824 1482 2861 pater
1506 2822 1634 2853 occidit.
1666 2823 1821 2854 Nicander
1848 2825 1953 2854 tamen
1984 2824 2157 2862 Corythum

1132 2881 1194 2902 non
1214 2874 1373 2911 OEnones,
1391 2873 1444 2903 sed
1470 2873 1597 2905 Helenae
1614 2875 1645 2904 et
1662 2874 1829 2905 Alexandri
1848 2874 1943 2905 filium
1963 2874 2055 2905 fuisse
2071 2874 2156 2905 dicit.

1629 2936 1662 2966 3.

1173 2987 1368 3026 Hegesianax
1394 2988 1638 3027 Alexandrinus,
1656 2992 1767 3020 auctor
1790 2990 1861 3020 libri
1881 2990 1934 3028 qui
1961 2990 2159 3028 Cephalionis

1128 3039 1238 3069 Troica
1255 3040 1444 3078 inscribitur,
1464 3043 1606 3079 Cycnum
1621 3042 1708 3072 illum
1721 3066 1728 3080 ,
1749 3044 1800 3081 qui
1819 3051 1890 3072 cum
1912 3041 2031 3071 Achille
2053 3042 2156 3079 singu-

1128 3089 1184 3119 lari
1207 3090 1379 3121 certamine
1403 3091 1569 3130 pugnavit,
1593 3092 1636 3122 ait
1659 3101 1677 3122 a
1702 3093 1885 3131 cognomine
1910 3093 1958 3122 avi
1985 3091 2156 3122 enutritum

1128 3139 1220 3171 fuisse
1236 3141 1266 3170 in
1282 3141 1486 3180 Leucophrye
1501 3143 1536 3179 (i.
1552 3152 1580 3173 e.
1602 3142 1744 3181 Tenedo)
1765 3143 1873 3173 insula.

1624 3203 1658 3232 4.

1114 3264 1119 3271 ¹
1167 3261 1245 3295 Quae
1260 3261 1328 3299 post
1342 3263 1446 3291 AEncae
1459 3260 1715 3292 discessum-sunt
1732 3262 1851 3297 secuta,
1865 3261 2017 3298 plerisque
2030 3258 2153 3288 dubita-

1129 3310 1248 3341 tioncm
1272 3310 1362 3350 longo
1393 3311 1544 3350 majorem
1568 3312 1713 3342 asserunt.
1740 3311 1872 3347 Quidam
1897 3319 1966 3340 cuni
1997 3309 2026 3339 in
2055 3309 2152 3339 Thra-
