2338 3765
822 211 1029 249 POTAMo
1060 210 1123 245 Mi
1139 211 1184 246 Ἰ“Ι
1197 211 1284 249 LEN
1297 214 1414 251 AEUS.
2101 222 2174 255 505

61 314 141 349 sqq.
160 302 482 347 Quemadmmlum
502 302 717 345 Democriti,
732 301 781 333 sie
799 300 908 334 etiam
921 301 1084 333 Platonis

61 363 196 406 scripta
225 359 425 394 secundum
456 359 665 405 tetralogias
697 358 892 391 distributa
924 357 1085 391 adorna—

62 425 175 453 verat.
197 418 352 465 Diogen.
372 419 414 453 L.
435 418 508 456 ΙΙΙ,
542 415 587 451 56
613 429 620 450 :
643 413 827 464 Θρασύλος
851 412 885 449 δέ
924 427 1006 463 φησι
1027 412 1086 449 καὶ

62 472 149 509 κατὰ
170 472 230 518 τὴν
252 471 416 522 τραγικὴν
440 471 663 523 τετραλογίαν
702 472 857 507 ἐκδοῦναι
884 470 985 506 αὐτὸν
1014 469 1088 510 τοὺς

63 530 249 579 διαλόγους.
274 532 417 568 Deinde
441 532 574 578 singuli
596 531 732 579 dialogi
754 543 797 565 ex
824 530 1004 576 Thrasylli
1031 541 1087 577 ra:

63 591 224 625 tionibus
241 596 489 633 recensentur,
515 601 631 635 usque
656 588 702 623 ad
720 588 741 636 5
762 588 804 622 61
820 616 830 635 ,
851 588 916 622 ubi
951 599 959 624 :
979 581 1089 627 Οἷτος

902 658 909 679 :
933 642 1031 680 Φασὶ
1054 641 1087 679 δὲ

62 703 120 740 καὶ
131 704 187 741 τὸν
208 703 342 755 πατέρα
360 705 462 741 αὐτοῦ
487 702 714 753 (Πλάτωνος)
734 701 870 750 ἀνάγειν
892 702 938 743 εἷς
959 700 1089 751 Κόδρον

61 762 116 798 τὸν
138 762 340 810 Μελάνθου,
371 761 489 803 οἵτινες
522 759 588 797 ἀπὸ
616 761 828 802 Ποσειδῶνος
854 760 1087 810 ἱστοροῦνται,

62 819 150 857 κατὰ
167 819 364 871 Θρασύλον.

291 900 414 937 ΡΟΤΑ
421 901 489 936 ΜΟ
518 901 815 936 MYTILENAEU
820 901 857 937 S.

62 646 122 694 μὲν
142 646 230 684 οὕτω
254 648 388 697 διαιρεῖ,
407 645 465 682 καί
484 660 582 687 τινες.
602 647 660 682 Id.
693 646 745 683 ib.
765 647 833 689 III,
861 659 874 680 1

114 989 267 1023 Potamo
299 988 528 1034 Mytilenaeus
557 995 700 1034 patrem
744 987 873 1021 habuit
906 986 1092 1020 Lesbona-

62 1055 156 1082 rtem
175 1044 220 1094 (⁴²)
245 1047 528 1093 philosophum,
560 1046 623 1091 qui
642 1044 787 1079 πλεῖστα
806 1042 974 1094 φιλόσοφοι
997 1044 1090 1078 scri-

63 1106 135 1152 psit
157 1104 306 1151 (Suidas
335 1117 369 1140 v.
391 1101 612 1150 Λεσόῶναξ).
637 1104 753 1137 Patris
778 1101 920 1148 filiique
942 1103 1092 1135 nomina

62 1163 210 1197 exhibet
252 1163 443 1208 inscriptio
481 1163 575 1196 sellae
621 1172 857 1204 marmoreae,
899 1160 934 1192 in
970 1159 1091 1194 Lesbo

62 1222 127 1256 ins.
149 1220 287 1262 effosae‚
309 1221 368 1253 cui
387 1220 567 1266 insculpta
588 1219 761 1265 leguntur
783 1218 859 1252 liaee
883 1217 933 1264 (v.
963 1217 1091 1254 Ambr.

64 1278 214 1312 Firmin.
238 1276 366 1312 Didot.
396 1278 505 1310 Notes
525 1289 587 1310 σιω·
610 1289 657 1309 ull
680 1288 825 1323 voyage
850 1276 944 1309 (lans
971 1277 1002 1309 lc
1022 1277 1093 1309 Le-

67 1343 171 1377 rant;
196 1334 347 1370 ssoeckh.
367 1335 406 1369 C.
429 1336 459 1369 Ι.
485 1336 519 1369 II
535 1362 543 1378 ,
560 1347 598 1381 p.
625 1333 731 1382 194).
757 1346 764 1369 1

102 1429 142 1468 θ)
161 1429 271 1460 Plehn.
291 1428 432 1459 Lesbiae.
450 1437 480 1467 p.
498 1431 554 1459 217
574 1440 580 1458 :
598 1441 611 1453 «
637 1430 681 1458 De
697 1437 735 1458 eo
749 1427 833 1466 apud
854 1427 1030 1458 Luc-ionum
1050 1429 1095 1458 De

61 1476 164 1506 saltat.
185 1484 214 1514 p.
235 1479 273 1507 69
288 1475 359 1505 lime
374 1475 522 1513 leguntur
546 1487 552 1504 ι
572 1475 739 1509 Λεσὸιόναξ
753 1475 768 1504 ὁ
786 1475 1000 1511 Μυτιληναῖος,
1021 1474 1094 1514 ἀνὴρ

61 1522 151 1556 καλὸς
165 1523 216 1552 καὶ
229 1522 352 1561 ἀγαθὸς,
368 1521 559 1560 χειρισόφους
572 1522 642 1556 τοὺς
656 1521 809 1561 ὀρχηστὰς
822 1520 966 1550 ἀπεκάλει
983 1522 1034 1550 καὶ
1047 1522 1092 1560 ᾔει

61 1568 108 1598 ἐπὶ
121 1569 174 1605 τὴν
188 1569 257 1598 θέαν
269 1568 368 1598 αὐτῶν
380 1570 419 1603 ὡς
438 1568 563 1606 βελτίων
582 1568 783 1607 ἀναστρέψων
801 1567 862 1597 ἀπὸ
885 1569 939 1596 τοῦ
955 1566 1090 1607 Οεοὶτρου.

61 1613 106 1644 Ad
122 1623 215 1652 quem
233 1614 336 1644 locum
350 1614 514 1644 scholiasta
532 1615 574 1644 ila
585 1614 691 1644 scribit
712 1627 718 1644 ε
741 1615 855 1644 Τοῦτον
872 1613 950 1652 λέγει
970 1614 1093 1643 Aeneas-

63 1671 172 1697 νακτα,
202 1660 236 1690 οὗ
252 1660 303 1689 καὶ
325 1660 411 1689 ἄλλαι
436 1661 555 1698 μελέται
585 1661 741 1700 ῥητορικαὶ
766 1661 902 1699 φέρονται
925 1660 1093 1699 Θαυμάσιαι

64 1707 114 1735 καὶ
132 1705 285 1744 ἐνάμιλλοι
306 1705 516 1744 Νικοστράτου
550 1708 602 1735 καὶ
626 1706 836 1745 Φιλοστράτου
859 1709 919 1734 τῶν
935 1706 964 1735 ἐν
988 1708 1050 1740 τοῖς
1075 1706 1092 1734 ι’

63 1752 218 1791 νεωτέροις
247 1754 407 1791 σοφισταῖς
431 1752 673 1791 ὃιαπρεποντων,
698 1751 830 1790 μάλιστα
849 1751 880 1781 δὲ
907 1753 937 1780 αἱ
953 1751 1093 1789 ἐρωτικαὶ

64 1799 221 1829 ἐπιστολαὶ
244 1799 357 1835 πολλὴν
385 1799 438 1834 τήν
458 1798 492 1828 ἐκ
514 1801 568 1828 τοῦ
594 1798 686 1837 λόγου
714 1797 944 1832 ἀποσταζουσαι
971 1798 1091 1833 ἡδονήν.

64 1844 250 1876 confudisse
261 1845 385 1875 videtur
395 1844 619 1883 grammaticus
636 1844 861 1875 Lesbonactem
880 1843 1092 1881 Mytilenaaim

65 1900 137 1921 cum
155 1891 228 1927 illo,
243 1890 334 1929 cujus
358 1890 516 1920 orationes
536 1891 608 1920 XVI
626 1889 769 1928 politicas
790 1889 897 1927 legisse
916 1897 948 1919 se
961 1890 1094 1920 testatur

67 1939 207 1976 l‘liotius‚
225 1946 242 1967 e
258 1937 372 1976 quibus
385 1938 449 1967 tres
465 1936 557 1967 hodie
569 1937 747 1975 supersunt.
763 1936 873 1966 Exstat
895 1944 1044 1966 nummus
1063 1936 1094 1965 in

65 1983 264 2015 Lesbonaetis
277 1984 429 2014 honorem
447 1991 464 2012 a
476 1982 661 2021 Mytilenaeis
674 1990 779 2019 cusus,
802 1990 874 2011 cum
894 1981 1095 2020 inscriptione

62 2030 281 2062 ΛΕΣΒΩΝΑΞ
294 2031 400 2060 ΗΡΟΣ
416 2029 498 2067 (sic)
513 2029 630 2060 ΝΕΟΣ.
650 2028 726 2058 Vide
744 2028 893 2058 Mionuet.
913 2029 968 2065 Ill,
989 2036 1018 2066 p.
1034 2030 1072 2058 48
1085 2050 1093 2064 ‚

64 2086 111 2107 nr.
138 2081 204 2107 116.
220 2077 457 2107 Commemorat
480 2084 644 2105 nummum
660 2075 749 2105 illum
763 2084 781 2104 a
798 2074 888 2105 Gallo
909 2074 1046 2112 (modam
1064 2074 1093 2104 in

64 2123 282 2154 dissertatione
299 2121 425 2153 Parisiis
437 2130 508 2152 ann.
530 2125 607 2154 1754
629 2122 778 2161 impressa
791 2121 910 2152 editum
929 2122 1022 2152 etiam
1039 2122 1093 2151 Vi-

64 2170 192 2200 scontus
209 2169 239 2199 in
254 2171 338 2199 leon.
357 2170 412 2199 Gr.
429 2169 506 2198 tom.
526 2170 583 2206 ΙΙΙ,
601 2178 630 2208 p.
654 2173 722 2199 319.
744 2171 772 2199 ls
799 2170 904 2198 tamen
925 2168 955 2197 in
981 2177 1018 2199 eo
1048 2168 1094 2198 in-

63 2215 215 2253 scriptum
229 2222 297 2245 esse
316 2213 392 2244 dicit
412 2215 518 2244 ΗΡΩΣ
536 2216 641 2244 ΝΕΟΣ
656 2215 876 2244 ΛΕΣΒΩΝΑΞ
887 2237 895 2251 ,
910 2222 981 2253 quac
1000 2212 1096 2243 vei-ha

65 2262 142 2292 mire
156 2261 380 2300 interpretatur
398 2270 405 2289 τ
426 2259 521 2290 heros
548 2269 651 2291 novus
680 2260 969 2303 Lestn‘fflatronus.
993 2262 1095 2299 Caput

66 2316 196 2338 nummo
211 2307 401 2346 insculptum
414 2306 539 2337 Antinoi
556 2307 596 2337 ab
608 2306 767 2337 Hadriano
786 2306 891 2337 dilecti
910 2315 975 2337 esse
1001 2307 1094 2344 putat

65 2354 228 2392 creditque
256 2362 371 2384 nomen
400 2355 618 2385 ΛΕΣΒΩΝΑΞ
650 2352 763 2384 Bacchi
789 2353 883 2383 fuisse
912 2352 1093 2392 epitheton,

65 2400 150 2439 quod
166 2399 204 2430 ad
220 2400 271 2430 dei
298 2400 382 2431 illius
397 2401 520 2432 cultum
550 2400 748 2439 respicientes
773 2399 908 2430 Antinoo
925 2398 1095 2429 indiderint

67 2446 245 2485 Mytilenaei.
277 2458 291 2472 »
327 2447 375 2477 Cf.
408 2446 573 2478 Boeckhius
598 2447 617 2476 l.
646 2446 665 2477 l.
698 2458 704 2475 :
732 2458 746 2471 «ι
778 2445 824 2476 Ad
856 2445 990 2476 eundem
1019 2445 1095 2482 (Le.-

66 2492 247 2523 sbonaetem
262 2494 442 2524 potamonis
455 2495 575 2533 patrem
589 2493 598 2530 )
619 2492 724 2523 referri
737 2492 828 2531 Gargi
842 2500 1009 2522 nummum
1021 2500 1093 2520 cum

68 2538 273 2578 inscriptione
300 2541 408 2571 ΗΡΩΣ
435 2542 543 2571 ΝΕΟΣ
562 2540 802 2577 ΛΕΣΒΩΝΑΞ,
826 2539 922 2569 etiam
949 2539 1019 2577 post
1039 2537 1094 2568 Vi-

68 2585 167 2615 sconti
181 2584 410 2617 dubitationem
424 2595 536 2617 censeo
553 2586 614 2624 (cf.
630 2585 736 2615 Plehn.
757 2585 846 2615 Lesb.
863 2594 893 2624 p.
911 2588 967 2615 217
982 2585 1003 2622 );
1018 2584 1096 2614 mire

67 2631 151 2662 enim
170 2631 289 2670 prodigi
303 2633 475 2671 Mytilenaei
489 2632 520 2663 in
534 2632 706 2662 honoribus
725 2631 922 2662 conferendis
945 2632 1071 2661 l'uerunt
1087 2654 1095 2668 ,

68 2677 123 2716 qui
150 2677 373 2716 Theophanem
390 2678 577 2709 defunctum
603 2678 685 2707 inter
709 2677 785 2707 deos
810 2676 973 2707 retulerint
1001 2689 1007 2706 ι
1039 2685 1096 2707 nec

68 2723 161 2754 eredo
177 2723 311 2755 honores
325 2725 467 2764 Agrippa:
480 2726 512 2755 et
528 2724 652 2755 Tiberio
669 2724 764 2762 atque
779 2722 952 2762 Agrippinoe
972 2723 1003 2751 et
1017 2724 1096 2753 Ger-

71 2769 193 2800 manico
220 2771 290 2808 post
305 2770 427 2801 obitum
441 2770 570 2801 demum
591 2769 715 2800 habitos
741 2777 818 2799 esse.
837 2781 851 2794 n
871 2766 958 2799 Alius
983 2767 1097 2798 Lesbo-

71 2815 169 2846 nactis
184 2816 258 2855 Περὶ
272 2817 440 2857 σχημάτων
456 2816 598 2848 libellum
615 2815 782 2847 Ammonio
801 2813 946 2853 adjunxit
963 2813 1095 2844 Valcke-

74 2869 186 2892 narius.

1500 337 1509 371 l
1519 337 1671 373 lo'l‘AM
1679 338 1815 374 ΩΝΟΣ

1418 449 1485 484 ἸῺ
1522 450 1892 489 ΛΙῧΣΒΩΝΑΚΤΟΣ

1530 552 1788 591 ΠΡΟΕΔΡΙΑ.

1204 661 1304 693 Inter
1337 660 1455 693 claros
1485 661 1583 695 viros
1618 664 1801 708 Mytilenis
1845 668 2024 701 oriundos
2068 670 2177 704 Pota*-

1152 730 1300 752 monem
1318 715 1356 765 (*)
1373 725 1535 752 recenset
1553 720 1684 753 Strabo
1707 722 1808 766 XIII,
1826 736 1863 769 p.
1881 724 1954 769 (317
1983 739 1989 759 z
2010 724 2177 776 ἱ’Υστερον

1154 774 1182 810 δ’
1212 773 1344 823 ἐγένετο
1363 773 1493 824 χρόνοις
1510 776 1647 817 πολλοῖς
1678 778 1848 828 Διοφάνης
1886 783 1902 816 ὁ
1935 782 2066 833 ῥήτωρ·
2103 786 2177 821 καθ’

1154 835 1243 880 ἡμᾶς
1258 832 1293 868 δὲ
1315 832 1489 880 Ποτάμων
1503 832 1562 868 καὶ
1582 834 1786 881 Λεσὸοκλῆς
1809 837 1867 873 καὶ
1889 840 2103 891 Κριναγόρας
2122 843 2178 879 καὶ

1152 893 1170 927 ὃ
1208 889 1419 941 συγγραφεὺς
1447 890 1637 941 Θεοφάνης.
1681 895 1853 940 Magnum
1894 898 2178 936 declamatorem

1154 957 1420 985 commemorat
1437 951 1546 985 etiam
1563 951 1699 985 Seneca
1722 953 1867 990 Suasor.
1890 968 1920 989 e.
1943 969 1975 992 9..
2000 959 2180 999 llesvvhio

1154 1009 1296 1043 Milesio
1322 1015 1356 1043 et
1374 1009 1487 1043 Suida
1509 1009 1660 1043 testibus
1676 1012 1728 1059 (v.
1747 1009 1919 1058 Ποτάμων
1936 1015 2022 1049 coll.
2043 999 2080 1051 v:
2099 1016 2183 1052 Θεό-

1155 1065 1259 1115 δωρος
1281 1064 1497 1115 Γαδαρεύς),
1529 1067 1597 1101 sub
1626 1068 1775 1102 Tiberio
1804 1071 1930 1104 Romae
1962 1074 2181 1118 sopliisticen

1155 1125 1341 1171 exercuit,
1378 1125 1570 1172 gratiaque
1600 1125 1701 1171 apud
1740 1126 1914 1161 Caesarem
1954 1142 2180 1178 magnopere

1155 1188 1308 1234 polluit,
1326 1188 1419 1223 adeo
1440 1196 1492 1232 ut,
1512 1200 1627 1234 quum
1645 1189 1845 1234 aliquando
1862 1191 1896 1224 in
1914 1194 2069 1237 patriam
2085 1196 2182 1229 redi-

1157 1254 1230 1290 ret,
1244 1246 1457 1291 hujusmodi
1475 1247 1588 1280 literis
1614 1258 1634 1280 a
1654 1246 1803 1281 Tiberio
1824 1248 2018 1283 instructus
2037 1263 2110 1285 esse
2129 1252 2183 1285 di-

1156 1312 1261 1339 catur
1284 1318 1290 1338 :
1311 1303 1510 1350 Ποτάμωνα
1529 1301 1778 1345 Λεσέώνακτος
1796 1303 1825 1340 εἴ
1844 1320 1892 1346 τις
1913 1306 2039 1341 ἀδικεῖν
2057 1307 2185 1355 τολμή-

1156 1376 1226 1405 σει,
1250 1361 1434 1411 σκεψάσθιο)
1449 1360 1479 1397 εἴ
1499 1376 1556 1409 μοι
1574 1359 1941 1410 δυνήσεταιπολεμεῖν.
1962 1366 2058 1400 Vixit
2079 1368 2181 1400 annis

1156 1421 1368 1467 nonaginta.
1398 1422 1552 1456 Lucian.
1572 1421 1739 1455 Mam-ob.
1771 1435 1802 1458 e.
1829 1422 1876 1456 23
1903 1435 1910 1456 ε
1946 1421 2120 1469 Ποτάμων
2151 1423 2183 1459 δὲ

1155 1478 1215 1512 οὐκ
1228 1475 1341 1519 ἄδοξος
1357 1476 1469 1527 ῥήτωρ
1484 1476 1540 1521 ἔτη
1557 1477 1758 1521 ἐνενήκοντα
1773 1477 1968 1527 (ἐδίωσεν).
1980 1482 2035 1515 De
2045 1483 2186 1528 scriptis

1155 1536 1232 1580 ejus
1250 1536 1380 1570 Suidas
1406 1549 1412 1570 τ
1436 1532 1593 1584 ’Ἔγραψε
1614 1534 1719 1585 Περὶ
1738 1536 1775 1572 Ἀ
1792 1535 2012 1583 λεξάνδρου
2039 1539 2184 1574 Mam<

1156 1592 1281 1633 δ’όνος.
1307 1589 1468 1641 Ἵὲρους
1502 1592 1613 1643 (ὅρους
1642 1594 1778 1642 codd.)
1812 1593 2003 1641 Σαμίων.
2036 1594 2185 1644 Βρούτου

1156 1649 1336 1698 ἐγκώμιον.
1369 1649 1541 1699 Καίσαρος
1562 1649 1744 1698 ἐγκώμιον.
1770 1651 1856 1701 Περὶ
1877 1651 2007 1688 τελείου
2030 1652 2181 1702 ῥήτορος.

1156 1710 1207 1742 Ex
1226 1709 1370 1754 quibus,
1388 1715 1523 1755 praeter
1543 1710 1666 1743 locum
1681 1722 1725 1744 ex
1743 1710 1942 1744 Alexandri
1957 1711 2106 1745 historia
2126 1724 2183 1757 pe-

1157 1767 1281 1809 titum,
1299 1767 1388 1800 nihil
1408 1767 1490 1800 tulit
1510 1773 1666 1803 aetatem.

1254 1885 1372 1921 ΠΕΡΙ
1402 1883 1737 1921 ΑΛΕΞΑΝΔΡΟΥ
1767 1883 2089 1922 ΜΛΚΕΔΟΝΟΣ.

1212 2007 1428 2042 Plutarchus
1450 2007 1555 2042 Alex.
1586 2006 1630 2040 61
1668 2005 1904 2039 :Alexander
1923 2006 1959 2038 in
1988 2007 2184 2052 Bucepliali

1156 2067 1241 2112 equi
1267 2067 1449 2099 honorem
1473 2064 1731 2110 Bucephaliam
1753 2063 1799 2097 ad
1827 2063 2025 2109 Hydaspen
2057 2064 2185 2097 condi-

1156 2125 1222 2158 dit.
1249 2122 1395 2170 Λέγεται
1416 2120 1449 2156 δὲ
1470 2120 1529 2156 καὶ
1549 2120 1655 2165 κύνα,
1672 2118 1823 2169 Περίταν
1841 2118 1967 2166 ὄνομα,
1989 2119 2185 2169 τεθραμμέ-

1157 2196 1209 2216 νον
1231 2178 1417 2216 ἀποῧαλὼν
1446 2178 1561 2214 κτίσαι
1588 2178 1686 2213 πόλιν
1704 2177 1894 2223 ἐπώνυμον.
1913 2178 2023 2213 Τοῦτο
2051 2176 2084 2212 δὲ
2106 2179 2184 2214 Σω-

1157 2238 1237 2274 τίων
1259 2237 1342 2289 φησὶ
1375 2236 1586 2285 Ποτάμωνος
1603 2237 1748 2271 ἀκοῦσαι
1780 2237 1837 2270 τοῦ
1860 2233 2023 2271 Λεσὸίου.
2054 2237 2182 2270 Sotion

1155 2298 1399 2344 probabiliter
1428 2297 1457 2329 is
1477 2302 1548 2342 est,
1578 2296 1640 2341 qui
1665 2292 1749 2342 Περὶ
1782 2294 1948 2340 ποταμῶν
1970 2291 2026 2327 καὶ
2058 2293 2186 2339 λιμνῶν

1156 2353 1215 2389 καὶ
1249 2355 1382 2403 κρηνῶν
1415 2349 1719 2398 παραδοξουμένων
1754 2351 1908 2397 scripsit.
1948 2352 1992 2388 V.
2028 2352 2187 2385 wester-

1156 2426 1279 2450 mann.
1298 2412 1481 2447 Paradox.
1504 2424 1542 2457 p.
1570 2410 1638 2458 133
1657 2422 1738 2455 sqq.

1199 2534 1239 2572 (¹)
1266 2545 1279 2557 «
1301 2533 1385 2562 Cave
1414 2531 1616 2560 Potamonem
1642 2528 1726 2557 hune
1744 2526 1889 2557 Leshimn
1915 2525 2088 2555 confundas
2112 2534 2187 2555 cum

1158 2581 1330 2611 Potamone
1348 2575 1579 2612 Alexandrino,
1597 2573 1649 2612 qui
1677 2575 1707 2603 rt
1733 2572 1797 2611 ipse
1818 2571 1946 2609 quidem
1970 2570 2028 2600 sul)
2051 2573 2188 2609 Augusto

1157 2627 1187 2656 et
1204 2625 1351 2663 deinceps
1362 2623 1493 2659 claruit,
1508 2629 1617 2651 verum
1632 2629 1693 2649 non
1714 2619 1819 2648 rhetor
1841 2617 1893 2647 sed
1915 2617 2117 2656 philosophus
2130 2617 2187 2647 suit

1157 2681 1194 2702 ae
1216 2672 1336 2710 primus
1352 2669 1492 2699 condidit
1514 2668 1631 2698 sectam
1646 2666 1821 2700 ἐκλεκτικὴν
1838 2673 1908 2702 quae
1931 2663 1970 2692 al)
1986 2672 2023 2693 eo
2040 2665 2185 2693 Potamo-

1158 2718 1228 2748 niea
1241 2716 1427 2752 vocabatur,
1446 2716 1481 2744 ut
1505 2712 1646 2752 pluribus
1672 2711 1800 2749 exposui
1819 2710 1898 2740 libro
1923 2712 1967 2739 De
1988 2709 2188 2748 philosopho-

1160 2773 1229 2794 rum
1247 2763 1350 2793 sectis.
1372 2774 1384 2787 ι)
1399 2764 1490 2792 Voss
1511 2759 1589 2790 Hist.
1603 2760 1658 2788 G-r.
1673 2766 1702 2796 p.
1716 2762 1786 2787 ¹233.
1803 2756 1881 2786 Vide
1897 2754 1984 2794 Βίοις.
2001 2757 2035 2785 L.
2058 2757 2187 2785 l‘rowm.

1156 2810 1175 2849 ᾗ
1191 2814 1248 2848 213
1268 2808 1411 2847 Simplic.
1435 2807 1465 2837 in
1482 2806 1609 2836 Aristot.
1631 2803 1811 2842 Decoelop.
1842 2801 1943 2832 1491).
1969 2803 2028 2831 459
2054 2800 2082 2831 b.
2115 2805 2188 2837 llum

1161 2857 1312 2896 Porphyr.
1327 2855 1390 2885 Vit.
1409 2853 1521 2884 l‘lotin.
1541 2860 1566 2882 c.
1585 2855 1614 2882 9,
