2338 3765
926 137 1251 176 FRAGMENTA.

35 239 151 284 οἶμαι,
174 233 225 270 ὅτι
245 247 283 268 το
296 231 378 282 πρὸς
395 229 517 271 θεους
504 228 594 265 οσιον
613 228 663 265 δεῖ
682 242 739 264 και
755 227 898 263 τελευτι
884 241 982 268 1ντας
1001 240 1062 275 pu-

34 292 182 337 λάττειν,
196 289 349 338 καὶμηδὲ
354 287 428 324 νέτι
442 290 501 324 τοῦ
515 285 587 337 βίου
602 287 693 322 ἀπολ
697 284 777 322 αύσε
765 283 1062 333 σΟαιμέλλοντας.

533 382 569 405 2.

90 448 192 483 Idem
217 459 253 481 v,
279 442 523 485 Νικόλαοςε
543 435 652 483 Οὗτος
673 441 696 488 (1
704 440 746 490 )
733 456 765 476 εν
783 443 823 491 τῇ
842 440 903 489 ὅλῃ
922 439 950 488 (2
937 441 1064 488 2)παι-

41 504 114 541 δεία
147 499 456 552 διατεθραμμένος,
483 499 537 535 διὰ
564 498 601 534 τὸ
626 497 684 534 καὶ
712 497 767 534 τὸν
796 497 930 546 πατέρα
962 498 1065 532 αὐτου

38 561 117 612 περὶ
133 564 241 597 ταυτα
257 558 408 608 μάλιστα
424 556 629 601 σπουδάσαι,
645 553 761 599 ἐπειδὴ
779 556 838 590 ἀπ’
855 556 956 598 αὐτῆς
975 555 1067 590 αὐτο)

40 620 60 656 ο’
73 634 108 656 τε
122 620 265 658 πλουτος
282 631 340 652 και
361 617 382 659 ἡ
405 614 483 656 δόξα
505 613 685 662 υπεγένετο
708 614 764 662 (3),
782 612 831 649 ἔτι
853 613 985 661 μᾶλλον
1007 610 1067 655 ηὕ-

40 677 118 722 ξησε
138 689 278 719 ταυτην,
293 671 402 723 ἔρωτά
415 687 489 708 τινα
505 670 582 715 ἀδιή
586 686 688 720 (ητον
707 672 811 715 αὐτης
829 669 938 719 σχιῖ,1ν
958 669 1069 710 ἄλλως

41 748 76 770 τε
91 732 150 769 καὶ
163 732 294 780 φύσεως
314 731 350 766 οὐ
367 728 498 780 φαύλης
514 727 657 776 λαὸοαε
650 743 718 770 1ος
733 726 821 764 ὣστε
838 742 915 777 πριν
933 732 1065 776 γενειᾶν

40 791 216 839 ευδόκιμος
233 793 319 825 εἶναι
338 789 371 823 ἐν
398 790 439 837 τῆ
460 787 617 837 πατρίδι,
638 801 696 823 και
715 789 782 822 τῶν
802 784 967 830 ἡλίκων
950 784 1070 835 ’διαφέ-

41 863 120 899 ρειν.
142 849 169 884 l
174 847 394 898 ραυματικῆς
411 859 447 880 τε
458 843 524 894 γὰρ
541 842 672 885 ουδενὸς
687 848 799 893 χεῖρον
822 841 1069 891 ἐπεμεμέλητο,

40 905 99 942 καὶ
119 906 161 942 δι’
186 903 291 948 αὐτὴν
320 902 362 953 (4)
389 904 569 947 ποιητικῆς
595 900 726 946 ποίσης·
749 900 847 941 αὐτός
866 916 902 937 τε
931 915 1069 951 τραγῳ-

41 963 112 1004 δίας
132 960 237 998 ἐποίει
256 959 314 997 καὶ
334 958 516 1010 κωμῳδίας
534 957 729 1006 εὐδοκίμους
742 973 749 980 ·
768 956 865 994 ἔτιδὲ
885 958 923 1008 (5)
940 958 1071 1005 μᾶλλον

41 1023 179 1071 ὕστερον
202 1017 370 1064 αὐξηθεὶς,
397 1016 485 1054 ὥστε
511 1016 569 1053 καὶ
593 1015 655 1061 τὴν
677 1015 818 1063 δύναμιν
845 1015 1072 1060 συναυξῆσαι,

43 1080 223 1130 ῥητορικῆς
239 1091 275 1113 τε
295 1075 353 1112 καὶ
378 1076 543 1124 μουσικῆς
561 1074 618 1110 καὶ
634 1076 695 1119 τῆς
714 1072 791 1124 περὶ
811 1072 854 1109 τὰ
883 1071 1073 1121 μαθήματα

42 1135 187 1186 θεωρίας
202 1133 261 1170 καὶ
278 1133 476 1184 φιλοσοφίας
493 1132 606 1177 πάσης
628 1132 669 1181 (6)
686 1131 902 1178 ἐπεμελεῖτο·
922 1129 1074 1175 ζηλωτὴς

42 1192 108 1243 γὰρ
120 1190 368 1243 Ἀριστοτέλους
380 1189 557 1238 γενόμενος
569 1190 627 1225 καὶ
641 1188 678 1225 τὸ
692 1187 845 1224 ποικίλον
856 1190 914 1232 τ’ῆς
926 1186 1000 1237 περὶ
1019 1186 1085 1223 τὸν

45 1249 150 1302 ἄνδρα
170 1247 326 1289 παιδείας
346 1246 550 1296 ἀγαπήσας,
570 1245 671 1296 χάριν
689 1245 813 1282 εἰδέναι
833 1251 939 1282 πᾶσιν
958 1244 1072 1294 ἔλεγεν

45 1307 98 1344 ἀεὶ
126 1307 195 1349 τοῖς
229 1304 430 1355 μαθήμασι,
456 1303 544 1341 πολὺ
574 1302 635 1352 μὲν
663 1302 780 1353 ἔχουσι
807 1302 845 1339 τὸ
874 1302 1073 1353 ἐλευθέριον,

44 1363 130 1401 πολὺ
149 1363 183 1401 δὲ
201 1363 239 1400 τὸ
267 1362 438 1414 χρήσιμον
459 1363 505 1403 εἷς
524 1360 581 1398 τὸν
605 1360 688 1411 βίον,
708 1361 846 1397 πάντων
868 1360 901 1397 δὲ
923 1360 1074 1408 μάλιστα

43 1422 81 1460 τὸ
94 1421 297 1471 εὖδιάγωγον
311 1419 393 1471 πρός
403 1435 438 1456 τε
456 1419 597 1463 νεότητα
612 1417 670 1455 καὶ
688 1421 807 1468 γῆρας.
825 1416 951 1467 ’Ἔλεγε
969 1416 1003 1454 δὲ
1018 1417 1076 1454 καὶ

44 1480 104 1522 τὰς
121 1479 262 1520 Μούσας
277 1476 333 1514 διὰ
348 1481 446 1514 τοῦτο
460 1476 526 1527 ἄρα
543 1477 582 1526 (7)
603 1476 732 1518 πολλὰς
747 1475 811 1512 ὑπὸ
828 1478 893 1512 τῶν
910 1475 1076 1524 θεολόγων

46 1536 320 1588 παραδεδόσθαι,
350 1535 400 1572 ὅτι
431 1533 516 1572 πολὺ
538 1535 575 1571 τὸ
599 1534 750 1571 ποικίλον
771 1533 842 1584 ἔχει
862 1532 904 1570 τὰ
935 1533 1078 1570 παιδεύ-

48 1611 165 1644 ματα,
184 1595 242 1632 καὶ
271 1593 356 1645 πρὸς
374 1599 490 1629 πᾶσαν
513 1592 585 1643 βίου
614 1595 737 1643 χρῆσιν
765 1592 902 1641 οἰκεῖον,
924 1592 982 1628 καὶ
1002 1591 1078 1629 οὔτε

47 1653 111 1699 τὴν
146 1652 325 1703 ἐμπειρίαν
354 1652 480 1700 αὐτῶν,
502 1650 578 1688 οὔτε
598 1650 659 1695 τὴν
690 1649 868 1701 ἀπόλειψιν
898 1649 1022 1699 ὁμοίως
1037 1649 1077 1700 (8)

47 1710 290 1758 ὑπελάμῧανεν
322 1703 407 1746 εἶναι
438 1712 479 1759 τῇ
499 1711 564 1745 τῶν
597 1706 777 1758 βαναύσων
808 1709 955 1758 τεχνῶν,
990 1707 1079 1744 ἀλλὰ

47 1767 241 1805 τούναντίον
260 1766 487 1804 ἐπονείδιστον
508 1771 577 1808 τοῖς
597 1765 741 1815 μετρίως
759 1768 842 1809 ζῶσι
863 1765 924 1809 τήν
945 1781 981 1801 τε
997 1764 1079 1801 τού-

51 1842 117 1863 των
138 1825 277 1874 ἄγνοιαν
296 1824 355 1861 καὶ
371 1823 432 1869 τὴν
447 1826 515 1860 τῶν
540 1823 720 1874 βαναύσων
740 1823 949 1871 ἐπιστήμην.
972 1817 1081 1865 Οὗτος

51 1883 112 1931 μὲν
136 1879 192 1919 οὖν
213 1884 273 1918 οὐκ
290 1881 379 1918 ἔστιν
402 1880 468 1932 ὅτῳ
491 1883 557 1917 τῶν
575 1880 818 1930 παιδευμάτων
835 1879 918 1931 πρὸς
938 1882 1080 1932 ἀργυρι-

52 1941 138 1990 σμὸν
159 1939 332 1990 ἐχρήσατο
352 1939 427 1976 οὐδὲ
445 1938 695 1984 ἐκαπήλευσεν.

102 1997 200 2048 Ἔφη
229 1995 262 2033 δὲ
286 1996 457 2038 Νικόλαος
478 1996 597 2045 ὁμοίαν
625 1991 710 2033 εἶναι
730 1995 792 2041 τὴν
820 1995 901 2041 ὅλην
922 1996 1081 2033 παιδείαν

51 2054 242 2105 ἀποδημίᾳ.
273 2053 334 2096 Ὡς
363 2052 429 2105 γὰρ
457 2055 490 2089 ἐν
517 2053 927 2104 ταύτηπροσσυμὸαίνει
949 2054 987 2104 (9)
1015 2056 1083 2096 τοῖς

53 2113 270 2160 ἀποδημοῦσι
311 2111 370 2147 καὶ
404 2110 540 2162 μακρὰν
573 2110 649 2148 ὁδὸν
681 2111 870 2157 διεξιοῦσιν,
901 2110 985 2148 ὅπου
1022 2111 1081 2160 μὲν

53 2168 304 2219 ἐγκατάγεσθαί
320 2184 356 2205 τε
380 2168 438 2205 καὶ
456 2168 686 2212 ἐναυλίζεσθαι
705 2168 819 2217 μόνον,
847 2167 932 2206 ὅπου
950 2168 984 2206 δὲ
1001 2171 1083 2206 ἐνα-

55 2233 185 2277 ριστᾶν,
207 2226 291 2263 ὅπου
324 2225 357 2262 δὲ
378 2225 512 2267 πλείους
544 2226 701 2275 ἐνδημεῖν
731 2225 880 2277 ἡμέρας,
911 2226 1014 2269 ἐνίους
1047 2226 1082 2263 δὲ

54 2283 176 2326 τόπους
195 2285 234 2321 ἐκ
258 2284 411 2335 παρόδου
435 2284 585 2334 θεωρεῖν,
613 2284 858 2326 ἐπανελθόντας
876 2283 990 2333 μέντοι
1010 2290 1084 2327 ταῖς

55 2343 182 2378 ἑαυτῶν
201 2343 339 2378 ἐνοικεῖν
354 2342 498 2382 ἑστίαις·
512 2340 600 2378 οὕτω
616 2341 674 2378 καὶ
693 2341 747 2379 διὰ
764 2345 823 2387 τῆς
837 2341 916 2387 ὅλης
929 2342 1085 2385 παιδείας

55 2398 292 2450 διερχομένους
315 2399 381 2435 δεῖν
402 2401 435 2435 ἐν
457 2392 504 2441 οἶς
531 2398 592 2447 μὲν
613 2398 883 2448 ἐπιτηδεύμασιν
904 2400 960 2436 ἐπὶ
982 2400 1085 2437 πλέον

55 2457 292 2507 ἐνδιατρίὸειν,
315 2459 348 2494 ἐν
375 2451 422 2499 οἷς
451 2457 480 2493 δ’
505 2456 557 2493 ἐπ’
586 2455 738 2503 ἔλαττον,
763 2458 822 2494 καὶ
847 2458 890 2494 τὰ
919 2458 979 2506 μὲν
1005 2456 1086 2504 ὅλα,

54 2513 98 2551 τὰ
118 2515 153 2551 δὲ
173 2516 211 2552 ἐκ
232 2514 374 2565 μέρους,
402 2515 445 2551 τὰ
471 2514 506 2551 δὲ
527 2514 609 2565 ἄχρι
629 2514 876 2565 στοιχειώσεως
895 2517 1086 2567 παραλαμ-

57 2571 182 2619 ὅάνειν,
201 2572 260 2610 καὶ
283 2572 321 2609 τὸ
341 2572 478 2610 ἐκείνων
496 2572 670 2623 χρήσιμον
691 2573 928 2624 κατασχόντας
952 2573 1006 2611 ἐπὶ
1025 2573 1087 2620 τὴν

56 2631 102 2671 ὡς
116 2631 249 2675 ἀληθῶς
269 2630 433 2681 πατρῴαν
451 2629 565 2667 ἑστίαν
584 2630 782 2673 ἀνελθόντας
804 2631 1007 2682 φιλοσοφεῖν.

555 2711 590 2748 3.

108 2787 198 2822 Exc.
217 2788 273 2821 Dc
285 2786 366 2821 virt.
418 2785 507 2821 ’και
522 2784 768 2836 παρακαλέσας
783 2779 838 2822 οἷα
855 2785 894 2831 δὴ
908 2786 1088 2838 φιλόσοφον

58 2841 117 2878 και
148 2843 383 2890 ἀμνησίκακον
417 2843 450 2879 ἐν
481 2842 568 2879 πολυ
593 2841 724 2895 πλείονι
751 2858 812 2903 ηγε
834 2846 917 2893 τιμῇ
945 2859 1003 2881 και
1033 2846 1086 2881 εὐ·

58 2899 131 2955 νοίᾳ
158 2900 216 2948 (2).

2078 118 2150 171 340

1124 238 1196 267 erga
1212 229 1286 259 (1005
1302 228 1395 259 etiam
1412 238 1428 259 a
1444 229 1670 267 morientibus,
1686 228 1801 268 quihus
1824 227 1909 258 nulla
1924 235 1992 267 spes
2005 226 2079 257 virae
2099 234 2153 256 511-

1126 287 1220 326 persit
1230 310 1237 323 ,
1249 286 1434 316 servandam
1449 295 1524 317 esso.
1544 300 1546 303 ·

1627 367 1658 396 2.

1167 451 1225 482 Hic
1243 450 1427 489 (Nicolaus)
1443 452 1589 481 omnibus
1602 452 1699 482 literis
1711 460 1727 481 a
1745 460 1842 491 puero
1863 452 2053 489 innutritus,
2072 450 2155 490 quod

1126 510 1247 548 patrem
1261 509 1394 539 habebat
1410 516 1597 547 magnopere
1611 509 1646 539 iis
1659 509 1819 547 deditum,
1834 510 1888 549 qui
1905 518 1979 549 opes
1995 510 2027 540 et
2043 510 2156 540 famam

1127 567 1278 597 doctrinm
1289 575 1382 597 causa
1393 566 1407 596 s
1407 568 1493 596 uerat
1502 566 1645 604 adeptus,
1658 567 1722 606 ipse
1733 568 1894 605 paternam
1908 567 2031 598 laudeni
2043 575 2159 605 augens

1128 625 1301 656 incredibili
1315 624 1452 664 quodam
1468 624 1572 654 studio
1586 624 1682 654 literis
1695 625 1848 656 incubuit.
1864 626 1923 662 Qui
1942 634 2040 665 quum
2063 625 2158 657 etiam

1129 683 1251 721 ingenio
1262 691 1323 713 non
1339 683 1421 713 malo
1434 682 1584 721 praeditus
1595 683 1686 720 esset,
1698 683 1846 713 irnherhis
1857 683 1959 714 adhuc
1970 683 2159 722 singularem

1130 741 1161 772 in
1178 740 1305 771 civitate
1319 749 1376 771 sua
1396 741 1521 770 laudem
1538 740 1663 778 retulit,
1687 742 1782 779 atque
1797 741 1876 771 inter
1899 742 2035 781 aequales
2056 742 2160 771 excel-

1131 799 1198 829 luit.
1209 798 1431 830 Grammatieae
1445 798 1526 829 enim
1541 799 1635 836 atque
1646 797 1740 835 hujus
1755 806 1812 837 ope
1824 799 1952 837 poeticae
1963 800 2064 830 omnis
2077 798 2162 830 haud

1131 857 1293 896 vulgarem
1311 857 1457 887 notitiam
1485 856 1543 886 sihi
1566 857 1821 895 comparaverat,
1846 856 1924 886 adeo
1944 857 1978 887 ut
1998 858 2163 897 tragoedias

1132 914 1365 953 comcediasque
1390 913 1636 952 haudquaquam
1656 913 1846 952 spernendas
1869 913 2027 945 scriberet.
2053 915 2163 945 Postea

1133 981 1209 1003 vero
1222 981 1322 1011 quum
1337 971 1489 1010 majorem
1503 979 1702 1010 progressum
1717 970 1870 1001 doctrinae
1886 971 2023 1008 fecisset,
2039 971 2078 1002 ad
2095 972 2165 1002 rhe-

1133 1030 1266 1061 toricam
1282 1038 1319 1060 ac
1332 1030 1484 1060 musicam
1501 1030 1532 1060 et
1546 1028 1786 1060 mathematicas
1799 1028 1978 1067 disciplinas
1990 1030 2084 1068 atque
2098 1029 2166 1060 uni-

1133 1095 1257 1117 versam
1271 1086 1500 1126 philosophiam
1515 1086 1655 1116 animum
1669 1086 1830 1125 applicuit.
1846 1087 1884 1117 Et
1895 1095 1994 1125 quum
2010 1087 2166 1117 Aristoteli

1137 1144 1274 1175 maxime
1286 1144 1426 1175 studeret
1439 1145 1469 1175 et
1483 1144 1689 1183 multiplicem
1702 1144 1769 1183 ejus
1778 1144 1836 1174 viri
1847 1144 2023 1175 doctrinam
2035 1144 2166 1175 mirare-

1134 1204 1198 1241 tur,
1213 1210 1428 1241 saepenumero
1443 1202 1599 1241 prosessus
1614 1202 1661 1233 est
1677 1201 1824 1233 omnihus
1837 1210 1870 1233 se
1883 1201 2056 1241 disciplinis
2069 1202 2168 1232 maxi·

1136 1269 1220 1291 mam
1232 1260 1364 1300 gratiam
1378 1259 1512 1298 habere,
1527 1268 1626 1299 quum
1639 1261 1767 1299 propter
1779 1260 1974 1290 honestatem
1991 1259 2149 1290 liberalem
2160 1284 2168 1296 ,

1136 1320 1205 1350 tum
1218 1318 1360 1358 inprimis
1369 1319 1495 1358 propter
1505 1318 1654 1349 utilitates
1668 1326 1745 1357 quas
1755 1318 1786 1348 in
1798 1318 1878 1348 hanc
1891 1318 1987 1349 vitam
1996 1318 2169 1356 conferant,

1137 1384 1167 1413 et
1177 1382 1420 1413 oblectationem
1428 1391 1523 1421 quam
1535 1381 1693 1420 juventuti
1702 1390 1792 1421 aeque
1799 1389 1836 1412 ac
1848 1382 1984 1412 senectae
1995 1381 2167 1420 praebeant.

1138 1445 1223 1476 Idem
1241 1444 1344 1476 aiebat
1359 1445 1488 1475 sortasse
1503 1444 1584 1474 hanc
1598 1444 1638 1474 ob
1651 1452 1776 1474 causam
1791 1444 1906 1475 multas
1919 1453 2051 1475 numero
2067 1446 2172 1475 Musas

1141 1516 1159 1538 a
1176 1507 1338 1538 veteribus
1360 1507 1512 1546 theologis
1531 1506 1727 1537 introductas
1740 1516 1805 1538 esse
1817 1531 1825 1546 ,
1848 1507 1931 1546 quod
1949 1507 1981 1537 in
2005 1506 2173 1546 disciplinis

1138 1570 1217 1601 mira
1233 1570 1366 1601 varietas
1382 1571 1413 1601 et
1430 1570 1469 1601 ad
1482 1579 1592 1601 omnes
1607 1569 1681 1600 vitae
1697 1578 1771 1600 usus
1784 1571 1857 1609 apta
1871 1569 2037 1600 diversitas
2054 1569 2171 1607 reperi-

1138 1635 1234 1665 retur.
1251 1636 1370 1664 Earum
1383 1642 1459 1664 vero
1482 1633 1625 1672 peritiam
1644 1632 1694 1664 vel
1710 1633 1900 1672 imperitiam
1917 1633 2009 1672 longe
2023 1633 2062 1664 ab
2076 1633 2173 1664 illibe-

1140 1696 1256 1727 ralibus
1278 1696 1398 1726 artibus
1411 1695 1537 1726 differre
1549 1695 1749 1726 existimabat
1764 1707 1772 1727 :
1786 1695 1901 1735 quippe
1920 1695 2039 1726 homini
2055 1696 2174 1727 idoneis

1140 1758 1253 1797 opibus
1283 1758 1438 1788 instructo
1470 1757 1657 1796 imperitiam
1685 1757 1801 1788 artium
1833 1758 2055 1788 humaniorum
2079 1759 2174 1797 atque

1141 1822 1341 1852 illiberalium
1368 1821 1509 1861 peritiam
1526 1820 1618 1859 Juxta
1642 1820 1768 1860 turpem
1788 1829 1865 1852 esse.
1884 1823 1955 1857 Quo
1976 1830 2076 1860 quum
2095 1822 2175 1853 esset

1141 1884 1265 1922 animo,
1286 1883 1373 1914 nulla
1391 1892 1532 1923 rmquam
1558 1883 1722 1923 disciplina
1741 1883 1782 1914 ad
1803 1885 1961 1923 quaestum
1983 1884 2173 1924 captandum

1141 1944 1257 1975 abusus
1270 1945 1334 1982 est,
1348 1953 1450 1983 neque
1466 1944 1554 1974 lucro
1567 1953 1636 1975 eam
1656 1944 1826 1984 prostituit.

1184 2008 1269 2038 ldem
1281 2008 1427 2039 Nicolaus
1438 2008 1542 2038 dicere
1553 2007 1673 2038 solebat
1681 2016 1807 2038 omnem
1819 2007 2051 2048 disciplinarum
2066 2009 2175 2040 orbem

1142 2066 1275 2097 similem
1295 2074 1361 2096 0550
1386 2065 1635 2105 peregrinationi.
1661 2067 1739 2096 Nam
1757 2066 2027 2104 quemadmodum
2047 2067 2100 2105 iis,
2121 2067 2174 2106 qui

1143 2123 1266 2163 longam
1292 2123 1572 2162 peregrinationem
1591 2124 1795 2163 susceperunt
1808 2147 1816 2161 ‚
1834 2132 1893 2154 usu
1918 2124 2020 2161 venit,
2036 2126 2072 2154 ut
2098 2124 2169 2163 qui-

1143 2181 1276 2211 busdam
1297 2181 1328 2211 in
1348 2180 1427 2211 locis
1452 2180 1610 2211 divertant
1630 2182 1755 2211 tantum
1777 2182 1808 2212 et
1830 2182 2034 2221 pernoctent,
2054 2182 2085 2212 in
2109 2182 2177 2212 aliis

1143 2239 1236 2270 etiam
1250 2238 1440 2278 prandeant,
1457 2239 1489 2268 in
1503 2239 1662 2269 nonnullis
1678 2239 1805 2278 quidem
1820 2239 1981 2278 plusculos
1993 2239 2058 2270 dies
2073 2239 2175 2269 consi-

1144 2296 1240 2334 stant,
1251 2296 1327 2326 alios
1337 2304 1411 2326 vero
1423 2296 1712 2335 praetergredientes
1723 2298 1846 2327 tantum
1858 2296 2035 2336 inspiciant,
2048 2297 2175 2327 tandem

1145 2354 1251 2384 autem
1271 2355 1385 2384 reversi
1399 2354 1430 2384 in
1445 2353 1510 2384 suis
1523 2354 1689 2392 penatibus
1705 2353 1821 2393 degant
1846 2367 1852 2385 z
1872 2354 1915 2385 ita
1937 2354 2031 2385 etiam
2051 2362 2104 2384 eos
2122 2354 2177 2393 qui

1145 2410 1247 2441 studia
1265 2411 1468 2442 humanitatis
1491 2411 1637 2442 universa
1658 2413 1861 2451 percurrant,
1879 2413 2025 2451 oportere
2040 2412 2109 2443 aliis
2123 2411 2178 2441 im-

1147 2468 1263 2498 morari
1278 2468 1415 2506 diutius,
1428 2468 1495 2499 aliis
1506 2468 1627 2508 minus,
1643 2469 1704 2499 alia
1714 2470 1780 2500 tota
1790 2493 1798 2508 ‚
1813 2469 1874 2500 alia
1884 2478 1922 2500 ex
1937 2470 2025 2509 parte
2041 2469 2159 2500 discere
2169 2494 2177 2508 ‚

1147 2526 1348 2566 quorundam
1368 2527 1441 2557 solis
1454 2527 1617 2557 elementis
1636 2528 1800 2558 contentos
1813 2536 1898 2567 esse,
1917 2529 2013 2566 atque
2032 2528 2179 2566 percepta

1148 2584 1345 2623 singulorum
1361 2585 1497 2616 utilitate
1514 2585 1552 2615 ad
1576 2585 1805 2625 philosophiam
1821 2587 1986 2625 tamquam
2007 2585 2047 2615 ad
2070 2585 2178 2624 genui-

1148 2650 1221 2673 nam
1236 2642 1367 2681 patriam
1384 2644 1416 2673 et
1430 2642 1510 2673 lares
1522 2643 1649 2674 reverti.

1646 2722 1678 2753 3.

1190 2799 1223 2813 *¹*
1239 2799 1386 2830 nortatus
1395 2808 1466 2830 011111
1482 2799 1684 2839 (Nicolaum)
1697 2800 1731 2830 ut
1741 2798 1960 2838 philosophum
1973 2799 2004 2829 et
2017 2798 2180 2829 immemo-

1151 2865 1217 2887 rem
1242 2856 1427 2895 injuriarum
1453 2857 1565 2896 majori
1583 2857 1714 2897 posthac
1740 2856 1940 2888 observantia
1956 2858 2051 2896 atque
2072 2865 2180 2887 amore

1152 2917 1339 2954 prosecutus
1355 2916 1411 2945 est.

101 3011 131 3038 2.
149 3009 281 3049 Οὗτος]
298 3009 840 3050 51001100111111511111151301.111131(1)1
856 3020 912 3050 [110
929 3013 1075 3051 vulgata:
1092 3012 1178 3048 οὗτος
1192 3014 1342 3048 Νικόλαος
1357 3014 1576 3053 Δαμασκηνός.
1591 3018 1674 3044 —2.
1691 3013 1770 3053 oh]
1783 3022 1835 3044 vv
1849 3013 1901 3043 dd.
1919 3012 2178 3052 ρ1ον111ς.ἄλλῃ.

63 3053 137 3084 Mox
154 3054 285 3093 μάὶιστα
301 3056 420 3087 omittit
436 3057 507 3087 cod.
527 3060 563 3088 A.
582 3074 621 3079 —
636 3061 664 3087 3.
681 3057 912 3097 ὑπεγένετο]
928 3060 950 3087 Α
968 3036 1003 3088 [3⁰
1005 3059 1029 3088 V
1048 3060 1087 3088 E·
1080 3059 1262 3097 ,ἐπεγένετο
1279 3060 1386 3090 ceteri.
1406 3079 1443 3085 --
1458 3063 1487 3090 [1.
1505 3061 1549 3090 δι’
1566 3060 1702 3100 αὐτὴν]
1719 3062 1817 3097 BVE;
1835 3060 1871 3090 δι’
1891 3060 1981 3096 αυτῆς
1998 3061 2072 3089 cett.
2091 3075 2131 3080 —
2148 3062 2176 3088 5.

63 3099 239 3140 ἔτιδὲ]δὲ
262 3110 326 3132 om.
341 3103 419 3133 AV.
436 3107 519 3134 -ss.
535 3102 803 3143 n&on;]AV.:

829 3104 949 3140 ἁπάσης
966 3105 1041 3134 0011.
1060 3107 1205 3135 Vocem
1194 3117 1283 3145 επεμ-
1272 3108 1365 3137 -λεῖτο
1385 3115 1457 3137 cum
1478 3106 1570 3136 codd.
1593 3108 1614 3137 B
1634 3109 1655 3136 E
1678 3106 1783 3137 omisit
1802 3106 1993 3161 Bernhardy.
1999 3128 2007 3142 ‚
2027 3104 2178 3135 nonnulla

63 3153 82 3175 a
97 3147 191 3177 Suida
206 3147 238 3178 h.
260 3148 279 3178 l.
297 3148 471 3180 deformata
486 3158 553 3180 esse
568 3151 709 3180 statuens
722 3150 942 3181 verisimiliter.
957 3170 996 3176 -
1016 3153 1045 3181 7.
1067 3152 1132 3181 διὰ
1146 3162 1260 3182 τουτο
1274 3152 1365 3192 ἄρα]
1385 3153 1500 3183 Bernh.
1524 3161 1540 3182 e
1558 3152 1627 3182 cod
1653 3155 1691 3182 V
1715 3161 1771 3191 [110
1793 3152 1876 3189 vulg.
1900 3152 1958 3191 ἄρα
1977 3151 2026 3182 διὰ
2042 3162 2069 3180 τ.
2107 3155 2134 3180 8.
2138 3163 2179 3169 -

65 3201 81 3220 0
118 3202 178 3222 om)

20 3263 23 3265 .
65 3202 363 3277 diffislevithiisteruffi
380 3249 432 3270 ver
437 3240 511 3271 110111
528 3241 665 3272 notabile
680 3243 816 3280 reposuit
832 3242 1021 3282 Bernhardy.

251 3204 338 3232 τεχν
350 3196 374 3223 ὧ
383 3192 431 3232 ν]«
425 3207 439 3220 «
456 3196 530 3224 Haec
543 3204 668 3234 quoque
681 3195 805 3234 sapiunt
817 3196 987 3227 breviantis
1001 3205 1142 3228 manum.
1157 3210 1171 3223 ν
1186 3200 1249 3228 Be}
1253 3198 1309 3230 nlz.
1325 3213 1363 3219 -
1375 3203 1404 3230 9.
1420 3211 1440 3229 π
1450 3210 1464 3238 ρ
1473 3209 1515 3229 οσ
1524 3210 1567 3229 συ
1576 3209 1596 3237 μ
1605 3199 1633 3229 ὅ.
1638 3198 1647 3238 ]
1661 3202 1681 3229 Α
1694 3200 1717 3230 Β
1733 3201 1755 3229 E
1766 3199 1796 3229 et
1807 3198 1913 3228 editt.
1906 3221 1914 3236 ,
1928 3196 2176 3237 praepositionem

107 3288 135 3315 3.
157 3285 285 3316 Corin-is
308 3288 463 3318 Tro-ensis
476 3287 543 3325 sol.
565 3290 643 3327 22²1,
673 3293 681 3318 1
702 3307 740 3313 -
759 3293 795 3319 215
822 3297 851 3318 1.
871 3289 997 3328 Aliquot
1015 3289 1086 3320 folia
1103 3289 1218 3321 codicis
1237 3291 1471 3322 11110101110111111.
1496 3291 1540 3322 Ad
1562 3291 1655 3321 verba
1671 3292 1739 3321 Ὅτι
1757 3290 1891 3330 ἐπράχθη
1906 3290 1968 3319 κτλ.
1992 3288 2020 3318 111
2039 3286 2177 3325 margine
