2289 3728
95 224 168 253 24ss

93 304 266 339 habiliter
289 300 439 348 quidem
460 298 650 333 Posidonii
670 299 785 332 vitam
802 310 1081 345 exponeremus.
1105 314 1119 327 υ

92 362 234 408 Quibus
252 358 443 407 praemissis
455 385 466 405 ,
485 357 607 403 pergit
625 356 724 391 hunc
742 357 782 390 in
800 355 956 391 modum
976 368 984 390 :
1012 372 1026 387 a
1051 357 1120 391 Hic

92 420 203 461 cuim,
220 425 261 452 ut
270 417 432 463 primum
448 415 606 461 patriam
623 414 765 460 Syriam
781 415 947 460 reliquit,
962 414 1122 448 Athenas

91 488 141 518 se,
158 475 225 510 ubi
239 481 316 508 tum
331 473 510 507 Panaetius
523 478 614 518 erat,
634 471 805 515 contulit,
823 478 860 506 et
876 484 961 506 cum
976 483 1120 506 summo

93 532 249 568 doctore
265 532 315 566 ita
330 531 461 565 vixisse
480 529 643 573 videtur,
662 542 739 563 non
756 536 798 563 ut
818 529 1020 576 disciplinae
1042 536 1120 563 tan-

93 599 170 625 tum
198 590 406 636 scholaeque
423 588 528 622 inter
552 598 615 622 eos
645 595 735 622 esset
749 615 759 634 ,
779 587 843 622 sed
863 594 898 622 et
922 588 1003 621 vitae
1021 586 1122 621 haud

92 649 224 696 exigua
253 647 498 682 communitas
521 652 632 692 atque
659 643 914 688 consuetudo,
943 644 980 677 in
1006 655 1122 689 eaque

93 705 359 741 consuetudine
377 704 520 739 socium
540 715 581 738 ac
610 703 776 738 sodalem
804 702 935 736 habuit
959 702 1124 736 Mnesar-

93 765 222 808 chum,
263 764 420 798 alterum
456 762 607 797 Panaetii
642 761 862 808 discipulum
898 759 1050 806 ejusque
1086 760 1123 792 in

91 821 216 856 schola
243 820 457 856 Atheniensi
487 831 746 854 successorem.
768 819 920 852 Mortuo
941 817 1121 859 Panaetio,

92 893 123 915 a.
143 892 183 915 u.
207 879 282 921 642
301 879 360 914 vel
380 878 508 925 paullo
527 884 634 924 post,
658 877 744 911 alias
770 876 856 910 item
878 875 1047 922 regiones
1067 875 1124 908 lu-

91 944 207 972 strare
223 936 388 972 decrevit
405 933 471 983 (1),
483 935 800 969 nobilissimorum
813 933 1123 980 philosophorum

91 1002 236 1030 secutus
247 994 470 1041 exemplum,
488 993 705 1035 Aristotelis,
721 991 891 1033 Zenonis,
908 990 1122 1038 Chrysippi,

93 1053 275 1095 aliorum,
304 1053 368 1099 qui
393 1051 506 1086 semel
533 1051 652 1097 patria
673 1050 804 1097 egressi
827 1060 1017 1094 nunquam
1046 1047 1124 1082 do—

92 1122 194 1145 mum
208 1111 400 1146 redierunt
417 1109 426 1159 (
440 1109 514 1146 Cic.
529 1110 636 1144 Tusc.
656 1110 698 1151 V,
719 1107 766 1152 37
782 1106 836 1154 )...
855 1108 947 1141 Nam
960 1107 1124 1153 primum

94 1170 246 1205 Athenis
261 1169 449 1216 profectus
464 1167 677 1214 Hispaniam
695 1165 785 1200 adiit
795 1192 804 1209 ,
827 1164 929 1211 cujus
943 1177 1007 1199 ora
1022 1165 1125 1199 Phoe-

92 1228 217 1262 nicum
245 1226 320 1272 jam
351 1226 572 1272 antiquitus,
612 1230 739 1271 postea
773 1222 1124 1270 Carthaginiensium

94 1285 326 1332 frequentata
339 1284 507 1327 coloniis,
520 1290 711 1330 postremo
727 1282 897 1316 universa
912 1293 931 1314 a
947 1282 1126 1317 Romanis

93 1343 238 1378 devicta
257 1345 370 1390 inque
384 1341 585 1389 provinciae
605 1340 763 1374 formam
779 1339 948 1384 redacta,
965 1340 1126 1375 incredi-

93 1401 185 1436 biles
216 1412 348 1448 easque
375 1400 566 1444 hucusque
597 1396 830 1432 absconditas
860 1403 1000 1431 naturae
1038 1410 1127 1445 opes

95 1459 309 1493 continebat
326 1470 333 1492 ε
350 1464 391 1491 ut
408 1458 458 1491 M.
478 1455 569 1493 Cato
581 1482 590 1499 ‚
611 1457 674 1501 qui
689 1455 816 1490 consul
834 1456 1045 1502 Hispaniam
1064 1456 1124 1493 Ci-

94 1517 271 1558 teriorem
306 1516 537 1558 obtinuerat,
568 1513 683 1547 multa
726 1513 814 1548 inde
844 1512 1062 1548 admiranda
1090 1515 1127 1547 in

95 1573 263 1620 Origines
281 1573 450 1607 retulerit
462 1599 472 1619 ,
490 1578 642 1606 auctore
658 1572 802 1618 Nepote
823 1571 861 1604 in
878 1570 1019 1607 Catone
1036 1583 1068 1605 c.
1088 1571 1124 1608 3.

94 1631 260 1666 Gadibus
270 1658 279 1675 ‚
293 1638 428 1677 praeter
443 1630 628 1676 reliquum
644 1635 806 1675 tempus,
819 1628 922 1675 quod
936 1629 987 1663 ibi
1002 1628 1125 1678 degit,

95 1690 249 1737 triginta
270 1688 347 1723 dies
373 1688 463 1734 suit,
491 1694 532 1722 ut
561 1687 673 1721 aniles
702 1688 951 1734 Hispanorum
977 1686 1021 1721 de
1051 1688 1128 1722 sole

97 1747 292 1782 occidente
313 1746 454 1781 fabulas
475 1752 510 1780 et
535 1751 743 1779 commenta
771 1751 962 1791 argueret,
993 1752 1027 1780 et
1049 1757 1128 1780 rem

95 1807 210 1852 ipsam
225 1805 498 1851 diligentissime
515 1810 756 1850 cognosceret
773 1801 782 1849 (
797 1803 929 1837 Strabo
947 1815 986 1849 p.
1010 1802 1082 1838 138
1095 1802 1103 1852 )
1117 1831 1126 1848 ,

97 1871 176 1898 tum
194 1870 235 1898 ut
251 1863 361 1897 maris
383 1868 488 1897 aestus
515 1862 738 1908 explicaret,
768 1860 888 1895 sidera
914 1873 995 1907 quae
1018 1862 1055 1895 in
1084 1874 1128 1896 eo

98 1922 242 1957 climate
254 1932 321 1968 per
335 1921 557 1955 maritimam
572 1919 756 1966 Hispaniae
775 1931 879 1953 oram
896 1919 1127 1963 viderentur,

99 1981 324 2015 observaret.
343 1979 552 2026 Regionem
571 1978 687 2024 ipsam
705 1977 793 2010 item
813 1976 969 2011 ulterius
989 1977 1128 2024 ingres·

96 2051 175 2082 sus,
192 2039 310 2072 multa
330 2049 411 2084 quae
430 2036 490 2070 vel
514 2035 560 2070 ad
577 2035 843 2082 geographiam
871 2035 931 2069 vel
949 2034 996 2069 ad
1015 2035 1130 2070 histo-

97 2098 190 2131 riam
217 2095 425 2130 naturalem
453 2094 706 2141 pertinerent,
736 2092 1008 2127 animadvertit.
1037 2093 1131 2128 Inde

97 2155 136 2188 in
152 2154 295 2188 Italiam
310 2152 496 2199 navigavit
512 2149 664 2198 (Strabo
681 2163 716 2197 p.
740 2154 823 2192 144.
843 2149 915 2193 827
933 2146 965 2197 ),
982 2150 1030 2184 ita
1048 2151 1132 2196 qui-

99 2213 207 2256 dem,
237 2219 279 2246 ut
306 2223 427 2257 neque
456 2211 494 2244 in
514 2211 588 2256 ipsa
609 2208 762 2255 quidem
789 2208 1023 2258 navigatione
1045 2208 1132 2242 dili-

97 2272 259 2318 gentiam
276 2269 351 2315 ejus
364 2269 574 2315 requireres
592 2279 599 2301 :
622 2279 706 2300 nam
722 2272 784 2300 aut
797 2271 927 2300 ventos
940 2266 1109 2300 servabat
1123 2293 1132 2310 ,

97 2330 157 2364 vel
178 2341 253 2364 orae
281 2340 393 2375 quam
415 2325 755 2374 praetervehebatur
784 2330 954 2358 naturam
974 2323 1132 2370 indaga-

99 2388 175 2422 bat.
197 2387 361 2422 Siciliam
380 2396 531 2431 quoque
552 2384 633 2417 visit
652 2383 863 2427 vicinasque
881 2381 1033 2425 insulas,
1054 2388 1131 2415 tum

99 2446 270 2493 regiones
289 2443 335 2478 ad
349 2455 450 2477 mare
466 2443 663 2488 Superum,
678 2439 910 2483 Dalmatiam,
928 2439 1131 2485 Illyricum,

101 2504 348 2550 plurimorum
360 2502 529 2535 locorum
541 2499 786 2546 proprietates
801 2503 835 2530 et
852 2503 960 2531 terrae
970 2497 1133 2532 indolem

102 2561 325 2607 investigans
348 2558 515 2606 (Vitruv.
535 2558 589 2591 De
606 2556 707 2591 arch.
727 2556 827 2590 VIII.
849 2558 867 2595 l,
884 2557 908 2596 ).

160 2635 176 2650 α
198 2620 313 2661 Hine,
333 2630 367 2651 a.
392 2629 429 2651 u.
448 2616 593 2650 circiter
617 2612 691 2648 650
719 2611 727 2663 (
747 2617 815 2654 104
840 2625 870 2646 a.
890 2612 958 2660 C.)
985 2613 1133 2659 repulso

104 2677 342 2715 Cimbrorum
358 2687 398 2709 ac
413 2676 619 2708 Teutonum
637 2672 789 2717 impetu,
802 2671 996 2704 Massiliam
1010 2671 1132 2716 prose·

105 2740 198 2781 ctus,
218 2733 496 2768 Narbonensem
513 2731 666 2766 Galliam
683 2728 843 2773 indeque
855 2728 1009 2774 Ligures
1023 2727 1133 2764 adiit:

106 2793 175 2835 ita,
197 2798 238 2825 ut
263 2792 300 2825 in
321 2790 421 2824 omni
441 2790 570 2823 itincre
596 2794 630 2822 ct
651 2787 790 2833 physici
811 2792 847 2820 et
875 2786 1077 2832 geographi
1101 2793 1135 2820 et

107 2849 273 2883 historici
298 2859 451 2882 munere
471 2846 700 2891 fungeretur,
731 2842 829 2876 unde
855 2842 990 2876 sactum
1018 2850 1071 2876 est
1096 2849 1137 2876 ut

108 2907 243 2953 triplici
265 2907 337 2940 hoc
357 2916 477 2950 eoque
499 2903 644 2937 diverso
663 2900 862 2945 conjuncto
880 2898 1024 2943 officio,
1043 2900 1135 2933 altc—

107 2978 192 3000 rum
223 2965 270 2999 ad
297 2964 447 2998 alterius
470 2962 655 2996 conferret
681 2961 739 2993 vel
771 2960 1053 2994 illustrationem
1079 2960 1135 2994 vel

111 3028 382 3058 ornamentum.

153 3148 194 3184 (1)
216 3149 290 3177 Hire
303 3146 411 3175 itinera
427 3152 502 3174 num
517 3145 601 3173 recte
615 3142 644 3171 in
660 3142 739 3171 hanc
757 3139 914 3170 Posidonii
932 3140 1005 3169 vitai
1020 3141 1138 3178 partein

112 3193 306 3224 transtulerit
328 3190 457 3227 ttalxius,
479 3190 508 3219 in
526 3189 656 3218 ‹luhiuin
675 3188 847 3217 vocaveris.
868 3186 976 3215 serius
997 3186 1140 3215 instituta

112 3250 129 3270 a
147 3239 332 3279 philosopho
349 3240 561 3268 Romanorum
578 3234 752 3273 potentium
769 3233 907 3263 amicitia
923 3232 987 3270 jain
1003 3233 1140 3268 ganden—

112 3291 175 3317 tein
194 3285 380 3325 putaverint.
397 3285 489 3312 (ww-n·
507 3281 581 3312 illud
601 3284 725 3318 teinpus
738 3303 746 3316 ‚
763 3288 826 3317 quo
842 3278 1042 3308 (·imtn·‹›nnn
1062 3279 1141 3308 helso

115 3333 244 3363 Rotnani
267 3330 488 3370 pretiis-liuntur
511 3331 562 3367 (a.
583 3331 636 3357 (3⁷21
654 3327 746 3365 sqq.)
769 3324 932 3356 itineribus
952 3324 1016 3354 istis
1034 3333 1141 3363 parunt

114 3378 398 3409 accommodatum.

863 207 1119 246 POSIDONH
1150 210 1178 245 A
1188 205 1434 245 PAMENSIS

1239 312 1251 326 n
1269 295 1362 332 Cum
1373 295 1444 329 hoc
1455 293 1645 327 uberrimo
1655 291 1963 338 peregrinationis
1976 290 2098 326 fructu
2108 291 2212 327 Rhe-

1182 353 1270 388 dum
1287 366 1324 387 se
1341 352 1510 394 contulit,
1525 362 1643 397 quum
1657 356 1697 384 ut
1710 349 1954 395 multiplicem
1967 349 2125 383 scientiae
2145 362 2211 384 va-

1180 411 1347 445 rietatem
1362 409 1560 456 digereret,
1570 414 1648 441 tum
1659 418 1749 441 vero
1760 413 1801 440 ut
1815 418 1895 440 eam
1909 406 1970 440 vel
1985 406 2213 441 institutione

1181 469 1240 503 vel
1275 467 1479 513 scriptione
1519 477 1647 500 earum
1677 476 1801 499 rerum
1831 462 2003 497 studiosis
2035 463 2210 500 traderet.

1182 525 1353 561 Seholam
1371 523 1524 570 quidem
1543 523 1722 566 Stoicam,
1743 533 1763 556 a
1782 521 1944 555 Panaetio
1974 520 2102 555 Rhodi
2121 521 2206 555 reli-

1183 589 1278 617 ctam
1293 609 1303 628 ,
1324 581 1520 627 suscepisse
1538 579 1675 614 dieitur
1695 578 1916 613 Posidonius
1930 605 1939 621 ,
1958 584 2000 612 ut
2016 577 2146 612 Suidas
2166 585 2214 613 te-

1182 646 1298 674 statur
1315 651 1322 673 :
1343 649 1465 684 neque
1485 637 1579 672 hanc
1600 637 1737 671 minori
1754 648 1838 671 cum
1854 636 1908 670 rei
1924 635 2083 684 publicae
2104 648 2215 682 quam

1182 696 1427 743 philosophiae
1446 695 1699 730 emolumento
1724 694 1851 730 tenuit.
1873 694 1965 728 Nam
1986 699 2021 727 et
2041 692 2088 727 ad
2110 705 2216 728 rem-

1183 754 1370 801 publicam
1387 752 1556 799 acccssit‚
1574 758 1665 786 teste
1681 751 1863 786 Strabone
1877 763 1915 798 p.
1934 749 2008 785 655
2021 777 2030 795 ,
2046 751 2083 784 in
2100 763 2218 798 eaque

1185 823 1302 858 quum
1330 811 1421 846 alios
1453 810 1616 844 honores
1641 816 1719 843 tum
1752 809 1919 856 Prytanis
1942 821 2077 843 munus
2111 810 2218 856 gessit

1187 869 1302 917 (ibid.
1318 879 1357 915 p.
1379 868 1398 904 3
1409 867 1486 914 16),
1497 868 1561 914 qui
1575 879 1737 901 summus
1747 873 1825 901 erat
1837 865 1963 901 Rhodi
1976 867 2217 914 magistratus.

1184 927 1327 972 Quibus
1358 925 1562 960 honoribus
1594 937 1711 971 quum
1753 931 1904 958 ornatus
1934 930 2046 967 esset,
2080 924 2220 970 legatus

1184 986 1341 1020 Romam
1361 984 1409 1019 ad
1431 983 1590 1018 Marium
1606 984 1674 1018 VII
1691 983 1878 1017 consulem
1891 1009 1900 1027 ,
1921 982 2050 1016 missus
2077 988 2150 1026 est,
2180 995 2213 1018 a.

1184 1055 1223 1078 u.
1247 1042 1322 1077 668
1348 1042 1422 1090 (86
1442 1053 1478 1079 a.
1502 1041 1591 1089 C.),
1611 1041 1724 1075 aetatis
1743 1041 1819 1075 fere
1840 1039 1912 1088 503
1940 1052 2056 1086 quum
2068 1040 2218 1074 Mithri—

1186 1099 1308 1135 datico
1327 1100 1428 1134 bello
1451 1105 1583 1134 cuneta
1597 1110 1718 1145 prope
1738 1098 1877 1133 Graecia
1897 1110 1917 1132 a
1933 1097 2094 1132 barbaro
2113 1101 2223 1132 occu-‘

1185 1165 1288 1204 pata,
1311 1170 1385 1192 una
1403 1156 1561 1192 Rhodus
1588 1157 1627 1190 in
1648 1157 1908 1190 Romanorum
1929 1156 2118 1190 mansisset
2145 1154 2220 1191 fide

1185 1222 1295 1262 atque
1325 1216 1504 1259 amicitia,
1537 1225 1649 1261 seque
1684 1220 1815 1248 contra
1842 1213 2004 1247 hostium
2040 1214 2219 1260 impetum

1186 1281 1301 1309 tutata
1321 1280 1427 1309 esset.
1457 1274 1502 1308 In
1520 1285 1559 1308 ea
1585 1273 1698 1320 igitur
1727 1272 1909 1319 legatione
1928 1270 2084 1306 Marium
2110 1272 2219 1316 vidit,

1186 1331 1364 1367 afflictum
1380 1332 1536 1367 fortunae
1555 1330 1842 1376 valitudinisque
1865 1330 2093 1376 calamitate,
2116 1337 2158 1364 ut
2175 1342 2219 1365 ex

1186 1390 1262 1436 ejus
1284 1391 1454 1426 Historiis
1470 1389 1583 1424 refert
1599 1388 1816 1423 Plutarchus
1834 1387 1872 1421 in
1892 1387 2010 1422 Mario
2044 1387 2108 1435 (sr.
2133 1391 2177 1429 41
2193 1387 2219 1435 ).

1188 1449 1263 1486 Nec
1290 1448 1496 1495 quidquam
1518 1447 1674 1494 amplius
1701 1446 1830 1481 dehac
1862 1446 2099 1480 Rhodiorum
2119 1446 2222 1493 lega-

1187 1508 1286 1542 tione
1300 1507 1463 1541 invenire
1476 1506 1584 1553 potui
1605 1517 1613 1539 :
1633 1504 1776 1539 diversa
1790 1505 1889 1539 enim
1905 1503 1975 1538 fuit
1988 1516 2008 1538 a
2027 1504 2145 1538 nobili
2160 1504 2222 1539 illa

1188 1565 1235 1600 de
1262 1564 1503 1600 Rhodiorum
1530 1563 1689 1610 praemiis
1714 1562 1760 1597 ad
1781 1569 1967 1605 senatum,
1989 1563 2087 1608 Sylla
2105 1561 2220 1596 dicta·

1189 1631 1289 1667 tore,
1309 1623 1427 1657 tribus
1441 1629 1568 1669 postea
1582 1621 1703 1664 annis,
1723 1621 1760 1654 in
1779 1632 1851 1666 qua
1867 1620 2009 1663 Molon,
2029 1620 2223 1666 celeberri-

1188 1694 1269 1716 mus
1283 1681 1425 1724 rhetor,
1450 1680 1519 1714 suit
1530 1707 1541 1726 ,
1559 1691 1669 1725 quem
1687 1685 1765 1713 tum
1781 1678 1908 1714 Romae
1923 1678 2063 1712 audivit
2075 1678 2220 1724 Cicero,

1188 1746 1229 1774 ut
1248 1740 1324 1786 ipse
1344 1744 1495 1773 testatur
1514 1738 1552 1772 in
1574 1738 1690 1771 Bruto
1705 1763 1714 1780 ‚
1737 1749 1767 1772 c.
1793 1749 1853 1783 90.
1874 1737 1992 1783 Igitur
2018 1737 2222 1770 insecutum

1173 1805 1243 1832 ‚est
1262 1796 1355 1831 illud
1378 1803 1542 1843 tempus,
1564 1807 1639 1841 quo
1660 1795 1757 1841 Sylla
1785 1794 2054 1841 rempublicam
2077 1806 2223 1829 summo

1191 1855 1346 1902 imperio
1379 1860 1528 1897 tenens,
1566 1864 1643 1887 eam
1676 1851 1896 1898 tyrannide,
1933 1850 2153 1886 crudelitate
2188 1858 2223 1886 et

1190 1911 1527 1960 proscriptionibus
1545 1909 1691 1943 vexavit
1712 1921 1719 1942 :
1740 1914 1782 1942 ut
1799 1907 1928 1944 Cicero
1941 1934 1950 1951 ,
1972 1909 2073 1942 istius
2092 1909 2223 1944 videli-

1192 1978 1250 2006 cet
1266 1977 1432 2005 metuens
1446 1967 1692 2009 insolentiam,
1709 1967 1747 1999 in
1766 1966 1944 2001 Graeciam
1959 1965 2090 2011 abiret,
2113 1979 2226 2013 seque

1191 2030 1351 2065 Athenas
1377 2026 1564 2062 conferret
1587 2037 1595 2059 ε
1617 2024 1683 2059 ubi
1711 2031 1789 2058 tum
1815 2024 2065 2058 Ascalonitam
2091 2026 2222 2060 Antio-

1192 2088 1303 2122 chum
1325 2086 1497 2128 audicns,
1520 2084 1604 2130 qui,
1632 2083 1761 2117 relicta
1782 2081 1981 2119 Carneadis
2008 2088 2041 2116 et
2061 2082 2227 2118 Philonis

1192 2147 1354 2189 ratione,
1374 2144 1530 2191 propius
1549 2141 1596 2176 ad
1616 2141 1742 2176 Stoam
1768 2146 1970 2175 accesserat
1985 2167 1993 2183 ,
2021 2139 2097 2185 ejus
2115 2153 2222 2189 argu-

1192 2205 1323 2238 mentis
1345 2203 1549 2250 plurimum
1569 2197 1834 2234 delectabatur.
1867 2198 2018 2232 Mortuo
2044 2198 2164 2244 Sylla,
2186 2210 2220 2233 a.

1192 2274 1229 2297 u.
1251 2260 1325 2306 676
1350 2259 1421 2309 (78
1443 2272 1476 2294 a.
1499 2259 1587 2305 C.),
1609 2257 1738 2292 Cicero
1760 2255 1806 2290 ad
1832 2255 2100 2305 rempublicam
2122 2268 2224 2291 acce-

1193 2319 1283 2354 dere
1312 2319 1558 2356 constituens,
1589 2314 1739 2360 ejusque
1765 2313 1824 2347 rei
1848 2313 1962 2347 veluti
1994 2310 2136 2362 ὄργανον
2166 2326 2223 2348 ar—

1192 2376 1349 2411 bitratus
1381 2374 1628 2421 eloquentiam
1664 2372 1846 2405 sorensem
1882 2371 2004 2413 illam,
2041 2371 2223 2405 continuo

1193 2434 1314 2468 Asiam
1331 2434 1504 2480 primum,
1524 2429 1657 2465 deinde
1671 2429 1848 2464 Rhodum
1865 2427 1967 2471 adiit,
1985 2427 2113 2474 ibique
2127 2429 2223 2462 mul-

1195 2499 1271 2525 tum
1292 2492 1444 2526 Molone
1470 2490 1621 2524 rhetore
1636 2515 1646 2532 ‚
1678 2494 1757 2521 tum
1789 2487 1897 2521 etiam
1918 2485 2121 2520 Posidonio
2142 2498 2229 2521 usus

1195 2557 1247 2585 est
1268 2549 1473 2596 (Plutarch.
1501 2548 1651 2590 Cicero,
1678 2558 1710 2580 c.
1729 2549 1747 2587 4
1765 2559 1775 2589 3
1796 2544 1927 2581 Cicero
1958 2546 2012 2578 De
2042 2545 2087 2580 N.
2119 2546 2165 2580 D.
2192 2545 2227 2587 Ι,

1198 2607 1238 2651 '33
1265 2609 1320 2641 De
1346 2605 1410 2643 fin.
1443 2607 1481 2649 Ι,
1514 2604 1558 2648 33
1589 2605 1644 2638 De
1675 2602 1751 2637 sato
1776 2615 1805 2637 c.
1830 2600 1873 2646 3;
1895 2603 1999 2638 Brut.
2030 2598 2124 2649 91),
2152 2602 2228 2637 sive

1197 2671 1405 2699 commotus
1432 2663 1503 2697 viri
1532 2660 1767 2704 celebritate,
1796 2660 1871 2694 sive
1897 2658 2001 2705 quod
2031 2665 2121 2693 esset
2149 2658 2228 2704 ejus

1196 2724 1291 2758 ratio
1312 2722 1427 2769 magis
1444 2733 1528 2755 cum
1548 2718 1750 2754 Antiochea
1764 2744 1773 2760 ,
1790 2729 1901 2763 quam
1919 2723 1998 2750 ante
2014 2714 2226 2762 audiverat,

1197 2781 1408 2827 conjuncta.
1432 2782 1485 2815 Ex
1509 2791 1582 2826 qua
1602 2777 1793 2823 disciplina
1817 2776 2020 2822 plurimum
2050 2775 2086 2808 in
2113 2772 2229 2808 libros

1198 2840 1405 2883 Ciceronis,
1442 2850 1536 2884 quos
1566 2835 1882 2883 praestantissimos
1915 2833 1962 2868 de
1993 2832 2228 2879 philosophia

1198 2898 1370 2944 reliquit,
1412 2895 1642 2942 pervenisse,
1687 2893 1769 2939 quis
1806 2890 2013 2925 dubitabit?
2046 2890 2228 2936 siquidem

1198 2957 1296 2989 hunc
1316 2967 1430 2989 unum
1461 2954 1497 2987 in
1526 2952 1654 2999 primis
1681 2950 1825 2997 legebat
1853 2948 1954 2997 (Fin.
1984 2949 2018 2991 I,
2049 2946 2110 2995 2).
2134 2948 2228 2981 Hinc

1201 3013 1331 3049 Cicero
1357 3014 1514 3046 Romam
1535 3010 1652 3044 redux
1671 3008 1717 3043 ad
1735 3020 1792 3041 rcs
1810 3006 1978 3053 publicas
1999 3004 2227 3047 tractandas,

1202 3072 1333 3117 insigni
1364 3068 1607 3117 philosophiae
1635 3066 1783 3101 scientia
1810 3065 2008 3098 instructus
2027 3070 2137 3107 atque
2159 3062 2229 3096 clo·

1202 3130 1359 3176 quentiae
1380 3128 1571 3169 facultate,
1593 3137 1629 3159 se
1649 3123 1817 3159 contulit.
1845 3118 2083 3162 Posidonius'‚
2103 3119 2228 3154 Rhodi

1203 3198 1372 3228 manens,
1404 3185 1581 3231 praeclara
1613 3181 1841 3216 institutione
1875 3179 2058 3213 bonarum
2094 3177 2227 3211 artium

1202 3245 1320 3278 studia
1343 3244 1378 3277 in
1408 3256 1446 3277 ca
1474 3243 1619 3275 civitate
1650 3238 1912 3284 frequentavit,
1943 3248 2056 3281 quum
2090 3234 2225 3268 alumni

1203 3316 1245 3337 cx
1285 3302 1361 3347 ejus
1399 3300 1590 3346 disciplina
1629 3297 1816 3343 prodirent
1836 3323 1844 3337 ,
1881 3306 1994 3340 quum
2028 3293 2086 3326 alii
2123 3291 2227 3325 multi

1206 3369 1279 3395 tum
1314 3360 1376 3406 qui
1411 3358 1457 3393 ad
1490 3356 1714 3404 posteritatis
1753 3354 1917 3388 notitiam
1956 3355 2225 3398 pervenerunt,
