2338 3765
505 141 986 227 CAECILIU
996 140 1052 227 S
1111 138 1843 228 CALACTINUS.

215 548 331 585 ΠΕΡΙ
361 548 463 585 ΤΩΝ
494 548 751 585 ΔΟΥΛΙΚΩΝ
782 548 1044 587 ΠΟΛΕΜΩΝ.

625 653 654 676 1.

173 734 366 769 Athenaeus
397 734 467 781 VI,
488 745 528 780 p.
550 744 643 778 272,
664 734 692 769 F
712 747 719 768 :
742 725 853 774 Οῧτος
873 733 900 769 δ’
921 726 961 777 ἦν
979 734 996 768 ὁ
1015 731 1152 782 καιρὸς,

119 790 174 827 ὅτε
194 791 252 827 καὶ
272 792 306 827 ἐν
325 789 469 841 Σικελίᾳ
489 792 510 835 ἡ
526 788 667 841 δευτέρα
686 792 753 827 τῶν
773 790 901 827 δούλων
923 789 1154 831 ἐπανάστασις

119 847 250 898 ἐγένετο
273 850 283 896 (
302 861 371 884 102
384 862 459 896 -99
480 861 513 884 a.
536 849 577 886 C,
592 849 601 897 )
615 860 622 867 ·
642 847 767 884 πολλαὶ
786 847 821 884 δὲ
842 843 944 884 αὗται
976 847 1151 897 ἐγένοντο,

118 906 177 942 καὶ
198 904 377 942 ἀπώλοντο
396 906 535 942 οἰκετῶν
553 903 638 956 ὑπὲρ
651 904 710 947 τὰς
727 905 847 942 ἑκατὸν
867 904 1044 955 μυριάδας.
1064 903 1155 953 Σύγ·

118 963 267 1016 γραμμά
281 979 316 1000 τε
341 963 508 1000 ἐκδέδωκε
527 962 604 1013 περὶ
624 966 692 1000 τῶν
710 963 874 1000 δουλικῶν
888 962 1048 1011 πολέμων
1066 964 1154 1000 Και-

120 1021 225 1064 κίλιος
241 1024 258 1059 ὁ
273 1021 386 1072 ῥήτωρ
403 1023 420 1058 ὁ
441 1020 508 1057 ἀπὸ
527 1022 648 1067 Καλῆς
665 1022 783 1066 ἀκτῆς.

438 1119 557 1156 ΠΕΡΙ
587 1119 840 1156 ΙΣΤΟΡΙΑΣ.

617 1225 650 1247 2.

174 1305 278 1339 Idem
289 1304 359 1350 XI,
374 1315 413 1350 p.
433 1304 520 1348 466,
535 1307 566 1339 Α
583 1316 590 1337 ;
622 1300 797 1343 Καικίλιος
814 1302 843 1337 δ’
863 1303 879 1337 ὁ
898 1301 1034 1352 ῥήτωρ,
1052 1302 1068 1336 ὁ
1089 1299 1158 1336 ἀπὸ

124 1363 246 1407 Καλῆς
266 1362 391 1406 ἀκτῆς,
417 1362 451 1397 ἐν
475 1362 523 1411 τῷ
554 1360 642 1411 Περὶ
670 1360 820 1410 ἱστορίας
845 1358 1054 1409 Ἀγαθοκλέα
1075 1358 1158 1409 φησὶ

122 1420 179 1456 τὸν
191 1419 365 1470 τύραννον,
383 1418 573 1467 ἐκπώματα
587 1423 699 1470 χρυσᾶ
713 1416 949 1455 ἐπιδεικνύντα
959 1447 968 1463 ,
986 1422 1056 1460 τοῖς
1071 1416 1159 1453 ἑταί-

123 1493 190 1528 ροις
207 1478 350 1530 φάσκειν
367 1507 378 1527 ,
395 1477 429 1521 ἐξ
445 1472 491 1514 ὧν
505 1478 715 1528 ἐκεράμευσε
728 1476 1020 1513 κατεσκευακέναι
1036 1479 1157 1512 ταῦτα.

174 1540 229 1573 De
249 1540 318 1585 Ag.
337 1537 501 1585 figlinam
520 1538 609 1572 olim
625 1544 737 1572 artem
753 1543 948 1572 exercente
967 1549 1004 1572 ν.
1027 1535 1157 1582 Polyb.

121 1597 216 1640 XII,
237 1595 300 1639 15,
321 1596 363 1639 63
386 1597 468 1641 XV,
486 1595 555 1639 35,
576 1608 611 1629 2.
635 1595 795 1631 Diodor.
817 1595 935 1639 XIX,
960 1607 1003 1638 2,
1022 1600 1057 1628 ct
1070 1595 1158 1638 XX,

122 1655 192 1698 63,
217 1659 236 1696 4
270 1666 278 1690 :
302 1652 347 1690 ‘O
370 1653 397 1688 δ’
416 1647 472 1688 οὖν
490 1651 697 1702 Ἀγαθοκλῆς
722 1650 819 1702 παρὰ
845 1650 902 1687 τὸν
920 1649 1022 1687 πότον
1043 1649 1159 1686 λαὸὼν

124 1711 221 1762 ῥυτὸν
244 1710 351 1761 μέγαν
366 1713 530 1760 χρυσοῦν,
548 1704 639 1745 εἶπεν
654 1710 699 1751 ὡς
713 1709 749 1745 οὐ
766 1707 928 1759 πρότερον
948 1706 1080 1753 ἀπέστη
1095 1710 1154 1752 τῆς

123 1772 369 1820 κεραμευτικῆς
388 1768 532 1819 τέχνης,
566 1766 628 1809 ἕως
647 1770 787 1804 τοιαῦτα
818 1765 1035 1814 ἐκπωμάτων
1065 1766 1159 1802 πλά-

124 1843 240 1876 σματα
261 1828 470 1877 φιλοτεχνῶν
491 1825 761 1876 ἐκεραμεύσατο.

175 1887 287 1934 Apud
307 1887 528 1922 Strabonem
547 1887 592 1930 V,
614 1898 650 1932 p.
671 1884 745 1918 230
758 1912 768 1930 ,
787 1884 852 1918 ubi
871 1884 985 1931 vulgo
1006 1884 1158 1930 legebu—

124 1954 203 1981 tur:
220 1943 288 1981 Καὶ
305 1945 322 1979 ὁ
337 1942 493 1984 Κεκίλιος
505 1944 522 1978 ὁ
536 1944 603 1978 τῶν
618 1940 805 1990 Ῥωμαίων
820 1939 1036 1992 συγγραφεὺς
1052 1941 1160 1990 (ὁτῶν

123 2002 333 2050 (Ρωμαϊκῶν
352 2015 473 2052 συγγρ.
497 2001 596 2047 conj.
618 2003 738 2047 Toup.
755 2000 802 2034 ad
819 2000 981 2047 Longin.
1001 2001 1038 2044 1,
1065 2013 1097 2043 1,
1116 2000 1162 2035 de

123 2070 250 2096 nostro
273 2062 418 2097 Caecilio
439 2059 645 2108 cogitans),
666 2061 766 2094 τοῦτο
786 2056 915 2094 τίθεται
938 2062 1080 2105 σημεῖον
1102 2060 1161 2093 τοῦ

125 2117 328 2163 Ἑλληνικὸν
350 2110 436 2154 εἶναι
454 2117 582 2165 κτίσμα
599 2116 661 2161 τὴν
683 2115 827 2164 Ῥώμην
844 2114 883 2151 τὸ
900 2114 982 2166 παρ’
999 2116 1084 2166 αὐτῇ
1101 2115 1161 2160 τὴν

124 2176 269 2227 πάτριον
291 2175 409 2212 θυσίαν
431 2173 643 2219 εΕλληνικ·>-,ν
673 2167 758 2210 εἶναι
778 2175 826 2224 τῷ
856 2172 1044 2223 Ἡρακλεῖ,
1075 2176 1164 2210 Cra—

125 2249 247 2271 merus
262 2243 362 2270 recte
382 2236 547 2282 reposuit
566 2232 632 2282 ὅγε
651 2231 789 2274 Κοίλιος
811 2233 820 2281 (
836 2230 960 2272 Κύλιος
980 2232 1090 2267 codd.
1110 2230 1132 2281 ).

179 2294 335 2340 Reliqua
351 2294 487 2340 scripta
510 2292 645 2329 Caecilii
662 2291 839 2326 Calactini
854 2291 1042 2325 rhetorica
1058 2297 1156 2332 sunt,

127 2364 288 2398 quorum
308 2358 451 2397 partem
467 2357 634 2385 recenset
649 2349 797 2392 Suidas,
817 2349 882 2395 qui
902 2349 951 2382 ita
966 2348 1079 2382 habet
1099 2361 1105 2381 :

197 2407 372 2451 Κεκίλιος,
407 2405 638 2450 Σικελιώτης,
684 2404 920 2445 Καλαντιανός
936 2419 943 2425 ·
988 2402 1160 2445 Κάλαντις

130 2467 238 2513 (deb,
260 2466 488 2505 Καλακτῖνος·
509 2463 700 2511 Καλάκτη)
721 2461 755 2498 δὲ
774 2461 871 2503 πόλις
891 2460 1071 2513 Σικελίας·
1094 2461 1162 2511 ρή-

128 2538 218 2573 τωρ,
236 2522 458 2573 σοφιστεύσας
479 2522 513 2557 ἐν
530 2520 654 2571 εΡώμη
674 2519 730 2557 ἐπὶ
745 2523 803 2556 τοῦ
823 2519 1001 2556 Σεὲἵαστοῧ
1022 2518 1158 2556 Καίσα-

131 2596 183 2630 ρος
211 2579 297 2629 [καὶ
321 2580 383 2621 ἕως
406 2578 631 2629 Ἀδριανοῧ],
662 2576 720 2613 καὶ
741 2578 809 2612 ἀπὸ
833 2576 976 2621 δούλων,
1007 2575 1051 2618 ὥς
1076 2591 1162 2618 τινες

129 2637 354 2688 ἱστορήκασι,
376 2636 435 2673 καὶ
450 2635 611 2686 πρότερον
630 2634 691 2683 μὲν
710 2633 918 2682 καλούμενος
935 2632 1162 2684 Ἀρχάγαθος,

77 2716 82 2718 >
130 2694 192 2740 τὴν
209 2695 244 2731 δὲ
259 2694 357 2737 δόξαν
373 2693 548 2735 Ἰουδαῖος.
570 2692 694 2730 Bima
711 2691 746 2729 δὲ
763 2693 867 2728 αὐτοῦ
884 2690 1007 2728 πολλά’

187 2752 286 2788 Κατὰ
301 2753 467 2801 Φρυγῶν,
481 2750 539 2787 δύο
555 2748 681 2800 [Ἔστι
699 2749 733 2786 δὲ
749 2749 837 2785 κατὰ
853 2754 1033 2799 στοιχεῖον.
1050 2752 1164 2785 Recte

132 2814 207 2846 haec
229 2824 304 2845 oin.
332 2809 535 2858 Eudocia].

186 2866 366 2910 Ἀπόδειξις
385 2870 443 2903 τοῦ
465 2868 619 2917 εἰρῆσθαι
639 2871 754 2901 πᾶσαν
775 2864 862 2908 λέξιν
884 2863 1161 2916 καλλιρρημοσύ-

1217 563 1288 593 νης.
1305 545 1408 584 Ἔστι
1428 545 1463 582 δὲ
1483 543 1607 595 ἐκλογὴ
1628 544 1751 588 λέξεων
1769 543 1859 581 κατὰ
1880 549 2046 595 στοιχεῖον
2070 545 2248 594 (Ἀποδεί-

1215 604 1278 647 ξεις
1296 606 1356 640 τοῦ
1378 605 1532 653 εἰρῆσθαι
1552 608 1668 639 πᾶσαν
1689 604 1722 641 λ.
1745 603 1868 651 καλλ.,
1890 602 1961 639 ἔστι
1979 603 2013 640 δὲ
2042 602 2132 640 κατὰ
2156 619 2248 642 στοι-

1215 662 1307 711 χεῖον
1340 662 1528 705 Eudocia,
1551 660 1736 703 Ἀπόδειξις
1772 661 2058 711 καλορημοσύνης
2086 665 2145 698 τοῦ
2180 663 2244 713 εἷρ.

1216 725 1332 755 πᾶσαν
1353 718 1456 761 λέξιν.
1479 717 1582 756 ”an
1614 717 1648 755 δὲ
1668 717 1792 768 ἐκλογὴ
1822 719 1899 755 κτλ.
1914 747 1923 765 ,
1954 722 2240 763 Demonstratio,

1215 781 1439 825 elegantiam
1458 778 1607 812 dicendi
1621 778 1781 825 publicis
1794 778 1956 819 vocibus,
1983 790 2054 813 non
2073 781 2251 814 innovatis

1214 840 1409 877 contineri,
1429 837 1685 879 Hermannus;
1708 833 1855 883 Ἐκλογὴ
1871 832 2005 877 λέξεων·
2025 833 2148 872 ἔστιδὲ
2167 835 2251 873 ἀπό-

1216 891 1314 935 δειξις
1334 895 1392 929 τοῦ
1407 892 1447 910 ²⁶*
1462 898 1578 928 πᾶσαν
1592 890 1682 935 λέξιν
1699 890 2039 943 καλλιρρημοσύνης,
2058 893 2148 930 κατὰ
2162 908 2252 931 στοι-

1215 953 1307 1001 χεῖον
1327 951 1603 998 Bernhardyus.
1620 948 1630 999 )

1269 1007 1454 1059 Σύγκρισις
1470 1006 1708 1057 Δημοσθένους
1727 1006 1786 1043 καὶ
1808 1006 2011 1058 Κικέρωνος.

1269 1065 1347 1104 Τίνι
1367 1064 1517 1117 διαφέρει
1532 1067 1549 1102 ὃ
1568 1063 1717 1106 Ἀττικὸς
1737 1064 1835 1109 ζῆλος
1855 1068 1913 1101 τοῦ
1931 1064 2103 1103 Ἀσιανοῦ.

1270 1122 1360 1175 Περὶ
1379 1127 1437 1161 τοῦ
1457 1124 1677 1174 χαρακτῆρος
1696 1124 1763 1159 τῶν
1784 1121 1865 1159 δέκα
1888 1123 2055 1174 ῥητόρων.

1271 1181 1457 1233 Σύγκρισις
1476 1180 1714 1230 Δημοσθένους
1734 1179 1793 1217 καὶ
1816 1179 1998 1231 Αἰσχίνου.

1272 1240 1361 1290 Περὶ
1389 1239 1646 1289 Δημοσθένους,
1665 1243 1757 1275 ποῖοι
1784 1239 1888 1275 αὐτοῦ
1922 1238 2056 1288 γνήσιοι
2083 1238 2177 1289 λόγοι
2196 1239 2255 1277 καὶ

1219 1303 1311 1335 ποῖοι
1328 1297 1433 1335 νόθοι.

1274 1356 1362 1409 Περὶ
1380 1358 1448 1394 τῶν
1476 1357 1553 1393 καθ’
1571 1355 1724 1406 ἱστορίαν
1743 1353 1766 1400 ἢ
1786 1355 1869 1405 παρ’
1894 1355 2047 1406 ἱστορίαν
2069 1356 2255 1407 εἰρημένων

1220 1421 1289 1456 τοῖς
1310 1414 1461 1465 ῥήτορσι·
1479 1412 1538 1450 καὶ
1559 1413 1649 1450 ἄλλα
1666 1413 1827 1450 πλεῖστα.

1275 1473 1381 1522 [Πῶς
1397 1472 1431 1509 δὲ
1446 1471 1609 1514 Ἰουδαῖος
1621 1474 1731 1508 ταῦτα
1745 1470 1923 1519 θαυμάζω.
1935 1469 1947 1519 ]
1961 1468 2145 1521 [Ἰουδαῖος
2157 1470 2257 1522 σοφὸς

1220 1529 1263 1567 τὰ
1285 1529 1486 1575 Ἑλληνικοί.
1503 1529 1520 1580 l]

1276 1593 1494 1642 Κεκίλιος]
1511 1595 1569 1629 Sic
1581 1594 1728 1628 codices
1744 1594 1896 1641 optimi,
1914 1592 2123 1640 eodemque
2142 1594 2258 1629 modo

1222 1654 1331 1689 etiam
1347 1653 1447 1700 apud
1460 1653 1624 1698 reliquos
1635 1652 1845 1698 scriptores,
1862 1651 1996 1697 quibus
2007 1651 2140 1690 Caecilii
2153 1664 2259 1686 men—

1223 1713 1275 1746 tio
1301 1711 1362 1755 fit,
1388 1723 1522 1745 nomen
1551 1712 1765 1744 Romanum
1791 1710 1830 1743 in
1857 1708 1970 1743 codd.
2007 1710 2117 1756 longe
2141 1710 2259 1756 pluri—

1223 1770 1290 1804 mis
1307 1769 1450 1804 exarari
1469 1768 1573 1804 solet.
1595 1769 1650 1802 De
1668 1766 1771 1816 Καλῇ
1795 1766 1904 1814 ἀκτῇ,
1928 1767 2062 1801 Siciliae
2084 1767 2256 1814 regione,

1226 1827 1348 1874 deque
1361 1827 1456 1862 urbe
1474 1827 1696 1874 cognomine
1708 1852 1718 1870 ,
1736 1837 1847 1871 quam
1864 1825 2041 1861 Ducetius
2057 1825 2109 1858 ibi
2128 1825 2259 1859 condi—

1225 1885 1350 1929 derat,
1366 1885 1451 1920 vide
1465 1884 1704 1920 Herodotum
1717 1884 1767 1918 VI
1779 1911 1788 1927 ,
1802 1895 1849 1917 22
1860 1910 1869 1927 ,
1885 1889 1921 1917 et
1931 1882 2144 1919 Diodorum
2158 1883 2234 1918 XII
2249 1910 2258 1926 ‚

1225 1942 1261 1979 8.
1277 1944 1422 1978 Gentile
1440 1940 1656 1981 Καλακτῖνος
1676 1940 1781 1988 quod
1801 1940 1903 1987 apud
1915 1940 2087 1984 Suidam,
2104 1953 2259 1976 monen-

1225 2001 1323 2035 tibus
1335 2001 1422 2035 viris
1438 2000 1572 2046 doctis,
1588 2012 1658 2046 pro
1671 2006 1851 2046 corrupto
1866 1995 2123 2038 Καλλαντιανὸς
2142 1995 2152 2048 (
2165 1998 2260 2034 Καλ-

1224 2055 1382 2096 λατιανὸς
1404 2057 1517 2093 codd.
1538 2056 1710 2103 quidam)
1729 2057 1978 2103 reposuimus,
1998 2067 2098 2089 nunc
2127 2055 2261 2102 legitur

1225 2115 1325 2162 apud
1342 2115 1553 2150 Diodorum
1571 2116 1664 2159 XII,
1686 2127 1734 2161 29
1749 2142 1759 2161 ,
1785 2127 1798 2148 1
1827 2114 1937 2161 <libri
1963 2125 2033 2160 pro
2056 2110 2261 2148 Καλλακτί-

1225 2187 1289 2207 νων
1306 2185 1502 2220 perperam
1522 2173 1687 2219 praebent
1702 2170 1930 2208 Καλλατίνων
1945 2170 1971 2219 ),
1988 2178 2024 2205 et
2042 2169 2142 2216 apud
2156 2170 2259 2205 Cice-

1223 2240 1308 2266 ron.
1325 2231 1364 2264 in
1376 2232 1481 2266 Verr.
1503 2232 1556 2265 ΙΙΙ
1569 2258 1577 2274 ,
1597 2230 1642 2271 43
1663 2228 1752 2279 (ubi
1772 2230 1857 2263 libri
1878 2230 1966 2264 item
1980 2229 2162 2263 Calczeitzis
2177 2226 2203 2274 ),
2223 2236 2259 2263 et

1226 2289 1263 2322 in
1277 2300 1430 2322 nummo
1448 2300 1509 2334 ap.
1532 2288 1684 2323 Eckhel.
1704 2289 1752 2322 D.
1773 2288 1816 2321 N.
1831 2287 1908 2322 vol.
1925 2287 1963 2333 I,
1978 2298 2017 2332 p.
2045 2297 2130 2332 199.
2149 2282 2260 2332 Apud

1223 2346 1551 2381 Phoebamnionem
1563 2344 1648 2394 Περὶ
1661 2358 1728 2394 σχη
1735 2359 1770 2392 μ.
1784 2344 1835 2392 (in
1846 2345 1971 2379 Rhett.
1984 2343 2046 2379 Gr.
2061 2349 2150 2377 tom.
2163 2344 2260 2386 VIII,

1227 2416 1264 2449 p.
1289 2407 1360 2449 494
1383 2402 1525 2450 Walz.)
1549 2402 1720 2437 laudatur
1747 2399 1906 2441 Κέκιλιος
1926 2401 1943 2435 ὃ
1965 2398 2258 2445 Καλανδίτης,

1228 2461 1331 2508 quod
1360 2460 1624 2507 corrigendum
1645 2461 1683 2494 in
1711 2456 1950 2503 Καλακτίτης,
1975 2470 2085 2505 quam
2115 2459 2261 2505 gentilis

1229 2518 1386 2552 sormam
1402 2519 1497 2552 inter
1513 2519 1619 2561 alias,
1640 2530 1730 2564 quas
1751 2517 1920 2563 analogia
1941 2515 2123 2559 admittit,
2145 2527 2260 2562 appo-

1229 2577 1281 2610 nit
1299 2576 1504 2622 Stephanus
1522 2577 1608 2622 Byz.
1630 2588 1665 2612 ν.
1686 2572 1788 2618 Καλὴ
1807 2571 1912 2617 ἀκτή.
1933 2600 1983 2605 -.-
1998 2576 2028 2608 Α
2045 2573 2262 2620 parentibus

1227 2635 1430 2681 appellatus
1458 2641 1511 2668 cst
1541 2634 1814 2681 Archagathus,
1848 2631 1952 2678 quod
1984 2643 2121 2666 nomen
2152 2632 2262 2666 etiam

1230 2693 1444 2739 Agathoclis
1458 2692 1569 2726 Siculi
1584 2690 1661 2725 filio
1676 2698 1713 2726 et
1722 2690 1850 2737 nepoti
1869 2689 1977 2724 fuisse
1995 2695 2138 2724 constat
2153 2687 2263 2737 (Dio-

1226 2751 1312 2787 dor.
1341 2752 1433 2794 XX,
1465 2749 1509 2795 57
1525 2765 1534 2794 ;
1564 2751 1678 2795 XXI,
1703 2749 1736 2784 3.
1771 2748 1854 2797 16)
1886 2750 2018 2794 Itaque
2044 2748 2261 2794 scriptorem

1225 2815 1393 2842 nostruin
1408 2809 1594 2855 appellare
1609 2808 1695 2843 licet
1707 2807 1894 2842 Caecilium
1906 2805 2196 2852 Archagathum,
2213 2805 2263 2838 si-

1224 2867 1299 2901 cuti
1310 2867 1495 2901 Caecilium
1506 2867 1660 2901 Bioneni
1670 2865 1798 2900 laudat
1810 2861 1950 2899 Plinius
1962 2864 2010 2898 H.
2023 2863 2068 2899 N.
2081 2863 2261 2903 XXVIII,

361 2988 426 3024 DE
454 2986 732 3024 SERVORUM
762 2985 948 3023 BELLlS.

637 3086 665 3116 1.

180 3171 246 3200 Hoc
257 3170 398 3207 tempore
411 3168 548 3199 secunda
560 3169 627 3198 erat
641 3167 670 3198 in
683 3167 788 3198 Sicilia
799 3175 962 3197 servorum
974 3165 1085 3196 seditio
1095 3176 1103 3203 ;
1115 3175 1168 3195 sa:-

138 3223 206 3261 pius
222 3221 306 3252 enini
324 3220 533 3258 rebellarunt,
555 3220 780 3259 perieruntque
796 3227 960 3249 servorum
977 3226 1071 3256 supra
1094 3226 1168 3247 cen-

139 3276 207 3303 tinn
223 3272 332 3302 millia.
350 3272 481 3302 Librum
494 3271 532 3301 (le
549 3271 596 3301 liis
614 3279 776 3300 servorun)
794 3269 883 3299 bellis
899 3268 1084 3306 conscripsit
1099 3269 1167 3297 Cu:-

139 3324 229 3353 «ilius
243 3323 347 3353 rhetor
363 3332 378 3351 ει
394 3322 520 3353 catat-iv
535 3321 611 3351 urbi·
625 3321 776 3351 oriundus

1573 2985 1638 3022 DE
1667 2983 1919 3022 HISTORIA.

1726 3085 1746 3115 2

1272 3161 1420 3194 Caecilius
1434 3160 1540 3191 rhetor
1554 3158 1750 3192 Callaictinus
1772 3157 1802 3188 in
1816 3156 1896 3187 libro
1915 3158 1961 3187 De
1977 3154 2106 3186 historia
2124 3154 2260 3193 Agatho-

1232 3214 1311 3245 clem
1330 3222 1433 3252 regem
1447 3212 1557 3243 scribit
1573 3211 1686 3251 pocula
1699 3219 1795 3240 aurea
1811 3208 2027 3239 ostendentem
2041 3206 2201 3237 sodalibus
2213 3206 2262 3236 ‹li-

1233 3273 1303 3294 rcrc
1328 3265 1455 3294 solitum
1467 3289 1474 3295 .
1491 3273 1529 3293 ex
1554 3262 1590 3292 iis
1605 3271 1676 3300 quae
1696 3261 1770 3291 olim
1790 3259 1895 3290 fictilia
1912 3259 2069 3295 tinxisset,
2085 3267 2116 3287 se
2133 3257 2199 3287 lucc
2216 3258 2260 3289 121-

1200 3337 1203 3349 .
1233 3317 1376 3347 bru-asso.
