2338 3765
413 224 1096 315 SCRIPTORES
1153 228 1469 309 BELLI
1530 219 2063 308 PARTHICI

189 421 271 464 Qui
305 420 441 454 APUD
470 418 722 453 LUCIANUM
750 418 794 451 ΙΝ
823 417 968 451 LlssRo
992 417 1056 450 DE
1082 416 1307 451 HISTORIA
1336 414 1490 449 RECTE
1517 412 1787 447 SCRIBENDA
1819 412 2276 447 COMMEMORANTUR.
2309 415 2311 417 ’

182 561 436 596 (haereamus
456 557 780 594 CALruaNmNus
801 555 1219 593 Pomfflopotmmus
1241 554 1313 605 (ss.
1330 558 1352 592 2
1369 553 1394 603 ).
1416 553 1740 591 CALIAMORPHUS
1760 565 1945 591 muniens
1969 553 2042 604 (fr.
2061 555 2127 603 3).
2149 555 2293 594 ΑΝτιο·

233 639 412 664 0111111115
430 627 439 673 (
458 626 502 663 t'r.
527 628 574 662 13
592 625 873 675 ).1)Ε1111-;Τ11105
888 625 1205 661 SAGALAssENsis
1227 624 1299 671 (fr.
1320 626 1367 661 15
1385 624 1408 671 ).
1431 624 1660 660 ANONYMUS
1680 622 1875 659 Mimsms
1893 623 1964 671 (fr.
1984 625 1999 659 1
2023 622 2049 673 ).
2064 625 2293 662 ANONYMUS

235 698 488 734 Comminus
512 695 584 743 (fr.
612 692 1004 743 12).P1utosopuus
1034 704 1194 737 QuinAM
1220 703 1383 729 51010115
1403 691 1473 739 (fr.
1503 692 1527 727 4
1551 688 1577 738 ).
1603 691 1692 727 AL11
1720 691 1915 729 ANONYMI
1938 693 2011 742 (tr.
2034 695 2123 730 5-11
2148 694 2292 742 0111).
2337 729 2338 733 ,

230 1008 267 1042 C.
289 1008 522 1040 [statuimus
541 1006 578 1039 in
593 1004 683 1041 edit.
707 1005 819 1038 libelli
847 1005 997 1039 Luciani
1022 1016 1058 1050 p.
1086 1004 1170 1038 XIV
1190 1013 1198 1038 :

182 1083 194 1093 «ι
221 1064 360 1098 Bellum
392 1064 626 1105 Parthicum,
650 1062 752 1108 quod
774 1075 792 1096 a
812 1065 855 1097 L.
882 1064 979 1097 Vero
1007 1065 1101 1108 Aug.
1135 1072 1203 1106 per

178 1121 290 1155 duces
311 1121 486 1157 Avidium
510 1121 669 1155 Cassium
683 1147 692 1163 ,
715 1121 886 1154 Martium
905 1122 1041 1155 Verum
1065 1126 1101 1153 et
1121 1120 1203 1153 Sta-

178 1183 267 1216 tium
293 1182 456 1216 Priscum
488 1182 583 1215 intra
607 1181 893 1227 quadriennium
923 1180 1205 1227 praeclarissimis

176 1239 286 1285 rebus
300 1240 406 1287 gestis
421 1237 675 1286 profligatum,
693 1246 808 1272 tantas
823 1239 1086 1273 historicorum
1107 1237 1202 1272 adu—

179 1298 332 1331 lationes
360 1304 470 1343 atque
491 1297 645 1343 ineptias
669 1303 911 1343 provocarat,
934 1302 974 1330 ut
998 1303 1203 1341 temperare

174 1355 242 1388 sibi
262 1354 445 1389 Luc-ianus
463 1367 539 1388 non
557 1361 697 1400 posset,
718 1354 915 1400 quominus
931 1353 1062 1387 acerba
1078 1365 1203 1388 earum

176 1424 356 1460 nugarum
378 1424 529 1446 censura
560 1412 741 1454 instituta,
766 1411 942 1445 rectiores
962 1409 1039 1455 ejus
1054 1411 1107 1444 rei
1128 1416 1203 1444 tra-

176 1469 316 1503 ctandae
338 1470 433 1516 leges
449 1482 493 1504 ex
519 1470 758 1515 antiquorum
776 1468 950 1514 exemplis
967 1468 1204 1514 depromptas

175 1527 296 1573 adque
311 1526 471 1561 sobriam
486 1532 520 1561 et
537 1538 699 1560 severam
716 1526 801 1560 artis
817 1525 1047 1571 disciplinam
1059 1537 1203 1559 accom-

177 1586 342 1619 modatas
354 1584 504 1631 publice
523 1584 570 1618 ad
593 1583 811 1618 imitandum
829 1590 1069 1629 proponeret.
1093 1582 1204 1628 Cujus

176 1643 263 1676 belli
287 1650 322 1677 ct
346 1654 468 1676 causas
485 1649 520 1676 et
539 1648 689 1676 eventus
707 1641 918 1676 brevissime
939 1640 1084 1684 tradere
1109 1653 1201 1675 0011-

173 1700 290 1743 stitui,
311 1700 494 1746 pluribus,
513 1700 652 1734 etiamsi
670 1711 739 1745 per
758 1699 866 1744 hujus
892 1698 1118 1745 praefationis
1138 1711 1201 1733 an-

173 1758 306 1802 gustias
340 1758 488 1800 liceret,
518 1764 674 1803 propter
707 1763 902 1791 auctorum
932 1757 1095 1802 inopiam
1124 1769 1201 1790 non

176 1826 330 1859 possem.
353 1815 445 1848 Nam
468 1814 679 1860 quamlibet'
689 1826 862 1860 magnum
880 1813 986 1848 fuisse
1005 1826 1202 1848 numerum

172 1884 323 1915 eorum,
358 1873 422 1918 qui
461 1871 507 1906 de
544 1884 588 1906 00
618 1872 860 1918 scripserunt,
894 1878 1023 1906 nostro
1055 1883 1075 1906 e
1104 1871 1201 1906 libro

174 1936 348 1975 apparet,
388 1929 648 1964 imbecilliores
678 1937 801 1964 tamen
837 1929 885 1964 ad
922 1942 1038 1964 unum
1076 1941 1204 1965 01111105

174 1986 281 2021 fuisse
300 1986 493 2030 widenlur,
513 1999 622 2033 quam
640 1994 681 2021 ut
694 1986 741 2021 ad
760 1992 884 2021 nostra
901 1999 1016 2033 usque
1032 1993 1201 2034 tempora

173 2043 307 2078 durare
322 2052 488 2090 possent,
506 2057 667 2090 quorum
683 2056 729 2079 ne
743 2045 893 2079 nomina
908 2045 1073 2091 quidem,
1091 2054 1200 2092 quot-

174 2107 265 2145 quot
294 2113 423 2135 eorum
457 2108 576 2135 tacere
616 2102 800 2136 Lucianus
835 2102 982 2146 maluit,
1014 2104 1197 2140 novimus.

174 2159 300 2204 lN'eque
316 2159 412 2192 enim
424 2159 495 2192 11110
511 2159 732 2194 lamblichus
750 2160 929 2207 pertinet,
946 2159 992 2194 de
1007 2172 1081 2206 quo
1102 2162 1203 2195 Pho—

173 2216 242 2249 tius
262 2215 346 2252 cod.
369 2219 415 2261 94
446 2216 520 2262 agit
553 2214 563 2263 (
590 2228 626 2253 v.
644 2222 725 2252 not.
747 2217 794 2251 ad
815 2217 859 2254 fr.
895 2221 935 2258 14
958 2217 990 2264 )·,
1014 2230 1135 2265 neque
1156 2220 1201 2254 de

173 2273 358 2306 Antiocho
378 2273 470 2306 illud
488 2271 671 2307 affirmare
691 2274 804 2307 ausim
819 2301 828 2318 ‚
850 2287 960 2321 quem
973 2287 1017 2310 eo
1032 2283 1201 2323 tempore

171 2329 358 2363 historiam
375 2330 554 2376 scripsisse
573 2338 698 2364 narrat
714 2332 954 2367 Philostratus
972 2333 1009 2367 in
1023 2335 1113 2368 Vitis
1132 2336 1201 2369 So-

171 2386 278 2431 phist.
300 2387 347 2431 ΙΙ,
368 2390 407 2430 [1,
420 2399 459 2433 p.
484 2386 556 2431 570
569 2415 579 2434 ,
596 2399 716 2433 neque
733 2387 779 2422 de
797 2390 955 2423 Arriano
969 2416 978 2433 ‚
996 2390 1097 2436 cujus
1112 2393 1201 2426 Par—

174 2443 269 2477 thica
289 2444 412 2478 laudat
431 2445 636 2491 Stephanus
657 2446 746 2491 Byz.
765 2458 800 2480 v.
819 2444 995 2493 Ἐλέγεια,
1017 2460 1137 2494 neque
1155 2449 1200 2484 de

177 2501 301 2534 Asinio
322 2501 531 2546 Quadrato,
551 2514 662 2548 quem
689 2504 847 2537 Parthici
877 2504 965 2538 belli
982 2506 1200 2551 scriptorem

173 2558 304 2602 passim
326 2565 452 2593 testem
473 2560 586 2593 citant
603 2560 749 2594 illarum
762 2572 886 2594 rerum
901 2567 1079 2597 auctores,
1103 2562 1199 2612 Παρψ

174 2612 314 2656 (ju-mimi
335 2615 449 2650 libros
467 2628 551 2649 snos
561 2617 774 2662 scripserat,
797 2629 871 2662 (1110
893 2619 1042 2653 1101111110
1056 2620 1199 2665 aliquo-

173 2672 238 2705 ties
262 2672 458 2706 laudantur
478 2685 497 2707 a
525 2673 711 2718 Stephano
743 2675 932 2719 Byzantio.
953 2676 1022 2720 Qui
1041 2678 1069 2711 si
1101 2677 1198 2712 idem

174 2727 261 2770 suit,
290 2740 399 2773 quem
429 2729 617 2763 historiam
651 2732 857 2765 Romanam
889 2733 987 2767 mille
1014 2746 1197 2770 annorum

175 2797 287 2830 usque
319 2785 364 2820 ad
394 2786 602 2833 Philippum
632 2789 836 2834 Augustum
861 2790 1072 2835 quindecim
1100 2792 1200 2827 libris

173 2843 297 2877 Ionica
312 2843 469 2877 dialecto
487 2845 666 2891 scripsisse
684 2846 812 2881 Suidas
826 2855 957 2882 auctor
974 2856 1039 2893 est,
1064 2852 1196 2897 respici

172 2912 256 2934 sane
271 2913 290 2935 a
310 2902 474 2935 Luciano
492 2914 567 2936 non
591 2905 724 2948 potuit.
745 2906 923 2939 Vixerunt
947 2915 1122 2953 praeterea
1139 2910 1198 2944 illa

173 2964 276 2991 aetate
300 2958 491 3004 Polyaenus
512 2967 638 2994 orator
661 2968 697 2995 et
721 2962 836 2995 AElius
855 2963 1030 2998 Aristides
1050 2965 1196 3011 rhetor,

173 3015 456 3059 111101111111110111
472 3017 775 3063 strategematum
792 3020 900 3055 Praes.
912 3021 976 3055 lib.
994 3023 1056 3056 Ict
1068 3024 1125 3067 VI,
1140 3024 1198 3058 hic

173 3073 370 3117 praescrtim
388 3073 425 3106 in
437 3074 556 3108 Sacris
567 3076 796 3110 sermonibus
812 3075 853 3125 Γ)
868 3104 878 3123 ,
892 3078 914 3114 1.
933 3090 966 3114 c,
984 3079 1020 3113 in
1035 3082 1196 3126 5011111115,

214 3178 255 3215 (Ἴ
269 3179 306 3207 V.
331 3186 360 3207 0.
388 3179 488 3208 801111.
514 3181 546 3216 l,
576 3182 652 3210 tom.
673 3182 696 3218 Ι,
714 3189 742 3219 p.
759 3185 811 3211 281
839 3182 888 3213 011.
908 3184 997 3215 Ι10111).
1013 3187 1197 3228 ῖΔωδεκάτῃ

172 3223 294 3255 ἐδόκουν
309 3225 478 3256 Ἀντωνῖνον
501 3228 552 3256 τὸν
576 3228 783 3267 αὐτοκράτορα
802 3230 852 3259 τὸν
870 3232 1068 3272 πρεσὸύτερον
1082 3235 1197 3265 καὶτὸν

173 3274 230 3302 τῶν
254 3272 408 3310 πολεμίων
435 3273 562 3311 βασιλέα
589 3274 719 3308 σπονδὰς
748 3276 798 3303 καὶ
825 3277 922 3314 φιλίαν
946 3280 1098 3309 ποιεῖσθαι
1123 3281 1196 3318 πρὸς

169 3316 327 3353 ἀλλήλους,
345 3318 533 3355 mmmmm
545 3319 574 3348 δὲ
589 3323 649 3348 τῶν
665 3320 730 3358 περὶ
752 3321 918 3359 Ιὶυὶόγεσον
936 3325 1034 3362 φωνὴν
1049 3325 1122 3356 εἶναι
1142 3327 1196 3357 οὐκ

171 3361 272 3399 ὀλίγην
293 3362 340 3391 καὶ
362 3363 459 3393 δοκεῖν
477 3363 582 3397 αὐτοὺς
595 3364 751 3399 {mmmm
766 3367 828 3396 m).

1192 3434 1222 3455 bt

1270 1003 1366 1036 illius
1386 1002 1471 1036 belli
1489 1003 1714 1037 mentionem
1734 1002 1920 1048 injiciunt,
1939 1012 2068 1039 neuter
2093 1013 2212 1041 tamen
2229 1009 2295 1053 ita,

1267 1067 1307 1094 ut
1328 1060 1374 1094 ad
1395 1060 1607 1094 interiorem
1637 1060 1713 1106 ejus
1737 1061 1907 1096 notitiam
1936 1061 2069 1108 profici
2090 1065 2294 1111 quidquam

1264 1118 1350 1152 inde
1370 1118 1494 1164 possit.
1517 1118 1635 1163 Quem
1667 1125 1790 1153 autem
1813 1119 2063 1166 copiosissime
2080 1121 2171 1156 illud
2198 1123 2295 1158 libro

1265 1176 1389 1210 LXXI
1418 1176 1626 1222 exposuisse
1651 1182 1939 1211 consentaneum
1959 1183 2010 1212 est
2029 1178 2186 1213 Dionem
2206 1181 2294 1216 Cas-

1264 1233 1355 1267 sium
1367 1261 1377 1278 ,
1394 1232 1469 1278 ejus
1486 1244 1505 1268 e
1524 1245 1659 1279 magno
1672 1232 1865 1281 naufragio
1890 1246 2005 1280 pauca
2024 1242 2166 1270 tantum
2186 1249 2205 1271 a
2222 1238 2294 1272 Xi-

1264 1291 1408 1336 philino
1430 1290 1631 1337 fragmenta
1647 1297 1789 1326 servata
1808 1299 1904 1327 sunt.
1924 1293 2052 1338 Neque
2067 1294 2143 1339 ipse
2163 1296 2294 1330 Lucia-

1264 1360 1331 1382 nus
1344 1349 1507 1382 alioloco
1520 1347 1595 1394 ejus
1610 1348 1697 1382 belli
1714 1349 1895 1393 meminit,
1909 1350 1976 1384 nisi
1986 1351 2089 1396 quod
2098 1353 2291 1390 Pseudom.

1265 1418 1295 1442 c.
1320 1418 1365 1450 27
1387 1406 1546 1439 simulati
1569 1406 1666 1440 illius
1684 1406 1858 1452 Glyconis
1875 1408 2056 1442 vaticiniis
2077 1408 2212 1444 fretum
2235 1412 2294 1446 Se-

1263 1464 1453 1497 verianum
1476 1464 1621 1498 Gallum
1648 1465 1905 1498 Romanorum
1927 1465 2059 1500 ducem
2082 1469 2293 1503 Armeniam

1264 1522 1432 1556 invasisse
1451 1522 1524 1567 ait,
1545 1533 1620 1567 quo
1643 1534 1727 1556 eum
1745 1523 1910 1556 exercitu
1929 1523 1976 1557 ad
1997 1524 2291 1561 internecionem

1264 1590 1355 1613 caeso
1378 1590 1472 1613 vana
1485 1579 1581 1613 illius
1598 1580 1747 1614 oracula
1766 1587 1913 1626 reperta
1930 1592 2017 1617 esse.
2049 1583 2294 1629 Posteaquam

1264 1637 1362 1671 enim
1378 1636 1586 1671 Hadrianus
1603 1639 1696 1684 Aug.
1715 1638 1776 1672 vix
1789 1638 1984 1685 imperium
1999 1639 2172 1687 adeptus,
2189 1643 2295 1677 omis-

1263 1695 1308 1728 sis
1331 1706 1412 1740 quae
1444 1694 1620 1740 Trajanus
1641 1694 1688 1730 de
1713 1696 1856 1730 Parthis
1881 1703 2048 1742 ceperat,
2077 1710 2161 1732 cum
2176 1700 2293 1734 Volo-

1263 1764 1347 1798 11050
1362 1753 1399 1787 ΙΙ
1415 1752 1638 1787 Parthorum
1659 1764 1745 1800 rege
1761 1765 1891 1799 pacem
1917 1753 2054 1789 fecerat
2079 1755 2147 1799 ita,
2163 1763 2204 1792 ut
2220 1760 2293 1792 Ar—

1264 1810 1383 1844 menia
1401 1810 1455 1844 sui
1478 1809 1572 1856 juris
1602 1817 1712 1854 esset,
1740 1822 1971 1857 quaeeunque
1997 1819 2174 1858 praeterea
2197 1822 2295 1850 trans

1265 1868 1491 1913 Euphratem
1513 1875 1650 1911 essent,
1682 1869 1906 1903 Parthorum
1927 1869 2060 1904 ditioni
2077 1872 2295 1908 accederent

1266 1925 1358 1971 (AEl.
1382 1927 1502 1973 Spart.
1520 1928 1563 1963 V.
1585 1926 1765 1964 Hadrian.
1787 1939 1818 1964 e.
1839 1926 1885 1975 5)
1908 1940 2001 1974 :per
2011 1941 2126 1964 annos
2147 1931 2295 1966 circiter

1264 1983 1386 2018 XLIV
1412 1981 1631 2030 tranquillus
1658 1984 1703 2018 ab
1733 1984 1794 2018 illa
1823 1985 1975 2032 regione
2002 1986 2148 2032 imperii
2183 1994 2294 2024 status

1264 2040 1344 2077 fuit.
1358 2041 1434 2076 Sub
1447 2049 1605 2076 mortem
1622 2041 1784 2088 denique
1796 2043 1975 2077 Antonini
1993 2044 2047 2078 Pii
2060 2045 2157 2092 Aug.
2178 2058 2292 2092 quum

1263 2099 1465 2147 Vologesus
1481 2101 1538 2134 ΠΙ
1555 2100 1780 2134 Parthorum
1807 2112 1887 2146 rex,
1909 2102 1973 2147 qui
1996 2113 2029 2136 a.
2055 2106 2125 2149 149
2145 2115 2181 2149 p.
2204 2104 2291 2140 Chr.

1262 2157 1359 2203 patri
1378 2164 1598 2192 suceesserat
1624 2156 1635 2205 (
1663 2157 1844 2204 Tyehsen.
1870 2159 1925 2193 De
1942 2160 2062 2193 numis
2087 2166 2173 2196 vett.
2192 2162 2291 2199 Pers.

1263 2215 1406 2250 Comm.
1430 2215 1495 2258 IV,
1515 2228 1550 2262 p.
1573 2219 1619 2256 42
1637 2212 1661 2263 ),
1684 2215 1907 2262 occupandae
1927 2217 2109 2251 Armeniae
2141 2220 2291 2254 consilia

1261 2272 1361 2307 haud
1373 2272 1487 2307 dubio
1504 2272 1744 2319 prodidisset,
1757 2274 1883 2308 missus
1897 2273 1943 2308 ad
1958 2273 2159 2310 firmandos
2172 2278 2292 2311 socio-

1261 2342 1345 2364 rum
1364 2331 1506 2364 animos
1534 2331 1750 2366 Severianus
1770 2344 1854 2366 eum
1882 2332 2028 2378 legione
2055 2333 2101 2367 ad
2129 2334 2291 2381 Elegiam

1261 2388 1443 2422 Armeniae
1462 2388 1650 2422 castellum
1671 2389 1716 2422 ab
1737 2389 1851 2423 Osroe‘
1866 2415 1874 2431 ‚
1895 2396 1937 2422 ut
1955 2391 2139 2425 Lucianus
2164 2399 2290 2427 nostro

1262 2446 1298 2478 111
1312 2445 1409 2478 111110
1425 2457 1457 2480 0.
1477 2457 1497 2479 2
1508 2458 1540 2489 1,
1555 2446 1612 2480 vel
1628 2453 1669 2479 ut
1682 2446 1719 2478 in
1736 2446 1927 2482 Psemlom.
1947 2448 1970 2482 l.
1987 2447 2028 2488 l.‚
2044 2447 2089 2481 ab
2102 2448 2291 2495 Othryade

1261 2503 1386 2549 aliquo
1414 2515 1523 2537 caesus
1554 2511 1618 2539 est.
1650 2502 1824 2548 Ejusdem
1852 2503 1928 2537 haec
1952 2505 2102 2539 nomina
2120 2506 2188 2540 viri
2217 2519 2290 2543 esse

1261 2560 1397 2594 Solano
1418 2560 1558 2606 placet,
1579 2572 1656 2594 non
1678 2567 1798 2594 tamen
1818 2562 1996 2607 persuasit
2011 2563 2206 2609 Reimaro,
2226 2566 2289 2611 qui

1260 2617 1306 2651 ad
1324 2619 1435 2653 Dion.
1449 2617 1540 2653 Cass.
1558 2618 1700 2664 LXXI,
1726 2630 1746 2652 2
1759 2644 1768 2662 ,
1785 2618 2012 2665 Othryadem
2031 2621 2180 2666 quidem
2199 2623 2285 2658 Par-

1262 2674 1408 2709 thorum
1421 2675 1568 2718 ducem,
1582 2675 1736 2710 Osroem
1750 2683 1870 2709 autem
1886 2678 2054 2723 regulum
2071 2690 2143 2713 csse
2156 2680 2234 2714 vult
2245 2692 2288 2716 ex
2318 2716 2319 2721 ,

1259 2732 1371 2779 stirpe
1390 2733 1650 2769 Arsacidarum
1666 2734 1847 2767 Armeniae
1868 2746 1885 2767 a
1900 2735 2041 2769 Parthis
2061 2736 2285 2783 impositum,
2318 2734 2319 2739 ¹

1260 2802 1335 2835 quo
1352 2790 1487 2825 deinde
1512 2791 1620 2836 pulso
1641 2791 1848 2825 restitutum
1866 2803 1940 2826 0550
1955 2805 1974 2826 3
1994 2793 2170 2828 Romanis
2189 2795 2288 2829 Soae-

1260 2859 1347 2881 num
1367 2860 1408 2882 ex
1428 2849 1559 2883 Dionis
1577 2847 1783 2894 fragmento
1804 2848 1904 2895 apud
1927 2849 2077 2883 Suidam
2099 2849 2108 2896 (
2129 2863 2164 2884 v.
2186 2850 2286 2900 Μάρ·

1258 2917 1326 2945 τιος
1346 2903 1355 2951 )
1376 2911 1411 2939 et
1431 2905 1623 2939 lamblichi
1643 2906 1726 2940 loco
1743 2918 1803 2952 ap.
1827 2906 1935 2942 Phot.
1956 2907 1979 2942 l.
1996 2907 2020 2940 l.
2039 2907 2283 2953 probabiliter
2316 2904 2318 2934 Ϊ

1258 2963 1417 2997 Valesius
1434 2963 1596 3009 collegit.
1609 2963 1702 2997 Nam
1717 2975 1832 3009 quum
1843 2964 2045 3010 vologesus
2056 2965 2130 3011 ipse
2143 2965 2283 3011 Syriam
2316 2984 2317 3001 1

1259 3032 1426 3066 quoque,
1446 3020 1572 3067 fugato
1596 3021 1723 3055 Atidio
1751 3021 1992 3065 Corneliano,
2016 3023 2078 3068 qui
2101 3034 2179 3056 eam
2209 3030 2283 3058 tum
2314 3036 2316 3061 ι

1258 3077 1534 3112 administrabat
1554 3077 1655 3126 (Jul.
1681 3079 1800 3124 Capit.
1830 3079 1904 3114 vit.
1928 3080 1979 3114 Μ.
2002 3081 2142 3113 Λ111011.
2166 3093 2197 3116 0.
2218 3080 2284 3129 8),
2320 3097 2321 3101 ¹

1258 3135 1381 3169 hostili
1411 3136 1551 3182 impetu
1583 3137 1756 3183 cepisset,
1783 3137 1918 3171 Lucius
1940 3138 2055 3171 Verus
2083 3139 2178 3184 Aug.
2210 3138 2285 3183 ejus

1258 3192 1347 3226 belli
1376 3205 1500 3227 curam
1530 3194 1599 3227 sibi
1627 3194 1766 3240 imponi
1798 3206 1921 3240 passus
1947 3201 2011 3228 est.
2034 3195 2104 3240 Qui
2125 3196 2188 3229 etsi
2211 3197 2283 3242 ipse
2312 3218 2314 3245 3

1259 3262 1446 3296 nunquam
1464 3252 1560 3285 ultra
1578 3252 1800 3297 Euphratem
1822 3253 2059 3297 processerit,
2082 3253 2281 3299 plurimum

1257 3315 1376 3341 antem
1396 3310 1570 3354 temporis
1590 3310 1747 3343 hiemem
1770 3309 1972 3351 Laodiceae,
2001 3317 2157 3344 aestzitmn
2183 3309 2281 3357 apud
2310 3313 2313 3342 i

1258 3365 1458 3411 Daphnen,
1480 3367 1656 3411 reliquam
1675 3367 1757 3401 anni
1776 3374 1916 3412 partem
1940 3367 2141 3401 Antiochiae
2163 3368 2199 3402 in
2213 3367 2278 3402 de-
