2289 3728
0 3311 11 3365 l

944 156 1268 196 FRAGMENTA.

39 243 96 276 τοῦ
114 239 244 290 τείχους
265 238 332 276 ἀπὸ
356 239 448 275 λίθου
469 238 586 281 ξεστοῧ
599 268 608 285 ,
628 237 670 275 τὰ
689 238 723 275 δὲ
742 239 882 275 πλείονα
905 238 972 274 ἀπὸ
992 238 1060 288 χά-

38 299 145 339 λικος“
163 297 220 334 καὶ
238 296 328 347 ἔχειν
346 296 406 346 μὲν
425 296 626 347 περίμετρον
642 294 704 340 τὴν
717 295 814 332 πόλιν
834 295 980 331 σταδίων
1001 295 1061 338 κζ’·

37 354 202 404 ὑπάρχειν
232 354 266 390 δὲ
294 354 351 391 καὶ
377 353 490 402 πηγὴν
522 355 555 390 ἐν
583 355 631 402 τῷ
662 352 778 403 χωρίῳ
808 351 897 402 ὕδωρ
926 350 1063 402 δαψιλὲς

40 411 311 455 ἀναὸλύζουσαν.

517 501 577 538 23.

427 610 668 648 ΦΙΑΩΝΟΣ.

89 717 178 762 C1p.
205 716 275 760 37:
292 713 424 759 Φησι
407 712 440 750 οὲ
456 715 474 749 ὃ
493 712 645 751 Φίλων
631 729 664 750 εν
685 713 753 755 τοῖς
770 713 856 763 Περὶ
873 712 1062 779 (Ιεροσολύ-

36 787 109 820 μων
127 771 254 822 κρήνην
272 774 357 807 εἶναι
370 770 526 817 ,ταύτην
544 770 579 807 δὲ
597 773 629 807 ἐν
649 769 709 819 μὲν
723 786 771 806 τω
785 772 930 820 χειμῶνι
945 769 1060 821 ξηραί-

35 832 170 875 νεσθαι,
198 845 231 866 εν
259 828 293 865 δὲ
321 844 370 865 τω
398 828 486 880 θερει
515 830 740 879 πληρουσῡαι.
773 827 874 878 Λέγει
900 827 934 864 δὲ
959 829 996 864 ἐν
1022 831 1064 878 τῇ

33 886 152 938 πρώτῃ
173 889 293 928 ουτως·

118 983 298 1022 Νηχόμενος
316 982 342 1012 δ
358 983 501 1022 ἐφύπερθε
514 1006 523 1021 ‚
539 983 573 1013 τὸ
587 982 816 1021 θαμῧηέστατον
830 982 902 1012 ἄλλο

115 1027 274 1067 ὃέρκηΟρον
291 1027 346 1057 σὺν
368 1027 456 1067 ἀοιδᾷ
476 1026 539 1066 [σοι
555 1027 646 1057 ἀείδω
658 1026 683 1066 Ρ]
698 1027 912 1066 μεγιστούχοιο
935 1032 944 1065 (
958 1037 1063 1066 μεγισ-

635 1071 771 1112 [τοχὸοιο
782 1072 879 1111 Scal.)
893 1074 1023 1112 λοετροῖς

116 1119 224 1159 (δέρκῃ
238 1120 324 1158 θροῦν
336 1119 390 1149 σὺν
399 1119 487 1158 ἀοιδᾷ
500 1118 683 1158 μεστούχοιο
691 1120 820 1158 λοετροῖς
830 1119 930 1150 Vossii
941 1119 1062 1158 margo)

114 1166 260 1205 ῥεύματος
277 1165 467 1205 ἐμπίμπλησι
483 1165 575 1204 βαθὺν
589 1165 657 1205 ῥόον
672 1165 836 1201 ἐξανιείσης
849 1187 858 1203 ,

33 1251 90 1289 καὶ
119 1250 161 1288 τὰ
188 1251 274 1306 ἑξῆς.
301 1245 363 1294 Οἷς
386 1250 488 1288 πάλιν
514 1249 643 1293 ὕποὸὰς
662 1249 740 1301 περὶ
768 1252 827 1296 τῆς
854 1249 1062 1300 πληρώσεως

35 1307 200 1358 ἐπιλέγει·

117 1398 230 1436 Ῥεῦμα
243 1398 301 1438 γὰρ
315 1397 505 1438 ὑψιφάεννον,
528 1398 558 1429 ἐν
574 1398 682 1434 ὑετίοις
696 1401 858 1438 νιφετοῖσιν

116 1445 246 1484 ἱέμενον,
263 1445 430 1483 πολυγηθὲς
443 1468 451 1482 ,
465 1445 540 1484 ὑπὲρ
556 1445 717 1485 πύργοισιν
737 1445 835 1485 ὅροισι

113 1494 287 1530 στρωφᾶται
300 1513 308 1528 ,
324 1492 375 1520 καὶ
389 1491 463 1530 ξηρὰ
480 1492 562 1531 πέδῳ
577 1492 755 1531 κεκονιμένα
767 1515 776 1529 ,
790 1492 900 1531 κρήνης

113 1537 243 1576 τηλεφαῆ
259 1536 408 1567 δείκνυσιν
424 1538 576 1576 ὑπέρτατα
590 1537 707 1577 Θάμόεα
721 1538 816 1575 λαῶν,

35 1633 104 1672 Καὶ
123 1634 166 1671 τὰ
192 1633 321 1677 τούτοις
349 1633 531 1673 ἀκόλουθα.
562 1629 650 1673 Eira
679 1634 782 1671 πάλιν
810 1634 889 1684 περὶ
917 1637 976 1680 τῆς
1001 1638 1059 1671 τοῦ

33 1692 214 1743 ἀρχιερέως
229 1693 356 1743 κρήνης
366 1693 423 1730 καὶ
434 1697 494 1739 τῆς
510 1692 764 1744 ἀποχετεύσεως
774 1692 926 1735 διέξεισιν
941 1692 1058 1735 οὕτως·

114 1791 194 1821 Αἰπὺ
211 1791 236 1821 δ’
251 1791 297 1830 ἄρ’
311 1791 476 1822 ἐκπτύουσι
494 1792 543 1822 διὰ
556 1792 662 1831 χθονὸς
676 1791 850 1830 ὑδροχόοισι

113 1838 245 1873 σωλῆνες

2050 152 2145 202 ’229

1168 239 1217 254 xc!

1122 256 1179 276 και
1197 256 1260 277 οσα
1285 242 1372 278 ἄλλα
1390 243 1517 286 τούτοις
1538 244 1668 281 ἕπεται.
1691 247 1853 282 Ιοσαῧτα
1876 244 1936 294 μὲν
1954 244 1995 289 δὴ

1121 300 1187 333 τῶν
1208 298 1425 350 Αλεξάνδρου
1445 305 1502 337 τοῦ
1527 301 1766 353 ΙΙολυίστορος.

1173 358 1261 402 Cap.
1288 358 1335 391 38
1353 361 1518 404 seqnitur
1538 361 1584 394 (le
1604 362 1707 406 aquis
1727 363 2070 408 I{ierosolyi‘norum
2092 362 2146 395 ln-

1123 426 1185 447 eus
1211 414 1529 450 Pseudo—Aristeae
1562 417 1572 463 (
1596 417 1681 467 Περὶ
1710 419 1769 461 τῆς
1796 419 1969 467 ἑρμενείας
1993 421 2049 455 τοῦ
2078 420 2144 454 τῶν

1123 469 1295 506 Ἰουδαίων
1314 470 1430 517 νόμου.
1461 474 1552 508 Vide
1572 476 1679 510 Arist.
1698 476 1758 512 ed.
1785 477 1906 523 llody.
1937 490 1972 524 Ι),
1996 477 2061 524 9),
2083 479 2148 522 qui

1124 528 1273 562 fortasse
1288 541 1333 563 ex
1349 529 1483 563 eodem
1498 531 1726 576 polyhistore
1741 533 1857 570 lluxit.
1882 535 2020 568 Deinde
2044 536 2146 568 liuse-

1123 585 1204 618 bius
1221 587 1340 633 pergit
1362 597 1370 621 t

2015 244 2056 282 τὰ
2077 246 2144 282 ἀπὸ

1605 664 1665 700 2-4.

1484 761 1792 799 ΕΥΙΙΟΛΕΜΟΥ

1270 862 1367 913 περὶ
1406 863 1619 914 Ἱερεμίου
1650 867 1726 901 τοῦ
1765 867 1996 917 προφήτου.

1176 963 1263 1008 Cap
1286 961 1360 1009 39:
1379 960 1604 1004 Επιτούτοις
1618 978 1749 1008 καιτης
1765 962 1929 1013 Ἱερεμίου
1944 968 2149 1016 προφητείας

1124 1019 1182 1053 τού
1201 1014 1432 1070 Πολυίστορος
1454 1019 1592 1068 μνήμην
1610 1020 1863 1068 πεποιημένου,
1882 1025 1973 1070 ἡμας
2001 1025 2149 1061 ἀποσιω-

1123 1079 1233 1121 πῆσαι
1248 1075 1376 1122 ταύτην
1395 1076 1530 1119 πάντως
1549 1076 1589 1113 ἂν
1615 1076 1667 1123 εἴη
1688 1078 1991 1129 παραλογώτατον.
2015 1082 2149 1119 Κείσθω

1121 1134 1231 1171 τοίνυν
1251 1134 1309 1170 καὶ
1329 1133 1429 1180 αὕτη.

1176 1210 1189 1225 «
1211 1186 1298 1229 Εἶτα
1316 1191 1523 1242 Ἰωναχείμ·
1553 1193 1608 1229 ἐπὶ
1630 1194 1748 1231 τούτου
1768 1199 2008 1263 προφητεῦσαι
2041 1197 2146 1249 Ἱερε-

1123 1249 1203 1298 μίαν
1221 1265 1277 1286 τον
1296 1250 1486 1301 προφήτην.
1503 1252 1664 1288 Τουτον(
1652 1251 1716 1287 υπὸ
1732 1255 1789 1288 του
1805 1255 1895 1291 Οεου
1915 1255 2148 1291 ἀποσταλέντα

1122 1306 1331 1343 καταλαὸεῗν
1351 1322 1427 1349 τους
1441 1306 1626 1350 Ἰουδαιους
1643 1309 1859 1353 Θυσιάζοντας
1874 1311 2003 1361 εἰδώλῳ
2016 1316 2149 1363 χρυσῶ,

1122 1368 1149 1416 ᾡ
1171 1369 1256 1401 εἶναι
1273 1364 1380 1413 ὄνομα
1402 1365 1516 1403 Βαάλ.
1535 1368 1666 1403 Ἰουτον
1689 1366 1723 1403 δὲ
1744 1369 1856 1410 αυτοῖς
1876 1368 1937 1414 τὴν
1958 1370 2149 1418 μέλλουσαν

1124 1423 1267 1473 ἀτυχίαν
1286 1424 1453 1468 δηλωσαι.
1473 1423 1541 1461 Τὸν
1559 1423 1594 1460 δε
1615 1423 1803 1475 Ἰωναχεὶυ.
1820 1427 1931 1469 ζωντα
1952 1427 2052 1464 αὐτον
2073 1430 2150 1465 ἐπι-

1124 1479 1287 1517 θαλέσθαι
1304 1484 1540 1518 κατακαῦσαι·
1559 1481 1616 1518 τὸν
1637 1480 1671 1518 δὲ
1689 1482 1792 1532 φάναι
1811 1485 1878 1525 τοῖς
1895 1483 2003 1527 ξύλοις
2022 1487 2150 1529 τούτοις

1123 1537 1352 1581 Βαὸυλωνίοις
1368 1538 1600 1589 ὀψοποιήσειν,
1618 1538 1676 1575 καὶ
1693 1539 1836 1590 σκάψειν
1849 1539 1909 1583 τὰς
1921 1545 1980 1579 τοῦ
1993 1542 2150 1594 Τίγριδος

1121 1595 1180 1631 καὶ
1215 1596 1397 1647 Εὐφράτου
1430 1595 1599 1646 διώρυχας
1624 1597 1974 1647 αἰχμαλωτισθέντας.
2005 1602 2084 1638 Τῶν
2114 1601 2148 1638 δὲ

1124 1653 1353 1690 Βαὲυλωνίων
1372 1653 1515 1703 βασιλέα
1531 1654 1726 1691 ἀκούσαντα
1743 1656 2049 1709 Ναὸουχοδονόσορ
2062 1659 2147 1709 (ser.

1122 1711 1217 1749 Nae.
1241 1713 1323 1761 ἀκ.)
1343 1711 1386 1748 τὰ
1405 1712 1469 1749 ὑπὸ
1488 1716 1545 1749 τοῦ
1566 1711 1734 1763 Ἱερεμίου
1747 1715 2043 1763 προμαντευθέντα
2056 1745 2065 1762 ,
2079 1732 2146 1753 πα-

1123 1768 1312 1818 ρακαλέσαι
1326 1769 1531 1820 Ἀστιόοἱρην
1545 1770 1600 1807 τὸν
1611 1771 1739 1815 Μήδων
1751 1772 1894 1820 βασιλέα
1907 1773 2147 1823 συστρατεύειν

1122 1826 1228 1876 αὐτῷ.
1247 1826 1504 1876 Παραλαὸόντα
1522 1827 1557 1864 δὲ
1576 1827 1816 1871 Βαὸυλωνίους
1835 1829 1893 1866 καὶ
1913 1830 2073 1877 Μήδους,
2089 1831 2148 1868 καὶ

32 1945 95 1976 que
113 1936 186 1975 jugo
205 1935 298 1966 sitam
314 1935 408 1966 fuisse
418 1935 533 1974 tradit,
545 1936 729 1974 partemque
742 1942 904 1964 murorum
922 1933 1061 1972 aliquam

34 1987 131 2027 polito
145 1996 161 2017 e
175 1986 295 2025 lapide,
310 1986 482 2017 maximam
498 1995 573 2017 vero
592 1995 631 2016 ex
648 1985 733 2016 silice
750 1984 926 2015 constitisse
944 1997 950 2014 z
969 1985 1062 2015 item-

32 2049 93 2079 que
108 2038 194 2069 urhis
217 2038 371 2069 ambitum
397 2038 496 2068 stadia
515 2038 634 2076 septem
653 2038 685 2067 et
710 2036 818 2075 viginti
838 2036 1002 2067 obtinere:
1023 2037 1061 2067 ad

32 2091 211 2121 extremum
233 2089 345 2120 eodem
365 2089 396 2120 in
416 2089 485 2120 loeo
508 2089 626 2119 sontem
643 2096 754 2128 magna
781 2087 813 2118 vi
835 2095 927 2126 aquae
953 2089 1057 2118 scatu-

33 2142 164 2172 rientem
177 2140 335 2171 exsistere.

518 2217 575 2247 23.

398 2306 427 2342 E
457 2305 693 2343 PHILONE.

75 2404 221 2444 EJusdem
236 2403 433 2442 scaturiginis
447 2403 536 2434 Philo
551 2403 647 2434 etiam
662 2402 821 2440 meminit,
840 2403 869 2433 in
884 2402 919 2432 iis
932 2410 1010 2441 quos
1023 2402 1061 2432 (le

33 2456 258 2495 Hierosolymis
279 2455 463 2493 conscripsit
484 2454 590 2491 libris,
617 2463 713 2492 quam
731 2453 834 2485 hieme
849 2462 1006 2491 arescere,
1024 2462 1061 2483 ac

33 2517 156 2539 rursum
169 2508 279 2539 aestate
296 2507 432 2538 ubertim
446 2507 542 2538 ssucre
551 2530 560 2546 ,
575 2506 655 2537 libro
669 2506 771 2546 primo
788 2506 871 2536 bunc
884 2506 915 2536 in
929 2505 1059 2536 modum

32 2559 144 2590 cecinit
159 2568 167 2589 z

102 2645 231 2676 Desuper
244 2641 371 2668 allabens
384 2648 459 2668 nova
476 2642 538 2668 tum
550 2640 689 2668 miracula
703 2640 762 2667 vidi

137 2690 168 2702 *³⁵
181 2686 230 2722 qui
245 2685 309 2713 fons
319 2686 483 2713 uberrimus
493 2685 585 2713 undas

101 2732 208 2767 egerit,
222 2734 308 2766 atque
321 2731 399 2758 sinus
412 2730 514 2765 implet
524 2730 688 2765 ductusque
703 2729 874 2765 profundos,

31 2802 63 2831 et
89 2809 162 2840 quae
186 2800 376 2839 sequuntur;
403 2798 517 2838 quibus
544 2798 583 2829 dc
609 2799 698 2829 ssuxu
727 2799 794 2836 ejus
821 2798 959 2837 pleniore
984 2798 1058 2828 sub-

30 2852 133 2891 jungit
149 2863 155 2883 :

102 2929 218 2957 Scilicet
230 2936 266 2956 ex
279 2928 339 2956 alto
351 2928 510 2956 decurrens
524 2928 633 2955 vertice
645 2926 764 2961 fluctus,

101 2978 131 3002 et
143 2974 248 3010 pluviis
258 2980 392 3001 crescens
405 2973 521 3000 nivibus
530 2993 537 3005 ,
549 2973 602 3000 sub
612 2973 742 2999 turribus
753 2972 817 3000 altis

102 3021 238 3052 volvitur,
251 3021 280 3047 et
292 3019 369 3046 sicco
383 3019 549 3053 languentia
563 3019 683 3054 pulvere
696 3019 806 3046 circum

101 3072 171 3092 arva
184 3065 296 3099 rigans,
313 3063 414 3091 viridis
425 3063 564 3091 miracula
578 3062 681 3097 pandit
693 3063 826 3095 amictus,

32 3142 64 3171 et
81 3140 212 3179 reliqua.
229 3139 380 3178 Idemque
396 3148 503 3170 rursus
519 3138 559 3169 de
575 3137 688 3169 summi
706 3137 874 3167 sacerdotis
895 3139 960 3168 tum
978 3138 1060 3168 sonte

32 3194 101 3222 tum
119 3191 310 3231 aquaeductu
329 3204 336 3221 z

103 3269 209 3296 subter
224 3269 346 3297 humum
360 3269 490 3304 lymphas
504 3269 613 3297 multus
626 3269 747 3296 sublime
762 3268 869 3296 canalis

103 3314 201 3347 egerit,

1120 1936 1152 1965 ct
1167 1936 1270 1965 cetera
1279 1958 1287 1973 ‚
1299 1944 1371 1973 quae
1386 1935 1485 1966 fusius
1500 1935 1552 1967 ille
1563 1936 1770 1976 persequitur.
1787 1939 1905 1970 Verum
1919 1947 1957 1970 ex
1971 1938 2149 1970 Alexandro

1122 1987 1320 2026 polyhistore
1336 1987 1498 2019 haetenus.

1600 2071 1656 2102 24.

1447 2153 1510 2191 Ex
1540 2154 1816 2192 EUPOLEMO

1386 2252 1429 2282 de
1457 2252 1659 2283 Hieremia
1678 2252 1881 2292 propheta.

1164 2334 1201 2365 At
1215 2333 1297 2364 enim
1311 2341 1411 2372 quum
1428 2332 1574 2363 laudatus
1587 2340 1681 2371 supra
1698 2332 1873 2371 polyhistor
1888 2332 2053 2365 Hieremia}
2067 2343 2146 2374 quo-

1120 2395 1181 2425 que
1198 2386 1370 2425 prophetiae
1384 2385 1580 2423 meminerit,
1597 2385 1825 2424 ineptissimum
1841 2386 1949 2424 utique
1963 2387 2052 2425 foret,
2068 2388 2149 2418 hanc

1120 2447 1138 2468 a
1152 2437 1241 2468 nobis
1255 2437 1420 2476 praeteriri.
1434 2439 1511 2467 Eam
1525 2436 1619 2475 igitur
1631 2437 1690 2467 hoc
1703 2436 1772 2466 loco
1783 2436 2019 2475 subjungamus.
2038 2451 2052 2465 «
2067 2440 2147 2469 Tum

1120 2489 1335 2526 Joachimum,
1351 2488 1452 2527 inquit
1463 2511 1471 2525 ,
1488 2496 1615 2526 regnum
1627 2487 1811 2526 capessisse,
1826 2488 1915 2526 eujus
1930 2489 2069 2527 tempore
2081 2491 2149 2520 llie-

1120 2540 1233 2570 remias
1257 2539 1409 2579 propheta
1425 2539 1555 2569 oracula
1572 2546 1627 2569 sua
1644 2538 1786 2569 ediderit.
1811 2539 1932 2578 Quippe
1953 2539 2039 2571 hunc
2054 2548 2072 2571 a
2091 2540 2149 2571 deo

1120 2591 1250 2623 missum
1267 2592 1284 2621 J
1291 2590 1413 2628 udaeos‚
1434 2589 1557 2620 interim
1582 2588 1659 2619 dum
1681 2588 1765 2619 idolo
1784 2589 1909 2620 cuidam
1935 2599 2049 2629 aureo,
2074 2593 2150 2622 Baa-

1121 2644 1182 2674 lem
1196 2643 1369 2681 vocabant,
1384 2641 1572 2672 sacrificium
1593 2641 1748 2679 facerent,
1763 2641 2021 2681 deprehendisse,
2034 2643 2150 2682 quibus

1120 2694 1350 2734 impendentem
1364 2693 1576 2723 calamitatem
1590 2692 1782 2732 p1-aedixerit.
1800 2696 1844 2724 Ac
1859 2693 2059 2724 Joachimum
2078 2695 2147 2734 qui-

1119 2748 1190 2778 dem
1219 2747 1326 2776 vivum
1347 2745 1435 2776 illum
1462 2754 1499 2775 ac
1525 2745 1694 2784 spirantem
1715 2752 1914 2775 concremare
1936 2746 2071 2777 voluisse
2092 2759 2099 2776 z
2117 2748 2150 2776 at

1120 2800 1229 2830 contra
1253 2798 1453 2828 denuntiasse
1470 2797 1677 2836 prophetam,
1700 2797 1762 2827 hoc
1781 2805 1834 2827 eos
1860 2797 2013 2835 lignorum
2038 2807 2149 2837 genere

1122 2849 1299 2888 Babyloniis
1314 2848 1444 2879 obsonia
1457 2848 1639 2885 curaturos,
1655 2848 1686 2877 et
1703 2847 1827 2878 canales
1841 2848 1880 2878 ad
1895 2848 2080 2879 derivandas
2093 2849 2147 2879 Ti-

1120 2900 1180 2938 gris
1194 2901 1225 2930 et
1244 2898 1408 2938 Euphratis
1422 2897 1521 2928 undas
1535 2897 1670 2928 sessuros
1683 2906 1766 2937 esse,
1776 2899 1981 2937 posteaquam
1996 2907 2103 2930 eorum
2117 2900 2147 2930 in

1120 2960 1231 2981 manus
1244 2959 1280 2980 ae
1290 2951 1476 2989 potestatem
1490 2949 1658 2981 venissent.
1674 2950 1785 2988 ltaque
1795 2950 2146 2988 Nabueliodonosorem,

1120 3002 1363 3040 Babyloniorum
1379 3009 1479 3040 regem
1489 3023 1496 3037 ,
1512 3000 1564 3030 ubi
1582 3009 1647 3030 rem
1667 3001 1826 3039 quomodo
1839 3001 1879 3031 ab
1895 3001 2050 3032 Hieremia
2066 3011 2145 3041 prac-

1120 3053 1263 3083 uuntiata
1280 3053 1380 3084 suerat
1394 3052 1584 3090 rescivisset,
1597 3051 1774 3090 Astihaien,
1790 3051 1953 3082 Medorum
1968 3061 2069 3091 regem
2081 3077 2089 3090 ,
2102 3054 2146 3083 uti

1121 3104 1212 3142 hujus
1229 3103 1435 3141 expeditionis
1456 3102 1559 3134 socius
1578 3110 1643 3132 esse
1662 3102 1774 3140 vellet,
1795 3102 1990 3140 obsecrasse;
2012 3103 2144 3141 conjun-

1119 3156 1232 3193 ctoque
1247 3154 1490 3193 Babyloniorum
1504 3154 1535 3183 et
1554 3153 1715 3183 Medorum
1730 3154 1882 3191 exercitu,
1898 3154 1950 3192 qui
1963 3155 2074 3192 praeter
2090 3153 2141 3183 cle¹

1119 3215 1186 3235 cem
1212 3214 1364 3235 curruum
1387 3204 1482 3234 millia
1493 3228 1501 3242 ,
1527 3204 1666 3242 peditum
1695 3204 1851 3242 octoginta
1875 3212 1968 3242 supra
1997 3205 2122 3233 eentum
2133 3227 2141 3239 ‚

1118 3257 1259 3295 equitum
1273 3266 1347 3287 vero
1361 3258 1487 3286 renium
1500 3265 1535 3285 ac
1551 3256 1657 3294 viginti
1670 3256 1809 3285 millibus
1822 3256 1973 3285 constaret
1987 3278 1994 3292 ,
2008 3255 2141 3293 primum

1119 3308 1243 3347 quidem
1260 3308 1451 3344 Samariam,
1469 3306 1646 3341 Galibeam,
1664 3306 1876 3345 scylliopotnn
1895 3309 1923 3336 et
1940 3305 2064 3336 judiees
2081 3308 2138 3335 (ja-
