2289 3728
109 129 181 162 ιιι

101 211 253 245 omnino
268 207 509 255 rejiciendum
531 218 571 241 ac
591 204 857 240 restituendum
875 204 1050 255 καθαρσίῳ
1073 207 1132 240 vi<

101 268 229 316 detur)
252 265 327 303 Διί·
347 263 389 300 τὰ
410 263 444 300 δὲ
476 262 584 314 κῴδια
604 262 731 299 τούτων
761 261 972 311 φυλάσσουσι
993 263 1048 299 δῖα
1072 263 1127 312 (ν.

100 326 301 373 Phrynich.
320 335 430 370 supra
447 323 529 365 cit.;
548 323 624 356 sine
638 333 744 355 causa
759 321 870 357 Gaisf.
887 319 982 370 Διός)
1001 335 1128 371 προσα·

100 382 310 433 γορεύοντες·
337 381 490 430 χρῶνται
513 377 544 414 δ’
563 379 676 419 αὐτοῖς
696 376 730 414 οἵ
751 391 787 414 τε
808 377 1041 429 Σκιροφορίων
1062 380 1127 427 (cf.

101 444 245 476 Demet.
264 448 302 474 et
315 438 490 485 Perseplz.
509 450 548 484 p.
571 442 639 479 124
653 464 662 480 ,
686 438 779 482 147)
796 434 857 480 τὴν
875 435 1018 485 πομπὴν
1039 435 1119 472 στέλ

100 500 212 540 λοντες
231 496 319 534 καὶὸ
336 496 499 547 δᾳδοῦχος
520 496 552 531 ἐν
571 494 743 532 Ἐλευσῖνι
757 493 814 531 καὶ
827 493 924 531 ἄλλοι
941 494 1026 536 τινὲς
1046 493 1128 545 πρὸς

99 556 176 598 ’τοὺς
207 552 423 605 καθαρμοὺς,
457 551 720 603 ὑποστορνύντες
747 551 834 588 αὐτὰ
862 554 931 593 τοῖς
958 550 1040 587 ποσὶ
1065 553 1131 587 τῶν

100 616 244 661 ἐναγῶν.
265 616 351 649 Haec
369 625 413 648 ex
440 612 642 647 Polemone
669 611 782 647 ferme
805 611 915 646 ducta
940 611 1129 647 videntur.

100 676 154 708 De
173 673 280 708 simili
298 684 339 707 re
355 676 537 706 memorat
550 669 784 705 Dicaearchus
804 670 842 703 in
862 669 1067 716 fragmento
1086 669 1132 703 de

100 729 349 766 monte‘Pelio
366 741 405 776 p.
438 740 484 773 27
507 740 562 774 sq.
593 729 732 762 Buttm.
764 734 800 762 et
830 727 1045 771 Pausanias,
1068 726 1132 760 ubi

99 795 225 824 narrat
239 788 285 823 de
298 786 578 822 lustrationibus
588 793 670 821 ante
686 785 834 820 oracula
847 785 892 819 ab
906 784 1131 830 Amphiarao

100 847 197 882 edita
214 845 443 888 solennibus,
466 845 498 891 Ι,
525 844 584 888 34,
610 843 629 878 3
662 855 670 879 :
692 839 796 879 ''Ecrt
816 841 850 877 δὲ
872 839 1055 889 καθάρσιον
1084 842 1132 890 τῷ

100 906 164 954 θεῷ
186 902 288 940 θύειν.
311 901 443 941 Θύουσι
465 900 499 937 δὲ
523 900 582 937 καὶ
603 900 696 950 αὐτῷ
722 898 780 936 καὶ
809 904 914 934 πᾶσιν
936 896 1025 939 ὅσοις
1042 897 1132 934 ἐστὶν

100 962 155 998 ἐπὶ
173 960 275 997 ταύτὸ
295 960 337 996 τὰ
355 959 506 1007 ὀνόματα
527 960 566 1009 (i.
586 972 618 997 e.
638 966 672 994 ct
686 960 771 993 Jovi
784 955 960 1007 καθαρσίῳ
977 964 1012 991 et
1031 965 1131 992 cete-

99 1023 149 1056 ris
165 1021 234 1056 diis
247 1048 257 1067 ,
277 1012 323 1060 οἷς
343 1016 473 1054 ἐστιτὰ
493 1016 645 1064 ὀνόματα
666 1014 721 1052 ἐπὶ
741 1015 779 1051 rb
804 1013 1038 1063 καθαίρεσθαι.
1058 1016 1132 1050 Ρ3-

102 1092 184 1114 rum
201 1085 300 1114 recte
317 1077 453 1113 Siebel.
478 1080 515 1110 in
541 1077 664 1110 eodem
685 1076 774 1116 loco,
797 1081 831 1108 et
848 1074 1033 1107 novissimi
1054 1073 1132 1108 edi-

102 1145 200 1172 tores
215 1148 363 1184 quoram
383 1139 421 1169 in
438 1135 566 1169 eadem
578 1146 646 1167 ara
663 1136 836 1179 inscripta
848 1139 931 1165 sunt
943 1132 1128 1179 temnitur).

103 1191 437 1245 προεξειργασμένων
459 1189 493 1227 δὲ
513 1189 640 1226 τούτων
660 1188 753 1240 κριὸν
773 1187 934 1230 θύσαντες
960 1189 1053 1238 αὐτῷ
1074 1188 1132 1225 καὶ

100 1252 139 1290 rb
174 1252 281 1303 δέρμα
319 1248 621 1300 ὑποστρωσάμενοι
655 1246 873 1284 καθεύδουσιν
910 1246 1135 1295 ἀναμένοντες

101 1310 248 1355 δήλωσιν
281 1307 464 1358 ὀνείρατος.
493 1308 573 1343 Alia
602 1306 765 1352 ejusdem
794 1306 984 1353 religionis
1013 1306 1134 1341 docu-

101 1377 223 1405 menta
235 1381 277 1403 ex
292 1366 570 1413 antiquitatibus
583 1365 860 1413 AEgyptiorum,
875 1365 1134 1399 Romanorum

102 1427 273 1462 excitavit
300 1425 465 1461 Lobeck.
489 1424 568 1471 Agl.
602 1436 641 1470 p.
675 1421 743 1457 185
774 1435 828 1469 sq.
859 1423 903 1456 In
921 1424 1135 1458 universum

101 1486 240 1532 duplex
260 1484 456 1519 Joviorum
474 1482 723 1528 similiumque
750 1481 905 1528 pellium
932 1493 1017 1515 usus
1040 1489 1131 1518 erat.

101 1544 245 1578 Etenim
261 1549 323 1577 aut
341 1542 379 1575 in
394 1541 542 1587 pompis
558 1539 785 1583 lustralibus,
804 1538 939 1585 quibus
956 1546 1032 1574 tota
1047 1540 1135 1574 civi-

101 1609 154 1637 tas
170 1601 321 1649 publice
340 1599 592 1641 februabatur,
614 1610 635 1632 a
662 1597 917 1632 sacerdotibus
942 1598 1003 1632 illa
1033 1599 1133 1632 coria

102 1662 172 1695 rite
191 1657 572 1701 circumferebantur;
589 1657 661 1690 hoe
679 1656 706 1689 si
724 1655 815 1702 quid
834 1655 944 1690 video
970 1662 1022 1690 est
1041 1654 1134 1705 ἄγειν

104 1716 147 1753 τὰ
167 1721 348 1764 πομπαῑα,
375 1715 442 1750 ubi
461 1712 505 1750 τὰ
531 1713 695 1762 πομπαῖα
720 1720 805 1747 sunt
832 1714 909 1759 ipsa
929 1714 1055 1758 Jovia,
1085 1715 1132 1750 cf.

102 1776 267 1811 Eustath.
290 1775 314 1809 l.
337 1786 384 1817 c.‚
403 1773 467 1819 qui
487 1773 560 1806 tale
577 1770 752 1818 πομπαῖον
775 1770 946 1805 confudit
962 1784 1046 1805 cum
1070 1771 1134 1805 ba-

103 1834 187 1869 culo
207 1832 381 1868 Mercurii
405 1843 412 1864 :
435 1837 497 1864 aut
516 1841 676 1876 corpora
697 1840 827 1863 eorum
845 1829 909 1874 qui
923 1828 1136 1863 lustraban-

103 1900 163 1927 tur
179 1892 312 1926 talibus
337 1889 498 1936 pellibus
526 1886 795 1931 afficiebantur,
823 1885 927 1933 quod
946 1884 1059 1920 fiebat
1075 1886 1135 1920 dj-

102 1950 213 1985 versis
237 1948 376 1990 modis;
403 1945 519 1980 modo
540 1947 637 1980 enim
658 1945 821 1991 capitum
849 1943 1067 1978 indumenta
1092 1956 1136 1979 ex

102 2008 173 2041 illis
193 2006 352 2053 pellibus
372 2003 613 2052 parabantur,
644 2003 744 2037 velut
773 2002 907 2048 quibus
939 2001 1138 2036 utebantur

103 2064 314 2100 sacerdotes
343 2062 606 2110 AEgyptiorum
640 2067 677 2094 et
704 2059 985 2104 Romanorum,
1021 2060 1136 2094 modo

103 2124 218 2157 Joviis
246 2129 422 2168 tanquam
450 2119 612 2154 vestibus
643 2117 909 2152 amiciebantur
936 2117 1135 2161 lustrandi,

105 2188 145 2215 ut
165 2182 202 2214 in
222 2178 501 2214 lustrationibus
516 2177 618 2211 Jovis
634 2176 748 2211 Actaei
766 2182 801 2210 et
818 2176 856 2209 in
872 2176 1139 2221 Lupercalibus

103 2239 382 2283 Romanorum,
406 2235 522 2270 modo
554 2233 713 2281 pedibus
741 2245 873 2267 eorum
902 2233 965 2279 qui
986 2232 1138 2267 februa—

104 2296 240 2331 bantur
255 2296 332 2330 haec
349 2295 449 2329 coria
469 2291 815 2333 substernebantur,
834 2291 937 2325 velut
959 2291 997 2324 in
1011 2290 1139 2325 Sciro—

106 2356 245 2401 phoriis
271 2361 307 2388 et
332 2352 523 2387 Eleusiniis
550 2350 702 2393 Atticis,
730 2348 846 2383 modo
879 2349 988 2383 etiam
1014 2349 1056 2383 ils
1075 2350 1138 2395 qui

107 2417 328 2453 dormiendo
347 2415 496 2451 oracula
513 2413 687 2448 divinitus
704 2413 774 2447 sibi
792 2413 991 2447 immissum
1008 2413 1050 2447 iri
1065 2426 1139 2460 pu-

107 2477 234 2510 tabant
248 2473 589 2516 substernebantur,
612 2472 714 2506 velut
733 2472 772 2505 in
787 2472 896 2506 sacris
912 2472 1138 2518 Amphiarai,

108 2534 155 2570 cf.
173 2533 304 2569 Strabo
320 2533 386 2579 VI,
404 2544 442 2578 p.
465 2530 537 2572 284
557 2543 564 2564 :
584 2527 774 2577 ἐναγίζουσι
792 2526 826 2564 δὲ
842 2528 934 2579 αὐτῷ
950 2529 960 2576 (
975 2528 1137 2578 Κάλχαν-

107 2588 153 2638 τι)
174 2589 305 2638 μέλανα
321 2587 413 2639 κριὸν
431 2589 461 2624 οἳ
484 2585 746 2636 μαντευόμενοι,
767 2584 1016 2634 ἐγκοιμώμενοι
1037 2587 1070 2621 ἐν
1091 2587 1139 2636 τῷ

109 2648 265 2698 δέρματι.
285 2647 397 2694 Quod
412 2647 458 2682 de
473 2646 802 2693 Scirophoriorum
817 2651 852 2680 et
866 2645 1139 2679 Eleusiniorum

109 2706 386 2742 lustrationibus
396 2704 524 2739 scribit
535 2703 715 2738 Miillerus
734 2703 858 2739 AEsch.
874 2703 982 2740 Eum.
994 2714 1031 2749 p.
1051 2703 1135 2746 146,

109 2776 171 2798 eos
186 2764 248 2810 qui
263 2764 300 2797 in
312 2763 427 2797 Joviis
439 2762 603 2796 steterint
616 2762 792 2808 sanguine
803 2761 910 2795 suillo
921 2760 1138 2807 superfundi

109 2816 235 2855 solitos
251 2832 339 2865 esse,
358 2819 479 2865 deque
497 2820 673 2866 sanguine
689 2818 848 2865 pellibus
865 2819 1023 2853 collecto
1039 2818 1139 2853 inde-

110 2890 182 2924 que
203 2878 318 2913 effuso
335 2874 373 2911 rb
393 2875 728 2922 ἀποδιοπομπεῖσθαι
754 2875 895 2910 dictum
916 2874 1014 2924 esse(
1039 2891 1053 2906 α
1075 2876 1139 2911 das

110 2936 395 2983 abgewaschene
418 2935 503 2968 Blut
526 2935 713 2968 sammelte
732 2946 817 2968 man
840 2933 939 2969 dann
971 2934 1009 2967 in
1038 2933 1137 2969 Felle

109 2993 189 3028 und
216 2993 395 3028 schuttete
424 3003 460 3026 es
486 2991 601 3026 damit
623 3003 686 3025 aus
707 3002 714 3027 :
738 2991 814 3025 dies
842 2992 949 3026 heisst
969 2991 1139 3026 osfenbar

602 3102 660 3132 88.

161 3156 286 3187 Polemo
303 3155 333 3186 in
349 3154 429 3186 libro
450 3157 494 3186 De
518 3155 606 3185 ,Iovis
630 3153 743 3185 vellere
769 3153 876 3184 scribit
903 3167 910 3184 ι
932 3167 946 3180 «
974 3156 1048 3185 Post
1072 3154 1140 3185 haec

113 3206 292 3238 initiationis
314 3206 461 3245 mysteria
481 3205 635 3243 celebrat,
652 3206 683 3235 et
699 3205 823 3235 sumit*
843 3213 860 3235 e
882 3204 1015 3243 sacello,
1035 3205 1140 3235 distri-

114 3259 245 3296 buitque
261 3257 304 3288 eis
318 3257 371 3296 qui
387 3265 516 3288 cernum
534 3257 738 3296 gestaverant.
761 3257 817 3287 Est
830 3257 935 3286 autem
951 3263 1073 3287 cernus
1089 3264 1142 3287 vas

116 3308 359 3349 s1‹rtile,1i111ltos
381 3309 544 3340 continens
566 3309 743 3348 cotyliscos
769 3307 994 3346 agglutinatos,
1017 3307 1048 3337 in
1069 3307 1140 3346 qui-

896 116 1193 156 POLEMONIS
1224 116 1435 155 ILIENSIS

1194 205 1531 252 ἀποδιοπομπεῖσθαι
1554 220 1567 234 n
1583 204 1611 251 ),
1632 204 1668 238 in
1691 204 1763 239 hoc
1784 216 1916 240 vereor
1944 218 1990 241 ne
2011 205 2222 242 confuderit

1194 262 1270 297 duo
1288 261 1486 311 καθάρσεως
1511 273 1663 309 genera,
1686 274 1766 308 quae
1793 263 1884 297 mihi
1906 263 2057 310 quidem
2078 263 2220 299 diversa

1193 321 1300 355 fuisse
1331 321 1519 363 videntur,
1552 320 1591 354 id
1623 320 1727 366 quod
1756 319 1869 355 fiebat
1899 323 2078 368 sanguine
2111 322 2220 356 suillo

1194 379 1407 413 hominibus
1434 378 1493 413 vel
1517 378 1627 413 rebus
1649 377 1769 426 (velut
1786 379 1825 412 in
1852 380 2003 414 ecclesia
2020 380 2221 415 Athenien—

1193 437 1308 482 sium,
1329 438 1472 472 Demet,
1491 444 1527 470 et
1545 437 1647 472 Pers.
1666 448 1706 482 p.
1731 435 1823 484 358)
1844 447 1989 483 asperso
2014 444 2049 472 et
2066 437 2104 471 id
2120 437 2224 484 quod

1194 494 1451 541 appellabatur
1471 492 1824 541 ἀποδιοπομπεῖσθαι,
1848 494 1895 529 de
1911 506 1987 541 quo
2010 494 2151 529 dictum
2171 501 2223 529 est

1194 553 1233 586 in
1261 552 1562 587 antecedentibus
1587 559 1623 586 et
1647 564 1810 598 quocum
1836 564 2053 599 comparare
2080 551 2227 598 juvabit
2267 582 2270 587 .

1193 610 1452 644 suovetaurilia
1474 611 1753 655 Romanorum,
1775 610 1822 645 ef.
1845 610 1934 645 Cato
1951 611 1997 647 R.
2021 610 2103 657 R.§
2134 613 2224 654 141,

1194 667 1231 700 in
1248 667 1382 712 quibus
1404 672 1526 701 tamen
1551 679 1629 700 non
1652 667 1788 701 vellera
1808 667 2013 702 hostiarum
2026 693 2035 711 ,
2055 666 2120 701 sed
2140 667 2225 713 ipsae

1192 724 1319 758 hostiae
1342 724 1482 758 circum
1499 723 1538 758 id
1558 724 1663 770 quod
1680 724 1911 759 lustrandum
1927 731 2006 759 erat
2023 724 2226 760 circumfe-

1194 782 1381 817 rebantur.
1405 798 1417 812 ι»

1679 861 1738 897 88,

1248 966 1442 1000 Atlienaeus
1461 966 1534 1008 XI,
1553 978 1589 1012 p.
1609 965 1696 1010 478,
1714 966 1740 1000 C
1759 975 1768 1002 :
1789 963 1957 1012 Πολέμων
1974 965 2004 1000 δ”
2022 965 2055 1001 ἐν
2073 966 2120 1017 τῷ
2142 964 2228 1016 Περὶ

1195 1025 1252 1059 τοῦ
1277 1021 1347 1059 δίου
1364 1022 1486 1074 κῳδίου
1507 1021 1608 1073 φησί·
1638 1040 1653 1054 α
1681 1021 1781 1059 Μετὰ
1807 1022 1842 1058 δὲ
1867 1025 1977 1059 ταῦτα
1997 1022 2058 1068 τὴν
2087 1023 2227 1068 τελετὴν

1195 1082 1302 1126 ποιεῖ,
1322 1079 1380 1117 καὶ
1403 1080 1548 1131 αἱρεῖται
1572 1082 1610 1117 ἐκ
1626 1083 1686 1125 τῆς
1707 1079 1862 1128 θαλάμης
1877 1080 1936 1117 καὶ
1960 1080 2054 1128 νέμει
2073 1081 2090 1096 *
2116 1081 2134 1098 ⁴*
2154 1079 2227 1118 ὅσοι

1197 1137 1266 1174 ἄνω
1291 1137 1329 1174 τὸ
1346 1137 1459 1189 κέρνος
1478 1138 1767 1188 περιενηνοχότες.
1795 1139 1906 1175 Τοῦτο
1933 1139 1962 1174 δ’
1980 1138 2070 1175 ἐστὶν
2092 1141 2226 1188 ἀγγεῖον

1195 1199 1396 1246 κεραμεοῦν,
1414 1196 1491 1247 ἔχον
1507 1197 1540 1232 ἐν
1561 1198 1654 1247 αὑτῷ
1668 1195 1812 1237 πολλοὺς
1828 1195 2047 1238 κοτυλίσκους
2063 1198 2228 1243 κεκολλη-

1452 1255 1476 1267 α’

1189 1253 1339 1303 ’μένους’
1372 1254 1419 1291 ἔνι
1449 1268 1465 1291 0
1507 1255 1540 1291 ἐν
1576 1255 1688 1296 αὐτοῖς
1721 1252 1871 1305 ὅρμινοι,
1902 1253 2057 1302 μήκωνες
2088 1253 2227 1300 λευκοὶ,

1196 1312 1320 1364 πυροὶ,
1339 1312 1471 1363 κριθαὶ,
1491 1313 1651 1364 λάθυροι,
1672 1306 1796 1363 ὦχροι,
1813 1311 1917 1364 φακοὶ
1930 1342 1939 1358 ,
1959 1311 2103 1361 κύαμοι,
2120 1312 2226 1362 ζειαὶ,

1199 1371 1343 1422 βρόμος,
1378 1370 1557 1416 παλάθιον,
1592 1369 1690 1420 μέλι,
1721 1370 1848 1415 ἔλαιον,
1881 1364 1966 1412 οἶνος
1980 1399 1989 1415 ,
2021 1370 2130 1419 γάλα,
2160 1370 2228 1408 ὅϊον

1198 1428 1286 1478 ἔριον
1305 1429 1469 1466 ἄπλυτον.
1490 1428 1536 1467 ‘O
1552 1427 1584 1466 δὲ
1606 1432 1705 1466 τοῦτο
1727 1428 1921 1479 βαστάσας,
1938 1422 2006 1466 οἷον
2023 1428 2229 1480 λικνοφορή-

1198 1503 1278 1534 σας,
1299 1486 1426 1524 τούτων
1444 1485 1594 1537 γεύεται.
1624 1505 1638 1520 υ

1250 1547 1413 1582 Illustrat
1425 1547 1502 1581 haec
1517 1548 1730 1582 PRELLERL'S
1743 1560 1749 1580 1
1764 1562 1777 1576 ιι
1795 1546 1900 1581 Idem
1916 1547 2036 1590 locus,
2053 1547 2120 1590 ait,
2141 1546 2229 1581 alle-

1197 1613 1306 1653 gatur
1325 1606 1457 1641 Athen.
1477 1606 1546 1649 XI,
1570 1617 1606 1652 p.
1627 1604 1715 1651 476,
1740 1606 1766 1640 F
1791 1617 1798 1638 τ
1820 1602 1955 1653 κέρνος·
1973 1604 2109 1652 ἀγγεῖον
2126 1617 2230 1653 κερα-

1199 1665 1299 1711 μεοῦν
1369 1661 1498 1698 τούτων
1518 1660 1672 1710 γεύεται,
1691 1662 1755 1697 sed
1781 1662 1949 1709 subjecto
1966 1663 2120 1697 nomine
2140 1661 2230 1696 Am-

1198 1722 1314 1756 monii
1336 1722 1603 1768 Lamptrensis,
1635 1721 1681 1760 ὡς
1709 1720 1838 1769 ἱστορεῖ
1867 1717 2058 1767 Ἀμμώνιος
2078 1719 2111 1754 ἐν
2131 1717 2229 1769 τρίτῃ

1199 1776 1287 1826 Περὶ
1305 1779 1430 1826 βωμῶν
1450 1776 1509 1813 καὶ
1523 1778 1660 1815 θυσιῶν.
1683 1778 1753 1812 Hic
1769 1778 1806 1811 ni
1824 1777 1934 1812 fallor
1949 1789 2013 1812 sua
2027 1784 2230 1824 sumpserat

1199 1849 1244 1871 ex
1262 1837 1482 1880 Polemone,
1504 1837 1702 1871 Athenaeus
1722 1842 1844 1869 autem
1863 1836 1960 1869 illius
1981 1836 2232 1870 testimonium

1199 1906 1242 1929 ex
1258 1895 1367 1942 hujus
1384 1894 1656 1929 commentariis
1673 1892 1962 1940 deprompserit.
1981 1894 2036 1928 De
2056 1905 2096 1928 re
2115 1893 2232 1927 maxi-

1198 1964 1350 2000 mopere
1359 1951 1563 1987 dolendum
1578 1951 1682 1998 quod
1692 1952 1795 1986 locus
1808 1957 1883 1985 tam
1896 1951 1995 1985 lacer
2010 1963 2029 1985 a
2043 1950 2232 1998 principio

1199 2011 1246 2045 ad
1263 2023 1330 2045 nos
1342 2011 1575 2057 pervenerit;
1595 2022 1681 2045 nam
1702 2009 1925 2044 describitur
1947 2009 2043 2044 actio
2066 2008 2232 2056 mystica,

1200 2081 1310 2115 quam
1339 2069 1367 2102 si
1395 2069 1600 2103 accuratius
1629 2069 1815 2115 cognitam
1844 2067 2084 2110 haberemus,
2113 2067 2233 2100 omnis

1199 2122 1438 2167 mysticorum
1451 2132 1642 2155 sacrorum
1661 2120 1862 2166 descriptio
1879 2120 2107 2165 aliquantum
2126 2129 2232 2165 expe-

1200 2179 1314 2213 ditior
1334 2178 1443 2213 foret.
1464 2181 1606 2214 Locum
1625 2179 1702 2212 haec
1720 2179 1816 2212 actio
1837 2177 2006 2212 habuisse
2025 2177 2174 2212 videtur
2190 2178 2229 2211 in

1199 2237 1379 2283 mysteriis
1391 2236 1517 2270 Matris
1532 2237 1693 2283 Magnae3
1709 2248 1793 2270 nam
1814 2236 1869 2269 his
1886 2236 2081 2282 proprium
2101 2242 2180 2269 erat
2191 2231 2230 2270 rb

1199 2292 1327 2343 κέρνος,
1341 2307 1376 2329 v.
1393 2294 1560 2330 Lobeck.
1575 2294 1657 2341 Agl.
1675 2306 1712 2340 p.
1731 2294 1778 2327 26
1790 2305 1846 2340 sq.
1861 2292 2016 2328 Videtur
2027 2293 2181 2327 Polemo
2193 2293 2232 2326 in

1200 2353 1242 2387 iis
1258 2365 1338 2399 quae
1359 2353 1404 2387 ab
1423 2353 1528 2386 initio
1548 2352 1678 2386 omissa
1695 2358 1778 2386 sunt
1805 2351 1961 2386 eandem
1981 2352 2231 2386 caerimoniam

1200 2410 1440 2458 descripsisse,
1456 2410 1502 2444 de
1517 2421 1589 2456 qua
1608 2422 1726 2456 pauca
1743 2417 1777 2444 et
1788 2411 1944 2444 obscura
1955 2421 2069 2456 eaque
2083 2409 2233 2444 confuse

1200 2475 1467 2503 commemorat
1490 2468 1604 2505 Clem.
1629 2468 1734 2504 Alex.
1765 2469 1952 2514 Protrept.
1973 2480 2011 2514 p.
2040 2465 2083 2501 13
2105 2467 2203 2503 Pott.
2219 2493 2229 2510 ,

1199 2527 1262 2561 ubi
1279 2527 1334 2561 hae
1350 2538 1459 2561 voces
1475 2532 1715 2572 apponuntur
1729 2537 1737 2559 :
1757 2523 1821 2562 Ἐκ
1839 2523 2017 2570 τυμπάνου
2033 2521 2172 2575 ἔφαγον,
2189 2523 2227 2559 ἐκ

1199 2582 1378 2631 κυμὸάλου
1393 2582 1497 2628 ἔπιον,
1515 2581 1783 2633 ἐκερνοφόρησα,
1799 2581 1864 2618 ὑπὸ
1881 2582 1937 2618 τὸν
1955 2579 2088 2618 παστὸν
2108 2580 2231 2617 ὑπέδυν

1200 2642 1330 2688 (vulgo
1349 2640 1509 2685 ὑπέδυσν,
1538 2641 1631 2676 illud
1649 2642 1795 2688 praeivit
1814 2642 1870 2675 vir
1903 2640 2034 2676 doctus
2060 2641 2100 2674 in
2129 2640 2228 2674 Zim-

1201 2711 1330 2736 merm.
1351 2697 1562 2745 Zeitscle.f.
1585 2700 1635 2735 A.
1661 2697 1773 2745 1835,
1792 2712 1831 2746 p.
1853 2697 1942 2746 84),
1963 2711 2043 2745 quae
2060 2709 2230 2745 pronun-

1200 2759 1386 2794 tiabantur
1420 2772 1440 2794 a
1478 2759 1618 2805 mystis.
1660 2758 1798 2792 Saltem
1836 2757 1923 2792 hinc
1962 2755 2103 2803 aliquid
2139 2756 2230 2790 lucis

1198 2816 1368 2864 adspergi
1401 2817 1537 2851 dixeris
1564 2817 1606 2850 iis
1632 2827 1713 2861 quae
1745 2814 1846 2861 apud
1873 2820 2041 2849 nostrum
2067 2819 2231 2848 extrema

1198 2881 1300 2918 sunt,
1320 2875 1337 2909 ὃ
1353 2872 1387 2908 δὲ
1404 2875 1503 2909 τοῦτο
1526 2871 1591 2920 (sc.
1607 2870 1643 2908 rb
1661 2870 1793 2920 κέρνος)
1815 2868 2010 2920 βαστάσας,
2031 2862 2098 2906 οἷον
2119 2869 2230 2905 λικνο-

1199 2930 1350 2981 φορήσας
1372 2933 1413 2981 (ἰ.
1437 2944 1466 2966 e.
1487 2931 1585 2966 velut
1604 2931 1631 2965 is
1647 2931 1711 2977 qui
1731 2931 1879 2977 gestavit
1892 2927 1930 2964 rb
1946 2928 2074 2971 λῖκνον,
2096 2928 2232 2963 scilicet

1199 2993 1237 3025 in
1254 2992 1332 3026 aliis
1350 2990 1476 3038 sacris)
1491 3018 1499 3034 ,
1522 2987 1650 3025 τούτων
1669 2986 1804 3037 γεύεται
1823 3015 1833 3033 ,
1862 2988 1898 3022 h.
1920 2999 1950 3023 e.
1981 2986 2027 3021 de
2046 2986 2088 3020 iis
2113 2991 2231 3032 gustat

1199 3098 1258 3129 bus
1279 3100 1351 3129 sunt
1370 3097 1569 3136 horminum,
1593 3104 1729 3136 papaver
1751 3093 1938 3131 candidum,
1967 3092 2126 3130 triticum,
2153 3091 2228 3122 hor-

1199 3150 1306 3188 deum,
1321 3150 1424 3189 pisum
1434 3173 1443 3188 ,
1459 3149 1550 3187 cicer,
1562 3147 1673 3179 ervilia
1683 3171 1690 3185 ,
1703 3147 1786 3185 lens,
1801 3145 1888 3179 saba,
1903 3152 1968 3182 zea,
1984 3151 2094 3181 avena,
2109 3142 2229 3173 ficuum

1200 3210 1318 3240 massa,
1334 3201 1396 3233 mel
1408 3225 1417 3240 ,
1434 3201 1540 3232 oleum
1553 3224 1561 3239 ,
1580 3200 1689 3230 vinum
1700 3221 1708 3237 ,
1732 3198 1779 3228 lac
1792 3221 1800 3236 ,
1814 3197 1908 3227 ovina
1920 3195 1992 3226 iana
2010 3195 2096 3225 illota
2112 3207 2119 3225 ς
2135 3193 2231 3233 idque

1200 3263 1254 3284 vas
1271 3254 1323 3294 qui
1338 3253 1489 3294 gestavit,
1506 3253 1588 3284 sicut
1603 3251 1657 3291 qui
1676 3257 1815 3281 vannum
1832 3248 1982 3288 gestavit,
1998 3246 2045 3277 his
2067 3246 2160 3277 rebus
2172 3254 2227 3276 ve-

1200 3305 1306 3337 scitur.
