2338 3765
149 242 220 273 534

537 317 748 362 Ἔπιὸουλὴν
765 316 831 367 γὰρ
853 315 1046 363 συστήσας,
1075 330 1179 366 προσ-

148 379 260 417 πεσὼν
280 379 335 415 τὸν
354 377 532 428 εὐεργέτην
565 378 719 426 ἀναιρεῖ,
744 390 802 411 και
827 373 934 410 ἵππου
957 372 1080 415 ἐπιὸὰς
1097 372 1180 423 πρὸς

149 324 218 359 σίαι
242 323 302 359 οὐκ
323 319 508 358 ἐὸελτίουν.

149 436 417 505 Λυσιμαχίατκγν
397 451 414 461 ‘
422 435 536 484 εὖγει,
567 435 600 470 ἐν
622 405 818 484 ᾑδιάδημα
849 430 1063 482 περιθέμενος
1093 429 1180 479 μετὰ

149 498 309 544 λαμπρας
344 491 543 544 δορυφορίας
580 490 780 528 κατέὲαινεν
814 491 859 531 εἷς
891 489 929 526 τὸ
961 488 1179 539 στράτευμα,

149 553 340 602 δεχομένων
362 550 463 586 αὐτὸν
486 549 552 586 υπὸ
580 551 640 593 τ’ἧς
667 547 834 598 ἀνάγκης,
857 547 915 584 καὶ
946 548 1089 598 βασιλέα
1117 561 1179 582 κα·

149 608 312 654 λούντων,
342 607 374 645 οἲ
408 607 571 658 πρότερον
602 606 762 657 Σελεύκῳ
782 605 966 651 ὑπήκουον.

202 668 304 704 Xlll.
327 665 513 714 Ἀντίγονος
539 664 574 701 δὲ
594 667 611 702 ὁ
636 663 837 715 Δημητρίου
863 663 907 700 τὰ
936 661 1179 713 συνενεχθέντα

151 724 268 774 μαθὼν
293 723 349 760 ἐπὶ
377 722 596 761 Μακεδονίαν
618 722 804 759 &intentive—:w
824 721 992 773 ἐπεχείρει
1012 722 1104 771 πεζῷ
1122 720 1180 756 καὶ

149 782 248 833 νηίτῖΙ
271 780 523 832 στρατεύματι,
553 780 751 831 προφθάσαι
783 779 939 816 σπεύδων
966 778 1023 815 τὸν
1047 779 1179 816 Πτολε-

151 846 264 889 μαῖον.
291 839 335 877 ‘O
354 838 387 876 δὲ
417 840 634 887 Πτολεμαῖος
663 841 721 880 τὰς
742 837 950 887 Λυσιμάχου
979 839 1061 881 νῆας
1089 835 1178 886 ἔχων

150 898 284 943 ἀπήντα
306 898 363 935 καὶ
394 896 717 947 ἀντιπαρετάττετο.
751 897 792 945 (2)
822 898 934 934 Ἦσαν
952 896 980 932 δ’
1002 897 1034 932 ἐν
1061 894 1179 934 αὐταῖς

151 957 253 994 ἄλλαι
273 972 308 993 τε
329 955 388 993 καὶ
409 958 469 1000 τῆς
489 954 698 1005 Ἡρακλείας
719 956 754 991 αἱ
771 954 1031 1002 μετάπεμπτοι,
1055 952 1182 1003 ἑξήρεις

150 1030 186 1051 τε
221 1014 279 1051 καὶ
313 1013 490 1064 πεντήρεις
525 1012 584 1049 καὶ
620 1011 810 1063 ἄφρακτοι,
845 1011 902 1047 καὶ
937 1010 1083 1061 ὀκτήρης
1119 1008 1181 1058 μία

151 1075 171 1117 ἦ
193 1071 411 1122 λεοντοφόρος
427 1069 643 1118 καλουμένη,
663 1068 823 1118 μεγέθους
841 1068 939 1105 ἕνεκα
960 1067 1019 1104 καὶ
1037 1067 1183 1108 κάλλους

150 1130 282 1176 ἥκουσα
304 1131 348 1171 εἷς
382 1132 514 1177 θαῦμα·
542 1130 575 1165 ἐν
602 1127 710 1177 ταύτῃ
731 1126 796 1178 γὰρ
818 1126 939 1163 ἑκατὸν
970 1124 1031 1174 μὲν
1065 1125 1184 1176 ἄνδρες

151 1187 295 1226 ἕκαστον
323 1189 459 1237 στοῖχον
488 1186 643 1236 ἤρεττον,
672 1187 717 1227 ὡς
736 1183 956 1226 ὀκτακοσίους
979 1185 1017 1220 ἐκ
1034 1181 1177 1232 Θατέρου

153 1246 274 1297 μέρους
301 1245 482 1294 γενέσθαι,
505 1243 538 1287 ἐξ
569 1243 740 1295 ἑκατέρων
762 1243 796 1279 δὲ
828 1243 958 1292 χιλίους
989 1241 1047 1278 καὶ
1068 1240 1185 1283 ἑξακο-

153 1304 264 1351 σίους,
295 1305 325 1340 οἱ
352 1302 385 1340 δὲ
416 1302 485 1338 ἀπὸ
516 1304 584 1339 τῶν
612 1300 918 1351 καταστρωμάτων
948 1299 1186 1350 μαχησόμενοι

152 1362 256 1410 χίλιοι
284 1361 342 1397 καὶ
364 1361 549 1404 διακόσιοι,
578 1358 636 1396 καὶ
665 1358 871 1409 κυὲερνῆται
901 1357 972 1394 δύο.
1034 1358 1074 1405 (3)
1112 1358 1186 1400 Τῆς

153 1412 209 1454 οὖν
233 1418 408 1467 συμδολῆς
424 1417 624 1467 γενομένης,
642 1416 1003 1467 κρατεῖῚΙτολεμαῐος
1022 1413 1060 1450 τὸ
1076 1428 1187 1450 ναυτι-

155 1476 212 1512 κον
229 1476 439 1527 τρεψάμενος
452 1479 511 1512 τοῦ
527 1474 729 1523 Ἀντιγόνου,
743 1473 973 1524 ἀνδρειότερον
991 1474 1058 1508 τῶν
1074 1471 1186 1507 ἄλλων

155 1534 421 1583 ἀγωνισαμένων
440 1534 477 1570 αἲ
494 1527 581 1578 ἦσαν
599 1532 631 1575 ἐξ
647 1531 931 1583 Ἡρακλεώτιδος·
944 1531 1055 1566 αὐτῶν
1074 1528 1108 1565 δὲ
1121 1531 1186 1565 τῶν

155 1590 442 1642 Ἥρακλεωτίδων
478 1590 517 1627 τὸ
559 1589 730 1640 ἐξαίρετον.
765 1588 880 1640 ἔφερεν
912 1591 933 1632 ἡ
971 1586 1189 1637 λεοντοφόρος

155 1649 314 1698 ὀκτήρης.
343 1649 447 1686 Οὕτω
472 1651 585 1689 κακῶς
611 1647 799 1697 Ἀντίγονος
825 1649 874 1698 τῷ
895 1646 1007 1696 στόλῳ
1035 1644 1185 1695 πράξας,

157 1708 201 1748 εἷς
221 1705 281 1751 τὴν
304 1706 472 1744 Βοιωτίαν
501 1704 716 1755 ἀνεχώρησε.
741 1706 958 1752 Πτολεμαῖος
981 1702 1015 1740 δὲ
1033 1701 1089 1738 ἐπὶ
1108 1704 1187 1739 Μα-

154 1764 306 1801 κεδονίαν
325 1764 441 1813 &affl-ri,
459 1763 517 1800 καὶ
537 1762 684 1814 βεὸαίως
701 1762 782 1814 ἔσχε
803 1761 864 1807 τὴν
886 1761 1011 1812 ἀρχήν.

207 1823 310 1860 XIV.
339 1821 473 1859 Αὐτίκα
503 1824 583 1870 γοῦν
612 1819 673 1865 τὴν
700 1819 828 1856 οἰκείαν
859 1820 989 1868 μᾶλλον
1021 1816 1188 1869 ἕκφαίνων

155 1880 366 1928 σκαιότητα,
400 1877 576 1930 Ἀρσινόην
619 1876 695 1927 μὲν,
736 1880 780 1919 ὡς
814 1877 958 1928 πάτριον
991 1880 1092 1913 τοῦτο
1123 1880 1190 1918 τοῖς

155 1938 373 1987 Αἰγυπτίοις,
399 1938 460 1982 τὴν
492 1935 643 1984 ἀδελφὴν
669 1938 798 1985 γαμεῖ,
818 1934 894 1978 τοὺς
917 1936 955 1971 ἐκ
982 1934 1190 1984 Λυσιμάχου

157 1995 191 2033 δὲ
207 1997 331 2038 παῖδας
348 1997 434 2045 αὐτῇ
451 1994 714 2044 γεγεννημένους
737 1994 880 2045 ἀναιρεῖ.
941 1992 1028 2030 Μεθ’
1054 1991 1110 2035 οὒς
1127 1993 1191 2029 κά-

156 2055 269 2099 κείνην
286 2057 344 2095 τῑῆς
364 2053 541 2103 βασιλείας
566 2052 757 2101 ἐξεκήρυξε.
787 2051 854 2090 Καὶ
872 2050 986 2088 πολλὰ
1001 2050 1057 2088 καὶ
1077 2050 1188 2100 παρά-
1232 2055 1236 2063 “

158 2124 245 2161 νομα
277 2113 309 2148 ἐν
332 2111 407 2148 δυσὶ
430 2110 704 2162 διαπραξάμενος
722 2110 829 2155 ἔτεσι,
857 2111 1050 2147 Γαλατικοῧ
1070 2107 1192 2158 μέρους

157 2173 216 2216 τ’ἧς
230 2169 391 2220 πατρίδος
407 2170 682 2218 μεταναστάντος
701 2168 755 2205 διὰ
772 2167 885 2217 λιμὸν,
897 2167 955 2204 καὶ
970 2166 1190 2205 Μακεδονίαν

156 2227 423 2264 καταλαίῖόντων
444 2227 503 2264 καὶ
519 2228 564 2269 εἷς
586 2226 703 2276 μάχην
719 2228 812 2277 αὐτῷ
833 2225 1071 2276 συναψάντων,
1093 2223 1192 2267 ἀξίως

157 2288 216 2330 ’.ἧς
256 2284 431 2333 ὠμότητος
456 2283 684 2335 καταστρέφει
713 2283 770 2320 τὸν
803 2284 891 2334 βίον,
924 2281 1192 2332 διασπαραχῡεὶς

161 2343 225 2379 ὑπὸ
255 2346 322 2380 τῶν
353 2344 536 2381 Γαλατῶν·
557 2344 621 2385 ζῶν
642 2340 708 2392 γὰρ
737 2341 886 2392 ἐλήφθη,
907 2344 964 2377 τοῦ
991 2339 1191 2389 ἐλέφαντος,

158 2402 190 2435 ἐν
211 2395 239 2451 ᾧ
253 2401 376 2450 ὠχεῖτο
388 2430 396 2446 ,
413 2399 595 2450 τρωθέντος
608 2398 665 2435 καὶ
683 2397 938 2438 καταῧαλόντος
955 2397 1068 2433 αὐτόν.
1084 2395 1115 2432 Ἀ
1123 2395 1192 2431 ντί-

158 2473 251 2505 γονος
287 2458 320 2494 δὲ
358 2461 375 2494 ὃ
410 2455 624 2508 Δημητρίου,
660 2455 706 2505 [ὃ]
746 2454 902 2500 ἡττηθεὶς
938 2455 987 2505 τῷ
1023 2454 1192 2504 ναυτικῷ,

163 2516 377 2564 Πτολεμαίου
417 2513 652 2565 ἀνῃρημένου,
688 2513 748 2556 τὴν
784 2511 992 2550 Μακεδόνων
1021 2510 1192 2560 λαμῗὶάνει

161 2572 285 2622 ἀρχήν.

214 2631 292 2667 XV.
313 2628 357 2665 ‘0
375 2629 408 2664 δὲ
427 2627 598 2667 ..ζελεύκου
616 2627 784 2678 Ἀντίοχος
804 2628 941 2668 πολλοῖς
958 2626 1140 2676 πολέμοις,
1163 2627 1192 2662 εἷ

163 2687 219 2722 καὶ
247 2687 345 2735 μόλις
376 2686 435 2722 καὶ
461 2685 536 2722 οὐδὲ
563 2692 693 2733 πᾶσαν,
722 2684 814 2734 ὅμως
843 2685 1108 2732 ἀνασωσάμενος
1130 2683 1190 2729 τὴν

163 2743 325 2794 πατρῴαν
356 2742 478 2792 ἀρχὴν,
511 2742 642 2791 πέμπει
670 2742 861 2793 στρατηγὸν
898 2741 1102 2791 Πατροκλέα
1133 2740 1191 2777 σὺν

172 2804 177 2809 -
339 2800 346 2811 t
491 2802 500 2813 π
579 2800 586 2814 x
648 2802 656 2811 ··
735 2800 764 2814 lxx
846 2803 866 2810 ικ-
897 2802 906 2813 r
962 2799 969 2810 ¹
1079 2798 1088 2811 <
1161 2797 1188 2812 Μ

166 2816 436 2852 εκστρατευματι
473 2816 518 2842 εις
551 2816 612 2846 την
643 2815 782 2837 επιταοε
809 2816 866 2836 του
903 2802 1044 2850 [αυρου.
1091 2802 1123 2837 Ο
1158 2813 1192 2836 οε

162 2858 375 2909 Ἑρμογένην
393 2873 438 2908 πρ
443 2873 519 2895 οσαι
514 2874 630 2909 ρειται
647 2874 685 2894 το
699 2858 791 2906 γένος
810 2858 913 2894 Ἂέσπ
900 2872 1016 2902 νοιον,
1035 2856 1068 2899 ὀς
1084 2857 1140 2893 ἐπί
1157 2872 1193 2894 τε

168 2916 281 2956 πόλεις
307 2915 412 2957 dmm
439 2931 496 2951 και
514 2931 568 2952 επι
598 2915 658 2961 τὴν
679 2915 832 2966 ἹΙράκλε
838 2931 890 2951 ιαν
919 2914 1059 2985 ιίὂρμητο
1078 2914 1193 2951 εἰσδα-

165 2976 248 3011 )εῖν.
272 2975 352 3011 Τῶν
375 2973 408 3009 δὲ
430 2973 580 3023 Ηρακλε
574 2990 680 3010 πιι)τι>ν
701 2989 783 3024 προς
801 2973 900 3010 αὖτον
923 2987 1042 3023 οιαπρε
1030 2972 1192 3009 σὸευσα·

166 3032 289 3080 μένων,
310 3048 369 3076 της
389 3030 505 3082 χώρας
524 3033 681 3082 ἀναχωρε
669 3034 771 3068 ῖκαι
793 3031 906 3082 φιλίαν
928 3031 1119 3067 συντίθεται
1139 3030 1194 3067 ἐπι

166 3088 225 3134 τὴν
247 3087 405 3127 Βιθυνίαν
432 3087 486 3124 διὰ
512 3090 570 3132 τῆς
587 3088 743 3138 Φρυγίας
766 3088 989 3138 τραπόμενος.
1013 3087 1195 3138 Ἰῧνεδρευ-

166 3147 232 3188 θεὶς
250 3147 285 3183 δὲ
306 3147 371 3183 ὑπὸ
391 3148 457 3182 τῶν
479 3149 638 3191 Βιθυνῶν,
660 3145 820 3196 διεφθάρη
842 3162 877 3182 τε
896 3147 993 3188 αὐτὸς
1015 3145 1072 3182 καὶ
1095 3149 1116 3192 ἡ
1135 3145 1194 3182 σὺν

1072 225 1342 263 MEMNONlS

1241 321 1419 360 improbum
1434 320 1512 351 bene
1535 318 1645 349 merita
1661 317 1759 348 nihilo
1772 316 1933 347 meliorem
1949 315 2059 347 fecere.
2082 318 2160 347 Nam
2174 316 2270 348 bene-

1241 380 1391 411 factorem
1416 379 1536 409 insidiis
1557 385 1741 417 oppressum
1759 375 1913 414 trucidat,
1938 376 1971 406 et
1999 383 2172 407 conscenso
2190 385 2272 415 equo

1241 438 1469 477 Lysimachiam
1487 436 1623 476 profugit
1638 445 1645 465 2
1664 435 1718 466 ubi
1740 434 1887 473 imposito
1903 433 1961 464 sibi
1981 433 2158 465 diademate
2172 458 2180 473 ,
2198 442 2272 465 cum

1239 496 1409 527 satellitum
1424 504 1519 525 manu
1537 493 1765 533 speciosissima
1780 491 1819 523 ad
1836 492 2010 523 exercitum
2024 492 2137 523 tendit.
2162 492 2208 523 lbi
2221 501 2272 523 ne-

1241 554 1384 585 cessitate
1401 551 1555 592 compulsi
1574 560 1647 582 eum
1676 550 1853 591 recipiunt,
1870 551 1902 581 et
1926 558 2030 590 regem
2045 550 2202 590 salutant,
2219 551 2274 590 qui

1242 612 1346 651 paullo
1366 612 1438 642 ante
1452 611 1584 642 Seleuco
1597 609 1760 650 parebant.

1283 672 1369 702 XIII.
1385 671 1559 709 Antigonus
1587 671 1694 701 autem
1718 669 1868 700 Demetrii
1900 667 1998 706 fitius,
2029 667 2090 699 hoc
2116 668 2276 700 intellecto

1242 750 1314 772 casu
1326 765 1334 780 ,
1349 740 1579 780 expeditionem
1594 739 1731 779 suscepit
1749 739 1781 769 in
1797 738 2015 770 Macedoniam
2031 738 2231 778 pedestribus
2244 740 2276 770 et

1242 811 1375 842 nauticis
1384 810 1481 851 copiis
1492 833 1500 849 ,
1511 810 1715 841 Ptolemaeum
1726 809 1907 841 antevenire
1921 818 2101 849 properans.
2117 811 2158 841 At
2171 811 2277 842 Ptole-

1243 887 1341 910 maeus
1353 878 1513 918 expeditas
1525 878 1643 910 habens
1658 878 1834 918 Lysimachi
1848 887 1944 910 naves
1954 902 1962 917 ‚
1979 878 2134 910 instructa
2146 879 2213 910 acie
2226 887 2279 910 oc-

1243 948 1339 979 currit
1352 961 1358 978 :
1373 948 1415 987 (2)
1429 949 1508 979 inter
1521 956 1600 987 quas
1610 949 1700 978 erant
1712 956 1811 987 quum
1825 947 1894 979 aliae
1903 971 1912 988 ,
1926 949 1996 979 tum
2007 947 2047 979 ab
2059 947 2209 979 Heraclea
2223 956 2278 978 ac.-

1244 1011 1365 1043 cersitae
1377 1011 1509 1042 hexeres
1518 1011 1549 1041 et
1570 1011 1712 1050 penteres
1723 1033 1732 1048 ,
1751 1011 1783 1041 et
1800 1012 1917 1050 apertae
1932 1024 1939 1042 z
1958 1012 1989 1042 et
2005 1019 2069 1042 una
2084 1011 2214 1050 octeris,
2228 1011 2279 1047 cuj

1244 1083 1357 1105 nomen
1374 1075 1550 1114 Leonigerae
1566 1074 1575 1113 (
1590 1083 1611 1105 a
1626 1075 1729 1105 leonis
1742 1076 1890 1114 imaqine
1900 1076 1933 1105 ἐκ
1944 1075 2095 1115 aplustri
2108 1077 2223 1115 posita
2237 1076 2248 1114 )
2261 1097 2271 1110 ‚

1245 1136 1457 1175 magnitudine
1473 1138 1504 1168 et
1532 1136 1684 1175 elegantia
1702 1137 1732 1167 in
1744 1136 1984 1168 admirationem
2002 1136 2130 1168 veniens
2148 1146 2155 1167 τ
2176 1137 2208 1168 in
2224 1137 2282 1167 hac

1245 1200 1328 1231 enim
1342 1201 1469 1230 centum
1489 1200 1631 1231 homines
1643 1208 1904 1240 unumquemque
1915 1208 2076 1231 remorum
2090 1209 2216 1231 versum
2232 1209 2281 1230 re-

1246 1262 1422 1301 migabant,
1443 1262 1521 1293 adeo
1538 1264 1573 1292 ut
1591 1262 1620 1292 in
1644 1270 1837 1301 unoquoque
1852 1261 1950 1293 latere
1965 1261 2135 1301 octingenti
2159 1262 2259 1293 serent
2273 1285 2281 1299 ,

1247 1325 1277 1355 in
1288 1325 1442 1355 ambobus
1459 1333 1533 1355 vero
1547 1324 1632 1355 mille
1645 1325 1675 1354 et
1685 1324 1842 1363 sexcenti;
1861 1323 1976 1355 milites
1992 1323 2023 1354 in
2037 1323 2186 1355 tabulatis
2198 1324 2284 1355 mille

2054 1387 2098 1426 (3)
2114 1388 2282 1426 Postquam

1247 1450 1278 1480 in
1309 1450 1409 1481 aciem
1431 1450 1615 1482 descensum
1639 1451 1703 1489 est,
1723 1450 1864 1489 superior
1893 1449 1998 1481 evadit
2025 1450 2228 1489 Ptolemaeus,
2252 1450 2283 1480 in

1247 1387 1390 1426 ducenti3
1411 1389 1562 1427 praeterea
1578 1387 1641 1418 duo
1657 1388 1746 1418 erant
1771 1386 2008 1426 gubernatores.

1249 1513 1352 1551 sugam
1372 1522 1461 1544 versa
1483 1513 1629 1552 Antigoni
1654 1513 1762 1543 classe.
1809 1512 1870 1544 Ubi
1900 1513 2013 1544 fortius
2035 1513 2148 1544 ceteris
2164 1521 2284 1552 pugna-

1251 1579 1325 1607 runt
1339 1585 1437 1607 naves
1451 1586 1490 1607 ex
1510 1576 1727 1608 Heracleotide
1738 1578 1769 1607 et
1783 1577 1920 1616 palmam
1934 1577 2016 1608 inter
2033 1577 2090 1608 has
2111 1576 2183 1608 tulit
2197 1578 2285 1608 octo-

1251 1638 1343 1668 remis
1362 1638 1523 1669 leonifera.
1539 1639 1702 1670 Sinistram
1718 1638 1823 1678 itaque
1836 1638 1996 1670 fortunam
2013 1639 2120 1670 classis
2138 1641 2287 1678 expertus

1250 1701 1423 1739 Antigonus
1444 1702 1474 1732 in
1501 1701 1654 1733 Btrotiam
1674 1711 1707 1733 se
1740 1703 1895 1740 contulit,
1921 1703 2121 1743 Ptolemaeus,
2155 1705 2286 1735 transitu

1251 1765 1281 1795 in
1294 1765 1509 1796 Macedoniam
1528 1765 1611 1796 facto
1622 1789 1630 1803 ‚
1645 1765 1710 1804 jam
1731 1765 1863 1796 firmiter
1879 1774 2010 1804 reguum
2023 1766 2163 1798 tenebat.

1293 1830 1376 1859 XIV.
1393 1828 1505 1859 Statim
1521 1828 1626 1867 igitur,
1639 1829 1675 1859 ut
1692 1829 1876 1868 improbitas
1889 1828 1956 1868 ejus
1971 1837 2009 1860 eo
2023 1829 2121 1868 maffis
2134 1828 2165 1860 in
2179 1829 2289 1861 oculos

1253 1887 1416 1917 hominum
1433 1886 1594 1925 incurrat,
1614 1886 1769 1918 Arsinoen
1779 1895 1938 1925 sororem,
1964 1887 2049 1927 quod
2071 1888 2208 1927 patrium
2230 1888 2289 1919 hoc

1251 1951 1291 1982 sit
1304 1950 1455 1990 AEgyptiis
1467 1950 1666 1989 praetendens
1679 1950 1891 1989 ,matrimonii
1903 1949 2019 1981 soedere
2031 1950 2090 1981 sibi
2101 1950 2265 1990 adstringit
2277 1976 2286 1991 ,

1251 2015 1282 2044 et
1298 2014 1388 2044 natos
1403 2013 1431 2044 ei
1445 2022 1485 2044 ex
1501 2012 1688 2053 Lysimacho
1701 2012 1840 2043 trucidat
1859 2025 1866 2043 :
1885 2012 1961 2052 quin
1979 2021 2055 2043 mox
2072 2012 2166 2045 etiam
2189 2013 2288 2053 ipsam

1238 2080 1315 2103 xnon
1341 2073 1420 2104 citra
1442 2072 1666 2104 contumeliam
1685 2082 1780 2112 regno
1806 2074 1946 2113 expellit.
1966 2076 2136 2114 Quumque
2153 2074 2290 2114 plurima

1252 2136 1362 2166 contra
1370 2134 1464 2166 deum
1474 2135 1702 2175 hominumque
1710 2135 1792 2174 leges
1803 2135 1884 2166 intra
1896 2134 2057 2166 biennium
2069 2136 2288 2175 perpetrasset,

1251 2197 1366 2228 accidit
1383 2199 1418 2228 ut
1435 2206 1505 2237 pars
1515 2197 1662 2237 quaedam
1683 2197 1866 2236 Gallorum,
1886 2197 1967 2228 fame
1983 2206 2021 2227 ex
2038 2197 2140 2237 patria
2157 2197 2290 2236 migrare

1252 2262 1378 2299 coacta,
1394 2259 1609 2291 Macedoniam
1624 2259 1785 2290 invaderet
1804 2272 1810 2290 :
1826 2259 1991 2298 aquibus,
2007 2261 2152 2290 conserto
2166 2259 2289 2299 proelio,

1254 2336 1308 2357 rex
1323 2328 1416 2357 vivus
1432 2325 1568 2366 capitur,
1586 2325 1753 2364 elephanto
1766 2348 1774 2362 ,
1793 2333 1856 2364 quo
1869 2323 2058 2362 vehebatur,
2075 2323 2216 2354 sauciato
2232 2332 2290 2355 ex-

1254 2398 1362 2419 eussus
1374 2413 1382 2427 ,
1398 2390 1428 2419 et
1441 2388 1481 2419 ab
1497 2387 1644 2419 hostibus
1669 2387 1863 2425 discerptus,
1878 2385 2007 2425 dignum
2033 2385 2221 2417 crudelitate
2235 2394 2292 2417 sua

1253 2451 1374 2481 exitum
1403 2450 1532 2481 invenit.
1566 2449 1741 2488 Antigonus
1776 2450 1880 2479 autem
1912 2448 2082 2486 Demetrii,
2105 2449 2160 2488 qui
2188 2457 2292 2488 pugna

1254 2512 1357 2542 navali
1374 2510 1604 2549 succubuerat,
1618 2511 1683 2550 jam
1695 2509 1783 2540 hoste
1794 2509 1937 2548 sublato,
1949 2508 2142 2540 Macedoniae
2159 2517 2290 2549 regnum

1254 2573 1400 2611 occupat.

1297 2634 1366 2664 XV.
1382 2631 1555 2663 Antiochus
1572 2631 1696 2661 interim
1713 2630 1835 2661 Seleuci
1852 2630 1952 2669 filius,
1967 2638 2067 2669 quum
2090 2629 2143 2660 vix
2160 2629 2289 2660 tandem

1256 2700 1362 2731 multis
1381 2699 1469 2729 bellis
1485 2708 1543 2729 nec
1574 2699 1757 2729 universum
1783 2699 1891 2729 tamen
1918 2698 2014 2738 patris
2038 2706 2170 2738 regnum
2197 2706 2290 2730 recu·

1256 2766 1407 2806 poi-asset,
1441 2763 1621 2803 expeditam
1656 2772 1784 2793 manum
1808 2763 1838 2794 in
1876 2763 2021 2795 citeriora
2055 2763 2150 2795 Tauri
2180 2763 2290 2803 mittit,

1256 2838 1396 2869 Patrocle
1426 2837 1525 2874 dure,
1544 2835 1596 2875 qui
1625 2837 1870 2875 Hermogenem,
1886 2835 2077 2875 Aspendium
2096 2843 2226 2874 genere,
2245 2833 2289 2864 le-

1254 2903 1360 2941 gatum
1374 2899 1431 2930 sibi
1447 2898 1588 2937 adoptat.
1633 2897 1691 2928 llic
1701 2906 1800 2936 quum
1818 2897 1894 2928 alias
1911 2897 2003 2928 urbes
2021 2898 2090 2927 tum
2108 2895 2290 2927 Heracleam

1254 2972 1382 3003 quoque
1398 2963 1542 2994 infestare
1555 2963 1763 2993 constituerat
1783 2971 1789 2991 :
1816 2969 1926 2992 verum
1943 2958 2190 2991 Heracliensium
2211 2958 2289 2998 lega-

1255 3027 1338 3057 tione
1361 3027 1502 3066 placatus
1514 3050 1522 3065 ,
1537 3035 1553 3057 e
1568 3026 1684 3056 sinibus
1698 3033 1811 3056 eorum
1829 3023 1970 3062 excedit,
1989 3024 2021 3054 et
2045 3030 2192 3062 percusso
2209 3019 2290 3052 ami-

1254 3089 1337 3119 citiae
1352 3088 1485 3125 smdere,
1501 3096 1555 3127 per
1573 3087 1714 3126 Phrygia:
1731 3094 1822 3125 agros
1838 3085 1869 3115 in
1883 3085 2060 3123 Bithyniam
2074 3091 2107 3115 se
2121 3082 2287 3113 convertit.

1257 3153 1414 3190 Exceptus
1447 3160 1522 3181 vero
1551 3150 1757 3189 Bithynorum
1786 3148 1923 3186 insidiis,
1950 3156 2011 3177 una
2041 3155 2114 3177 cum
2147 3145 2288 3177 exercitu

210 3259 277 3288 Nlll
300 3262 326 3288 2.
344 3258 473 3288 ἕκαστον
493 3257 633 3296 στοῖχον]
654 3266 702 3286 em
739 3258 891 3294 l‘almcr.;
907 3259 1014 3287 ἑκατον
1028 3268 1076 3287 στ.
1092 3261 1114 3288 Α
1126 3281 1134 3295 ,
1149 3257 1367 3295 ἑκατόστοιχον
1388 3257 1463 3287 cett.
2301 3291 2306 3299 ι

209 3305 289 3334 xlv.
314 3305 394 3333 extr.
411 3304 542 3339 ἡττηθεὶς
558 3303 562 3341 l
582 3307 602 3332 A
616 3314 623 3340 ;
639 3304 750 3338 ἡττήθη
767 3303 848 3341 vulg.
862 3314 869 3340 ;
885 3303 988 3333 addidi
1007 3303 1185 3333 articulum.
1202 3306 1247 3334 De
1265 3304 1357 3334 rebus
1375 3304 1435 3334 hoc
1449 3311 1515 3342 cap.
1536 3302 1668 3333 narratis
1691 3311 1721 3333 v.
1748 3301 1864 3333 Justin.
1889 3301 2009 3338 XXIV,
2028 3303 2045 3330 2
2063 3307 2134 3339 sqq.
2157 3299 2188 3329 et
2209 3305 2289 3338 quos

169 3351 208 3380 ihi
227 3350 353 3380 laudant
372 3350 505 3388 interpp.

211 3397 277 3425 XV.
305 3396 382 3425 With·
405 3397 554 3434 Dropsvu.
578 3394 775 3425 [lellenzsm.
797 3396 873 3424 tom.
899 3397 942 3428 ΙΙ,
963 3404 980 3432 p
1007 3399 1075 3425 2311.

2290 3626 2314 3765 niens-‘f
2298 3575 2299 3580 „
