2338 3765
920 146 1244 184 FRAGMENTA.

643 231 651 243 i
699 231 724 245 ixi
773 232 817 243 mx

36 238 53 275 ὃ
72 236 234 282 κέκτηται
257 233 304 284 μὴ
330 232 572 276 καταλύσασα,
595 246 675 281 προς
696 246 728 268 οε
750 246 834 283 τῳοε
855 230 914 268 καὶ
941 231 1057 282 ἄρχειν

38 294 158 345 ἑτέρων
180 295 379 337 δικαιοῦσα,
411 290 469 326 καὶ
498 289 711 335 γινώσκουσα
732 291 776 330 ὡς
805 290 1059 338 πολυπραγμο-

38 353 119 401 σύνῃ
154 351 214 398 μὲν
246 349 442 400 βεὸαιοῦται
475 347 565 398 ἀρχὴ
593 354 688 384 πᾶσα
701 378 709 393 ‚
741 346 991 398 ἀπραγμοσύνῃ
1025 346 1060 383 δὲ

38 409 224 461 φθείρεται·
252 406 361 444 ἕλοιτό
393 421 428 442 τε
458 404 498 441 ἂν
526 406 682 454 οὐδαμῶς
708 420 777 453 τις,
813 404 908 456 ἀνδρὶ
944 404 1061 446 ἐοικὼς

39 468 270 515 προτιμᾶσθαι
300 463 421 514 ἑτέρων
444 462 590 505 ἀξιοῦντι
610 463 668 499 καὶ
691 465 803 511 μεῖζον
832 463 864 504 ἐς
890 462 927 499 τὸ
952 461 1062 499 κοινὸν

38 525 184 574 φρονεῖν,
206 521 390 558 καταλύειν
420 521 466 561 εἷς
487 520 606 556 ἑαυτὸν
627 519 688 565 τὴν
708 518 820 564 κοινὴν
839 518 1011 565 εὔκλειαν,
1036 520 1064 554 εἷ

39 581 86 630 μὴ
99 583 146 631 τῷ
162 578 330 628 συμὸάντι
346 577 473 627 ἐξωσθῇ
490 580 631 628 (Nico,
649 577 813 622 ἐςισώσθη
829 577 943 628 cod).
966 574 1063 621 Μηδὲ

38 638 92 674 τὸν
112 638 172 685 μὲν
195 635 378 672 ἀντίπαλον
399 633 494 676 δόξαι
513 635 768 685 ἐπιθεραπεύειν
798 633 946 682 (δόξαιτε
969 635 1066 684 θερ.Ρ

40 696 146 733 Nieb.
158 695 346 744 ),παρορᾶν
358 691 392 728 δὲ
410 691 448 729 τό
463 707 498 728 τε
515 692 679 743 ἡμέτερον
700 693 811 742 (ὒμ.ῗ
827 690 892 742 Ν.)
908 691 1065 743 φρόνημα

39 752 96 790 καὶ
110 752 169 797 τὴν
187 753 224 788 ἐκ
238 754 296 787 τοῦ
314 753 387 786 θεοῦ
403 749 601 799 ὑπουργίαν,
613 750 653 795 ἣν
668 749 735 801 χρὴ
749 749 932 791 πεύσαντες
949 744 984 799 (ἦ
997 747 1065 800 χρὴ

40 809 312 849 πιστεύσανταςὲ
330 809 446 844 Bekk.
461 806 468 856 )
485 807 526 844 δι’
542 809 653 844 αὐτῶν
668 807 874 852 νοήσασθαι·
890 806 1068 857 περιέσται

39 868 105 919 γὰρ
126 868 204 916 ὑμῖν
222 866 259 902 τὸ
280 868 339 907 τ’ἧς
359 864 535 914 δαιμονίας
552 867 700 911 σπουδῆς
721 864 768 914 μὴ
788 864 941 908 ἀναξίους
955 867 1066 916 φανῆ-

41 941 118 971 ναι,
137 924 196 961 καὶ
224 923 266 960 τά
286 938 323 959 τε
353 922 473 971 ἕτοιμα
497 924 529 965 ἐς
548 922 586 959 τὸ
605 922 787 959 ὑπακούειν
807 922 1067 971 οἰκειώσασθαι,

41 983 99 1020 καὶ
127 982 170 1019 τὰ
199 980 247 1018 ἔτι
270 980 438 1030 μέλλοντα
473 979 532 1016 σὺν
557 980 716 1025 ἐκπλήξει
733 984 791 1017 τοῦ
813 980 939 1025 ἀδήλου
957 995 1068 1031 προσ-

42 1042 199 1091 άγεσθαι.
222 1037 432 1090 Σωφροσύνη
458 1037 492 1074 δὲ
514 1039 644 1089 ἀνδρῶν
665 1041 732 1080 τοῖς
759 1053 794 1074 τε
816 1040 852 1074 ἐκ
877 1041 936 1083 τ’ῆς
962 1037 1069 1088 τύχης

43 1096 324 1149 προφαινομένοις
341 1090 377 1132 εῦ
396 1095 613 1147 χρήσασθαι,
640 1096 697 1132 καὶ
719 1096 792 1143 ἅμα
812 1096 943 1132 συνέσει
960 1097 991 1138 ἐς
1010 1095 1069 1136 τὰς

43 1155 178 1206 πράξεις
196 1154 306 1195 ἰόντας
325 1153 372 1202 μὴ
398 1154 557 1204 παριέναι
578 1157 644 1190 τῶν
664 1156 783 1191 κοινῶν
803 1153 841 1190 τὸ
861 1153 1044 1204 ἐφεστηκὸς
1057 1183 1066 1198 ,

46 1211 131 1259 μηδὲ
153 1213 394 1260 μεταστάντων
416 1212 461 1252 εἷς
493 1211 721 1260 μεταμέλειαν
753 1210 847 1256 ἥκειν
877 1215 935 1247 τοῦ
956 1225 1070 1261 παρο-

44 1270 192 1322 φθέντος.
252 1267 372 1318 Ἀρετὴ
393 1271 413 1313 ἡ
437 1268 496 1315 μὲν
519 1269 695 1319 πρωτίστη
715 1270 748 1306 ἐν
771 1271 819 1319 τῷ
841 1267 884 1305 τὰ
904 1267 1071 1319 κράτιστα

44 1323 80 1365 εῧ
99 1328 242 1377 γνῶναι,
263 1325 402 1377 δευτέρα
422 1325 455 1362 δὲ
472 1329 492 1371 ἦ
518 1328 550 1362 ἐν
567 1326 685 1375 ἔργοις.
705 1325 845 1377 Ἀμφοῖν
863 1325 898 1362 δὲ
917 1328 934 1363 ὃ
953 1324 1070 1376 παρὼν

45 1385 161 1435 καιρὸς
193 1386 324 1432 δεῖται,
354 1383 413 1420 καὶ
441 1388 499 1420 τοῦ
520 1399 556 1433 γε
586 1383 747 1434 πράττειν
770 1383 1008 1432 ἑτοιμοτάτου,
1029 1386 1073 1426 ὡς

44 1442 66 1488 ἥ
85 1458 122 1492 γε
146 1442 223 1478 ἄνευ
241 1445 298 1478 τοῦ
320 1444 512 1492 προμηθοῦς
534 1439 593 1477 σὺν
613 1443 661 1492 τῷ
678 1443 787 1478 ὀκνεῖν
806 1440 969 1490 μέλλησις
987 1456 1072 1491 χρη-

45 1499 122 1537 στὸν
140 1499 200 1548 μὲν
220 1499 314 1536 οὐδὲν
333 1499 453 1548 ἤνεγκε
466 1528 474 1544 ,
494 1498 570 1541 τοὺς
590 1497 624 1535 δὲ
648 1498 886 1549 χρησαμένους
910 1500 1074 1541 πολλάκις

47 1559 100 1594 ἐπ’
134 1557 242 1594 οὐδενὶ
276 1557 403 1608 μετρίῳ
431 1556 568 1608 ἔσφηλε.
590 1556 762 1594 Ταπειναὶ
783 1556 843 1606 μὲν
873 1551 929 1593 οῦν
960 1556 1075 1608 φύσεις

46 1617 107 1652 οὐκ
125 1614 378 1666 εὐπαράκλητοι
394 1617 426 1657 ἐς
443 1614 593 1658 σπουδὴν
607 1616 673 1650 τῶν
691 1614 850 1664 ἀρίστων,
865 1613 945 1651 διότι
965 1630 1075 1664 παρα-

47 1672 238 1721 δειγμάτων
255 1687 291 1708 τε
319 1673 433 1708 καλῶν
454 1672 652 1722 ἀμοιροῦσιν
670 1671 762 1707 ἰδίων
779 1687 815 1708 τε
833 1671 891 1708 καὶ
918 1672 1075 1722 πατέρων

46 1732 113 1766 τῶν
131 1732 275 1775 ἑαυτῶν,
294 1729 351 1765 καὶ
368 1732 410 1780 τῇ
432 1731 524 1780 σφῶν
546 1727 606 1776 μὲν
631 1727 813 1780 ἀνανδρείᾳ
832 1728 1078 1779 ῥαθυμοτέραις

48 1787 233 1837 κέχρηνται
257 1792 330 1828 ταῖς
356 1786 624 1831 ἕπιτηδεύσεσιν.
648 1780 709 1827 Οἷς
739 1785 773 1822 δὲ
793 1789 812 1830 ἡ
837 1785 938 1836 ἀρετὴ
961 1786 1015 1822 διά
1044 1802 1077 1822 τε

50 1847 159 1881 αὐτῶν
177 1844 234 1881 καὶ
250 1844 474 1895 προπατόρων
493 1843 618 1889 ἐκτήθη
629 1875 637 1889 ,
653 1843 757 1895 ιρόῧου
773 1842 936 1894 αἰσχύνης
951 1845 1080 1892 μᾶλλον

50 1965 86 1987 ea
108 1957 175 1987 aliis
197 1964 325 1995 quoque
346 1956 499 1995 imperare
517 1955 728 1994 contendens,
747 1964 784 1986 ac
798 1956 896 1995 probe
911 1965 1005 1994 guara
1030 1956 1074 1986 in-

50 2008 136 2038 tento
150 2008 180 2038 in
195 2008 293 2038 multa
306 2007 409 2038 studio
425 2016 519 2038 omne
533 2016 661 2046 regnum
679 2007 822 2044 stabiliri,
840 2007 960 2037 desidia
972 2009 1080 2037 autem

51 2058 202 2089 subverti.
233 2059 340 2098 Neque
358 2059 526 2097 quisquam
543 2058 597 2097 qui
624 2067 657 2089 se
678 2059 790 2089 ceteris
805 2060 961 2089 antestare
977 2067 1013 2088 ac
1038 2058 1080 2089 di-

53 2111 169 2149 gnitate
188 2110 219 2141 in
246 2119 308 2150 rep.
326 2110 444 2150 fulgere
461 2110 553 2147 velit,
579 2110 737 2149 publicam
766 2110 895 2149 gloriam
918 2119 974 2141 sua
990 2110 1083 2149 culpa

54 2160 196 2191 imminui
210 2170 302 2200 aequo
315 2161 420 2191 animo
434 2162 530 2199 seret,
550 2161 607 2191 nisi
632 2170 736 2191 rerum
749 2161 932 2191 necessitate
949 2161 1081 2200 cogitur.

54 2229 93 2233 —
115 2214 221 2251 Neque
243 2211 422 2242 adversario
448 2211 616 2242 videamini
638 2211 786 2250 obsequi,
812 2212 949 2241 vestram
976 2213 1082 2242 autem

53 2262 275 2293 confidentiam
300 2262 452 2300 abjicere,
480 2262 592 2301 deique
616 2262 710 2292 etiam
737 2262 889 2292 auxilium
918 2270 1083 2301 spernere,
1106 2266 1109 2268 '

55 2323 116 2353 quo
134 2314 229 2345 fretos
246 2314 329 2344 bono
340 2314 445 2344 animo
459 2323 515 2345 vos
533 2322 599 2344 esse
611 2314 744 2352 oportet.
791 2314 914 2353 Quippe
927 2314 1084 2354 reliquum

6 2404 7 2407 Ἴ
55 2365 142 2395 vobis
157 2365 233 2404 erit,
252 2366 287 2395 ut
304 2373 342 2395 ne
361 2365 466 2395 divina
486 2373 562 2395 cura
584 2364 701 2403 indigni
725 2364 914 2403 videamini,
934 2367 1029 2404 atque
1051 2367 1086 2396 ut

8 2456 9 2460 γ
55 2423 162 2446 omnes
174 2439 182 2453 ,
201 2416 254 2455 qui
275 2415 314 2446 ad
331 2415 540 2446 obediendum
560 2415 657 2454 parati
675 2417 765 2453 sunt,
783 2415 871 2446 vobis
890 2416 1084 2454 adjungatis3

8 2487 9 2490 =
56 2473 108 2496 eos
123 2465 177 2504 qui
201 2467 391 2496 cunctantur
410 2465 601 2496 incertorum
620 2474 748 2496 casuum
768 2467 876 2504 metu,
900 2466 1083 2497 concilietis.

8 2529 11 2545 1
58 2517 111 2546 Est
132 2518 238 2547 autem
258 2517 406 2547 humanae
431 2516 664 2555 temperantiae,
679 2516 770 2547 bonis
795 2525 813 2547 a
830 2516 953 2547 fortuna
973 2516 1087 2547 oblatis

10 2558 13 2563 ’
60 2567 142 2596 recte
163 2566 229 2604 uti,
248 2567 403 2605 simulque
425 2567 579 2605 sapienter
601 2567 724 2605 negotia
741 2567 907 2597 tractando
925 2567 1007 2598 haud
1030 2576 1086 2597 ne-

58 2616 169 2655 gligere
194 2617 332 2647 suturam
355 2616 552 2656 publicarum
568 2626 674 2647 rerum
693 2619 822 2656 sortem,
845 2627 966 2657 neque,
992 2618 1016 2649 si
1039 2627 1088 2649 res

10 2691 17 2711 3
58 2669 148 2699 aliter
158 2669 343 2707 ceciderint,
358 2677 424 2699 rem
436 2669 582 2699 omissam
597 2677 678 2708 aegre
691 2670 782 2700 serre.
799 2670 903 2700 Prima
915 2662 1015 2701 virtus
1028 2671 1086 2708 est,

16 2741 17 2748 ,
60 2719 135 2758 quid
149 2720 303 2759 optimum
319 2720 375 2757 sit,
390 2721 474 2749 recte
487 2719 657 2758 dispicere;
678 2720 821 2759 proxima
834 2720 865 2750 in
882 2720 1001 2759 agendo
1015 2729 1087 2751 ver-

60 2772 146 2801 satur
161 2780 167 2800 :
183 2772 317 2809 utraque
330 2772 435 2800 autem
450 2778 585 2808 praesens
602 2771 726 2809 tempus
739 2770 874 2810 indiget,
889 2772 920 2801 et
938 2772 1088 2809 praeterea

7 2819 21 2859 ⁵,
61 2823 291 2861 promptissimo
313 2831 417 2861 opere.
444 2823 522 2852 Nam
542 2822 650 2860 agendi
679 2831 766 2852 mora
792 2822 920 2853 consilio
939 2823 1089 2854 destituta

19 2865 23 2918 ’Ἰ
61 2871 137 2903 nillil
164 2872 239 2903 utile
260 2873 392 2910 efficiet3
412 2872 476 2902 imo
494 2872 514 2901 ii
539 2872 591 2911 qui
612 2872 655 2902 ita
678 2881 710 2903 se
729 2874 859 2911 gerunt,
883 2881 946 2903 non
972 2874 1088 2904 medio-

1 2921 3 2924 ’
22 2935 23 2938 ¹
62 2922 124 2953 cria
137 2922 325 2954 detrimenta
343 2931 452 2962 capere
469 2923 581 2953 solent.
600 2923 661 2959 Qui
675 2932 747 2962 ergo
761 2923 928 2954 humiliore
941 2924 1010 2954 loco
1025 2924 1088 2955 nati

23 3000 27 3010 ,
62 2973 152 3012 sunt,
170 2973 255 3004 haud
274 2973 363 3004 facile
379 2973 415 3003 ad
430 2972 570 3003 studium
594 2982 697 3003 rerum
726 2973 915 3012 optimarum
937 2974 1089 3005 hortando

20 3053 29 3066 γ’
63 3019 289 3061 impelluntur:
312 3025 419 3054 carent
443 3023 526 3054 enim
555 3024 728 3054 illustribus
747 3025 916 3063 exemplis,
936 3025 1001 3055 sive
1025 3026 1090 3056 suis

25 3073 29 3097 i
64 3073 194 3112 propriis
209 3074 274 3105 sive
289 3075 477 3113 parentium.
500 3076 539 3105 Et
556 3074 587 3103 hi
609 3074 736 3113 quidem
762 3074 803 3105 ob
819 3083 907 3104 suam
934 3075 1090 3114 ignaviam

17 3121 31 3164 ’,ἓ
65 3125 225 3156 socordius
239 3125 314 3156 vitae
336 3126 471 3156 rationes
498 3125 687 3163 instituuut;
706 3126 820 3164 quibus
842 3134 915 3156 vero
938 3128 968 3156 et
989 3135 1045 3156 sua
1062 3127 1093 3157 et

67 3174 221 3213 majorum
239 3184 368 3207 suorum
384 3176 485 3206 virtus
503 3176 605 3214 inest,
621 3176 641 3205 ii
656 3175 685 3206 in
705 3176 850 3214 periculis
874 3176 979 3206 timori
997 3177 1093 3216 magis

24 3239 35 3247 ··
66 3225 288 3265 turpitudinis,
304 3236 398 3266 quam
416 3227 547 3266 pigritiae
559 3250 567 3265 ‚
583 3227 710 3258 obnoxii
724 3229 814 3265 sunt,
834 3227 979 3267 ultroque
994 3227 1092 3258 lione-

69 3277 131 3306 stos
144 3277 266 3308 labores
286 3279 456 3318 excipiunt.

2070 148 2142 180 669

1120 230 1140 274 ἢ
1164 230 1261 267 ὄκνου
1282 231 1313 272 ἐς
1334 230 1407 271 τοὺς
1430 229 1598 271 κινδύνους
1619 231 1807 274 ἡττῶνται,
1825 227 1883 264 καὶ
1909 227 2072 264 ἐθελοντεὶ
2093 227 2147 264 τὸν

1121 290 1186 324 τῶν
1204 290 1316 324 καλῶν
1336 287 1436 324 πόνον
1455 287 1668 338 ὑφίστανται.

1177 346 1221 394 β’.
1243 344 1328 383 (Ότι
1346 344 1437 395 φέρει
1454 344 1619 395 αἰσχύνην
1641 344 1764 392 ὁμοίως
1786 344 1904 395 θράσει
1924 359 1960 380 τε
1980 342 2152 393 ἀλογίστῳ

1123 405 1181 447 τῆς
1200 401 1246 450 μὴ
1266 401 1504 451 προσηκούσης
1529 401 1680 443 εὐκλείας
1696 401 1890 452 ὀρέγεσθαι,
1911 401 1969 439 καὶ
1989 399 2151 451 διαδοχὴν

1125 459 1230 508 ἔργων
1250 459 1394 508 ἀρίστων
1415 459 1577 510 ἀνανδρίᾳ
1595 462 1626 495 ἐν
1649 461 1760 511 ἑαυτῷ
1782 462 1991 497 καταλῦσαι.

1176 517 1220 566 γ’.
1244 517 1329 554 “Ort
1349 519 1386 554 οὐ
1407 518 1527 554 ταύτὸν
1556 518 1715 554 εὖὸουλία
1740 518 1798 554 καὶ
1824 518 1937 560 ὄκνος·
1968 521 1984 554 ὁ
2007 518 2068 567 μὲν
2086 516 2154 568 γὰρ

1126 574 1183 611 σὺν
1202 577 1249 626 τῷ
1265 576 1413 626 περιδεεῒ
1436 575 1632 624 διαμέλλει,
1653 578 1674 620 ἡ
1698 575 1731 612 δὲ
1753 574 1795 612 τὰ
1816 576 1984 626 κράτιστα
2004 576 2150 626 ἑλομένη

1126 631 1285 682 ὥρμησεν
1308 634 1339 671 ἐς
1356 632 1398 668 τὰ
1415 633 1510 682 ἔργα.

1178 688 1221 727 δ’.
1244 688 1327 727 ζὈτι
1347 692 1414 733 τοῖς
1434 691 1571 741 ἀνδρείᾳ
1588 690 1775 741 χρωμένοις
1795 692 1827 732 ἐς
1843 690 1885 727 τὰ
1904 690 1986 741 ἔργα
2007 691 2045 727 τὸ
2066 691 2153 728 θεῖον

1128 746 1320 785 συνέπεται.

1183 804 1223 842 ε’.
1255 801 1339 841 εὈτι
1369 804 1592 855 ἰσχυρότατον
1620 807 1737 847 στάσις
1765 805 1910 856 ταράξαι
1941 804 2069 849 εὐεξίαν
2098 806 2158 843 καὶ

1131 861 1286 905 εὐταξίαν
1307 864 1439 912 φθεῖραι
1454 862 1583 904 πόλεώς
1597 878 1634 900 τε
1653 863 1711 900 καὶ
1726 862 1974 913 στρατοπέδων.
1985 886 2035 900 -,
2047 862 2157 900 ’Ένθα

1132 920 1171 964 δὴ
1192 920 1251 957 καὶ
1270 919 1358 956 ἄλλα
1373 922 1440 956 τῶν
1461 920 1671 957 ἀνελπίστων
1690 920 2156 972 ἅνθρωποικατεργάζονται·

1134 977 1244 1028 τόλμῃ
1264 976 1329 1027 γὰρ
1349 977 1414 1028 πρὸ
1436 977 1611 1025 δυνάμεως
1631 979 1873 1019 πιστεύσαντες
1894 977 1952 1013 ἐπὶ
1968 980 2033 1019 τοῖς
2053 977 2158 1015 πολέ-

1133 1051 1208 1084 μοις
1227 1057 1278 1063 ·-
1297 1037 1364 1071 τῶν
1386 1034 1439 1071 ἀεὶ
1461 1034 1690 1084 μοχθούντων.
1716 1055 1751 1059 -
1783 1034 1998 1084 Ἀνέγκλητοι
2016 1034 2050 1071 δὲ
2071 1034 2159 1083 σύμ-

1132 1108 1257 1143 μαχοι,
1274 1092 1338 1129 κᾶν
1359 1092 1517 1134 ἐλάττους
1536 1086 1633 1136 (ἷσιν,
1652 1092 1726 1140 ἅμα
1745 1092 1918 1143 προθυμίᾳ
1940 1092 2159 1144 συμφορώτε-

1133 1150 1217 1203 ροιῆ
1241 1150 1364 1195 πλήθει
1379 1149 1568 1200 περιόντες,
1589 1149 1732 1186 ὕποπτοι
1755 1150 1990 1187 ὑπελείποντο.

1184 1208 1231 1251 ς’.
1253 1207 1336 1246 εὈτι
1363 1207 1440 1251 τοὺς
1464 1208 1677 1259 πραγμάτων
1706 1207 1864 1256 μεγάλων
1890 1207 2100 1258 προστασίαν
2129 1207 2161 1250 ἐξ

1133 1264 1248 1318 ἀρχῆς
1262 1265 1439 1315 ἑλομένους
1458 1265 1534 1303 οὐδὲ
1555 1265 1729 1307 ἐθέλοντας
1746 1265 1817 1302 ἔστι
1841 1265 2002 1302 κινδύνων
2021 1264 2083 1308 ἔξω
2103 1265 2164 1302 καὶ

1133 1323 1294 1373 πολέμων
1309 1317 1413 1361 εἶναι·
1432 1324 1620 1373 νομίζοντες
1634 1322 1699 1374 γὰρ
1715 1324 1746 1360 οἷ
1765 1323 1798 1359 ἓν
1815 1323 1862 1372 τῷ
1876 1322 2019 1373 παρόντι
2034 1322 2165 1373 ἰσχύον-

1134 1398 1187 1425 τες
1197 1385 1262 1418 τῶν
1276 1383 1380 1434 ἀρετῇ
1395 1381 1622 1433 διαφερόντων
1635 1382 1696 1418 οὐκ
1713 1379 1909 1421 ἀκινδύνους
1925 1380 1985 1422 τὰς
2002 1379 2162 1430 ἡσυχίας,

1137 1439 1196 1477 σὺν
1216 1442 1264 1490 τῷ
1291 1440 1437 1489 περιδεεῖ
1457 1443 1513 1476 τοῦ
1537 1439 1670 1488 μήποτε
1697 1440 1754 1474 ὑπ’
1779 1440 1889 1475 αὐτῶν
1911 1440 2056 1488 ἀχθῆναι
2079 1440 2164 1489 (ἀρ-

1135 1499 1429 1548 χθῆναιΡΒΘΙςΙς.),
1446 1497 1503 1533 καὶ
1519 1496 1565 1545 μὴ
1577 1495 1784 1544 κινουμένοις
1800 1494 2014 1545 ἐπέρχονται,
2034 1496 2166 1546 βεῧαιο-

1137 1555 1241 1599 τάτην
1263 1553 1374 1605 σφίσιν
1396 1555 1582 1605 ἀσφάλειαν
1604 1548 1689 1590 εἶναι
1717 1552 1927 1602 νομίζοντες,
1950 1555 1977 1590 εἰ
1998 1555 2059 1590 κάν
2088 1559 2161 1595 ταῖς

1139 1611 1316 1655 δοκούσαις
1332 1611 1613 1662 ἀπραγμοσύναις
1627 1610 1668 1647 τὰ
1686 1610 1809 1661 ἰσχυρὰ
1822 1611 2163 1662 προκαταλήψονται.

1139 1667 1294 1720 Ἄριστον
1315 1669 1354 1714 δὴ
1376 1669 1413 1706 τὸ
1444 1668 1569 1718 μέλλον
1598 1667 1668 1710 δέος
1689 1668 1775 1704 ἔστω
1799 1667 1908 1720 (ἔσωΡ
1927 1669 1984 1718 Β.)
2018 1672 2075 1705 τοῦ
2095 1683 2167 1704 πα-

1142 1728 1253 1779 ρόντος
1274 1729 1306 1764 ἐν
1337 1728 1482 1779 ἀσφαλεῖ
1501 1727 1635 1772 θέσθαι,
1659 1727 1716 1763 καὶ
1737 1726 1784 1775 μὴ
1810 1726 2056 1773 ἀναμείναντας
2081 1742 2168 1777 προ-

1140 1790 1259 1822 παθεῖν
1291 1787 1403 1826 κακῶς
1423 1786 1483 1821 οὐκ
1506 1784 1571 1820 ἀπὸ
1603 1788 1662 1821 τοῦ
1691 1783 1763 1820 ἴσου
1798 1783 2005 1832 ἀμύνεσθαι·
2043 1782 2167 1820 ἐιέλτιον

1141 1843 1206 1893 γὰρ
1232 1843 1269 1879 τὸ
1291 1842 1337 1891 μὴ
1359 1842 1621 1891 συμὲησόμενον
1645 1841 1917 1892 προελπίσαντας
1933 1841 2167 1892 φυλάξασθαι,

1184 1960 1211 1985 2.
1232 1958 1331 1994 AEque
1350 1956 1441 1993 turpe
1467 1956 1513 1984 est
1536 1954 1633 1984 stulta
1661 1953 1790 1983 audacia
1815 1953 2017 1992 incongruam
2040 1952 2169 1991 gloriam

1140 2007 1286 2045 appetere
1303 2014 1340 2036 ac
1357 2004 1498 2045 praeclari
1516 2004 1618 2044 operis
1631 2004 1886 2035 exercitationem
1904 2004 2028 2043 propria
2048 2003 2170 2042 ignavia

1141 2058 1294 2088 omittere.

1183 2112 1211 2138 3.
1229 2108 1295 2139 Alia
1319 2108 1365 2138 est
1394 2107 1517 2137 matura
1543 2105 1741 2142 deliberatio,
1764 2105 1824 2135 alla
1848 2104 1992 2143 segnities
2011 2112 2170 2144 :namque

1143 2159 1210 2189 baec
1232 2167 1304 2189 cum
1322 2159 1435 2189 timore
1449 2157 1578 2195 restitit,
1592 2157 1643 2187 illa
1661 2157 1712 2187 ubi
1727 2157 1845 2196 optime
1864 2155 2022 2195 decrevit,
2037 2156 2077 2186 ad
2093 2165 2172 2196 opus

1143 2211 1307 2242 incumbit.
2023 2232 2026 2236 .

1184 2265 1214 2293 4.
1246 2261 1406 2293 Audentes
1429 2269 1624 2300 manumque
1646 2259 1730 2299 operi
1756 2259 1961 2290 admoventes
1982 2258 2060 2289 deus
2081 2257 2172 2296 adJu-

1143 2314 1208 2344 vat.

1187 2370 1215 2396 5.
1244 2364 1326 2396 Nihil
1353 2364 1487 2395 validius
1502 2363 1653 2395 seditione
1666 2363 1712 2393 est
1728 2362 1766 2392 ad
1786 2362 1904 2392 bonum
1919 2360 2080 2400 publicum
2100 2368 2173 2399 per-

1145 2415 1337 2447 turbandum
1350 2438 1358 2452 ,
1373 2417 1468 2453 atque
1479 2414 1517 2445 ad
1531 2413 1665 2444 civitatis
1683 2414 1921 2451 castrorumque
1937 2411 2077 2441 ordinem
2103 2410 2175 2441 sub-

1145 2467 1344 2498 vertendum.
1358 2484 1397 2488 —
1413 2466 1491 2496 Hinc
1505 2465 1566 2495 alia
1580 2472 1707 2503 quoque
1722 2464 1877 2502 insperata
1890 2462 2031 2493 homines
2043 2461 2172 2491 faciunt.

1146 2518 1286 2549 Audacia
1309 2518 1392 2548 enim
1417 2517 1519 2556 potius
1544 2525 1639 2556 quam
1670 2515 1788 2545 viribus
1816 2514 1923 2544 contisi
1954 2514 1983 2543 in
2018 2513 2106 2543 bellis
2134 2530 2174 2536 —

1147 2570 1310 2601 hominum
1335 2578 1457 2608 semper
1479 2576 1739 2598 aerumnosorum.
1770 2566 1921 2605 lnculpati
1942 2567 2053 2595 autem
2080 2565 2173 2603 socii,

1146 2621 1266 2652 etiamsi
1285 2621 1447 2660 pauciores
1462 2627 1595 2649 numero
1607 2643 1615 2656 ,
1630 2620 1734 2648 tamen
1747 2617 1908 2647 alacritate
1927 2616 2067 2646 utiliores
2080 2624 2176 2654 quam

1148 2681 1279 2703 numero
1293 2673 1488 2711 praestantes,
1504 2672 1539 2700 ut
1555 2670 1688 2709 suspecti
1705 2668 1935 2699 deterebantur.

1191 2728 1221 2754 6.
1240 2723 1302 2759 Qui
1313 2723 1408 2753 semel
1421 2730 1606 2759 magnarum
1621 2729 1726 2751 rerum
1742 2719 1880 2758 regimini
1900 2717 2111 2757 pratuerunt,
2128 2716 2175 2753 iis,

1146 2782 1185 2804 ne
1198 2773 1223 2804 si
1237 2772 1334 2804 velint
1347 2772 1474 2811 quidem
1487 2795 1495 2809 ,
1508 2779 1613 2801 carere
1626 2770 1770 2809 periculis
1784 2769 1935 2808 bellisque
1955 2768 2037 2798 licet.
2053 2768 2176 2798 Etenim

1148 2825 1204 2864 illi,
1225 2825 1279 2863 qui
1303 2823 1449 2863 praesenti
1466 2822 1604 2861 potentia
1621 2822 1760 2860 pollent,
1778 2820 1992 2850 existimantes
2004 2842 2012 2856 ,
2040 2819 2176 2848 intutam

1147 2884 1214 2906 esse
1234 2874 1457 2914 praeclarorum
1480 2872 1618 2902 virorum
1635 2871 1791 2909 quietem,
1815 2872 1964 2908 metuque
1987 2868 2114 2907 perciti,
2137 2875 2176 2897 ne

1147 2933 1271 2957 summa
1295 2932 1400 2954 rerum
1425 2922 1600 2961 priventur,
1627 2922 1720 2951 etiam
1740 2920 1792 2950 ubi
1818 2920 1914 2950 nullae
1941 2928 1987 2949 res
2007 2926 2095 2948 novae
2109 2925 2176 2947 mo-

1148 2977 1272 3013 ventur,
1285 2974 1430 3013 vigilant,
1447 2974 1542 3012 atque
1556 2972 1598 3002 ita
1609 2972 1817 3002 firmissimam
1829 2971 1887 3001 sibi
1897 2970 2098 3000 securitatem
2111 2969 2176 2998 fore

1150 3026 1348 3063 existimant,
1367 3024 1392 3054 si
1406 3024 1437 3054 in
1453 3032 1528 3063 pace
1541 3031 1668 3062 quoque
1685 3022 1842 3052 munitum
1856 3045 1864 3059 ,
1880 3022 1915 3051 ut
1933 3020 1974 3049 ita
1991 3019 2091 3049 dicam
2106 3042 2114 3055 ,
2131 3018 2175 3048 lo-

1150 3085 1222 3107 cum
1241 3075 1473 3115 praeoccupent.
1519 3073 1645 3112 Optime
1667 3075 1772 3103 autem
1797 3071 1887 3108 facit,
1903 3070 1987 3109 quia
2012 3069 2117 3098 futuro
2141 3068 2177 3098 ti-

1151 3135 1240 3157 more
1264 3126 1295 3156 in
1312 3124 1477 3165 praesentia
1505 3125 1596 3155 cavet
1621 3132 1722 3163 neque
1746 3131 1778 3153 se
1795 3121 1912 3161 patitur
1928 3122 2001 3150 ante
2019 3118 2109 3155 laedi,
2138 3127 2177 3148 ne

1151 3178 1258 3217 postea
1272 3176 1398 3215 paribus
1411 3175 1531 3206 viribus
1543 3183 1714 3214 repugnare
1727 3182 1789 3204 non
1801 3171 1905 3212 possit.
1949 3171 2081 3200 Praestat
2094 3169 2178 3199 enim

1151 3228 1183 3258 id
1202 3228 1310 3263 etiam,
1331 3226 1418 3266 quod
1442 3226 1585 3256 futurum
1614 3234 1676 3255 non
1696 3225 1759 3261 est,
1785 3221 2034 3262 praesentientem
2052 3227 2176 3256 cavere,

1155 3288 1247 3318 quam
1271 3288 1324 3318 spe
1344 3278 1459 3318 quietis
1475 3277 1630 3317 ignaviam
1653 3275 1809 3315 propriam
1828 3274 1931 3304 fovere
1943 3295 1951 3309 ‚
1970 3271 2177 3310 praesentique
