<?xml version="1.0" encoding="UTF-8"?>
<!DOCTYPE html PUBLIC "-//W3C//DTD XHTML 1.0 Transitional//EN"
    "http://www.w3.org/TR/xhtml1/DTD/xhtml1-transitional.dtd">
<html xmlns="http://www.w3.org/1999/xhtml" xml:lang="en" lang="en">
 <head>
  <title>
</title>
<meta http-equiv="Content-Type" content="text/html;charset=utf-8" />
  <meta name='ocr-system' content='tesseract 3.04.00' />
  <meta name='ocr-capabilities' content='ocr_page ocr_carea ocr_par ocr_line ocrx_word'/>
</head>
<body>
  <div class='ocr_page' id='page_1' title='image "./fragmentahistori03mueluoft/fragmentahistori03mueluoft_0720.png"; bbox 0 0 2338 3765; ppageno 0'>
   <div class='ocr_carea' id='block_1_1' title="bbox 184 185 254 216">
    <p class='ocr_par' dir='ltr' id='par_1_1' title="bbox 184 185 254 216">
     <span class='ocr_line' id='line_1_1' title="bbox 184 185 254 216; baseline 0.014 -1"><span class='ocrx_word' id='word_1_1' title='bbox 184 185 254 216; x_wconf 78' lang='lat'><em>710</em></span> 
     </span>
    </p>
   </div>
   <div class='ocr_carea' id='block_1_2' title="bbox 177 260 1209 360">
    <p class='ocr_par' dir='ltr' id='par_1_2' title="bbox 177 260 1209 360">
     <span class='ocr_line' id='line_1_2' title="bbox 219 260 1208 299; baseline -0.002 -6"><span class='ocrx_word' id='word_1_2' title='bbox 219 269 247 293; x_wconf 74' lang='lat' dir='ltr'><em>s.</em></span> <span class='ocrx_word' id='word_1_3' title='bbox 275 263 509 293; x_wconf 65' lang='lat' dir='ltr'><em>Verumtamen</em></span> <span class='ocrx_word' id='word_1_4' title='bbox 529 262 660 292; x_wconf 82' lang='lat' dir='ltr'><em>vivente</em></span> <span class='ocrx_word' id='word_1_5' title='bbox 675 260 788 291; x_wconf 82' lang='lat' dir='ltr'><em>adhuc</em></span> <span class='ocrx_word' id='word_1_6' title='bbox 804 261 971 292; x_wconf 84' lang='lat' dir='ltr'><em>Callinico</em></span> <span class='ocrx_word' id='word_1_7' title='bbox 985 261 1136 299; x_wconf 84' lang='lat' dir='ltr'><em>Seleuco,</em></span> <span class='ocrx_word' id='word_1_8' title='bbox 1149 265 1208 292; x_wconf 57' lang='lat' dir='ltr'><em>stn-</em></span> 
     </span>
     <span class='ocr_line' id='line_1_3' title="bbox 177 318 1209 360; baseline -0.001 -9"><span class='ocrx_word' id='word_1_9' title='bbox 177 319 309 351; x_wconf 82' lang='lat' dir='ltr'><em>tiochus</em></span> <span class='ocrx_word' id='word_1_10' title='bbox 336 320 378 358; x_wconf 85' lang='lat' dir='ltr'><em>(I)</em></span> <span class='ocrx_word' id='word_1_11' title='bbox 392 343 399 357; x_wconf 96' lang='lat'>,</span> <span class='ocrx_word' id='word_1_12' title='bbox 419 321 531 350; x_wconf 88' lang='lat' dir='ltr'><em>minor</em></span> <span class='ocrx_word' id='word_1_13' title='bbox 554 320 641 349; x_wconf 87' lang='lat' dir='ltr'><em>natu</em></span> <span class='ocrx_word' id='word_1_14' title='bbox 663 318 786 357; x_wconf 78' lang='lat' dir='ltr'><em>frater,</em></span> <span class='ocrx_word' id='word_1_15' title='bbox 813 320 937 359; x_wconf 85' lang='lat' dir='ltr'><em>quietis</em></span> <span class='ocrx_word' id='word_1_16' title='bbox 954 321 1121 360; x_wconf 83' lang='lat' dir='ltr'><em>sortisque</em></span> <span class='ocrx_word' id='word_1_17' title='bbox 1141 328 1209 350; x_wconf 45' lang='lat' dir='ltr'><em>sua*</em></span> 
     </span>
    </p>
   </div>
   <div class='ocr_carea' id='block_1_3' title="bbox 177 375 1211 417">
    <p class='ocr_par' dir='ltr' id='par_1_3' title="bbox 177 375 1211 417">
     <span class='ocr_line' id='line_1_4' title="bbox 177 375 1211 417; baseline 0.001 -10"><span class='ocrx_word' id='word_1_18' title='bbox 177 379 360 417; x_wconf 85' lang='lat' dir='ltr'><em>impatiens</em></span> <span class='ocrx_word' id='word_1_19' title='bbox 372 400 379 414; x_wconf 93' lang='lat'>,</span> <span class='ocrx_word' id='word_1_20' title='bbox 393 376 588 414; x_wconf 83' lang='lat' dir='ltr'><em>adjutorem</em></span> <span class='ocrx_word' id='word_1_21' title='bbox 593 375 852 416; x_wconf 71' lang='lat' dir='ltr'><em>Javitoremque</em></span> <span class='ocrx_word' id='word_1_22' title='bbox 865 378 986 407; x_wconf 88' lang='lat' dir='ltr'><em>nactus</em></span> <span class='ocrx_word' id='word_1_23' title='bbox 999 378 1046 408; x_wconf 87' lang='lat' dir='ltr'><em>est</em></span> <span class='ocrx_word' id='word_1_24' title='bbox 1064 377 1211 408; x_wconf 82' lang='lat' dir='ltr'><em>Alexan—</em></span> 
     </span>
    </p>
   </div>
   <div class='ocr_carea' id='block_1_4' title="bbox 167 433 1208 1115">
    <p class='ocr_par' dir='ltr' id='par_1_4' title="bbox 167 433 1208 1115">
     <span class='ocr_line' id='line_1_5' title="bbox 176 433 1208 474; baseline 0.001 -9"><span class='ocrx_word' id='word_1_25' title='bbox 176 435 276 466; x_wconf 82' lang='lat' dir='ltr'><em>drum</em></span> <span class='ocrx_word' id='word_1_26' title='bbox 304 435 359 473; x_wconf 83' lang='lat'>(2),</span> <span class='ocrx_word' id='word_1_27' title='bbox 383 436 442 474; x_wconf 80' lang='lat' dir='ltr'><em>qui</em></span> <span class='ocrx_word' id='word_1_28' title='bbox 467 436 500 465; x_wconf 85' lang='lat' dir='ltr'><em>et</em></span> <span class='ocrx_word' id='word_1_29' title='bbox 521 433 638 465; x_wconf 85' lang='lat' dir='ltr'><em>urbem</em></span> <span class='ocrx_word' id='word_1_30' title='bbox 667 433 793 465; x_wconf 85' lang='lat' dir='ltr'><em>Sardes</em></span> <span class='ocrx_word' id='word_1_31' title='bbox 824 434 959 465; x_wconf 87' lang='lat' dir='ltr'><em>tenebat</em></span> <span class='ocrx_word' id='word_1_32' title='bbox 988 436 1020 466; x_wconf 91' lang='lat' dir='ltr'><em>et</em></span> <span class='ocrx_word' id='word_1_33' title='bbox 1052 434 1208 473; x_wconf 82' lang='lat' dir='ltr'><em>Laodices</em></span> 
     </span>
     <span class='ocr_line' id='line_1_6' title="bbox 173 491 1207 532; baseline 0.001 -9"><span class='ocrx_word' id='word_1_34' title='bbox 173 495 298 523; x_wconf 77' lang='lat' dir='ltr'><em>niatris</em></span> <span class='ocrx_word' id='word_1_35' title='bbox 313 492 506 530; x_wconf 72' lang='lat' dir='ltr'><em>sua’srater</em></span> <span class='ocrx_word' id='word_1_36' title='bbox 518 494 595 522; x_wconf 86' lang='lat' dir='ltr'><em>erat</em></span> <span class='ocrx_word' id='word_1_37' title='bbox 610 501 620 521; x_wconf 90' lang='lat'><em>:</em></span> <span class='ocrx_word' id='word_1_38' title='bbox 636 491 781 532; x_wconf 79' lang='lat' dir='ltr'><em>denique</em></span> <span class='ocrx_word' id='word_1_39' title='bbox 795 493 828 523; x_wconf 81' lang='lat' dir='ltr'><em>et</em></span> <span class='ocrx_word' id='word_1_40' title='bbox 849 492 958 524; x_wconf 79' lang='lat' dir='ltr'><em>Gallis</em></span> <span class='ocrx_word' id='word_1_41' title='bbox 968 492 1207 524; x_wconf 74' lang='lat' dir='ltr'><em>auxiliaribus</em></span> 
     </span>
     <span class='ocr_line' id='line_1_7' title="bbox 172 550 1207 590; baseline 0.001 -9"><span class='ocrx_word' id='word_1_42' title='bbox 172 560 252 583; x_wconf 88' lang='lat' dir='ltr'><em>usus</em></span> <span class='ocrx_word' id='word_1_43' title='bbox 268 553 327 582; x_wconf 87' lang='lat' dir='ltr'><em>est.</em></span> <span class='ocrx_word' id='word_1_44' title='bbox 353 550 487 581; x_wconf 85' lang='lat' dir='ltr'><em>Duobus</em></span> <span class='ocrx_word' id='word_1_45' title='bbox 506 551 639 590; x_wconf 77' lang='lat' dir='ltr'><em>prscliis</em></span> <span class='ocrx_word' id='word_1_46' title='bbox 666 551 823 581; x_wconf 79' lang='lat' dir='ltr'><em>seleucus</em></span> <span class='ocrx_word' id='word_1_47' title='bbox 838 552 872 581; x_wconf 86' lang='lat' dir='ltr'><em>in</em></span> <span class='ocrx_word' id='word_1_48' title='bbox 891 550 999 590; x_wconf 80' lang='lat' dir='ltr'><em>Lydia</em></span> <span class='ocrx_word' id='word_1_49' title='bbox 1025 552 1207 582; x_wconf 82' lang='lat' dir='ltr'><em>victoriam</em></span> 
     </span>
     <span class='ocr_line' id='line_1_8' title="bbox 173 608 1206 649; baseline 0 -9"><span class='ocrx_word' id='word_1_50' title='bbox 173 611 295 640; x_wconf 84' lang='lat' dir='ltr'><em>nactus</em></span> <span class='ocrx_word' id='word_1_51' title='bbox 312 610 380 646; x_wconf 89' lang='lat' dir='ltr'><em>est,</em></span> <span class='ocrx_word' id='word_1_52' title='bbox 406 610 456 639; x_wconf 86' lang='lat' dir='ltr'><em>ita</em></span> <span class='ocrx_word' id='word_1_53' title='bbox 479 611 594 639; x_wconf 84' lang='lat' dir='ltr'><em>tamen</em></span> <span class='ocrx_word' id='word_1_54' title='bbox 611 610 651 640; x_wconf 86' lang='lat' dir='ltr'><em>ut</em></span> <span class='ocrx_word' id='word_1_55' title='bbox 674 617 782 649; x_wconf 81' lang='lat' dir='ltr'><em>neque</em></span> <span class='ocrx_word' id='word_1_56' title='bbox 797 608 922 639; x_wconf 81' lang='lat' dir='ltr'><em>Sardes</em></span> <span class='ocrx_word' id='word_1_57' title='bbox 941 611 1077 648; x_wconf 88' lang='lat' dir='ltr'><em>caperet</em></span> <span class='ocrx_word' id='word_1_58' title='bbox 1098 617 1206 649; x_wconf 85' lang='lat' dir='ltr'><em>neque</em></span> 
     </span>
     <span class='ocr_line' id='line_1_9' title="bbox 174 666 1204 707; baseline -0.001 -9"><span class='ocrx_word' id='word_1_59' title='bbox 174 666 345 707; x_wconf 79' lang='lat' dir='ltr'><em>Ephesum</em></span> <span class='ocrx_word' id='word_1_60' title='bbox 355 690 363 704; x_wconf 88' lang='lat'>‚</span> <span class='ocrx_word' id='word_1_61' title='bbox 380 675 485 707; x_wconf 81' lang='lat' dir='ltr'><em>quam</em></span> <span class='ocrx_word' id='word_1_62' title='bbox 499 667 617 698; x_wconf 81' lang='lat' dir='ltr'><em>urbem</em></span> <span class='ocrx_word' id='word_1_63' title='bbox 636 667 838 698; x_wconf 72' lang='lat' dir='ltr'><em>Ptolema‘us</em></span> <span class='ocrx_word' id='word_1_64' title='bbox 853 667 897 707; x_wconf 85' lang='lat'><em>(3)</em></span> <span class='ocrx_word' id='word_1_65' title='bbox 908 667 1068 706; x_wconf 76' lang='lat' dir='ltr'><em>praesidio</em></span> <span class='ocrx_word' id='word_1_66' title='bbox 1083 667 1204 698; x_wconf 83' lang='lat' dir='ltr'><em>inside-</em></span> 
     </span>
     <span class='ocr_line' id='line_1_10' title="bbox 171 724 1204 766; baseline 0.001 -11"><span class='ocrx_word' id='word_1_67' title='bbox 171 726 240 756; x_wconf 79' lang='lat' dir='ltr'><em>bat.</em></span> <span class='ocrx_word' id='word_1_68' title='bbox 261 725 389 756; x_wconf 86' lang='lat' dir='ltr'><em>Deinde</em></span> <span class='ocrx_word' id='word_1_69' title='bbox 409 727 443 756; x_wconf 84' lang='lat' dir='ltr'><em>in</em></span> <span class='ocrx_word' id='word_1_70' title='bbox 465 725 681 765; x_wconf 77' lang='lat' dir='ltr'><em>Cappadocia</em></span> <span class='ocrx_word' id='word_1_71' title='bbox 701 727 805 766; x_wconf 81' lang='lat' dir='ltr'><em>atque</em></span> <span class='ocrx_word' id='word_1_72' title='bbox 828 724 994 756; x_wconf 82' lang='lat' dir='ltr'><em>adversus</em></span> <span class='ocrx_word' id='word_1_73' title='bbox 1014 725 1204 757; x_wconf 84' lang='lat' dir='ltr'><em>Mithrida-</em></span> 
     </span>
     <span class='ocr_line' id='line_1_11' title="bbox 172 783 1206 823; baseline -0.001 -9"><span class='ocrx_word' id='word_1_74' title='bbox 172 786 248 821; x_wconf 87' lang='lat' dir='ltr'><em>tem,</em></span> <span class='ocrx_word' id='word_1_75' title='bbox 264 791 346 814; x_wconf 76' lang='lat' dir='ltr'><em>novo</em></span> <span class='ocrx_word' id='word_1_76' title='bbox 360 784 480 823; x_wconf 74' lang='lat' dir='ltr'><em>proelio</em></span> <span class='ocrx_word' id='word_1_77' title='bbox 491 785 612 821; x_wconf 88' lang='lat' dir='ltr'><em>coorto,</em></span> <span class='ocrx_word' id='word_1_78' title='bbox 632 785 704 814; x_wconf 83' lang='lat' dir='ltr'><em>tum</em></span> <span class='ocrx_word' id='word_1_79' title='bbox 718 784 869 814; x_wconf 83' lang='lat' dir='ltr'><em>militum</em></span> <span class='ocrx_word' id='word_1_80' title='bbox 879 783 952 822; x_wconf 83' lang='lat' dir='ltr'><em>ejus</em></span> <span class='ocrx_word' id='word_1_81' title='bbox 966 785 1081 823; x_wconf 75' lang='lat' dir='ltr'><em>viqinti</em></span> <span class='ocrx_word' id='word_1_82' title='bbox 1093 783 1206 814; x_wconf 85' lang='lat' dir='ltr'><em>millia</em></span> 
     </span>
     <span class='ocr_line' id='line_1_12' title="bbox 169 841 1160 882; baseline -0.001 -10"><span class='ocrx_word' id='word_1_83' title='bbox 169 850 255 872; x_wconf 67' lang='lat' dir='ltr'><em>caesa</em></span> <span class='ocrx_word' id='word_1_84' title='bbox 268 850 290 872; x_wconf 87' lang='lat' dir='ltr'><em>a</em></span> <span class='ocrx_word' id='word_1_85' title='bbox 305 841 463 872; x_wconf 83' lang='lat' dir='ltr'><em>barbaris</em></span> <span class='ocrx_word' id='word_1_86' title='bbox 485 843 586 880; x_wconf 78' lang='lat' dir='ltr'><em>sunt,</em></span> <span class='ocrx_word' id='word_1_87' title='bbox 606 843 678 872; x_wconf 84' lang='lat' dir='ltr'><em>tum</em></span> <span class='ocrx_word' id='word_1_88' title='bbox 695 843 765 881; x_wconf 85' lang='lat' dir='ltr'><em>ipse</em></span> <span class='ocrx_word' id='word_1_89' title='bbox 781 841 987 882; x_wconf 73' lang='lat' dir='ltr'><em>prosliyatus</em></span> <span class='ocrx_word' id='word_1_90' title='bbox 1009 843 1160 872; x_wconf 78' lang='lat' dir='ltr'><em>evanuit.</em></span> 
     </span>
     <span class='ocr_line' id='line_1_13' title="bbox 210 899 1202 940; baseline 0 -10"><span class='ocrx_word' id='word_1_91' title='bbox 210 903 240 931; x_wconf 90' lang='lat'><em>9.</em></span> <span class='ocrx_word' id='word_1_92' title='bbox 266 900 467 930; x_wconf 75' lang='lat' dir='ltr'><em>Ptolemaeus</em></span> <span class='ocrx_word' id='word_1_93' title='bbox 485 908 578 937; x_wconf 83' lang='lat' dir='ltr'><em>vero,</em></span> <span class='ocrx_word' id='word_1_94' title='bbox 597 901 655 940; x_wconf 82' lang='lat' dir='ltr'><em>qui</em></span> <span class='ocrx_word' id='word_1_95' title='bbox 675 901 707 930; x_wconf 86' lang='lat' dir='ltr'><em>et</em></span> <span class='ocrx_word' id='word_1_96' title='bbox 728 899 887 939; x_wconf 72' lang='lat' dir='ltr'><em>Tryphon</em></span> <span class='ocrx_word' id='word_1_97' title='bbox 905 900 961 939; x_wconf 86' lang='lat' dir='ltr'><strong>(I),</strong></span> <span class='ocrx_word' id='word_1_98' title='bbox 980 901 1202 939; x_wconf 63' lang='lat' dir='ltr'><em>Syriatieyio-</em></span> 
     </span>
     <span class='ocr_line' id='line_1_14' title="bbox 171 958 1203 998; baseline 0 -10"><span class='ocrx_word' id='word_1_99' title='bbox 171 966 228 988; x_wconf 85' lang='lat' dir='ltr'><em>nes</em></span> <span class='ocrx_word' id='word_1_100' title='bbox 251 966 328 989; x_wconf 86' lang='lat' dir='ltr'><em>cum</em></span> <span class='ocrx_word' id='word_1_101' title='bbox 347 960 514 990; x_wconf 80' lang='lat' dir='ltr'><em>Damasco</em></span> <span class='ocrx_word' id='word_1_102' title='bbox 531 959 726 998; x_wconf 77' lang='lat' dir='ltr'><em>occupavit,</em></span> <span class='ocrx_word' id='word_1_103' title='bbox 753 958 1016 998; x_wconf 78' lang='lat' dir='ltr'><em>Orthosiamque</em></span> <span class='ocrx_word' id='word_1_104' title='bbox 1048 958 1092 998; x_wconf 86' lang='lat'><em>(2)</em></span> <span class='ocrx_word' id='word_1_105' title='bbox 1122 958 1203 988; x_wconf 75' lang='lat' dir='ltr'><em>obsi-</em></span> 
     </span>
     <span class='ocr_line' id='line_1_15' title="bbox 169 1002 1203 1057; baseline -0.001 -9"><span class='ocrx_word' id='word_1_106' title='bbox 169 1017 266 1048; x_wconf 85' lang='lat' dir='ltr'><em>dione</em></span> <span class='ocrx_word' id='word_1_107' title='bbox 280 1002 410 1055; x_wconf 85' lang='lat' dir='ltr'><em>cinxit,</em></span> <span class='ocrx_word' id='word_1_108' title='bbox 427 1016 649 1057; x_wconf 62' lang='lat' dir='ltr'><em>qiizequiilem</em></span> <span class='ocrx_word' id='word_1_109' title='bbox 663 1017 776 1048; x_wconf 84' lang='lat' dir='ltr'><em>soluta</em></span> <span class='ocrx_word' id='word_1_110' title='bbox 791 1019 840 1047; x_wconf 80' lang='lat' dir='ltr'><em>est</em></span> <span class='ocrx_word' id='word_1_111' title='bbox 854 1018 1043 1048; x_wconf 72' lang='lat' dir='ltr'><em>centesimae</em></span> <span class='ocrx_word' id='word_1_112' title='bbox 1054 1019 1085 1048; x_wconf 90' lang='lat' dir='ltr'><em>et</em></span> <span class='ocrx_word' id='word_1_113' title='bbox 1103 1019 1203 1057; x_wconf 65' lang='lat' dir='ltr'><em>trisse·</em></span> 
     </span>
     <span class='ocr_line' id='line_1_16' title="bbox 167 1074 1201 1115; baseline 0.001 -10"><span class='ocrx_word' id='word_1_114' title='bbox 167 1077 263 1106; x_wconf 81' lang='lat' dir='ltr'><em>simae</em></span> <span class='ocrx_word' id='word_1_115' title='bbox 280 1077 414 1115; x_wconf 59' lang='lat' dir='ltr'><em>quartis</em></span> <span class='ocrx_word' id='word_1_116' title='bbox 435 1074 646 1114; x_wconf 71' lang='lat' dir='ltr'><em>Olympiadis</em></span> <span class='ocrx_word' id='word_1_117' title='bbox 660 1083 750 1105; x_wconf 78' lang='lat' dir='ltr'><em>cinno</em></span> <span class='ocrx_word' id='word_1_118' title='bbox 763 1076 880 1113; x_wconf 68' lang='lat' dir='ltr'><em>terim,</em></span> <span class='ocrx_word' id='word_1_119' title='bbox 895 1075 1030 1106; x_wconf 81' lang='lat' dir='ltr'><em>Seleuco</em></span> <span class='ocrx_word' id='word_1_120' title='bbox 1045 1075 1128 1106; x_wconf 87' lang='lat' dir='ltr'><em>illuc</em></span> <span class='ocrx_word' id='word_1_121' title='bbox 1143 1083 1201 1114; x_wconf 84' lang='lat' dir='ltr'><em>ap-</em></span> 
     </span>
    </p>
   </div>
   <div class='ocr_carea' id='block_1_5' title="bbox 1020 177 1468 217">
    <p class='ocr_par' dir='ltr' id='par_1_5' title="bbox 1020 177 1468 217">
     <span class='ocr_line' id='line_1_17' title="bbox 1020 177 1468 217; baseline 0.007 -4"><span class='ocrx_word' id='word_1_122' title='bbox 1020 177 1294 214; x_wconf 64' lang='lat' dir='ltr'><em>PORPuYnu</em></span> <span class='ocrx_word' id='word_1_123' title='bbox 1325 179 1468 217; x_wconf 80' lang='lat' dir='ltr'><em>TYRu</em></span> 
     </span>
    </p>
   </div>
   <div class='ocr_carea' id='block_1_6' title="bbox 1266 263 2338 886">
    <p class='ocr_par' dir='ltr' id='par_1_6' title="bbox 1266 263 2338 886">
     <span class='ocr_line' id='line_1_18' title="bbox 1271 263 2304 304; baseline 0.007 -12"><span class='ocrx_word' id='word_1_124' title='bbox 1271 264 1363 302; x_wconf 71' lang='lat' dir='ltr'><em>qiam</em></span> <span class='ocrx_word' id='word_1_125' title='bbox 1392 271 1603 303; x_wconf 73' lang='lat' dir='ltr'><em>peraqrans,</em></span> <span class='ocrx_word' id='word_1_126' title='bbox 1631 263 1773 294; x_wconf 81' lang='lat' dir='ltr'><em>tributis</em></span> <span class='ocrx_word' id='word_1_127' title='bbox 1804 264 1933 295; x_wconf 81' lang='lat' dir='ltr'><em>incolas</em></span> <span class='ocrx_word' id='word_1_128' title='bbox 1957 265 2134 298; x_wconf 82' lang='lat' dir='ltr'><em>onerabat.</em></span> <span class='ocrx_word' id='word_1_129' title='bbox 2162 269 2249 304; x_wconf 78' lang='lat' dir='ltr'><em>Quin</em></span> <span class='ocrx_word' id='word_1_130' title='bbox 2271 270 2304 299; x_wconf 79' lang='lat' dir='ltr'><em>et</em></span> 
     </span>
     <span class='ocr_line' id='line_1_19' title="bbox 1270 320 2300 365; baseline 0.005 -14"><span class='ocrx_word' id='word_1_131' title='bbox 1270 323 1389 352; x_wconf 83' lang='lat' dir='ltr'><em>contra</em></span> <span class='ocrx_word' id='word_1_132' title='bbox 1413 321 1585 352; x_wconf 86' lang='lat' dir='ltr'><em>Seleucum</em></span> <span class='ocrx_word' id='word_1_133' title='bbox 1608 322 1786 360; x_wconf 80' lang='lat' dir='ltr'><em>copiarum</em></span> <span class='ocrx_word' id='word_1_134' title='bbox 1803 320 1904 352; x_wconf 87' lang='lat' dir='ltr'><em>duces</em></span> <span class='ocrx_word' id='word_1_135' title='bbox 1926 322 2108 358; x_wconf 82' lang='lat' dir='ltr'><em>mittebat,</em></span> <span class='ocrx_word' id='word_1_136' title='bbox 2133 333 2198 365; x_wconf 84' lang='lat' dir='ltr'><em>quo</em></span> <span class='ocrx_word' id='word_1_137' title='bbox 2219 326 2300 356; x_wconf 87' lang='lat' dir='ltr'><em>tem-</em></span> 
     </span>
     <span class='ocr_line' id='line_1_20' title="bbox 1270 378 2302 421; baseline 0.005 -13"><span class='ocrx_word' id='word_1_138' title='bbox 1270 387 1350 417; x_wconf 82' lang='lat' dir='ltr'><em>pore</em></span> <span class='ocrx_word' id='word_1_139' title='bbox 1367 387 1474 419; x_wconf 85' lang='lat' dir='ltr'><em>quum</em></span> <span class='ocrx_word' id='word_1_140' title='bbox 1493 388 1514 410; x_wconf 90' lang='lat' dir='ltr'><em>a</em></span> <span class='ocrx_word' id='word_1_141' title='bbox 1538 378 1696 409; x_wconf 82' lang='lat' dir='ltr'><em>barbaris</em></span> <span class='ocrx_word' id='word_1_142' title='bbox 1711 381 1783 410; x_wconf 84' lang='lat' dir='ltr'><em>suis</em></span> <span class='ocrx_word' id='word_1_143' title='bbox 1797 379 2005 411; x_wconf 83' lang='lat' dir='ltr'><em>satellitibus</em></span> <span class='ocrx_word' id='word_1_144' title='bbox 2017 389 2052 412; x_wconf 85' lang='lat' dir='ltr'><em>se</em></span> <span class='ocrx_word' id='word_1_145' title='bbox 2066 381 2166 421; x_wconf 80' lang='lat' dir='ltr'><em>prodi</em></span> <span class='ocrx_word' id='word_1_146' title='bbox 2182 383 2302 413; x_wconf 84' lang='lat' dir='ltr'><em>sensis—</em></span> 
     </span>
     <span class='ocr_line' id='line_1_21' title="bbox 1269 435 2304 478; baseline 0.005 -12"><span class='ocrx_word' id='word_1_147' title='bbox 1269 438 1318 466; x_wconf 83' lang='lat' dir='ltr'><em>set</em></span> <span class='ocrx_word' id='word_1_148' title='bbox 1335 437 1377 475; x_wconf 85' lang='grc' dir='ltr'><em>(ι)</em></span> <span class='ocrx_word' id='word_1_149' title='bbox 1389 459 1398 474; x_wconf 90' lang='grc'><em>,</em></span> <span class='ocrx_word' id='word_1_150' title='bbox 1410 436 1532 467; x_wconf 79' lang='lat' dir='ltr'><em>horum</em></span> <span class='ocrx_word' id='word_1_151' title='bbox 1546 435 1707 467; x_wconf 82' lang='lat' dir='ltr'><em>manibus</em></span> <span class='ocrx_word' id='word_1_152' title='bbox 1720 436 1858 476; x_wconf 82' lang='lat' dir='ltr'><em>elapsus</em></span> <span class='ocrx_word' id='word_1_153' title='bbox 1874 445 1986 476; x_wconf 87' lang='lat' dir='ltr'><em>parvo</em></span> <span class='ocrx_word' id='word_1_154' title='bbox 1999 439 2162 469; x_wconf 84' lang='lat' dir='ltr'><em>comitatu</em></span> <span class='ocrx_word' id='word_1_155' title='bbox 2173 440 2304 478; x_wconf 74' lang='lat' dir='ltr'><em>Mayne·</em></span> 
     </span>
     <span class='ocr_line' id='line_1_22' title="bbox 1273 493 2301 534; baseline 0.004 -10"><span class='ocrx_word' id='word_1_156' title='bbox 1273 496 1363 525; x_wconf 86' lang='lat' dir='ltr'><em>siam</em></span> <span class='ocrx_word' id='word_1_157' title='bbox 1378 495 1486 525; x_wconf 80' lang='lat' dir='ltr'><em>evasit</em></span> <span class='ocrx_word' id='word_1_158' title='bbox 1505 504 1515 525; x_wconf 91' lang='lat'><em>:</em></span> <span class='ocrx_word' id='word_1_159' title='bbox 1530 495 1754 534; x_wconf 81' lang='lat' dir='ltr'><em>crastinaque</em></span> <span class='ocrx_word' id='word_1_160' title='bbox 1766 493 1821 524; x_wconf 88' lang='lat' dir='ltr'><em>die</em></span> <span class='ocrx_word' id='word_1_161' title='bbox 1835 495 2007 526; x_wconf 80' lang='lat' dir='ltr'><em>Ptolemaei</em></span> <span class='ocrx_word' id='word_1_162' title='bbox 2024 496 2301 534; x_wconf 81' lang='lat' dir='ltr'><em>auxiliisfretus</em></span> 
     </span>
     <span class='ocr_line' id='line_1_23' title="bbox 1266 551 2303 593; baseline 0.003 -11"><span class='ocrx_word' id='word_1_163' title='bbox 1266 551 1539 591; x_wconf 74' lang='lat' dir='ltr'><em>proeliumselici</em></span> <span class='ocrx_word' id='word_1_164' title='bbox 1558 552 1672 583; x_wconf 88' lang='lat' dir='ltr'><em>Marte</em></span> <span class='ocrx_word' id='word_1_165' title='bbox 1693 553 1865 583; x_wconf 74' lang='lat' dir='ltr'><strong><em>conseruit</em></strong></span> <span class='ocrx_word' id='word_1_166' title='bbox 1891 562 1901 583; x_wconf 90' lang='grc'><em>.·</em></span> <span class='ocrx_word' id='word_1_167' title='bbox 1919 553 1993 583; x_wconf 83' lang='lat' dir='ltr'><em>tum</em></span> <span class='ocrx_word' id='word_1_168' title='bbox 2015 554 2048 584; x_wconf 88' lang='lat' dir='ltr'><em>et</em></span> <span class='ocrx_word' id='word_1_169' title='bbox 2071 553 2176 590; x_wconf 54' lang='lat' dir='ltr'><em>Ziela}</em></span> <span class='ocrx_word' id='word_1_170' title='bbox 2185 553 2303 593; x_wconf 84' lang='lat' dir='ltr'><em>filiam</em></span> 
     </span>
     <span class='ocr_line' id='line_1_24' title="bbox 1270 608 2338 652; baseline 0.004 -12"><span class='ocrx_word' id='word_1_171' title='bbox 1270 611 1399 650; x_wconf 82' lang='lat' dir='ltr'><em>nuptiis</em></span> <span class='ocrx_word' id='word_1_172' title='bbox 1413 609 1476 640; x_wconf 83' lang='lat' dir='ltr'><em>sibi</em></span> <span class='ocrx_word' id='word_1_173' title='bbox 1492 609 1676 649; x_wconf 84' lang='lat' dir='ltr'><em>copulavit.</em></span> <span class='ocrx_word' id='word_1_174' title='bbox 1693 608 1822 641; x_wconf 77' lang='lat' dir='ltr'><em>Deinde</em></span> <span class='ocrx_word' id='word_1_175' title='bbox 1835 618 1927 641; x_wconf 88' lang='lat' dir='ltr'><em>anno</em></span> <span class='ocrx_word' id='word_1_176' title='bbox 1950 613 2076 651; x_wconf 82' lang='lat' dir='ltr'><em>quarto</em></span> <span class='ocrx_word' id='word_1_177' title='bbox 2094 612 2303 652; x_wconf 76' lang='lat' dir='ltr'><strong><em>Olympiadis</em></strong></span> <span class='ocrx_word' id='word_1_178' title='bbox 2336 634 2338 639; x_wconf 84' lang='lat'><em>-</em></span> 
     </span>
     <span class='ocr_line' id='line_1_25' title="bbox 1267 668 2302 708; baseline 0.003 -9"><span class='ocrx_word' id='word_1_179' title='bbox 1267 669 1454 699; x_wconf 72' lang='lat' dir='ltr'><em>centesimoe</em></span> <span class='ocrx_word' id='word_1_180' title='bbox 1470 669 1503 698; x_wconf 85' lang='lat' dir='ltr'><em>et</em></span> <span class='ocrx_word' id='word_1_181' title='bbox 1515 669 1694 707; x_wconf 59' lang='lat' dir='ltr'><em>tricesimae</em></span> <span class='ocrx_word' id='word_1_182' title='bbox 1702 669 1853 707; x_wconf 70' lang='lat' dir='ltr'><em>septimae</em></span> <span class='ocrx_word' id='word_1_183' title='bbox 1867 669 1900 698; x_wconf 88' lang='lat' dir='ltr'><em>in</em></span> <span class='ocrx_word' id='word_1_184' title='bbox 1918 668 2027 708; x_wconf 79' lang='lat' dir='ltr'><em>Lydia</em></span> <span class='ocrx_word' id='word_1_185' title='bbox 2042 668 2092 700; x_wconf 78' lang='lat' dir='ltr'><em>bis</em></span> <span class='ocrx_word' id='word_1_186' title='bbox 2111 673 2219 701; x_wconf 85' lang='lat' dir='ltr'><em>armis</em></span> <span class='ocrx_word' id='word_1_187' title='bbox 2232 678 2302 702; x_wconf 87' lang='lat' dir='ltr'><em>mo-</em></span> 
     </span>
     <span class='ocr_line' id='line_1_26' title="bbox 1270 725 2299 761; baseline 0.004 -4"><span class='ocrx_word' id='word_1_188' title='bbox 1270 728 1312 758; x_wconf 84' lang='lat' dir='ltr'><em>tis</em></span> <span class='ocrx_word' id='word_1_189' title='bbox 1330 725 1522 757; x_wconf 79' lang='lat' dir='ltr'><em>debellatus</em></span> <span class='ocrx_word' id='word_1_190' title='bbox 1550 727 1609 757; x_wconf 87' lang='lat' dir='ltr'><em>est.</em></span> <span class='ocrx_word' id='word_1_191' title='bbox 1636 728 1720 758; x_wconf 84' lang='lat' dir='ltr'><em>Tum</em></span> <span class='ocrx_word' id='word_1_192' title='bbox 1740 727 1845 756; x_wconf 86' lang='lat' dir='ltr'><em>etiam</em></span> <span class='ocrx_word' id='word_1_193' title='bbox 1868 727 1960 757; x_wconf 90' lang='lat' dir='ltr'><em>circa</em></span> <span class='ocrx_word' id='word_1_194' title='bbox 1988 726 2131 759; x_wconf 81' lang='lat' dir='ltr'><em>Choloen</em></span> <span class='ocrx_word' id='word_1_195' title='bbox 2151 730 2299 761; x_wconf 84' lang='lat' dir='ltr'><em>certavit</em></span> 
     </span>
     <span class='ocr_line' id='line_1_27' title="bbox 1267 785 2303 826; baseline 0.004 -11"><span class='ocrx_word' id='word_1_196' title='bbox 1267 793 1343 816; x_wconf 87' lang='lat' dir='ltr'><em>cum</em></span> <span class='ocrx_word' id='word_1_197' title='bbox 1358 785 1483 816; x_wconf 77' lang='grc' dir='ltr'><em>Αίίαῖο.</em></span> <span class='ocrx_word' id='word_1_198' title='bbox 1502 786 1655 824; x_wconf 82' lang='lat' dir='ltr'><em>Denique</em></span> <span class='ocrx_word' id='word_1_199' title='bbox 1664 786 1776 824; x_wconf 85' lang='lat' dir='ltr'><em>primo</em></span> <span class='ocrx_word' id='word_1_200' title='bbox 1786 792 1877 815; x_wconf 87' lang='lat' dir='ltr'><em>anno</em></span> <span class='ocrx_word' id='word_1_201' title='bbox 1893 785 2103 825; x_wconf 76' lang='lat' dir='ltr'><em>Olympiadis</em></span> <span class='ocrx_word' id='word_1_202' title='bbox 2122 788 2303 826; x_wconf 71' lang='lat' dir='ltr'><em>triqesimae</em></span> 
     </span>
     <span class='ocr_line' id='line_1_28' title="bbox 1266 842 2302 886; baseline 0.003 -12"><span class='ocrx_word' id='word_1_203' title='bbox 1266 845 1340 874; x_wconf 84' lang='lat' dir='ltr'><em>oeta</em></span> <span class='ocrx_word' id='word_1_204' title='bbox 1349 851 1395 874; x_wconf 69' lang='lat' dir='ltr'><em>ca‘</em></span> <span class='ocrx_word' id='word_1_205' title='bbox 1411 850 1519 882; x_wconf 83' lang='lat' dir='ltr'><em>supra</em></span> <span class='ocrx_word' id='word_1_206' title='bbox 1530 843 1761 877; x_wconf 75' lang='lat' dir='ltr'><em>centesimam,</em></span> <span class='ocrx_word' id='word_1_207' title='bbox 1779 842 1935 873; x_wconf 76' lang='lat' dir='ltr'><em>Attalum</em></span> <span class='ocrx_word' id='word_1_208' title='bbox 1949 844 1985 873; x_wconf 85' lang='lat' dir='ltr'><em>in</em></span> <span class='ocrx_word' id='word_1_209' title='bbox 2002 843 2183 875; x_wconf 84' lang='lat' dir='ltr'><em>Thraciam</em></span> <span class='ocrx_word' id='word_1_210' title='bbox 2195 853 2302 886; x_wconf 79' lang='lat' dir='ltr'><em>‘usque</em></span> 
     </span>
    </p>
   </div>
   <div class='ocr_carea' id='block_1_7' title="bbox 1261 901 2302 941">
    <p class='ocr_par' dir='ltr' id='par_1_7' title="bbox 1261 901 2302 941">
     <span class='ocr_line' id='line_1_29' title="bbox 1261 901 2302 941; baseline 0.003 -10"><span class='ocrx_word' id='word_1_211' title='bbox 1261 902 1423 940; x_wconf 58' lang='lat' dir='ltr'><em>sumens,</em></span> <span class='ocrx_word' id='word_1_212' title='bbox 1441 902 1518 939; x_wconf 87' lang='lat' dir='ltr'><em>post</em></span> <span class='ocrx_word' id='word_1_213' title='bbox 1542 908 1699 940; x_wconf 62' lang='lat' dir='ltr'><em>pitanam</em></span> <span class='ocrx_word' id='word_1_214' title='bbox 1721 902 1756 931; x_wconf 86' lang='lat' dir='ltr'><em>in</em></span> <span class='ocrx_word' id='word_1_215' title='bbox 1787 901 1893 932; x_wconf 87' lang='lat' dir='ltr'><em>Caria</em></span> <span class='ocrx_word' id='word_1_216' title='bbox 1927 901 1971 939; x_wconf 83' lang='lat'><em>(2)</em></span> <span class='ocrx_word' id='word_1_217' title='bbox 1997 903 2199 941; x_wconf 86' lang='lat' dir='ltr'><em>patratam,</em></span> <span class='ocrx_word' id='word_1_218' title='bbox 2227 905 2302 934; x_wconf 83' lang='lat' dir='ltr'><em>vita</em></span> 
     </span>
    </p>
   </div>
   <div class='ocr_carea' id='block_1_8' title="bbox 1264 958 2303 1114">
    <p class='ocr_par' dir='ltr' id='par_1_8' title="bbox 1264 958 2303 1114">
     <span class='ocr_line' id='line_1_30' title="bbox 1264 958 2303 999; baseline 0.001 -8"><span class='ocrx_word' id='word_1_219' title='bbox 1264 961 1420 991; x_wconf 72' lang='lat' dir='ltr'><em>excessit.</em></span> <span class='ocrx_word' id='word_1_220' title='bbox 1436 960 1516 990; x_wconf 86' lang='lat' dir='ltr'><em>Jom</em></span> <span class='ocrx_word' id='word_1_221' title='bbox 1527 960 1558 989; x_wconf 90' lang='lat' dir='ltr'><em>et</em></span> <span class='ocrx_word' id='word_1_222' title='bbox 1573 958 1731 989; x_wconf 84' lang='lat' dir='ltr'><em>Seleucus</em></span> <span class='ocrx_word' id='word_1_223' title='bbox 1749 960 1965 997; x_wconf 70' lang='lat' dir='ltr'><em>coqnomento</em></span> <span class='ocrx_word' id='word_1_224' title='bbox 1985 958 2174 991; x_wconf 83' lang='lat' dir='ltr'><em>Callinicus</em></span> <span class='ocrx_word' id='word_1_225' title='bbox 2179 959 2303 999; x_wconf 82' lang='lat' dir='ltr'><em>frater</em></span> 
     </span>
     <span class='ocr_line' id='line_1_31' title="bbox 1266 1016 1940 1055; baseline -0.001 -7"><span class='ocrx_word' id='word_1_226' title='bbox 1266 1016 1419 1048; x_wconf 82' lang='lat' dir='ltr'><em>Antiochi</em></span> <span class='ocrx_word' id='word_1_227' title='bbox 1431 1018 1564 1055; x_wconf 87' lang='lat' dir='ltr'><em>postero</em></span> <span class='ocrx_word' id='word_1_228' title='bbox 1581 1023 1673 1046; x_wconf 86' lang='lat' dir='ltr'><em>anno</em></span> <span class='ocrx_word' id='word_1_229' title='bbox 1688 1016 1861 1046; x_wconf 86' lang='lat' dir='ltr'><em>extinctus</em></span> <span class='ocrx_word' id='word_1_230' title='bbox 1879 1017 1940 1047; x_wconf 85' lang='lat' dir='ltr'><em>est.</em></span> 
     </span>
     <span class='ocr_line' id='line_1_32' title="bbox 1308 1072 2295 1114; baseline 0.001 -9"><span class='ocrx_word' id='word_1_231' title='bbox 1308 1078 1354 1105; x_wconf 89' lang='grc'><em>11.</em></span> <span class='ocrx_word' id='word_1_232' title='bbox 1393 1075 1480 1105; x_wconf 88' lang='lat' dir='ltr'><em>Huic</em></span> <span class='ocrx_word' id='word_1_233' title='bbox 1514 1075 1673 1105; x_wconf 86' lang='lat' dir='ltr'><em>successit</em></span> <span class='ocrx_word' id='word_1_234' title='bbox 1695 1072 1796 1113; x_wconf 81' lang='lat' dir='ltr'><em>Jilius</em></span> <span class='ocrx_word' id='word_1_235' title='bbox 1829 1073 2036 1111; x_wconf 75' lang='lat' dir='ltr'><em>Alexander,</em></span> <span class='ocrx_word' id='word_1_236' title='bbox 2073 1076 2134 1114; x_wconf 81' lang='lat' dir='ltr'><em>qui</em></span> <span class='ocrx_word' id='word_1_237' title='bbox 2165 1075 2295 1106; x_wconf 73' lang='lat' dir='ltr'><em>maluit</em></span> 
     </span>
    </p>
   </div>
   <div class='ocr_carea' id='block_1_9' title="bbox 1263 1131 2301 1228">
    <p class='ocr_par' dir='ltr' id='par_1_9' title="bbox 1263 1131 2301 1228">
     <span class='ocr_line' id='line_1_33' title="bbox 1263 1131 2296 1171; baseline 0.001 -8"><span class='ocrx_word' id='word_1_238' title='bbox 1263 1133 1332 1163; x_wconf 77' lang='lat' dir='ltr'><em>dici</em></span> <span class='ocrx_word' id='word_1_239' title='bbox 1359 1133 1515 1163; x_wconf 83' lang='lat' dir='ltr'><em>Seleucus</em></span> <span class='ocrx_word' id='word_1_240' title='bbox 1535 1132 1597 1170; x_wconf 79' lang='lat'>(1),</span> <span class='ocrx_word' id='word_1_241' title='bbox 1617 1131 1661 1163; x_wconf 82' lang='lat' dir='ltr'><em>ab</em></span> <span class='ocrx_word' id='word_1_242' title='bbox 1674 1133 1827 1162; x_wconf 83' lang='lat' dir='ltr'><em>exercitu</em></span> <span class='ocrx_word' id='word_1_243' title='bbox 1845 1133 1961 1162; x_wconf 83' lang='lat' dir='ltr'><em>autem</em></span> <span class='ocrx_word' id='word_1_244' title='bbox 1983 1133 2161 1163; x_wconf 82' lang='lat' dir='ltr'><em>Ceraunus</em></span> <span class='ocrx_word' id='word_1_245' title='bbox 2176 1132 2220 1171; x_wconf 87' lang='lat'><em>(2)</em></span> <span class='ocrx_word' id='word_1_246' title='bbox 2241 1141 2296 1164; x_wconf 82' lang='lat' dir='ltr'><em>vo-</em></span> 
     </span>
     <span class='ocr_line' id='line_1_34' title="bbox 1269 1189 2301 1228; baseline 0 -6"><span class='ocrx_word' id='word_1_247' title='bbox 1269 1193 1397 1222; x_wconf 78' lang='lat' dir='ltr'><em>citatus</em></span> <span class='ocrx_word' id='word_1_248' title='bbox 1412 1192 1471 1221; x_wconf 85' lang='lat' dir='ltr'><em>est.</em></span> <span class='ocrx_word' id='word_1_249' title='bbox 1491 1192 1519 1221; x_wconf 89' lang='lat' dir='ltr'><em>Is</em></span> <span class='ocrx_word' id='word_1_250' title='bbox 1533 1189 1655 1221; x_wconf 81' lang='lat' dir='ltr'><em>habuit</em></span> <span class='ocrx_word' id='word_1_251' title='bbox 1670 1189 1938 1228; x_wconf 67' lang='lat' dir='ltr'><em>elianisr&#39;atr·eni</em></span> <span class='ocrx_word' id='word_1_252' title='bbox 1950 1192 2085 1220; x_wconf 83' lang='lat' dir='ltr'><em>nomine</em></span> <span class='ocrx_word' id='word_1_253' title='bbox 2098 1190 2301 1222; x_wconf 76' lang='lat' dir='ltr'><em>Antiochum</em></span> 
     </span>
    </p>
   </div>
   <div class='ocr_carea' id='block_1_10' title="bbox 166 1134 1201 1230">
    <p class='ocr_par' dir='ltr' id='par_1_10' title="bbox 166 1134 1201 1230">
     <span class='ocr_line' id='line_1_35' title="bbox 166 1134 279 1172; baseline 0 -8"><span class='ocrx_word' id='word_1_254' title='bbox 166 1134 279 1172; x_wconf 81' lang='lat' dir='ltr'><em>pulso.</em></span> 
     </span>
     <span class='ocr_line' id='line_1_36' title="bbox 211 1190 1201 1230; baseline -0.001 -8"><span class='ocrx_word' id='word_1_255' title='bbox 211 1196 257 1223; x_wconf 78' lang='grc' dir='ltr'><em>ιο.</em></span> <span class='ocrx_word' id='word_1_256' title='bbox 277 1193 399 1223; x_wconf 81' lang='lat' dir='ltr'><em>Frater</em></span> <span class='ocrx_word' id='word_1_257' title='bbox 410 1193 525 1222; x_wconf 81' lang='lat' dir='ltr'><em>aulem</em></span> <span class='ocrx_word' id='word_1_258' title='bbox 540 1191 701 1222; x_wconf 83' lang='lat' dir='ltr'><em>Callinici</em></span> <span class='ocrx_word' id='word_1_259' title='bbox 716 1190 901 1222; x_wconf 80' lang='lat' dir='ltr'><em>Antiochus</em></span> <span class='ocrx_word' id='word_1_260' title='bbox 915 1192 1078 1230; x_wconf 54' lang='lat' dir='ltr'><em>lllaqnam</em></span> <span class='ocrx_word' id='word_1_261' title='bbox 1094 1190 1201 1230; x_wconf 75' lang='lat' dir='ltr'><em>Phry-</em></span> 
     </span>
    </p>
   </div>
   <div class='ocr_carea' id='block_1_11' title="bbox 161 1289 2338 3369">
    <p class='ocr_par' dir='ltr' id='par_1_11' title="bbox 162 1289 2338 2584">
     <span class='ocr_line' id='line_1_37' title="bbox 165 1289 2300 1330; baseline -0 -7"><span class='ocrx_word' id='word_1_262' title='bbox 165 1294 197 1323; x_wconf 86' lang='lat' dir='ltr'><em>in</em></span> <span class='ocrx_word' id='word_1_263' title='bbox 212 1290 301 1323; x_wconf 80' lang='lat' dir='ltr'><em>llbris</em></span> <span class='ocrx_word' id='word_1_264' title='bbox 313 1298 386 1320; x_wconf 78' lang='lat' dir='ltr'><em>mss.</em></span> <span class='ocrx_word' id='word_1_265' title='bbox 403 1289 479 1320; x_wconf 84' lang='lat' dir='ltr'><em>ahiit</em></span> <span class='ocrx_word' id='word_1_266' title='bbox 502 1290 533 1320; x_wconf 89' lang='lat' dir='ltr'><em>in</em></span> <span class='ocrx_word' id='word_1_267' title='bbox 552 1289 716 1321; x_wconf 79' lang='lat' dir='ltr'><em>Ecdelum</em></span> <span class='ocrx_word' id='word_1_268' title='bbox 729 1314 736 1327; x_wconf 93' lang='lat'><em>‚</em></span> <span class='ocrx_word' id='word_1_269' title='bbox 761 1289 969 1324; x_wconf 84' lang='lat' dir='ltr'><em>Eudemum,</em></span> <span class='ocrx_word' id='word_1_270' title='bbox 993 1290 1208 1325; x_wconf 83' lang='lat' dir='ltr'><em>Eudamum,</em></span> <span class='ocrx_word' id='word_1_271' title='bbox 1234 1292 1365 1321; x_wconf 86' lang='lat' dir='ltr'><em>notante</em></span> <span class='ocrx_word' id='word_1_272' title='bbox 1387 1290 1561 1330; x_wconf 68' lang='lat' dir='ltr'><em>Droysenio</em></span> <span class='ocrx_word' id='word_1_273' title='bbox 1578 1299 1608 1329; x_wconf 92' lang='lat' dir='ltr'><em>p.</em></span> <span class='ocrx_word' id='word_1_274' title='bbox 1626 1295 1697 1321; x_wconf 79' lang='lat'><em>306.</em></span> <span class='ocrx_word' id='word_1_275' title='bbox 1720 1292 1796 1321; x_wconf 85' lang='lat' dir='ltr'><em>Haec</em></span> <span class='ocrx_word' id='word_1_276' title='bbox 1811 1290 1963 1321; x_wconf 82' lang='lat' dir='ltr'><em>accidisse</em></span> <span class='ocrx_word' id='word_1_277' title='bbox 1978 1290 2095 1321; x_wconf 87' lang='lat' dir='ltr'><em>debent</em></span> <span class='ocrx_word' id='word_1_278' title='bbox 2113 1292 2169 1321; x_wconf 85' lang='lat' dir='ltr'><em>aut</em></span> <span class='ocrx_word' id='word_1_279' title='bbox 2189 1290 2300 1322; x_wconf 85' lang='lat' dir='ltr'><em>eodem</em></span> 
     </span>
     <span class='ocr_line' id='line_1_38' title="bbox 166 1336 2300 1376; baseline -0.001 -7"><span class='ocrx_word' id='word_1_280' title='bbox 166 1347 249 1369; x_wconf 84' lang='lat' dir='ltr'><em>anno</em></span> <span class='ocrx_word' id='word_1_281' title='bbox 263 1346 326 1376; x_wconf 87' lang='lat' dir='ltr'><em>quo</em></span> <span class='ocrx_word' id='word_1_282' title='bbox 343 1338 531 1367; x_wconf 67' lang='lat' dir='ltr'><em>Ptolemaeus</em></span> <span class='ocrx_word' id='word_1_283' title='bbox 545 1346 654 1375; x_wconf 84' lang='lat' dir='ltr'><em>pacem</em></span> <span class='ocrx_word' id='word_1_284' title='bbox 669 1346 742 1366; x_wconf 86' lang='lat' dir='ltr'><em>cum</em></span> <span class='ocrx_word' id='word_1_285' title='bbox 757 1336 889 1367; x_wconf 78' lang='lat' dir='ltr'><em>Seleuco</em></span> <span class='ocrx_word' id='word_1_286' title='bbox 903 1336 973 1366; x_wconf 77' lang='lat' dir='ltr'><em>iniit</em></span> <span class='ocrx_word' id='word_1_287' title='bbox 989 1336 1060 1375; x_wconf 68' lang='lat'>(241</span> <span class='ocrx_word' id='word_1_288' title='bbox 1077 1337 1100 1374; x_wconf 88' lang='lat'><em>)‚</em></span> <span class='ocrx_word' id='word_1_289' title='bbox 1116 1337 1170 1366; x_wconf 85' lang='lat' dir='ltr'><em>aut</em></span> <span class='ocrx_word' id='word_1_290' title='bbox 1188 1344 1270 1365; x_wconf 88' lang='lat' dir='ltr'><em>anno</em></span> <span class='ocrx_word' id='word_1_291' title='bbox 1284 1338 1446 1374; x_wconf 85' lang='lat' dir='ltr'><em>sequente.</em></span> <span class='ocrx_word' id='word_1_292' title='bbox 1465 1338 1544 1367; x_wconf 88' lang='lat' dir='ltr'><em>Nam</em></span> <span class='ocrx_word' id='word_1_293' title='bbox 1565 1337 1708 1376; x_wconf 79' lang='lat' dir='ltr'><em>sequttur</em></span> <span class='ocrx_word' id='word_1_294' title='bbox 1723 1344 1774 1375; x_wconf 81' lang='lat' dir='ltr'><em>ap.</em></span> <span class='ocrx_word' id='word_1_295' title='bbox 1799 1337 1936 1375; x_wconf 77' lang='lat' dir='ltr'><em>Trogum</em></span> <span class='ocrx_word' id='word_1_296' title='bbox 1957 1336 2102 1375; x_wconf 71' lang='lat' dir='ltr'><em>prrelium</em></span> <span class='ocrx_word' id='word_1_297' title='bbox 2118 1344 2188 1366; x_wconf 87' lang='lat' dir='ltr'><em>cum</em></span> <span class='ocrx_word' id='word_1_298' title='bbox 2212 1338 2300 1367; x_wconf 80' lang='lat' dir='ltr'><em>Anti-</em></span> 
     </span>
     <span class='ocr_line' id='line_1_39' title="bbox 164 1382 2302 1424; baseline -0 -9"><span class='ocrx_word' id='word_1_299' title='bbox 164 1394 245 1424; x_wconf 83' lang='lat' dir='ltr'><em>gono</em></span> <span class='ocrx_word' id='word_1_300' title='bbox 260 1385 381 1414; x_wconf 87' lang='lat' dir='ltr'><em>Gouata</em></span> <span class='ocrx_word' id='word_1_301' title='bbox 396 1383 618 1419; x_wconf 75' lang='lat' dir='ltr'><em>commissum;</em></span> <span class='ocrx_word' id='word_1_302' title='bbox 635 1384 772 1413; x_wconf 80' lang='lat' dir='ltr'><em>Gomtas</em></span> <span class='ocrx_word' id='word_1_303' title='bbox 789 1391 864 1412; x_wconf 69' lang='lat' dir='ltr'><em>vero</em></span> <span class='ocrx_word' id='word_1_304' title='bbox 882 1385 1028 1413; x_wconf 86' lang='lat' dir='ltr'><em>mortuus</em></span> <span class='ocrx_word' id='word_1_305' title='bbox 1045 1384 1090 1413; x_wconf 81' lang='lat' dir='ltr'><em>est</em></span> <span class='ocrx_word' id='word_1_306' title='bbox 1105 1390 1187 1412; x_wconf 84' lang='lat' dir='ltr'><em>auno</em></span> <span class='ocrx_word' id='word_1_307' title='bbox 1202 1385 1260 1412; x_wconf 79' lang='lat'><em>2:39</em></span> <span class='ocrx_word' id='word_1_308' title='bbox 1277 1382 1346 1412; x_wconf 89' lang='lat' dir='ltr'><em>init.</em></span> <span class='ocrx_word' id='word_1_309' title='bbox 1362 1384 1510 1413; x_wconf 86' lang='lat' dir='ltr'><em>Ceterum</em></span> <span class='ocrx_word' id='word_1_310' title='bbox 1531 1391 1586 1421; x_wconf 90' lang='lat' dir='ltr'><em>pro</em></span> <span class='ocrx_word' id='word_1_311' title='bbox 1601 1384 1751 1422; x_wconf 85' lang='lat' dir='ltr'><em>corrupto</em></span> <span class='ocrx_word' id='word_1_312' title='bbox 1765 1383 1819 1413; x_wconf 88' lang='lat' dir='ltr'><em>illo</em></span> <span class='ocrx_word' id='word_1_313' title='bbox 1836 1395 1842 1413; x_wconf 91' lang='lat'>:</span> <span class='ocrx_word' id='word_1_314' title='bbox 1865 1384 1905 1413; x_wconf 82' lang='lat' dir='ltr'><em>Ut</em></span> <span class='ocrx_word' id='word_1_315' title='bbox 1933 1383 2010 1421; x_wconf 78' lang='lat' dir='ltr'><em>(vgo</em></span> <span class='ocrx_word' id='word_1_316' title='bbox 2024 1384 2075 1422; x_wconf 90' lang='lat' dir='ltr'><em>et)</em></span> <span class='ocrx_word' id='word_1_317' title='bbox 2092 1384 2302 1422; x_wconf 76' lang='lat' dir='ltr'><em>Antiqonum</em></span> 
     </span>
     <span class='ocr_line' id='line_1_40' title="bbox 165 1428 2300 1469; baseline -0.001 -6"><span class='ocrx_word' id='word_1_318' title='bbox 165 1431 280 1463; x_wconf 76' lang='lat' dir='ltr'><em>Andro</em></span> <span class='ocrx_word' id='word_1_319' title='bbox 298 1431 334 1467; x_wconf 86' lang='lat' dir='ltr'><em>(i.</em></span> <span class='ocrx_word' id='word_1_320' title='bbox 350 1440 375 1459; x_wconf 73' lang='lat' dir='ltr'><em>c.</em></span> <span class='ocrx_word' id='word_1_321' title='bbox 397 1429 435 1459; x_wconf 85' lang='lat' dir='ltr'><em>ad</em></span> <span class='ocrx_word' id='word_1_322' title='bbox 452 1428 612 1466; x_wconf 74' lang='lat' dir='ltr'><em>Andrum)</em></span> <span class='ocrx_word' id='word_1_323' title='bbox 635 1429 755 1468; x_wconf 74' lang='lat' dir='ltr'><em>prcrlio</em></span> <span class='ocrx_word' id='word_1_324' title='bbox 772 1430 893 1459; x_wconf 76' lang='lat' dir='ltr'><em>norati</em></span> <span class='ocrx_word' id='word_1_325' title='bbox 918 1437 1047 1459; x_wconf 61' lang='lat' dir='ltr'><em>ornoxs</em></span> <span class='ocrx_word' id='word_1_326' title='bbox 1070 1429 1120 1467; x_wconf 76' lang='grc' dir='ltr'><em>(ν.</em></span> <span class='ocrx_word' id='word_1_327' title='bbox 1146 1429 1165 1459; x_wconf 94' lang='lat' dir='ltr'><em>I.</em></span> <span class='ocrx_word' id='word_1_328' title='bbox 1185 1429 1319 1467; x_wconf 81' lang='lat' dir='ltr'><em>prona)</em></span> <span class='ocrx_word' id='word_1_329' title='bbox 1344 1430 1479 1465; x_wconf 84' lang='lat' dir='ltr'><em>vicerit,</em></span> <span class='ocrx_word' id='word_1_330' title='bbox 1499 1429 1688 1467; x_wconf 68' lang='lat' dir='ltr'><em>Droysenius</em></span> <span class='ocrx_word' id='word_1_331' title='bbox 1702 1429 1903 1459; x_wconf 85' lang='lat' dir='ltr'><em>scribendum</em></span> <span class='ocrx_word' id='word_1_332' title='bbox 1930 1431 2021 1469; x_wconf 82' lang='lat' dir='ltr'><em>putat</em></span> <span class='ocrx_word' id='word_1_333' title='bbox 2043 1429 2164 1468; x_wconf 82' lang='lat' dir='ltr'><em>proelio</em></span> <span class='ocrx_word' id='word_1_334' title='bbox 2182 1430 2300 1461; x_wconf 80' lang='lat' dir='ltr'><em>navali</em></span> 
     </span>
     <span class='ocr_line' id='line_1_41' title="bbox 163 1473 2297 1518; baseline 0.001 -15"><span class='ocrx_word' id='word_1_335' title='bbox 163 1478 356 1518; x_wconf 62' lang='lat' dir='ltr'><em>pervicerit.</em></span> <span class='ocrx_word' id='word_1_336' title='bbox 377 1475 467 1511; x_wconf 86' lang='lat' dir='ltr'><em>Quod</em></span> <span class='ocrx_word' id='word_1_337' title='bbox 484 1484 545 1505; x_wconf 82' lang='lat' dir='ltr'><em>non</em></span> <span class='ocrx_word' id='word_1_338' title='bbox 569 1477 613 1506; x_wconf 74' lang='lat' dir='ltr'><em>cst</em></span> <span class='ocrx_word' id='word_1_339' title='bbox 634 1475 805 1514; x_wconf 73' lang='lat' dir='ltr'><em>probabile.</em></span> <span class='ocrx_word' id='word_1_340' title='bbox 825 1477 858 1505; x_wconf 91' lang='lat' dir='ltr'><em>In</em></span> <span class='ocrx_word' id='word_1_341' title='bbox 872 1483 1003 1513; x_wconf 87' lang='lat' dir='ltr'><em>oprona</em></span> <span class='ocrx_word' id='word_1_342' title='bbox 1025 1475 1101 1505; x_wconf 86' lang='lat' dir='ltr'><em>latet</em></span> <span class='ocrx_word' id='word_1_343' title='bbox 1118 1473 1207 1503; x_wconf 87' lang='lat' dir='ltr'><em>ducis</em></span> <span class='ocrx_word' id='word_1_344' title='bbox 1224 1481 1338 1503; x_wconf 86' lang='lat' dir='ltr'><em>nomen</em></span> <span class='ocrx_word' id='word_1_345' title='bbox 1357 1474 1529 1512; x_wconf 85' lang='lat' dir='ltr'><em>proprIum.</em></span> <span class='ocrx_word' id='word_1_346' title='bbox 1551 1475 1615 1504; x_wconf 75' lang='lat' dir='ltr'><em>Nec</em></span> <span class='ocrx_word' id='word_1_347' title='bbox 1634 1474 1746 1504; x_wconf 88' lang='lat' dir='ltr'><em>dubito</em></span> <span class='ocrx_word' id='word_1_348' title='bbox 1767 1474 1843 1513; x_wconf 88' lang='lat' dir='ltr'><em>quin</em></span> <span class='ocrx_word' id='word_1_349' title='bbox 1860 1474 1925 1504; x_wconf 75' lang='lat' dir='ltr'><em>dux</em></span> <span class='ocrx_word' id='word_1_350' title='bbox 1940 1475 1997 1505; x_wconf 60' lang='lat' dir='ltr'><em>iste</em></span> <span class='ocrx_word' id='word_1_351' title='bbox 2014 1474 2108 1505; x_wconf 83' lang='lat' dir='ltr'><em>fuerit</em></span> <span class='ocrx_word' id='word_1_352' title='bbox 2125 1474 2297 1513; x_wconf 83' lang='lat' dir='ltr'><em>Sophron,</em></span> 
     </span>
     <span class='ocr_line' id='line_1_42' title="bbox 164 1519 2301 1565; baseline -0.002 -10"><span class='ocrx_word' id='word_1_353' title='bbox 164 1534 259 1565; x_wconf 80' lang='lat' dir='ltr'><em>quem</em></span> <span class='ocrx_word' id='word_1_354' title='bbox 277 1524 415 1562; x_wconf 66' lang='lat' dir='ltr'><em>Epheso,</em></span> <span class='ocrx_word' id='word_1_355' title='bbox 432 1523 634 1552; x_wconf 70' lang='lat' dir='ltr'><em>nobilissimre</em></span> <span class='ocrx_word' id='word_1_356' title='bbox 650 1522 730 1552; x_wconf 74' lang='lat' dir='ltr'><em>Asiie</em></span> <span class='ocrx_word' id='word_1_357' title='bbox 744 1521 813 1551; x_wconf 89' lang='lat' dir='ltr'><em>urhi</em></span> <span class='ocrx_word' id='word_1_358' title='bbox 826 1545 834 1559; x_wconf 85' lang='lat'>‚</span> <span class='ocrx_word' id='word_1_359' title='bbox 849 1530 920 1560; x_wconf 75' lang='lat' dir='ltr'><em>quse</em></span> <span class='ocrx_word' id='word_1_360' title='bbox 936 1523 1005 1551; x_wconf 84' lang='lat' dir='ltr'><em>tum</em></span> <span class='ocrx_word' id='word_1_361' title='bbox 1020 1521 1051 1551; x_wconf 90' lang='lat' dir='ltr'><em>in</em></span> <span class='ocrx_word' id='word_1_362' title='bbox 1069 1519 1287 1559; x_wconf 73' lang='lat' dir='ltr'><em>AEgyptiorum</em></span> <span class='ocrx_word' id='word_1_363' title='bbox 1303 1521 1456 1559; x_wconf 75' lang='lat' dir='ltr'><em>potestate</em></span> <span class='ocrx_word' id='word_1_364' title='bbox 1479 1521 1563 1557; x_wconf 79' lang='lat' dir='ltr'><em>erat,</em></span> <span class='ocrx_word' id='word_1_365' title='bbox 1591 1528 1609 1550; x_wconf 86' lang='lat' dir='ltr'><em>a</em></span> <span class='ocrx_word' id='word_1_366' title='bbox 1627 1520 1795 1551; x_wconf 75' lang='lat' dir='ltr'><em>Ptolemoeo</em></span> <span class='ocrx_word' id='word_1_367' title='bbox 1815 1522 1859 1551; x_wconf 88' lang='lat'><em>111</em></span> <span class='ocrx_word' id='word_1_368' title='bbox 1876 1521 2063 1560; x_wconf 73' lang='lat' dir='ltr'><em>praesectum</em></span> <span class='ocrx_word' id='word_1_369' title='bbox 2079 1520 2172 1551; x_wconf 80' lang='lat' dir='ltr'><em>fuisse</em></span> <span class='ocrx_word' id='word_1_370' title='bbox 2184 1521 2301 1551; x_wconf 81' lang='lat' dir='ltr'><em>seimus</em></span> 
     </span>
     <span class='ocr_line' id='line_1_43' title="bbox 163 1565 2297 1609; baseline -0.003 -6"><span class='ocrx_word' id='word_1_371' title='bbox 163 1582 203 1603; x_wconf 80' lang='lat' dir='ltr'><em>ex</em></span> <span class='ocrx_word' id='word_1_372' title='bbox 220 1570 394 1609; x_wconf 66' lang='lat' dir='ltr'><em>Phylarcho</em></span> <span class='ocrx_word' id='word_1_373' title='bbox 409 1570 465 1606; x_wconf 77' lang='lat' dir='ltr'><em>(I‘r.</em></span> <span class='ocrx_word' id='word_1_374' title='bbox 480 1570 535 1606; x_wconf 69' lang='lat'><em>23)</em></span> <span class='ocrx_word' id='word_1_375' title='bbox 552 1578 602 1607; x_wconf 87' lang='lat' dir='ltr'><em>ap.</em></span> <span class='ocrx_word' id='word_1_376' title='bbox 620 1569 732 1599; x_wconf 79' lang='lat' dir='ltr'><em>Athen.</em></span> <span class='ocrx_word' id='word_1_377' title='bbox 751 1570 838 1605; x_wconf 84' lang='lat' dir='ltr'><strong>XIII,</strong></span> <span class='ocrx_word' id='word_1_378' title='bbox 854 1577 882 1606; x_wconf 90' lang='lat' dir='ltr'><em>p.</em></span> <span class='ocrx_word' id='word_1_379' title='bbox 898 1571 954 1598; x_wconf 76' lang='grc'><em>593</em></span> <span class='ocrx_word' id='word_1_380' title='bbox 966 1593 974 1605; x_wconf 87' lang='grc'><strong><em>,</em></strong></span> <span class='ocrx_word' id='word_1_381' title='bbox 988 1570 1022 1599; x_wconf 81' lang='lat' dir='ltr'><em>ss.</em></span> <span class='ocrx_word' id='word_1_382' title='bbox 1035 1570 1106 1598; x_wconf 86' lang='lat' dir='ltr'><em>Jam</em></span> <span class='ocrx_word' id='word_1_383' title='bbox 1119 1565 1273 1604; x_wconf 82' lang='lat' dir='ltr'><em>quaeritur</em></span> <span class='ocrx_word' id='word_1_384' title='bbox 1287 1575 1362 1596; x_wconf 88' lang='lat' dir='ltr'><em>num</em></span> <span class='ocrx_word' id='word_1_385' title='bbox 1377 1566 1578 1597; x_wconf 82' lang='lat' dir='ltr'><em>scribendum</em></span> <span class='ocrx_word' id='word_1_386' title='bbox 1592 1566 1632 1597; x_wconf 87' lang='lat' dir='ltr'><em>sit</em></span> <span class='ocrx_word' id='word_1_387' title='bbox 1648 1576 1654 1596; x_wconf 92' lang='lat'>:</span> <span class='ocrx_word' id='word_1_388' title='bbox 1677 1568 1717 1597; x_wconf 67' lang='lat' dir='ltr'><em>at</em></span> <span class='ocrx_word' id='word_1_389' title='bbox 1730 1568 1959 1605; x_wconf 70' lang='lat' dir='ltr'><em>Antiijonus...</em></span> <span class='ocrx_word' id='word_1_390' title='bbox 1971 1566 2148 1606; x_wconf 75' lang='lat' dir='ltr'><em>Sophrona</em></span> <span class='ocrx_word' id='word_1_391' title='bbox 2160 1568 2297 1603; x_wconf 84' lang='lat' dir='ltr'><em>vicerit,</em></span> 
     </span>
     <span class='ocr_line' id='line_1_44' title="bbox 165 1610 2305 1654; baseline -0.002 -4"><span class='ocrx_word' id='word_1_392' title='bbox 165 1628 225 1650; x_wconf 83' lang='lat' dir='ltr'><em>an:</em></span> <span class='ocrx_word' id='word_1_393' title='bbox 250 1619 288 1648; x_wconf 60' lang='grc' dir='ltr'><em>ΙΙΙ</em></span> <span class='ocrx_word' id='word_1_394' title='bbox 307 1618 549 1653; x_wconf 62' lang='lat' dir='ltr'><em>,2Inliyonuin...</em></span> <span class='ocrx_word' id='word_1_395' title='bbox 568 1615 716 1654; x_wconf 73' lang='lat' dir='ltr'><em>Sophron</em></span> <span class='ocrx_word' id='word_1_396' title='bbox 734 1617 865 1645; x_wconf 65' lang='lat' dir='ltr'><em>vicerit.</em></span> <span class='ocrx_word' id='word_1_397' title='bbox 883 1615 1074 1654; x_wconf 72' lang='lat' dir='ltr'><em>Antigonum</em></span> <span class='ocrx_word' id='word_1_398' title='bbox 1090 1613 1199 1643; x_wconf 80' lang='lat' dir='ltr'><em>vicisse</em></span> <span class='ocrx_word' id='word_1_399' title='bbox 1213 1615 1299 1651; x_wconf 86' lang='lat' dir='ltr'><em>puto.</em></span> <span class='ocrx_word' id='word_1_400' title='bbox 1329 1615 1409 1643; x_wconf 84' lang='lat' dir='ltr'><em>Nam</em></span> <span class='ocrx_word' id='word_1_401' title='bbox 1428 1613 1631 1643; x_wconf 83' lang='lat' dir='ltr'><em>accusativus</em></span> <span class='ocrx_word' id='word_1_402' title='bbox 1655 1612 1831 1652; x_wconf 77' lang='lat' dir='ltr'><em>Sophrona</em></span> <span class='ocrx_word' id='word_1_403' title='bbox 1852 1613 1929 1643; x_wconf 79' lang='lat' dir='ltr'><em>nthI</em></span> <span class='ocrx_word' id='word_1_404' title='bbox 1943 1612 2095 1650; x_wconf 75' lang='lat' dir='ltr'><em>ossendIt‚</em></span> <span class='ocrx_word' id='word_1_405' title='bbox 2121 1613 2184 1642; x_wconf 89' lang='lat' dir='ltr'><em>imo</em></span> <span class='ocrx_word' id='word_1_406' title='bbox 2197 1610 2305 1652; x_wconf 36' lang='lat' dir='ltr'><em>placet*</em></span> 
     </span>
     <span class='ocr_line' id='line_1_45' title="bbox 162 1659 2298 1699; baseline -0.003 -3"><span class='ocrx_word' id='word_1_407' title='bbox 162 1665 219 1697; x_wconf 82' lang='lat' dir='ltr'><em>sihi</em></span> <span class='ocrx_word' id='word_1_408' title='bbox 238 1665 347 1695; x_wconf 84' lang='lat' dir='ltr'><em>auctor</em></span> <span class='ocrx_word' id='word_1_409' title='bbox 373 1663 402 1692; x_wconf 90' lang='lat' dir='ltr'><em>in</em></span> <span class='ocrx_word' id='word_1_410' title='bbox 428 1662 487 1691; x_wconf 80' lang='lat' dir='ltr'><em>hoc</em></span> <span class='ocrx_word' id='word_1_411' title='bbox 510 1662 672 1699; x_wconf 49' lang='lat' dir='ltr'><em>grmcssmo</em></span> <span class='ocrx_word' id='word_1_412' title='bbox 690 1661 746 1699; x_wconf 87' lang='lat' dir='ltr'><em>(cf.</em></span> <span class='ocrx_word' id='word_1_413' title='bbox 779 1670 809 1692; x_wconf 77' lang='lat' dir='ltr'><em>v,</em></span> <span class='ocrx_word' id='word_1_414' title='bbox 835 1670 862 1691; x_wconf 90' lang='lat' dir='ltr'><em>c.</em></span> <span class='ocrx_word' id='word_1_415' title='bbox 896 1664 1030 1692; x_wconf 79' lang='lat' dir='ltr'><em>Conona</em></span> <span class='ocrx_word' id='word_1_416' title='bbox 1048 1661 1131 1692; x_wconf 80' lang='lat' dir='ltr'><em>Prot.</em></span> <span class='ocrx_word' id='word_1_417' title='bbox 1158 1664 1187 1690; x_wconf 82' lang='lat'><em>8.</em></span> <span class='ocrx_word' id='word_1_418' title='bbox 1207 1665 1244 1697; x_wconf 85' lang='lat'><em>9;</em></span> <span class='ocrx_word' id='word_1_419' title='bbox 1272 1659 1414 1694; x_wconf 82' lang='lat' dir='ltr'><em>Sidona,</em></span> <span class='ocrx_word' id='word_1_420' title='bbox 1444 1664 1498 1697; x_wconf 91' lang='lat'><em>10;</em></span> <span class='ocrx_word' id='word_1_421' title='bbox 1522 1663 1629 1694; x_wconf 84' lang='lat' dir='ltr'><em>Area,</em></span> <span class='ocrx_word' id='word_1_422' title='bbox 1654 1663 1711 1697; x_wconf 80' lang='lat'><em>25;</em></span> <span class='ocrx_word' id='word_1_423' title='bbox 1743 1659 1991 1698; x_wconf 82' lang='lat' dir='ltr'><em>Pliilonzetora,</em></span> <span class='ocrx_word' id='word_1_424' title='bbox 2019 1663 2074 1696; x_wconf 82' lang='lat'><em>363</em></span> <span class='ocrx_word' id='word_1_425' title='bbox 2101 1660 2298 1698; x_wconf 78' lang='lat' dir='ltr'><em>Eupatora,</em></span> 
     </span>
     <span class='ocr_line' id='line_1_46' title="bbox 165 1706 2299 1749; baseline -0.002 -9"><span class='ocrx_word' id='word_1_426' title='bbox 165 1714 239 1749; x_wconf 83' lang='lat'><strong>37),</strong></span> <span class='ocrx_word' id='word_1_427' title='bbox 260 1710 338 1740; x_wconf 79' lang='lat' dir='ltr'><em>adeo</em></span> <span class='ocrx_word' id='word_1_428' title='bbox 359 1711 392 1739; x_wconf 87' lang='lat' dir='ltr'><em>ut</em></span> <span class='ocrx_word' id='word_1_429' title='bbox 419 1709 448 1738; x_wconf 82' lang='lat' dir='ltr'><em>iu</em></span> <span class='ocrx_word' id='word_1_430' title='bbox 467 1708 530 1747; x_wconf 74' lang='lat' dir='ltr'><em>ipsa</em></span> <span class='ocrx_word' id='word_1_431' title='bbox 551 1708 660 1738; x_wconf 69' lang='lat' dir='ltr'><em>t&#39;ormre</em></span> <span class='ocrx_word' id='word_1_432' title='bbox 683 1707 778 1746; x_wconf 80' lang='lat' dir='ltr'><em>hujus</em></span> <span class='ocrx_word' id='word_1_433' title='bbox 799 1707 964 1738; x_wconf 75' lang='lat' dir='ltr'><em>insolentia</em></span> <span class='ocrx_word' id='word_1_434' title='bbox 986 1709 1155 1746; x_wconf 78' lang='lat' dir='ltr'><em>genuinam</em></span> <span class='ocrx_word' id='word_1_435' title='bbox 1183 1706 1276 1745; x_wconf 80' lang='lat' dir='ltr'><em>Trogi</em></span> <span class='ocrx_word' id='word_1_436' title='bbox 1303 1715 1432 1736; x_wconf 89' lang='lat' dir='ltr'><em>manum</em></span> <span class='ocrx_word' id='word_1_437' title='bbox 1456 1715 1675 1745; x_wconf 72' lang='lat' dir='ltr'><em>agnoscamus.</em></span> <span class='ocrx_word' id='word_1_438' title='bbox 1700 1707 1911 1745; x_wconf 77' lang='lat' dir='ltr'><em>Consequitur</em></span> <span class='ocrx_word' id='word_1_439' title='bbox 1934 1715 1991 1746; x_wconf 90' lang='lat' dir='ltr'><em>pro</em></span> <span class='ocrx_word' id='word_1_440' title='bbox 2018 1707 2224 1745; x_wconf 73' lang='lat' dir='ltr'><em>Antiqonum</em></span> <span class='ocrx_word' id='word_1_441' title='bbox 2247 1715 2299 1737; x_wconf 85' lang='lat' dir='ltr'><em>re-</em></span> 
     </span>
     <span class='ocr_line' id='line_1_47' title="bbox 163 1753 2296 1798; baseline -0.002 -9"><span class='ocrx_word' id='word_1_442' title='bbox 163 1757 344 1798; x_wconf 79' lang='lat' dir='ltr'><em>ponendum</em></span> <span class='ocrx_word' id='word_1_443' title='bbox 370 1764 435 1785; x_wconf 79' lang='lat' dir='ltr'><em>esse</em></span> <span class='ocrx_word' id='word_1_444' title='bbox 466 1756 662 1793; x_wconf 73' lang='lat' dir='ltr'><em>Antiqonus.</em></span> <span class='ocrx_word' id='word_1_445' title='bbox 693 1754 808 1785; x_wconf 73' lang='lat' dir='ltr'><em>Unicus</em></span> <span class='ocrx_word' id='word_1_446' title='bbox 835 1754 940 1792; x_wconf 85' lang='lat' dir='ltr'><em>testis,</em></span> <span class='ocrx_word' id='word_1_447' title='bbox 967 1754 1021 1793; x_wconf 91' lang='lat' dir='ltr'><em>qui</em></span> <span class='ocrx_word' id='word_1_448' title='bbox 1038 1753 1152 1794; x_wconf 78' lang='lat' dir='ltr'><em>praeter</em></span> <span class='ocrx_word' id='word_1_449' title='bbox 1177 1753 1316 1791; x_wconf 74' lang='lat' dir='ltr'><em>Trogum</em></span> <span class='ocrx_word' id='word_1_450' title='bbox 1343 1761 1455 1792; x_wconf 74' lang='lat' dir='ltr'><em>pugnae</em></span> <span class='ocrx_word' id='word_1_451' title='bbox 1473 1753 1666 1783; x_wconf 78' lang='lat' dir='ltr'><em>mentionem</em></span> <span class='ocrx_word' id='word_1_452' title='bbox 1689 1753 1802 1792; x_wconf 74' lang='lat' dir='ltr'><em>iaciat,</em></span> <span class='ocrx_word' id='word_1_453' title='bbox 1835 1754 2025 1784; x_wconf 79' lang='lat' dir='ltr'><em>Plutarchus</em></span> <span class='ocrx_word' id='word_1_454' title='bbox 2040 1756 2087 1785; x_wconf 86' lang='lat' dir='ltr'><em>est</em></span> <span class='ocrx_word' id='word_1_455' title='bbox 2107 1753 2139 1784; x_wconf 89' lang='lat' dir='ltr'><em>in</em></span> <span class='ocrx_word' id='word_1_456' title='bbox 2159 1753 2296 1793; x_wconf 85' lang='lat' dir='ltr'><em>Pelopid.</em></span> 
     </span>
     <span class='ocr_line' id='line_1_48' title="bbox 163 1800 2338 1842; baseline -0.001 -6"><span class='ocrx_word' id='word_1_457' title='bbox 163 1814 191 1836; x_wconf 82' lang='lat' dir='ltr'><em>c,</em></span> <span class='ocrx_word' id='word_1_458' title='bbox 208 1809 225 1835; x_wconf 90' lang='lat'><strong>2</strong></span> <span class='ocrx_word' id='word_1_459' title='bbox 245 1816 252 1834; x_wconf 88' lang='lat'>:</span> <span class='ocrx_word' id='word_1_460' title='bbox 271 1804 391 1834; x_wconf 73' lang='grc' dir='ltr'>Βέλτιον</span> <span class='ocrx_word' id='word_1_461' title='bbox 409 1801 434 1832; x_wconf 75' lang='grc' dir='ltr'><em>δ’</em></span> <span class='ocrx_word' id='word_1_462' title='bbox 449 1801 613 1839; x_wconf 67' lang='grc' dir='ltr'>Ἀντίγονος</span> <span class='ocrx_word' id='word_1_463' title='bbox 628 1801 644 1830; x_wconf 83' lang='grc' dir='ltr'><strong>ὁ</strong></span> <span class='ocrx_word' id='word_1_464' title='bbox 658 1801 778 1840; x_wconf 82' lang='grc' dir='ltr'>γέρων</span> <span class='ocrx_word' id='word_1_465' title='bbox 789 1824 796 1838; x_wconf 95' lang='grc'><em>,</em></span> <span class='ocrx_word' id='word_1_466' title='bbox 811 1800 861 1831; x_wconf 78' lang='grc' dir='ltr'><em>ὅτε</em></span> <span class='ocrx_word' id='word_1_467' title='bbox 875 1805 1044 1840; x_wconf 72' lang='grc' dir='ltr'>ναυμαχεῖν</span> <span class='ocrx_word' id='word_1_468' title='bbox 1066 1802 1152 1842; x_wconf 75' lang='grc' dir='ltr'>περὶ</span> <span class='ocrx_word' id='word_1_469' title='bbox 1172 1801 1322 1840; x_wconf 73' lang='grc' dir='ltr'>Ἄνδρον</span> <span class='ocrx_word' id='word_1_470' title='bbox 1338 1802 1476 1841; x_wconf 70' lang='grc' dir='ltr'>ἔμελλεν,</span> <span class='ocrx_word' id='word_1_471' title='bbox 1502 1801 1640 1836; x_wconf 76' lang='grc' dir='ltr'>εἰπόντος</span> <span class='ocrx_word' id='word_1_472' title='bbox 1666 1802 1744 1837; x_wconf 85' lang='grc' dir='ltr'>τινὸς</span> <span class='ocrx_word' id='word_1_473' title='bbox 1758 1825 1765 1839; x_wconf 94' lang='grc'><em>,</em></span> <span class='ocrx_word' id='word_1_474' title='bbox 1785 1802 1830 1832; x_wconf 81' lang='grc' dir='ltr'><em>ὅτι</em></span> <span class='ocrx_word' id='word_1_475' title='bbox 1847 1803 1925 1833; x_wconf 78' lang='grc' dir='ltr'>πολὺ</span> <span class='ocrx_word' id='word_1_476' title='bbox 1938 1802 2059 1837; x_wconf 77' lang='grc' dir='ltr'>πλείους</span> <span class='ocrx_word' id='word_1_477' title='bbox 2073 1803 2104 1832; x_wconf 81' lang='grc' dir='ltr'><em>αἱ</em></span> <span class='ocrx_word' id='word_1_478' title='bbox 2122 1805 2181 1832; x_wconf 85' lang='grc' dir='ltr'>τῶν</span> <span class='ocrx_word' id='word_1_479' title='bbox 2206 1803 2298 1833; x_wconf 77' lang='grc' dir='ltr'>πολε·</span> <span class='ocrx_word' id='word_1_480' title='bbox 2337 1808 2338 1812; x_wconf 77' lang='grc'>’</span> 
     </span>
     <span class='ocr_line' id='line_1_49' title="bbox 164 1847 2299 1891; baseline -0.001 -9"><span class='ocrx_word' id='word_1_481' title='bbox 164 1852 241 1891; x_wconf 79' lang='grc' dir='ltr'>μίων</span> <span class='ocrx_word' id='word_1_482' title='bbox 259 1853 326 1886; x_wconf 72' lang='grc' dir='ltr'>νῆες</span> <span class='ocrx_word' id='word_1_483' title='bbox 340 1848 416 1886; x_wconf 77' lang='grc' dir='ltr'>εἷεν,</span> <span class='ocrx_word' id='word_1_484' title='bbox 434 1860 448 1874; x_wconf 82' lang='lat'>«</span> <span class='ocrx_word' id='word_1_485' title='bbox 464 1847 538 1886; x_wconf 78' lang='grc' dir='ltr'><em>Ἐμὲ</em></span> <span class='ocrx_word' id='word_1_486' title='bbox 557 1848 582 1878; x_wconf 80' lang='grc' dir='ltr'><em>δ’</em></span> <span class='ocrx_word' id='word_1_487' title='bbox 596 1848 688 1878; x_wconf 77' lang='grc' dir='ltr'>αὐτὸν</span> <span class='ocrx_word' id='word_1_488' title='bbox 702 1871 710 1885; x_wconf 91' lang='grc'><strong>,</strong></span> <span class='ocrx_word' id='word_1_489' title='bbox 725 1847 780 1886; x_wconf 66' lang='grc' dir='ltr'><em>ἔφη</em></span> <span class='ocrx_word' id='word_1_490' title='bbox 792 1872 800 1885; x_wconf 91' lang='grc'>,</span> <span class='ocrx_word' id='word_1_491' title='bbox 823 1849 896 1888; x_wconf 77' lang='grc' dir='ltr'>πρὸς</span> <span class='ocrx_word' id='word_1_492' title='bbox 911 1849 1010 1883; x_wconf 68' lang='grc' dir='ltr'>πόσας</span> <span class='ocrx_word' id='word_1_493' title='bbox 1025 1849 1232 1886; x_wconf 53' lang='grc' dir='ltr'>ἀντιστήσεις</span> <span class='ocrx_word' id='word_1_494' title='bbox 1256 1862 1270 1875; x_wconf 73' lang='lat' dir='ltr'><em>n</em></span> <span class='ocrx_word' id='word_1_495' title='bbox 1289 1851 1321 1879; x_wconf 93' lang='lat' dir='ltr'><em>In</em></span> <span class='ocrx_word' id='word_1_496' title='bbox 1341 1848 1387 1878; x_wconf 85' lang='lat' dir='ltr'><em>his</em></span> <span class='ocrx_word' id='word_1_497' title='bbox 1405 1848 1523 1888; x_wconf 89' lang='lat' dir='ltr'><em>optime</em></span> <span class='ocrx_word' id='word_1_498' title='bbox 1546 1847 1680 1886; x_wconf 78' lang='lat' dir='ltr'><em>quadrat</em></span> <span class='ocrx_word' id='word_1_499' title='bbox 1701 1847 1779 1878; x_wconf 87' lang='lat' dir='ltr'><em>illud</em></span> <span class='ocrx_word' id='word_1_500' title='bbox 1794 1849 1810 1878; x_wconf 88' lang='grc' dir='ltr'>ὁ</span> <span class='ocrx_word' id='word_1_501' title='bbox 1837 1848 1958 1888; x_wconf 83' lang='grc' dir='ltr'>γέρων</span> <span class='ocrx_word' id='word_1_502' title='bbox 1970 1871 1979 1886; x_wconf 86' lang='grc'><em>,</em></span> <span class='ocrx_word' id='word_1_503' title='bbox 1993 1855 2065 1878; x_wconf 86' lang='lat' dir='ltr'><em>nam</em></span> <span class='ocrx_word' id='word_1_504' title='bbox 2083 1856 2134 1878; x_wconf 87' lang='lat' dir='ltr'><em>au.</em></span> <span class='ocrx_word' id='word_1_505' title='bbox 2151 1849 2212 1879; x_wconf 76' lang='lat'><em>240</em></span> <span class='ocrx_word' id='word_1_506' title='bbox 2239 1852 2299 1879; x_wconf 85' lang='lat' dir='ltr'><em>Au·</em></span> 
     </span>
     <span class='ocr_line' id='line_1_50' title="bbox 163 1894 2299 1937; baseline -0.002 -8"><span class='ocrx_word' id='word_1_507' title='bbox 163 1899 288 1937; x_wconf 67' lang='lat' dir='ltr'><em>tigonus</em></span> <span class='ocrx_word' id='word_1_508' title='bbox 306 1897 399 1925; x_wconf 75' lang='lat' dir='ltr'><em>natus</em></span> <span class='ocrx_word' id='word_1_509' title='bbox 417 1895 483 1924; x_wconf 81' lang='lat' dir='ltr'><em>crat</em></span> <span class='ocrx_word' id='word_1_510' title='bbox 498 1902 598 1924; x_wconf 75' lang='lat' dir='ltr'><em>annos</em></span> <span class='ocrx_word' id='word_1_511' title='bbox 614 1894 813 1933; x_wconf 73' lang='lat' dir='ltr'><em>septuaginta</em></span> <span class='ocrx_word' id='word_1_512' title='bbox 828 1896 900 1924; x_wconf 85' lang='lat' dir='ltr'><em>octo</em></span> <span class='ocrx_word' id='word_1_513' title='bbox 916 1894 965 1925; x_wconf 75' lang='lat' dir='ltr'><em>vel</em></span> <span class='ocrx_word' id='word_1_514' title='bbox 981 1903 1094 1925; x_wconf 79' lang='lat' dir='ltr'><em>novem</em></span> <span class='ocrx_word' id='word_1_515' title='bbox 1127 1895 1246 1927; x_wconf 81' lang='lat' dir='ltr'><em>Deinde</em></span> <span class='ocrx_word' id='word_1_516' title='bbox 1260 1904 1335 1926; x_wconf 79' lang='lat' dir='ltr'><em>vero</em></span> <span class='ocrx_word' id='word_1_517' title='bbox 1351 1904 1391 1925; x_wconf 75' lang='lat' dir='ltr'><em>ex</em></span> <span class='ocrx_word' id='word_1_518' title='bbox 1405 1895 1489 1925; x_wconf 82' lang='lat' dir='ltr'><em>(licto</em></span> <span class='ocrx_word' id='word_1_519' title='bbox 1511 1894 1572 1924; x_wconf 89' lang='lat' dir='ltr'><em>hoc</em></span> <span class='ocrx_word' id='word_1_520' title='bbox 1595 1894 1754 1933; x_wconf 83' lang='lat' dir='ltr'><em>coIIIgitur</em></span> <span class='ocrx_word' id='word_1_521' title='bbox 1773 1896 1914 1925; x_wconf 84' lang='lat' dir='ltr'><em>secutam</em></span> <span class='ocrx_word' id='word_1_522' title='bbox 1931 1903 1997 1925; x_wconf 88' lang='lat' dir='ltr'><em>esse</em></span> <span class='ocrx_word' id='word_1_523' title='bbox 2019 1902 2172 1933; x_wconf 85' lang='lat' dir='ltr'><em>pugnam,</em></span> <span class='ocrx_word' id='word_1_524' title='bbox 2189 1894 2220 1924; x_wconf 91' lang='lat' dir='ltr'><em>in</em></span> <span class='ocrx_word' id='word_1_525' title='bbox 2236 1902 2299 1934; x_wconf 81' lang='lat' dir='ltr'><em>qua</em></span> 
     </span>
     <span class='ocr_line' id='line_1_51' title="bbox 164 1939 2299 1981; baseline -0.001 -6"><span class='ocrx_word' id='word_1_526' title='bbox 164 1953 226 1975; x_wconf 87' lang='lat' dir='ltr'><em>non</em></span> <span class='ocrx_word' id='word_1_527' title='bbox 249 1942 371 1973; x_wconf 77' lang='lat' dir='ltr'><em>cladem</em></span> <span class='ocrx_word' id='word_1_528' title='bbox 395 1940 503 1971; x_wconf 83' lang='lat' dir='ltr'><em>tulerit</em></span> <span class='ocrx_word' id='word_1_529' title='bbox 518 1939 708 1978; x_wconf 71' lang='lat' dir='ltr'><em>Antigonus,</em></span> <span class='ocrx_word' id='word_1_530' title='bbox 724 1939 776 1969; x_wconf 82' lang='lat' dir='ltr'><em>sed</em></span> <span class='ocrx_word' id='word_1_531' title='bbox 793 1948 959 1970; x_wconf 86' lang='lat' dir='ltr'><em>numerum</em></span> <span class='ocrx_word' id='word_1_532' title='bbox 977 1940 1138 1979; x_wconf 81' lang='lat' dir='ltr'><em>copiarum</em></span> <span class='ocrx_word' id='word_1_533' title='bbox 1160 1944 1227 1981; x_wconf 72' lang='lat' dir='ltr'><em>arte</em></span> <span class='ocrx_word' id='word_1_534' title='bbox 1243 1942 1392 1981; x_wconf 83' lang='lat' dir='ltr'><em>supplens</em></span> <span class='ocrx_word' id='word_1_535' title='bbox 1408 1941 1615 1980; x_wconf 83' lang='lat' dir='ltr'><em>Imperatoria</em></span> <span class='ocrx_word' id='word_1_536' title='bbox 1636 1941 1757 1972; x_wconf 75' lang='lat' dir='ltr'><em>vicerit.</em></span> <span class='ocrx_word' id='word_1_537' title='bbox 1774 1942 1899 1980; x_wconf 78' lang='lat' dir='ltr'><em>Repetit</em></span> <span class='ocrx_word' id='word_1_538' title='bbox 1924 1940 2087 1971; x_wconf 82' lang='lat' dir='ltr'><em>historiam</em></span> <span class='ocrx_word' id='word_1_539' title='bbox 2109 1940 2299 1972; x_wconf 81' lang='lat' dir='ltr'><em>Plutarchus</em></span> 
     </span>
     <span class='ocr_line' id='line_1_52' title="bbox 164 1986 2299 2029; baseline -0.001 -8"><span class='ocrx_word' id='word_1_540' title='bbox 164 1994 193 2021; x_wconf 80' lang='lat' dir='ltr'><em>in</em></span> <span class='ocrx_word' id='word_1_541' title='bbox 212 1989 444 2029; x_wconf 75' lang='lat' dir='ltr'><em>Apophthegm.</em></span> <span class='ocrx_word' id='word_1_542' title='bbox 471 1988 548 2025; x_wconf 94' lang='lat' dir='ltr'><em>Imp.</em></span> <span class='ocrx_word' id='word_1_543' title='bbox 566 1993 595 2024; x_wconf 85' lang='lat' dir='ltr'><em>p.</em></span> <span class='ocrx_word' id='word_1_544' title='bbox 616 1988 670 2016; x_wconf 81' lang='lat'><em>183</em></span> <span class='ocrx_word' id='word_1_545' title='bbox 682 2009 689 2022; x_wconf 90' lang='lat'>,</span> <span class='ocrx_word' id='word_1_546' title='bbox 707 1987 731 2015; x_wconf 88' lang='lat' dir='ltr'>D</span> <span class='ocrx_word' id='word_1_547' title='bbox 747 1986 756 2023; x_wconf 95' lang='lat'>(</span> <span class='ocrx_word' id='word_1_548' title='bbox 770 1986 896 2016; x_wconf 75' lang='grc' dir='ltr'>Μέλλων</span> <span class='ocrx_word' id='word_1_549' title='bbox 911 1987 941 2016; x_wconf 76' lang='grc' dir='ltr'><em>δὲ</em></span> <span class='ocrx_word' id='word_1_550' title='bbox 955 1991 1124 2026; x_wconf 74' lang='grc' dir='ltr'>ναυμαχεῖν</span> <span class='ocrx_word' id='word_1_551' title='bbox 1139 1988 1212 2027; x_wconf 63' lang='grc' dir='ltr'><em>πρὸς</em></span> <span class='ocrx_word' id='word_1_552' title='bbox 1229 1988 1298 2022; x_wconf 71' lang='grc' dir='ltr'><em>τοὺς</em></span> <span class='ocrx_word' id='word_1_553' title='bbox 1314 1988 1506 2028; x_wconf 72' lang='grc' dir='ltr'>Πτολεμαίου</span> <span class='ocrx_word' id='word_1_554' title='bbox 1520 1988 1707 2026; x_wconf 53' lang='grc' dir='ltr'>στρατηγούς</span> <span class='ocrx_word' id='word_1_555' title='bbox 1724 1990 1785 2019; x_wconf 78' lang='lat' dir='ltr'><em>etc.</em></span> <span class='ocrx_word' id='word_1_556' title='bbox 1796 1989 1822 2028; x_wconf 84' lang='lat'><em>&gt;‚</em></span> <span class='ocrx_word' id='word_1_557' title='bbox 1834 1988 1910 2019; x_wconf 83' lang='lat' dir='ltr'><em>etin</em></span> <span class='ocrx_word' id='word_1_558' title='bbox 1924 1988 2004 2018; x_wconf 90' lang='lat' dir='ltr'><em>lihro</em></span> <span class='ocrx_word' id='word_1_559' title='bbox 2020 1990 2066 2019; x_wconf 91' lang='lat' dir='ltr'><em>De</em></span> <span class='ocrx_word' id='word_1_560' title='bbox 2082 1989 2216 2018; x_wconf 84' lang='lat' dir='ltr'><em>ratione</em></span> <span class='ocrx_word' id='word_1_561' title='bbox 2230 1996 2299 2028; x_wconf 83' lang='lat' dir='ltr'><em>qua</em></span> 
     </span>
     <span class='ocr_line' id='line_1_53' title="bbox 164 2031 2296 2077; baseline -0.001 -9"><span class='ocrx_word' id='word_1_562' title='bbox 164 2040 238 2077; x_wconf 83' lang='lat' dir='ltr'><em>quis</em></span> <span class='ocrx_word' id='word_1_563' title='bbox 255 2044 288 2066; x_wconf 84' lang='lat' dir='ltr'><em>se</em></span> <span class='ocrx_word' id='word_1_564' title='bbox 310 2037 422 2074; x_wconf 85' lang='lat' dir='ltr'><em>ipsum</em></span> <span class='ocrx_word' id='word_1_565' title='bbox 439 2034 565 2073; x_wconf 79' lang='lat' dir='ltr'><em>absque</em></span> <span class='ocrx_word' id='word_1_566' title='bbox 580 2032 711 2064; x_wconf 74' lang='lat' dir='ltr'><em>inuidia</em></span> <span class='ocrx_word' id='word_1_567' title='bbox 729 2031 864 2071; x_wconf 81' lang='lat' dir='ltr'><em>laudet,</em></span> <span class='ocrx_word' id='word_1_568' title='bbox 886 2042 915 2064; x_wconf 84' lang='lat' dir='ltr'><em>c.</em></span> <span class='ocrx_word' id='word_1_569' title='bbox 940 2038 975 2064; x_wconf 84' lang='lat'><em>16</em></span> <span class='ocrx_word' id='word_1_570' title='bbox 997 2043 1026 2073; x_wconf 91' lang='lat' dir='ltr'><em>p.</em></span> <span class='ocrx_word' id='word_1_571' title='bbox 1047 2037 1126 2073; x_wconf 72' lang='lat'>545,</span> <span class='ocrx_word' id='word_1_572' title='bbox 1148 2041 1192 2073; x_wconf 82' lang='grc' dir='ltr'><em>Α,</em></span> <span class='ocrx_word' id='word_1_573' title='bbox 1219 2035 1277 2065; x_wconf 83' lang='lat' dir='ltr'><em>nisi</em></span> <span class='ocrx_word' id='word_1_574' title='bbox 1302 2035 1388 2074; x_wconf 83' lang='lat' dir='ltr'><em>quod</em></span> <span class='ocrx_word' id='word_1_575' title='bbox 1406 2035 1577 2073; x_wconf 85' lang='lat' dir='ltr'><em>posteriore</em></span> <span class='ocrx_word' id='word_1_576' title='bbox 1596 2035 1666 2065; x_wconf 88' lang='lat' dir='ltr'><em>Ioco</em></span> <span class='ocrx_word' id='word_1_577' title='bbox 1694 2034 1809 2074; x_wconf 75' lang='lat' dir='ltr'><em>legitur</em></span> <span class='ocrx_word' id='word_1_578' title='bbox 1827 2044 1834 2064; x_wconf 92' lang='lat'><em>.·</em></span> <span class='ocrx_word' id='word_1_579' title='bbox 1864 2034 2067 2073; x_wconf 83' lang='grc' dir='ltr'>Ἀντίγονος...</span> <span class='ocrx_word' id='word_1_580' title='bbox 2087 2034 2124 2064; x_wconf 85' lang='grc' dir='ltr'>ἐν</span> <span class='ocrx_word' id='word_1_581' title='bbox 2143 2037 2186 2074; x_wconf 86' lang='grc' dir='ltr'><em>τῇ</em></span> <span class='ocrx_word' id='word_1_582' title='bbox 2211 2035 2296 2074; x_wconf 84' lang='grc' dir='ltr'>περὶ</span> 
     </span>
     <span class='ocr_line' id='line_1_54' title="bbox 162 2079 2296 2121; baseline -0.002 -6"><span class='ocrx_word' id='word_1_583' title='bbox 162 2086 245 2115; x_wconf 84' lang='grc' dir='ltr'>Κῶν</span> <span class='ocrx_word' id='word_1_584' title='bbox 262 2080 460 2121; x_wconf 78' lang='grc' dir='ltr'>ναυμαχίᾳ</span> <span class='ocrx_word' id='word_1_585' title='bbox 478 2082 537 2111; x_wconf 84' lang='lat' dir='ltr'><em>etc.</em></span> <span class='ocrx_word' id='word_1_586' title='bbox 555 2081 593 2110; x_wconf 87' lang='lat' dir='ltr'><em>Et</em></span> <span class='ocrx_word' id='word_1_587' title='bbox 607 2079 644 2109; x_wconf 85' lang='lat' dir='ltr'><em>ad</em></span> <span class='ocrx_word' id='word_1_588' title='bbox 664 2081 731 2110; x_wconf 89' lang='lat' dir='ltr'><em>Con</em></span> <span class='ocrx_word' id='word_1_589' title='bbox 745 2080 803 2111; x_wconf 86' lang='lat' dir='ltr'><em>ins.</em></span> <span class='ocrx_word' id='word_1_590' title='bbox 819 2089 956 2119; x_wconf 80' lang='lat' dir='ltr'><em>pugnam</em></span> <span class='ocrx_word' id='word_1_591' title='bbox 973 2081 1173 2112; x_wconf 82' lang='lat' dir='ltr'><em>commissam</em></span> <span class='ocrx_word' id='word_1_592' title='bbox 1188 2090 1254 2112; x_wconf 88' lang='lat' dir='ltr'><em>esse</em></span> <span class='ocrx_word' id='word_1_593' title='bbox 1270 2082 1366 2112; x_wconf 85' lang='lat' dir='ltr'><em>etiam</em></span> <span class='ocrx_word' id='word_1_594' title='bbox 1382 2081 1546 2112; x_wconf 82' lang='lat' dir='ltr'><em>Moschion</em></span> <span class='ocrx_word' id='word_1_595' title='bbox 1562 2082 1699 2112; x_wconf 85' lang='lat' dir='ltr'><em>testatur</em></span> <span class='ocrx_word' id='word_1_596' title='bbox 1714 2080 1798 2120; x_wconf 85' lang='lat' dir='ltr'><em>apud</em></span> <span class='ocrx_word' id='word_1_597' title='bbox 1817 2080 1933 2112; x_wconf 83' lang='lat' dir='ltr'><em>Athen.</em></span> <span class='ocrx_word' id='word_1_598' title='bbox 1960 2082 1985 2111; x_wconf 93' lang='lat' dir='ltr'>V</span> <span class='ocrx_word' id='word_1_599' title='bbox 1997 2104 2006 2119; x_wconf 91' lang='lat'><strong>,</strong></span> <span class='ocrx_word' id='word_1_600' title='bbox 2024 2089 2055 2119; x_wconf 90' lang='lat' dir='ltr'><em>p.</em></span> <span class='ocrx_word' id='word_1_601' title='bbox 2075 2083 2134 2111; x_wconf 85' lang='lat'><em>206</em></span> <span class='ocrx_word' id='word_1_602' title='bbox 2146 2104 2155 2119; x_wconf 90' lang='lat'><strong><em>,</em></strong></span> <span class='ocrx_word' id='word_1_603' title='bbox 2181 2082 2205 2111; x_wconf 90' lang='lat' dir='ltr'>E</span> <span class='ocrx_word' id='word_1_604' title='bbox 2216 2103 2226 2119; x_wconf 89' lang='lat'><em>,</em></span> <span class='ocrx_word' id='word_1_605' title='bbox 2243 2080 2296 2112; x_wconf 87' lang='lat' dir='ltr'><em>ubi</em></span> 
     </span>
     <span class='ocr_line' id='line_1_55' title="bbox 163 2126 2298 2167; baseline -0.001 -6"><span class='ocrx_word' id='word_1_606' title='bbox 163 2130 394 2162; x_wconf 77' lang='lat' dir='ltr'><em>commemorat</em></span> <span class='ocrx_word' id='word_1_607' title='bbox 410 2126 581 2166; x_wconf 75' lang='grc' dir='ltr'>Ἀντιγόνου</span> <span class='ocrx_word' id='word_1_608' title='bbox 606 2127 688 2166; x_wconf 71' lang='grc' dir='ltr'>ἱερὰν</span> <span class='ocrx_word' id='word_1_609' title='bbox 705 2128 828 2167; x_wconf 79' lang='grc' dir='ltr'>τριήρη,</span> <span class='ocrx_word' id='word_1_610' title='bbox 844 2127 864 2167; x_wconf 79' lang='grc' dir='ltr'><strong>ᾗ</strong></span> <span class='ocrx_word' id='word_1_611' title='bbox 881 2128 1002 2164; x_wconf 77' lang='grc' dir='ltr'>ἐνίκησε</span> <span class='ocrx_word' id='word_1_612' title='bbox 1025 2128 1095 2163; x_wconf 80' lang='grc' dir='ltr'>τοὺς</span> <span class='ocrx_word' id='word_1_613' title='bbox 1113 2127 1306 2167; x_wconf 74' lang='grc' dir='ltr'>Πτολεμαίου</span> <span class='ocrx_word' id='word_1_614' title='bbox 1331 2128 1521 2167; x_wconf 81' lang='grc' dir='ltr'>στρατηγοὺς</span> <span class='ocrx_word' id='word_1_615' title='bbox 1536 2127 1603 2166; x_wconf 77' lang='grc' dir='ltr'>περὶ</span> <span class='ocrx_word' id='word_1_616' title='bbox 1631 2128 1807 2158; x_wconf 75' lang='grc' dir='ltr'>Λευκόλλαν</span> <span class='ocrx_word' id='word_1_617' title='bbox 1826 2130 1878 2164; x_wconf 84' lang='grc' dir='ltr'><em>τῆς</em></span> <span class='ocrx_word' id='word_1_618' title='bbox 1907 2126 2010 2166; x_wconf 82' lang='grc' dir='ltr'>Κῴας.</span> <span class='ocrx_word' id='word_1_619' title='bbox 2033 2128 2234 2166; x_wconf 82' lang='lat' dir='ltr'><em>Quamquam</em></span> <span class='ocrx_word' id='word_1_620' title='bbox 2259 2126 2298 2159; x_wconf 82' lang='lat' dir='ltr'><em>de</em></span> 
     </span>
     <span class='ocr_line' id='line_1_56' title="bbox 162 2172 2298 2214; baseline -0.002 -6"><span class='ocrx_word' id='word_1_621' title='bbox 162 2176 308 2209; x_wconf 82' lang='lat' dir='ltr'><em>Leucolla</em></span> <span class='ocrx_word' id='word_1_622' title='bbox 320 2173 535 2214; x_wconf 84' lang='lat' dir='ltr'><em>promontorio</em></span> <span class='ocrx_word' id='word_1_623' title='bbox 550 2173 605 2204; x_wconf 85' lang='lat' dir='ltr'><em>Coi</em></span> <span class='ocrx_word' id='word_1_624' title='bbox 619 2173 729 2203; x_wconf 70' lang='lat' dir='ltr'><em>Insulie</em></span> <span class='ocrx_word' id='word_1_625' title='bbox 740 2182 802 2204; x_wconf 89' lang='lat' dir='ltr'><em>non</em></span> <span class='ocrx_word' id='word_1_626' title='bbox 813 2176 947 2205; x_wconf 87' lang='lat' dir='ltr'><em>constat.</em></span> <span class='ocrx_word' id='word_1_627' title='bbox 961 2174 1117 2205; x_wconf 76' lang='lat' dir='ltr'><em>Videntur</em></span> <span class='ocrx_word' id='word_1_628' title='bbox 1131 2174 1225 2213; x_wconf 71' lang='lat' dir='ltr'><em>igItur</em></span> <span class='ocrx_word' id='word_1_629' title='bbox 1239 2173 1312 2204; x_wconf 79' lang='lat' dir='ltr'><em>duae</em></span> <span class='ocrx_word' id='word_1_630' title='bbox 1323 2182 1448 2213; x_wconf 75' lang='lat' dir='ltr'><em>pugnae,</em></span> <span class='ocrx_word' id='word_1_631' title='bbox 1464 2173 1564 2204; x_wconf 82' lang='lat' dir='ltr'><em>altera</em></span> <span class='ocrx_word' id='word_1_632' title='bbox 1578 2172 1617 2203; x_wconf 80' lang='lat' dir='ltr'><em>ad</em></span> <span class='ocrx_word' id='word_1_633' title='bbox 1633 2175 1714 2211; x_wconf 85' lang='lat' dir='ltr'><em>Gon,</em></span> <span class='ocrx_word' id='word_1_634' title='bbox 1726 2173 1825 2204; x_wconf 88' lang='lat' dir='ltr'><em>altera</em></span> <span class='ocrx_word' id='word_1_635' title='bbox 1842 2172 1882 2203; x_wconf 85' lang='lat' dir='ltr'><em>ad</em></span> <span class='ocrx_word' id='word_1_636' title='bbox 1897 2172 2054 2210; x_wconf 84' lang='lat' dir='ltr'><em>Andrum,</em></span> <span class='ocrx_word' id='word_1_637' title='bbox 2066 2172 2298 2212; x_wconf 68' lang='lat' dir='ltr'><em>distinguenda!</em></span> 
     </span>
     <span class='ocr_line' id='line_1_57' title="bbox 163 2218 2297 2259; baseline -0.002 -4"><span class='ocrx_word' id='word_1_638' title='bbox 163 2232 238 2254; x_wconf 81' lang='lat' dir='ltr'><em>esse.</em></span> <span class='ocrx_word' id='word_1_639' title='bbox 257 2221 417 2253; x_wconf 75' lang='lat' dir='ltr'><em>Plutarchi</em></span> <span class='ocrx_word' id='word_1_640' title='bbox 436 2228 547 2259; x_wconf 82' lang='lat' dir='ltr'><em>parum</em></span> <span class='ocrx_word' id='word_1_641' title='bbox 562 2219 713 2251; x_wconf 74' lang='lat' dir='ltr'><em>intererat</em></span> <span class='ocrx_word' id='word_1_642' title='bbox 727 2220 809 2251; x_wconf 86' lang='lat' dir='ltr'><em>hane</em></span> <span class='ocrx_word' id='word_1_643' title='bbox 823 2229 863 2250; x_wconf 87' lang='lat' dir='ltr'><em>au</em></span> <span class='ocrx_word' id='word_1_644' title='bbox 877 2221 966 2251; x_wconf 85' lang='lat' dir='ltr'><em>illam</em></span> <span class='ocrx_word' id='word_1_645' title='bbox 980 2221 1170 2257; x_wconf 88' lang='lat' dir='ltr'><em>nominaret,</em></span> <span class='ocrx_word' id='word_1_646' title='bbox 1186 2219 1281 2250; x_wconf 86' lang='lat' dir='ltr'><em>modo</em></span> <span class='ocrx_word' id='word_1_647' title='bbox 1296 2220 1327 2250; x_wconf 83' lang='lat' dir='ltr'><em>ln</em></span> <span class='ocrx_word' id='word_1_648' title='bbox 1341 2220 1475 2259; x_wconf 79' lang='lat' dir='ltr'><em>utraque</em></span> <span class='ocrx_word' id='word_1_649' title='bbox 1489 2219 1665 2258; x_wconf 80' lang='lat' dir='ltr'><em>Antigonus</em></span> <span class='ocrx_word' id='word_1_650' title='bbox 1681 2219 1786 2250; x_wconf 87' lang='lat' dir='ltr'><em>victor</em></span> <span class='ocrx_word' id='word_1_651' title='bbox 1801 2219 1923 2250; x_wconf 87' lang='lat' dir='ltr'><em>abierit.</em></span> <span class='ocrx_word' id='word_1_652' title='bbox 1941 2218 2099 2250; x_wconf 82' lang='lat' dir='ltr'><em>Cont&#39;uudi</em></span> <span class='ocrx_word' id='word_1_653' title='bbox 2117 2228 2192 2249; x_wconf 82' lang='lat' dir='ltr'><em>vero</em></span> <span class='ocrx_word' id='word_1_654' title='bbox 2207 2221 2297 2251; x_wconf 86' lang='lat' dir='ltr'><em>tanto</em></span> 
     </span>
     <span class='ocr_line' id='line_1_58' title="bbox 163 2264 2295 2309; baseline -0.002 -9"><span class='ocrx_word' id='word_1_655' title='bbox 163 2270 309 2309; x_wconf 74' lang='lat' dir='ltr'><em>poterant</em></span> <span class='ocrx_word' id='word_1_656' title='bbox 335 2267 477 2305; x_wconf 70' lang='lat' dir='ltr'><em>facilius,</em></span> <span class='ocrx_word' id='word_1_657' title='bbox 495 2267 520 2295; x_wconf 82' lang='lat' dir='ltr'><em>si</em></span> <span class='ocrx_word' id='word_1_658' title='bbox 546 2268 682 2305; x_wconf 80' lang='lat' dir='ltr'><em>utraque</em></span> <span class='ocrx_word' id='word_1_659' title='bbox 710 2266 820 2297; x_wconf 85' lang='lat' dir='ltr'><em>eodem</em></span> <span class='ocrx_word' id='word_1_660' title='bbox 846 2267 910 2297; x_wconf 80' lang='lat' dir='ltr'><em>fere</em></span> <span class='ocrx_word' id='word_1_661' title='bbox 930 2269 1073 2306; x_wconf 87' lang='lat' dir='ltr'><em>tempore</em></span> <span class='ocrx_word' id='word_1_662' title='bbox 1092 2268 1231 2306; x_wconf 76' lang='lat' dir='ltr'><em>pugnata</em></span> <span class='ocrx_word' id='word_1_663' title='bbox 1254 2268 1312 2297; x_wconf 84' lang='lat' dir='ltr'><em>est.</em></span> <span class='ocrx_word' id='word_1_664' title='bbox 1345 2268 1454 2304; x_wconf 85' lang='lat' dir='ltr'><em>Neque</em></span> <span class='ocrx_word' id='word_1_665' title='bbox 1476 2265 1536 2295; x_wconf 89' lang='lat' dir='ltr'><em>hoc</em></span> <span class='ocrx_word' id='word_1_666' title='bbox 1558 2264 1624 2295; x_wconf 81' lang='lat' dir='ltr'><em>veri</em></span> <span class='ocrx_word' id='word_1_667' title='bbox 1644 2265 1748 2303; x_wconf 87' lang='lat' dir='ltr'><em>specie</em></span> <span class='ocrx_word' id='word_1_668' title='bbox 1771 2266 1870 2295; x_wconf 84' lang='lat' dir='ltr'><em>caret.</em></span> <span class='ocrx_word' id='word_1_669' title='bbox 1891 2266 1983 2296; x_wconf 90' lang='lat' dir='ltr'><em>Certe</em></span> <span class='ocrx_word' id='word_1_670' title='bbox 2002 2273 2076 2295; x_wconf 89' lang='lat' dir='ltr'><em>cum</em></span> <span class='ocrx_word' id='word_1_671' title='bbox 2099 2265 2233 2295; x_wconf 87' lang='lat' dir='ltr'><em>victoria</em></span> <span class='ocrx_word' id='word_1_672' title='bbox 2254 2264 2295 2296; x_wconf 81' lang='lat' dir='ltr'><em>ad</em></span> 
     </span>
     <span class='ocr_line' id='line_1_59' title="bbox 162 2310 2296 2352; baseline -0.002 -7"><span class='ocrx_word' id='word_1_673' title='bbox 162 2317 230 2345; x_wconf 83' lang='lat' dir='ltr'><em>Gon</em></span> <span class='ocrx_word' id='word_1_674' title='bbox 249 2313 382 2344; x_wconf 80' lang='lat' dir='ltr'><em>insulam</em></span> <span class='ocrx_word' id='word_1_675' title='bbox 405 2312 561 2350; x_wconf 75' lang='lat' dir='ltr'><em>reportata</em></span> <span class='ocrx_word' id='word_1_676' title='bbox 578 2312 683 2350; x_wconf 83' lang='lat' dir='ltr'><em>paullo</em></span> <span class='ocrx_word' id='word_1_677' title='bbox 700 2314 869 2352; x_wconf 82' lang='lat' dir='ltr'><em>antequam</em></span> <span class='ocrx_word' id='word_1_678' title='bbox 887 2314 1064 2344; x_wconf 86' lang='lat' dir='ltr'><em>DemetrIus</em></span> <span class='ocrx_word' id='word_1_679' title='bbox 1078 2313 1109 2343; x_wconf 90' lang='lat' dir='ltr'><em>in</em></span> <span class='ocrx_word' id='word_1_680' title='bbox 1127 2321 1221 2351; x_wconf 79' lang='lat' dir='ltr'><em>regno</em></span> <span class='ocrx_word' id='word_1_681' title='bbox 1238 2311 1438 2349; x_wconf 84' lang='lat' dir='ltr'><em>succederet,</em></span> <span class='ocrx_word' id='word_1_682' title='bbox 1459 2311 1577 2350; x_wconf 88' lang='lat' dir='ltr'><em>optime</em></span> <span class='ocrx_word' id='word_1_683' title='bbox 1593 2311 1727 2349; x_wconf 81' lang='lat' dir='ltr'><em>quadrat</em></span> <span class='ocrx_word' id='word_1_684' title='bbox 1743 2311 1828 2350; x_wconf 83' lang='lat' dir='ltr'><em>quod</em></span> <span class='ocrx_word' id='word_1_685' title='bbox 1850 2311 1881 2341; x_wconf 84' lang='lat' dir='ltr'><em>iu</em></span> <span class='ocrx_word' id='word_1_686' title='bbox 1894 2312 2045 2350; x_wconf 86' lang='lat' dir='ltr'><em>sequente</em></span> <span class='ocrx_word' id='word_1_687' title='bbox 2071 2310 2151 2341; x_wconf 84' lang='lat' dir='ltr'><em>libro</em></span> <span class='ocrx_word' id='word_1_688' title='bbox 2175 2313 2296 2350; x_wconf 87' lang='lat' dir='ltr'><em>Trogus</em></span> 
     </span>
     <span class='ocr_line' id='line_1_60' title="bbox 163 2357 2298 2399; baseline -0.001 -8"><span class='ocrx_word' id='word_1_689' title='bbox 163 2363 283 2397; x_wconf 82' lang='lat' dir='ltr'><em>narrat,</em></span> <span class='ocrx_word' id='word_1_690' title='bbox 310 2359 503 2391; x_wconf 78' lang='lat' dir='ltr'><em>Demetrium</em></span> <span class='ocrx_word' id='word_1_691' title='bbox 518 2359 549 2388; x_wconf 86' lang='lat' dir='ltr'><em>Iu</em></span> <span class='ocrx_word' id='word_1_692' title='bbox 564 2358 634 2388; x_wconf 67' lang='lat' dir='ltr'><em>Asia</em></span> <span class='ocrx_word' id='word_1_693' title='bbox 651 2359 775 2389; x_wconf 77' lang='lat' dir='ltr'><em>Cariam</em></span> <span class='ocrx_word' id='word_1_694' title='bbox 789 2360 845 2389; x_wconf 89' lang='lat' dir='ltr'><em>sihi</em></span> <span class='ocrx_word' id='word_1_695' title='bbox 860 2360 1028 2398; x_wconf 75' lang='lat' dir='ltr'><em>subjecisse</em></span> <span class='ocrx_word' id='word_1_696' title='bbox 1042 2361 1135 2399; x_wconf 88' lang='lat' dir='ltr'><em>(nam</em></span> <span class='ocrx_word' id='word_1_697' title='bbox 1158 2360 1242 2390; x_wconf 85' lang='lat' dir='ltr'><em>recte</em></span> <span class='ocrx_word' id='word_1_698' title='bbox 1258 2358 1464 2389; x_wconf 80' lang='lat' dir='ltr'><em>Niebuhrium</em></span> <span class='ocrx_word' id='word_1_699' title='bbox 1480 2366 1531 2397; x_wconf 84' lang='lat' dir='ltr'><em>ap.</em></span> <span class='ocrx_word' id='word_1_700' title='bbox 1549 2360 1688 2396; x_wconf 82' lang='lat' dir='ltr'><em>Trogum</em></span> <span class='ocrx_word' id='word_1_701' title='bbox 1704 2366 1760 2397; x_wconf 85' lang='lat' dir='ltr'><em>pro</em></span> <span class='ocrx_word' id='word_1_702' title='bbox 1776 2360 1811 2389; x_wconf 85' lang='lat' dir='ltr'><em>in</em></span> <span class='ocrx_word' id='word_1_703' title='bbox 1829 2359 1943 2389; x_wconf 81' lang='lat' dir='ltr'><em>Asiam</em></span> <span class='ocrx_word' id='word_1_704' title='bbox 1967 2360 2104 2389; x_wconf 81' lang='lat' dir='ltr'><em>Cariam</em></span> <span class='ocrx_word' id='word_1_705' title='bbox 2116 2357 2298 2390; x_wconf 79' lang='lat' dir='ltr'><em>emendasse</em></span> 
     </span>
     <span class='ocr_line' id='line_1_61' title="bbox 164 2403 2292 2446; baseline -0 -10"><span class='ocrx_word' id='word_1_706' title='bbox 164 2416 198 2437; x_wconf 71' lang='lat' dir='ltr'><em>in</em></span> <span class='ocrx_word' id='word_1_707' title='bbox 216 2409 294 2438; x_wconf 78' lang='lat' dir='ltr'><em>Asia</em></span> <span class='ocrx_word' id='word_1_708' title='bbox 315 2408 467 2443; x_wconf 79' lang='lat' dir='ltr'><em>Cariam,</em></span> <span class='ocrx_word' id='word_1_709' title='bbox 484 2413 546 2434; x_wconf 80' lang='lat' dir='ltr'><em>non</em></span> <span class='ocrx_word' id='word_1_710' title='bbox 564 2408 610 2434; x_wconf 68' lang='lat' dir='ltr'><em>est</em></span> <span class='ocrx_word' id='word_1_711' title='bbox 624 2405 756 2435; x_wconf 77' lang='lat' dir='ltr'><em>dubium</em></span> <span class='ocrx_word' id='word_1_712' title='bbox 770 2407 790 2443; x_wconf 88' lang='lat'><em>).</em></span> <span class='ocrx_word' id='word_1_713' title='bbox 809 2407 1000 2445; x_wconf 71' lang='lat' dir='ltr'><em>Droysenius</em></span> <span class='ocrx_word' id='word_1_714' title='bbox 1015 2409 1059 2444; x_wconf 85' lang='lat'><em>11,</em></span> <span class='ocrx_word' id='word_1_715' title='bbox 1071 2415 1102 2446; x_wconf 91' lang='lat' dir='ltr'><em>p.</em></span> <span class='ocrx_word' id='word_1_716' title='bbox 1119 2409 1176 2436; x_wconf 83' lang='lat'><em>218</em></span> <span class='ocrx_word' id='word_1_717' title='bbox 1197 2405 1364 2435; x_wconf 78' lang='lat' dir='ltr'><em>vlotoriam</em></span> <span class='ocrx_word' id='word_1_718' title='bbox 1378 2405 1418 2434; x_wconf 85' lang='lat' dir='ltr'><em>ad</em></span> <span class='ocrx_word' id='word_1_719' title='bbox 1436 2406 1503 2435; x_wconf 84' lang='lat' dir='ltr'><em>con</em></span> <span class='ocrx_word' id='word_1_720' title='bbox 1517 2405 1674 2443; x_wconf 81' lang='lat' dir='ltr'><em>pertinere</em></span> <span class='ocrx_word' id='word_1_721' title='bbox 1687 2405 1777 2442; x_wconf 82' lang='lat' dir='ltr'><em>putat</em></span> <span class='ocrx_word' id='word_1_722' title='bbox 1791 2403 1831 2433; x_wconf 86' lang='lat' dir='ltr'><em>ad</em></span> <span class='ocrx_word' id='word_1_723' title='bbox 1847 2412 1896 2434; x_wconf 88' lang='lat' dir='ltr'><em>au.</em></span> <span class='ocrx_word' id='word_1_724' title='bbox 1915 2406 1972 2434; x_wconf 84' lang='grc'><em>263</em></span> <span class='ocrx_word' id='word_1_725' title='bbox 1984 2427 1993 2441; x_wconf 87' lang='grc'><strong>,</strong></span> <span class='ocrx_word' id='word_1_726' title='bbox 2011 2403 2160 2435; x_wconf 86' lang='lat' dir='ltr'><em>dubitans</em></span> <span class='ocrx_word' id='word_1_727' title='bbox 2171 2405 2292 2435; x_wconf 87' lang='lat' dir='ltr'><em>tamen.</em></span> 
     </span>
     <span class='ocr_line' id='line_1_62' title="bbox 162 2450 2296 2493; baseline 0 -10"><span class='ocrx_word' id='word_1_728' title='bbox 162 2472 201 2478; x_wconf 92' lang='lat'><strong>—</strong></span> <span class='ocrx_word' id='word_1_729' title='bbox 220 2455 293 2484; x_wconf 70' lang='lat' dir='ltr'><em>llaec</em></span> <span class='ocrx_word' id='word_1_730' title='bbox 313 2452 404 2489; x_wconf 60' lang='lat' dir='ltr'><em>igitur</em></span> <span class='ocrx_word' id='word_1_731' title='bbox 420 2453 539 2489; x_wconf 71' lang='lat' dir='ltr'><em>Trogus</em></span> <span class='ocrx_word' id='word_1_732' title='bbox 557 2451 587 2480; x_wconf 91' lang='lat' dir='ltr'><em>in</em></span> <span class='ocrx_word' id='word_1_733' title='bbox 601 2451 736 2481; x_wconf 78' lang='lat' dir='ltr'><em>secunda</em></span> <span class='ocrx_word' id='word_1_734' title='bbox 758 2454 845 2490; x_wconf 81' lang='lat' dir='ltr'><em>parte</em></span> <span class='ocrx_word' id='word_1_735' title='bbox 867 2452 938 2483; x_wconf 82' lang='lat' dir='ltr'><em>IIbri</em></span> <span class='ocrx_word' id='word_1_736' title='bbox 958 2454 1073 2484; x_wconf 84' lang='lat' dir='ltr'><strong>XXVII</strong></span> <span class='ocrx_word' id='word_1_737' title='bbox 1097 2454 1256 2493; x_wconf 79' lang='lat' dir='ltr'><em>exposuit.</em></span> <span class='ocrx_word' id='word_1_738' title='bbox 1277 2453 1394 2484; x_wconf 77' lang='lat' dir='ltr'><em>Deinde</em></span> <span class='ocrx_word' id='word_1_739' title='bbox 1411 2453 1441 2483; x_wconf 89' lang='lat' dir='ltr'><em>in</em></span> <span class='ocrx_word' id='word_1_740' title='bbox 1457 2451 1580 2491; x_wconf 79' lang='lat' dir='ltr'><em>Syriam</em></span> <span class='ocrx_word' id='word_1_741' title='bbox 1607 2452 1775 2490; x_wconf 76' lang='lat' dir='ltr'><em>Asiamque</em></span> <span class='ocrx_word' id='word_1_742' title='bbox 1793 2450 1947 2481; x_wconf 87' lang='lat' dir='ltr'><em>minorem</em></span> <span class='ocrx_word' id='word_1_743' title='bbox 1968 2453 2146 2490; x_wconf 78' lang='lat' dir='ltr'><em>revertens,</em></span> <span class='ocrx_word' id='word_1_744' title='bbox 2173 2453 2296 2485; x_wconf 84' lang='lat' dir='ltr'><em>Seleuci</em></span> 
     </span>
     <span class='ocr_line' id='line_1_63' title="bbox 163 2496 2294 2538; baseline 0 -8"><span class='ocrx_word' id='word_1_745' title='bbox 163 2501 194 2530; x_wconf 78' lang='lat' dir='ltr'><em>et</em></span> <span class='ocrx_word' id='word_1_746' title='bbox 220 2498 362 2530; x_wconf 81' lang='lat' dir='ltr'><em>Antiochi</em></span> <span class='ocrx_word' id='word_1_747' title='bbox 381 2497 498 2527; x_wconf 81' lang='lat' dir='ltr'><em>bellum</em></span> <span class='ocrx_word' id='word_1_748' title='bbox 521 2497 696 2527; x_wconf 76' lang='lat' dir='ltr'><em>secundum</em></span> <span class='ocrx_word' id='word_1_749' title='bbox 718 2507 816 2536; x_wconf 67' lang='lat' dir='ltr'><em>usque</em></span> <span class='ocrx_word' id='word_1_750' title='bbox 841 2498 880 2528; x_wconf 86' lang='lat' dir='ltr'><em>ad</em></span> <span class='ocrx_word' id='word_1_751' title='bbox 906 2501 1042 2529; x_wconf 87' lang='lat' dir='ltr'><em>mortem</em></span> <span class='ocrx_word' id='word_1_752' title='bbox 1059 2500 1193 2530; x_wconf 81' lang='lat' dir='ltr'><em>fratrum</em></span> <span class='ocrx_word' id='word_1_753' title='bbox 1215 2499 1368 2531; x_wconf 77' lang='lat' dir='ltr'><em>narravit.</em></span> <span class='ocrx_word' id='word_1_754' title='bbox 1390 2501 1466 2530; x_wconf 81' lang='lat' dir='ltr'><em>llaec</em></span> <span class='ocrx_word' id='word_1_755' title='bbox 1486 2498 1592 2538; x_wconf 86' lang='lat' dir='ltr'><em>paullo</em></span> <span class='ocrx_word' id='word_1_756' title='bbox 1617 2498 1717 2528; x_wconf 81' lang='lat' dir='ltr'><em>fusius</em></span> <span class='ocrx_word' id='word_1_757' title='bbox 1734 2496 1914 2527; x_wconf 86' lang='lat' dir='ltr'><em>annotanda</em></span> <span class='ocrx_word' id='word_1_758' title='bbox 1927 2498 2034 2536; x_wconf 81' lang='lat' dir='ltr'><em>erant,</em></span> <span class='ocrx_word' id='word_1_759' title='bbox 2053 2499 2090 2528; x_wconf 88' lang='lat' dir='ltr'><em>ut</em></span> <span class='ocrx_word' id='word_1_760' title='bbox 2105 2497 2199 2529; x_wconf 84' lang='lat' dir='ltr'><em>fidem</em></span> <span class='ocrx_word' id='word_1_761' title='bbox 2217 2501 2294 2530; x_wconf 86' lang='lat' dir='ltr'><em>Por-</em></span> 
     </span>
     <span class='ocr_line' id='line_1_64' title="bbox 163 2544 562 2584; baseline -0.01 -8"><span class='ocrx_word' id='word_1_762' title='bbox 163 2545 264 2584; x_wconf 66' lang='lat' dir='ltr'><em>phyrii</em></span> <span class='ocrx_word' id='word_1_763' title='bbox 279 2544 376 2574; x_wconf 84' lang='lat' dir='ltr'><em>nostri</em></span> <span class='ocrx_word' id='word_1_764' title='bbox 390 2545 562 2573; x_wconf 79' lang='lat' dir='ltr'><em>tueremur.</em></span> 
     </span>
    </p>

    <p class='ocr_par' dir='ltr' id='par_1_12' title="bbox 163 2588 2294 2817">
     <span class='ocr_line' id='line_1_65' title="bbox 201 2588 2288 2631; baseline 0 -9"><span class='ocrx_word' id='word_1_765' title='bbox 201 2591 220 2630; x_wconf 74' lang='lat'>§</span> <span class='ocrx_word' id='word_1_766' title='bbox 244 2596 270 2622; x_wconf 86' lang='grc'><em>8.</em></span> <span class='ocrx_word' id='word_1_767' title='bbox 295 2592 363 2621; x_wconf 88' lang='lat' dir='ltr'><em>not.</em></span> <span class='ocrx_word' id='word_1_768' title='bbox 389 2595 414 2620; x_wconf 88' lang='lat'><em>1.</em></span> <span class='ocrx_word' id='word_1_769' title='bbox 435 2589 637 2628; x_wconf 76' lang='lat' dir='ltr'><em>Antiochus]</em></span> <span class='ocrx_word' id='word_1_770' title='bbox 653 2589 753 2619; x_wconf 73' lang='lat' dir='ltr'><em>codex</em></span> <span class='ocrx_word' id='word_1_771' title='bbox 770 2592 798 2620; x_wconf 80' lang='lat' dir='ltr'><em>ct</em></span> <span class='ocrx_word' id='word_1_772' title='bbox 815 2590 874 2620; x_wconf 87' lang='lat' dir='ltr'><em>hoc</em></span> <span class='ocrx_word' id='word_1_773' title='bbox 896 2591 966 2620; x_wconf 86' lang='lat' dir='ltr'><em>Ioco</em></span> <span class='ocrx_word' id='word_1_774' title='bbox 982 2592 1013 2621; x_wconf 78' lang='lat' dir='ltr'><em>ct</em></span> <span class='ocrx_word' id='word_1_775' title='bbox 1029 2591 1058 2621; x_wconf 90' lang='lat' dir='ltr'><em>in</em></span> <span class='ocrx_word' id='word_1_776' title='bbox 1073 2600 1159 2630; x_wconf 75' lang='lat' dir='ltr'><em>seqq.</em></span> <span class='ocrx_word' id='word_1_777' title='bbox 1183 2600 1305 2631; x_wconf 80' lang='lat' dir='ltr'><em>semper</em></span> <span class='ocrx_word' id='word_1_778' title='bbox 1319 2592 1514 2631; x_wconf 74' lang='lat' dir='ltr'><em>Antiqonus.</em></span> <span class='ocrx_word' id='word_1_779' title='bbox 1532 2608 1570 2612; x_wconf 89' lang='lat'><strong>—</strong></span> <span class='ocrx_word' id='word_1_780' title='bbox 1589 2595 1619 2621; x_wconf 86' lang='lat'><em>2.</em></span> <span class='ocrx_word' id='word_1_781' title='bbox 1636 2588 1895 2629; x_wconf 79' lang='lat' dir='ltr'><em>Alexandrum]</em></span> <span class='ocrx_word' id='word_1_782' title='bbox 1910 2589 1954 2619; x_wconf 89' lang='lat' dir='ltr'><em>sic</em></span> <span class='ocrx_word' id='word_1_783' title='bbox 1976 2590 2122 2629; x_wconf 87' lang='lat' dir='ltr'><em>Aucher;</em></span> <span class='ocrx_word' id='word_1_784' title='bbox 2137 2590 2288 2622; x_wconf 84' lang='lat' dir='ltr'><em>Alexan·</em></span> 
     </span>
     <span class='ocr_line' id='line_1_66' title="bbox 164 2635 2291 2676; baseline -0 -7"><span class='ocrx_word' id='word_1_785' title='bbox 164 2637 252 2669; x_wconf 61' lang='grc' dir='ltr'><em>ἀνία)</em></span> <span class='ocrx_word' id='word_1_786' title='bbox 266 2637 377 2675; x_wconf 85' lang='lat' dir='ltr'><em>Majus.</em></span> <span class='ocrx_word' id='word_1_787' title='bbox 394 2637 540 2666; x_wconf 76' lang='lat' dir='ltr'><em>Ceterum</em></span> <span class='ocrx_word' id='word_1_788' title='bbox 553 2635 637 2665; x_wconf 88' lang='lat' dir='ltr'><em>huuc</em></span> <span class='ocrx_word' id='word_1_789' title='bbox 653 2635 865 2665; x_wconf 77' lang='lat' dir='ltr'><em>Alexandrum</em></span> <span class='ocrx_word' id='word_1_790' title='bbox 883 2636 1010 2667; x_wconf 80' lang='lat' dir='ltr'><em>aliunde</em></span> <span class='ocrx_word' id='word_1_791' title='bbox 1030 2646 1091 2667; x_wconf 88' lang='lat' dir='ltr'><em>nou</em></span> <span class='ocrx_word' id='word_1_792' title='bbox 1107 2637 1262 2667; x_wconf 69' lang='lat' dir='ltr'><em>novimus.</em></span> <span class='ocrx_word' id='word_1_793' title='bbox 1278 2656 1318 2662; x_wconf 88' lang='lat'><em>—-</em></span> <span class='ocrx_word' id='word_1_794' title='bbox 1332 2642 1360 2668; x_wconf 77' lang='lat'><em>23.</em></span> <span class='ocrx_word' id='word_1_795' title='bbox 1387 2637 1592 2676; x_wconf 78' lang='lat' dir='ltr'><em>Ephesum...</em></span> <span class='ocrx_word' id='word_1_796' title='bbox 1611 2637 1840 2668; x_wconf 76' lang='lat' dir='ltr'><em>Ptolemaeus..</em></span> <span class='ocrx_word' id='word_1_797' title='bbox 1865 2635 2055 2676; x_wconf 85' lang='lat' dir='ltr'><em>insidebat]</em></span> <span class='ocrx_word' id='word_1_798' title='bbox 2084 2637 2291 2676; x_wconf 79' lang='lat' dir='ltr'><em>Ptolemaeus,</em></span> 
     </span>
     <span class='ocr_line' id='line_1_67' title="bbox 163 2680 2294 2724; baseline 0.001 -11"><span class='ocrx_word' id='word_1_799' title='bbox 163 2681 326 2714; x_wconf 69' lang='lat' dir='ltr'><em>Ptolemaei</em></span> <span class='ocrx_word' id='word_1_800' title='bbox 342 2680 536 2718; x_wconf 71' lang='lat' dir='ltr'><em>Philadelphi</em></span> <span class='ocrx_word' id='word_1_801' title='bbox 554 2680 635 2710; x_wconf 80' lang='lat' dir='ltr'><em>tillus</em></span> <span class='ocrx_word' id='word_1_802' title='bbox 651 2681 786 2719; x_wconf 87' lang='lat' dir='ltr'><em>nothus,</em></span> <span class='ocrx_word' id='word_1_803' title='bbox 800 2681 933 2719; x_wconf 84' lang='lat' dir='ltr'><em>juvante</em></span> <span class='ocrx_word' id='word_1_804' title='bbox 950 2683 1120 2713; x_wconf 79' lang='lat' dir='ltr'><em>Timarcho</em></span> <span class='ocrx_word' id='word_1_805' title='bbox 1135 2683 1325 2715; x_wconf 62' lang='lat' dir='ltr'><em>Milesiorum</em></span> <span class='ocrx_word' id='word_1_806' title='bbox 1340 2687 1474 2723; x_wconf 69' lang='lat' dir='ltr'><em>tyranno</em></span> <span class='ocrx_word' id='word_1_807' title='bbox 1487 2708 1494 2721; x_wconf 95' lang='lat'>‚</span> <span class='ocrx_word' id='word_1_808' title='bbox 1517 2692 1535 2714; x_wconf 84' lang='lat' dir='ltr'><em>a</em></span> <span class='ocrx_word' id='word_1_809' title='bbox 1549 2685 1639 2723; x_wconf 86' lang='lat' dir='ltr'><em>patre</em></span> <span class='ocrx_word' id='word_1_810' title='bbox 1655 2683 1803 2714; x_wconf 80' lang='lat' dir='ltr'><em>deficiens</em></span> <span class='ocrx_word' id='word_1_811' title='bbox 1823 2683 1981 2722; x_wconf 84' lang='lat' dir='ltr'><em>Ephesum</em></span> <span class='ocrx_word' id='word_1_812' title='bbox 2005 2685 2213 2724; x_wconf 83' lang='lat' dir='ltr'><em>occupaverat</em></span> <span class='ocrx_word' id='word_1_813' title='bbox 2229 2693 2294 2724; x_wconf 87' lang='lat' dir='ltr'><em>quo</em></span> 
     </span>
     <span class='ocr_line' id='line_1_68' title="bbox 163 2727 2292 2770; baseline 0 -10"><span class='ocrx_word' id='word_1_814' title='bbox 163 2733 305 2768; x_wconf 86' lang='lat' dir='ltr'><em>tempore</em></span> <span class='ocrx_word' id='word_1_815' title='bbox 322 2728 353 2758; x_wconf 91' lang='lat' dir='ltr'><em>iu</em></span> <span class='ocrx_word' id='word_1_816' title='bbox 368 2727 454 2766; x_wconf 71' lang='lat' dir='ltr'><em>Syria</em></span> <span class='ocrx_word' id='word_1_817' title='bbox 469 2728 607 2763; x_wconf 63' lang='lat' dir='ltr'><em>regnavit</em></span> <span class='ocrx_word' id='word_1_818' title='bbox 622 2727 792 2757; x_wconf 71' lang='lat' dir='ltr'><em>Antiochus</em></span> <span class='ocrx_word' id='word_1_819' title='bbox 808 2730 901 2758; x_wconf 75' lang='lat' dir='ltr'><em>Deus.</em></span> <span class='ocrx_word' id='word_1_820' title='bbox 921 2730 959 2759; x_wconf 93' lang='lat' dir='ltr'><em>V.</em></span> <span class='ocrx_word' id='word_1_821' title='bbox 977 2731 1068 2767; x_wconf 75' lang='lat' dir='ltr'><em>&#39;ri-og,</em></span> <span class='ocrx_word' id='word_1_822' title='bbox 1088 2731 1194 2770; x_wconf 87' lang='lat' dir='ltr'><em>Pomp.</em></span> <span class='ocrx_word' id='word_1_823' title='bbox 1211 2732 1329 2769; x_wconf 66' lang='lat' dir='ltr'><em>l‘rolog.</em></span> <span class='ocrx_word' id='word_1_824' title='bbox 1348 2733 1461 2762; x_wconf 84' lang='lat' dir='ltr'><strong>XXVI.</strong></span> <span class='ocrx_word' id='word_1_825' title='bbox 1479 2731 1648 2761; x_wconf 68' lang='lat' dir='ltr'><em>Ptolemaeo</em></span> <span class='ocrx_word' id='word_1_826' title='bbox 1665 2731 1725 2760; x_wconf 85' lang='lat' dir='ltr'><em>Isto</em></span> <span class='ocrx_word' id='word_1_827' title='bbox 1737 2730 1859 2769; x_wconf 87' lang='lat' dir='ltr'><em>occiso,</em></span> <span class='ocrx_word' id='word_1_828' title='bbox 1874 2729 2017 2769; x_wconf 84' lang='lat' dir='ltr'><em>Ephesus</em></span> <span class='ocrx_word' id='word_1_829' title='bbox 2030 2729 2063 2761; x_wconf 83' lang='lat' dir='ltr'><em>ln</em></span> <span class='ocrx_word' id='word_1_830' title='bbox 2077 2729 2292 2770; x_wconf 81' lang='lat' dir='ltr'><em>AEgyptiorum</em></span> 
     </span>
     <span class='ocr_line' id='line_1_69' title="bbox 164 2772 1756 2817; baseline 0.001 -12"><span class='ocrx_word' id='word_1_831' title='bbox 164 2774 352 2814; x_wconf 84' lang='lat' dir='ltr'><em>potestatem</em></span> <span class='ocrx_word' id='word_1_832' title='bbox 371 2772 479 2809; x_wconf 70' lang='lat' dir='ltr'><em>redut,</em></span> <span class='ocrx_word' id='word_1_833' title='bbox 498 2772 588 2811; x_wconf 76' lang='lat' dir='ltr'><em>eique</em></span> <span class='ocrx_word' id='word_1_834' title='bbox 609 2774 775 2812; x_wconf 76' lang='lat' dir='ltr'><em>praelectus</em></span> <span class='ocrx_word' id='word_1_835' title='bbox 789 2776 835 2804; x_wconf 84' lang='lat' dir='ltr'><em>est</em></span> <span class='ocrx_word' id='word_1_836' title='bbox 854 2775 1009 2813; x_wconf 82' lang='lat' dir='ltr'><em>Sophron.</em></span> <span class='ocrx_word' id='word_1_837' title='bbox 1026 2777 1066 2806; x_wconf 92' lang='lat' dir='ltr'><em>V.</em></span> <span class='ocrx_word' id='word_1_838' title='bbox 1083 2775 1247 2814; x_wconf 62' lang='lat' dir='ltr'><em>Phylarch.</em></span> <span class='ocrx_word' id='word_1_839' title='bbox 1268 2786 1319 2817; x_wconf 88' lang='lat' dir='ltr'><em>ap.</em></span> <span class='ocrx_word' id='word_1_840' title='bbox 1337 2777 1450 2807; x_wconf 85' lang='lat' dir='ltr'><em>Athen.</em></span> <span class='ocrx_word' id='word_1_841' title='bbox 1469 2778 1562 2815; x_wconf 87' lang='lat' dir='ltr'><strong>XIII,</strong></span> <span class='ocrx_word' id='word_1_842' title='bbox 1577 2786 1608 2816; x_wconf 94' lang='lat' dir='ltr'><em>p.</em></span> <span class='ocrx_word' id='word_1_843' title='bbox 1629 2780 1705 2813; x_wconf 76' lang='lat'>593,</span> <span class='ocrx_word' id='word_1_844' title='bbox 1721 2778 1756 2808; x_wconf 88' lang='lat' dir='ltr'><em>B.</em></span> 
     </span>
    </p>

    <p class='ocr_par' dir='ltr' id='par_1_13' title="bbox 162 2818 2291 2950">
     <span class='ocr_line' id='line_1_70' title="bbox 202 2818 2290 2862; baseline 0.001 -11"><span class='ocrx_word' id='word_1_845' title='bbox 202 2819 220 2859; x_wconf 83' lang='lat'>§</span> <span class='ocrx_word' id='word_1_846' title='bbox 243 2824 273 2852; x_wconf 84' lang='lat'><em>9.</em></span> <span class='ocrx_word' id='word_1_847' title='bbox 298 2821 363 2850; x_wconf 86' lang='lat' dir='ltr'><em>not.</em></span> <span class='ocrx_word' id='word_1_848' title='bbox 394 2823 420 2849; x_wconf 87' lang='lat'><em>1.</em></span> <span class='ocrx_word' id='word_1_849' title='bbox 448 2818 600 2858; x_wconf 71' lang='lat' dir='ltr'><em>Typhon]</em></span> <span class='ocrx_word' id='word_1_850' title='bbox 618 2819 719 2857; x_wconf 62' lang='lat' dir='ltr'><em>Vulgo</em></span> <span class='ocrx_word' id='word_1_851' title='bbox 741 2819 799 2851; x_wconf 86' lang='lat' dir='ltr'><em>hoc</em></span> <span class='ocrx_word' id='word_1_852' title='bbox 818 2821 945 2852; x_wconf 85' lang='lat' dir='ltr'><em>nomine</em></span> <span class='ocrx_word' id='word_1_853' title='bbox 969 2823 1098 2853; x_wconf 86' lang='lat' dir='ltr'><em>notatur</em></span> <span class='ocrx_word' id='word_1_854' title='bbox 1122 2823 1310 2854; x_wconf 59' lang='lat' dir='ltr'><em>Ptolemaeus</em></span> <span class='ocrx_word' id='word_1_855' title='bbox 1330 2824 1495 2862; x_wconf 76' lang='lat' dir='ltr'><em>Euergetes</em></span> <span class='ocrx_word' id='word_1_856' title='bbox 1521 2824 1561 2854; x_wconf 83' lang='grc'><em>11.</em></span> <span class='ocrx_word' id='word_1_857' title='bbox 1588 2824 1656 2854; x_wconf 86' lang='lat' dir='ltr'><em>Non</em></span> <span class='ocrx_word' id='word_1_858' title='bbox 1670 2821 1797 2852; x_wconf 81' lang='lat' dir='ltr'><em>subesse</em></span> <span class='ocrx_word' id='word_1_859' title='bbox 1813 2821 2009 2861; x_wconf 85' lang='lat' dir='ltr'><em>excerptoris</em></span> <span class='ocrx_word' id='word_1_860' title='bbox 2032 2830 2190 2861; x_wconf 83' lang='lat' dir='ltr'><em>errorem,</em></span> <span class='ocrx_word' id='word_1_861' title='bbox 2204 2822 2290 2861; x_wconf 81' lang='lat' dir='ltr'><em>patet</em></span> 
     </span>
     <span class='ocr_line' id='line_1_71' title="bbox 162 2864 2291 2908; baseline 0.001 -12"><span class='ocrx_word' id='word_1_862' title='bbox 162 2875 202 2897; x_wconf 83' lang='lat' dir='ltr'><em>ex</em></span> <span class='ocrx_word' id='word_1_863' title='bbox 215 2868 316 2905; x_wconf 71' lang='lat' dir='ltr'><em>Trogo</em></span> <span class='ocrx_word' id='word_1_864' title='bbox 331 2868 440 2904; x_wconf 85' lang='lat' dir='ltr'><em>Pomp.</em></span> <span class='ocrx_word' id='word_1_865' title='bbox 462 2864 493 2894; x_wconf 89' lang='lat' dir='ltr'><em>in</em></span> <span class='ocrx_word' id='word_1_866' title='bbox 509 2865 631 2903; x_wconf 72' lang='lat' dir='ltr'><em>I‘rolog.</em></span> <span class='ocrx_word' id='word_1_867' title='bbox 657 2867 788 2897; x_wconf 81' lang='lat' dir='ltr'><strong>XXVII.</strong></span> <span class='ocrx_word' id='word_1_868' title='bbox 806 2885 845 2892; x_wconf 94' lang='lat'>—</span> <span class='ocrx_word' id='word_1_869' title='bbox 860 2871 888 2897; x_wconf 88' lang='lat'><em>2.</em></span> <span class='ocrx_word' id='word_1_870' title='bbox 911 2868 1008 2906; x_wconf 68' lang='lat' dir='ltr'><em>Igitur</em></span> <span class='ocrx_word' id='word_1_871' title='bbox 1024 2876 1126 2907; x_wconf 84' lang='lat' dir='ltr'><em>neque</em></span> <span class='ocrx_word' id='word_1_872' title='bbox 1141 2870 1294 2900; x_wconf 79' lang='lat' dir='ltr'><em>Damasco</em></span> <span class='ocrx_word' id='word_1_873' title='bbox 1307 2878 1411 2908; x_wconf 88' lang='lat' dir='ltr'><em>neque</em></span> <span class='ocrx_word' id='word_1_874' title='bbox 1425 2869 1572 2900; x_wconf 86' lang='lat' dir='ltr'><em>Orthosia</em></span> <span class='ocrx_word' id='word_1_875' title='bbox 1592 2868 1782 2900; x_wconf 79' lang='lat' dir='ltr'><em>Ptolemaeus</em></span> <span class='ocrx_word' id='word_1_876' title='bbox 1797 2867 1829 2898; x_wconf 87' lang='lat' dir='ltr'><em>iu</em></span> <span class='ocrx_word' id='word_1_877' title='bbox 1846 2867 1948 2908; x_wconf 87' lang='lat' dir='ltr'><em>priore</em></span> <span class='ocrx_word' id='word_1_878' title='bbox 1965 2867 2165 2907; x_wconf 83' lang='lat' dir='ltr'><em>expeditione</em></span> <span class='ocrx_word' id='word_1_879' title='bbox 2183 2868 2291 2899; x_wconf 77' lang='lat' dir='ltr'><em>contra</em></span> 
     </span>
     <span class='ocr_line' id='line_1_72' title="bbox 162 2911 712 2950; baseline -0.004 -7"><span class='ocrx_word' id='word_1_880' title='bbox 162 2912 329 2943; x_wconf 85' lang='lat' dir='ltr'><em>Seleucum</em></span> <span class='ocrx_word' id='word_1_881' title='bbox 345 2912 490 2950; x_wconf 76' lang='lat' dir='ltr'><em>suscepta</em></span> <span class='ocrx_word' id='word_1_882' title='bbox 507 2911 623 2949; x_wconf 83' lang='lat' dir='ltr'><em>potitus</em></span> <span class='ocrx_word' id='word_1_883' title='bbox 636 2913 712 2941; x_wconf 80' lang='lat' dir='ltr'><em>erat.</em></span> 
     </span>
    </p>

    <p class='ocr_par' dir='ltr' id='par_1_14' title="bbox 161 2957 2289 3229">
     <span class='ocr_line' id='line_1_73' title="bbox 202 2957 2289 3001; baseline 0 -12"><span class='ocrx_word' id='word_1_884' title='bbox 202 2959 221 2998; x_wconf 53' lang='grc' dir='ltr'><strong><em>ξ</em></strong></span> <span class='ocrx_word' id='word_1_885' title='bbox 248 2963 295 2989; x_wconf 84' lang='lat'><em>¹0.</em></span> <span class='ocrx_word' id='word_1_886' title='bbox 313 2960 382 2989; x_wconf 86' lang='lat' dir='ltr'><em>not.</em></span> <span class='ocrx_word' id='word_1_887' title='bbox 404 2962 429 2988; x_wconf 92' lang='grc'><em>1.</em></span> <span class='ocrx_word' id='word_1_888' title='bbox 447 2958 536 2996; x_wconf 87' lang='lat' dir='ltr'><em>Apud</em></span> <span class='ocrx_word' id='word_1_889' title='bbox 552 2958 729 2988; x_wconf 72' lang='lat' dir='ltr'><em>Ani-herum</em></span> <span class='ocrx_word' id='word_1_890' title='bbox 742 2959 853 2997; x_wconf 66' lang='lat' dir='ltr'><em>legitur</em></span> <span class='ocrx_word' id='word_1_891' title='bbox 868 2973 873 2990; x_wconf 93' lang='lat'><em>·.</em></span> <span class='ocrx_word' id='word_1_892' title='bbox 886 2967 1004 2991; x_wconf 83' lang='lat' dir='ltr'><em>verum</em></span> <span class='ocrx_word' id='word_1_893' title='bbox 1018 2970 1038 2991; x_wconf 92' lang='lat' dir='ltr'><em>a</em></span> <span class='ocrx_word' id='word_1_894' title='bbox 1053 2963 1123 2991; x_wconf 80' lang='lat' dir='ltr'><em>suis</em></span> <span class='ocrx_word' id='word_1_895' title='bbox 1135 2961 1339 3001; x_wconf 80' lang='lat' dir='ltr'><em>voluptariis</em></span> <span class='ocrx_word' id='word_1_896' title='bbox 1351 2962 1516 2992; x_wconf 79' lang='lat' dir='ltr'><em>ministris</em></span> <span class='ocrx_word' id='word_1_897' title='bbox 1532 2960 1690 2992; x_wconf 82' lang='lat' dir='ltr'><em>barbaris</em></span> <span class='ocrx_word' id='word_1_898' title='bbox 1705 2957 1857 2990; x_wconf 83' lang='lat' dir='ltr'><em>traditus</em></span> <span class='ocrx_word' id='word_1_899' title='bbox 1869 2960 1930 2989; x_wconf 83' lang='lat' dir='ltr'><em>est.</em></span> <span class='ocrx_word' id='word_1_900' title='bbox 1943 2977 1982 2984; x_wconf 92' lang='grc'>-</span> <span class='ocrx_word' id='word_1_901' title='bbox 1994 2963 2023 2989; x_wconf 80' lang='lat'><em>2.</em></span> <span class='ocrx_word' id='word_1_902' title='bbox 2036 2959 2070 2990; x_wconf 87' lang='lat' dir='ltr'><em>in</em></span> <span class='ocrx_word' id='word_1_903' title='bbox 2089 2957 2209 2999; x_wconf 84' lang='lat' dir='ltr'><em>Caria]</em></span> <span class='ocrx_word' id='word_1_904' title='bbox 2222 2959 2289 2990; x_wconf 88' lang='lat' dir='ltr'><em>Non</em></span> 
     </span>
     <span class='ocr_line' id='line_1_74' title="bbox 162 3004 2287 3048; baseline -0 -14"><span class='ocrx_word' id='word_1_905' title='bbox 162 3005 201 3036; x_wconf 81' lang='lat' dir='ltr'><em>‹Ie</em></span> <span class='ocrx_word' id='word_1_906' title='bbox 215 3005 295 3036; x_wconf 74' lang='lat' dir='ltr'><em>Asiae</em></span> <span class='ocrx_word' id='word_1_907' title='bbox 309 3004 400 3035; x_wconf 85' lang='lat' dir='ltr'><em>Caria</em></span> <span class='ocrx_word' id='word_1_908' title='bbox 419 3013 492 3034; x_wconf 86' lang='lat' dir='ltr'><em>cum</em></span> <span class='ocrx_word' id='word_1_909' title='bbox 516 3004 684 3035; x_wconf 68' lang='lat' dir='ltr'><em>Mehuhrio</em></span> <span class='ocrx_word' id='word_1_910' title='bbox 701 3006 900 3043; x_wconf 74' lang='lat' dir='ltr'><em>cogitandum</em></span> <span class='ocrx_word' id='word_1_911' title='bbox 912 3031 920 3045; x_wconf 96' lang='lat'>,</span> <span class='ocrx_word' id='word_1_912' title='bbox 939 3007 991 3037; x_wconf 87' lang='lat' dir='ltr'><em>sed</em></span> <span class='ocrx_word' id='word_1_913' title='bbox 1006 3007 1045 3037; x_wconf 86' lang='lat' dir='ltr'><em>de</em></span> <span class='ocrx_word' id='word_1_914' title='bbox 1060 3008 1230 3047; x_wconf 74' lang='lat' dir='ltr'><em>&#39;flu-aeica,</em></span> <span class='ocrx_word' id='word_1_915' title='bbox 1248 3017 1341 3048; x_wconf 86' lang='lat' dir='ltr'><em>super</em></span> <span class='ocrx_word' id='word_1_916' title='bbox 1356 3007 1507 3039; x_wconf 85' lang='lat' dir='ltr'><em>Odessam</em></span> <span class='ocrx_word' id='word_1_917' title='bbox 1521 3006 1561 3038; x_wconf 85' lang='lat' dir='ltr'><em>ad</em></span> <span class='ocrx_word' id='word_1_918' title='bbox 1576 3007 1712 3037; x_wconf 87' lang='lat' dir='ltr'><em>Pontum</em></span> <span class='ocrx_word' id='word_1_919' title='bbox 1727 3005 1797 3035; x_wconf 75' lang='lat' dir='ltr'><em>sita.</em></span> <span class='ocrx_word' id='word_1_920' title='bbox 1816 3005 1938 3036; x_wconf 81' lang='lat' dir='ltr'><em>ArrIan.</em></span> <span class='ocrx_word' id='word_1_921' title='bbox 1956 3005 2070 3044; x_wconf 87' lang='lat' dir='ltr'><em>Peripl.</em></span> <span class='ocrx_word' id='word_1_922' title='bbox 2098 3006 2187 3036; x_wconf 84' lang='lat' dir='ltr'><em>Pont.</em></span> <span class='ocrx_word' id='word_1_923' title='bbox 2207 3006 2287 3035; x_wconf 83' lang='lat' dir='ltr'><em>Eux.</em></span> 
     </span>
     <span class='ocr_line' id='line_1_75' title="bbox 161 3050 2287 3095; baseline 0 -13"><span class='ocrx_word' id='word_1_924' title='bbox 161 3051 179 3090; x_wconf 79' lang='lat'>§</span> <span class='ocrx_word' id='word_1_925' title='bbox 194 3054 231 3082; x_wconf 75' lang='lat'><em>24</em></span> <span class='ocrx_word' id='word_1_926' title='bbox 246 3075 254 3089; x_wconf 90' lang='lat'><em>‚</em></span> <span class='ocrx_word' id='word_1_927' title='bbox 271 3056 288 3083; x_wconf 83' lang='lat'><strong>3</strong></span> <span class='ocrx_word' id='word_1_928' title='bbox 306 3064 312 3082; x_wconf 91' lang='lat'>:</span> <span class='ocrx_word' id='word_1_929' title='bbox 329 3053 437 3091; x_wconf 72' lang='grc' dir='ltr'>Καρῶν</span> <span class='ocrx_word' id='word_1_930' title='bbox 451 3052 540 3089; x_wconf 72' lang='grc' dir='ltr'>λιμὴν</span> <span class='ocrx_word' id='word_1_931' title='bbox 552 3074 559 3088; x_wconf 88' lang='grc'>,</span> <span class='ocrx_word' id='word_1_932' title='bbox 574 3053 626 3081; x_wconf 75' lang='grc' dir='ltr'><em>καὶ</em></span> <span class='ocrx_word' id='word_1_933' title='bbox 644 3053 661 3087; x_wconf 76' lang='grc' dir='ltr'>ἡ</span> <span class='ocrx_word' id='word_1_934' title='bbox 676 3055 714 3090; x_wconf 78' lang='grc' dir='ltr'><em>γῆ</em></span> <span class='ocrx_word' id='word_1_935' title='bbox 732 3053 761 3083; x_wconf 78' lang='grc' dir='ltr'>ἐν</span> <span class='ocrx_word' id='word_1_936' title='bbox 781 3054 883 3093; x_wconf 64' lang='grc' dir='ltr'>κύκλῳ</span> <span class='ocrx_word' id='word_1_937' title='bbox 900 3058 954 3084; x_wconf 73' lang='grc' dir='ltr'><em>τοῦ</em></span> <span class='ocrx_word' id='word_1_938' title='bbox 971 3056 1088 3094; x_wconf 73' lang='grc' dir='ltr'>λιμένος</span> <span class='ocrx_word' id='word_1_939' title='bbox 1112 3056 1210 3095; x_wconf 75' lang='grc' dir='ltr'>Καρία</span> <span class='ocrx_word' id='word_1_940' title='bbox 1223 3057 1370 3086; x_wconf 60' lang='lat' dir='ltr'><em>mosim.</em></span> <span class='ocrx_word' id='word_1_941' title='bbox 1394 3053 1511 3085; x_wconf 81' lang='lat' dir='ltr'><em>Eadem</em></span> <span class='ocrx_word' id='word_1_942' title='bbox 1529 3056 1713 3092; x_wconf 81' lang='lat' dir='ltr'><em>Anonymus</em></span> <span class='ocrx_word' id='word_1_943' title='bbox 1730 3053 1753 3083; x_wconf 88' lang='lat' dir='ltr'>B</span> <span class='ocrx_word' id='word_1_944' title='bbox 1775 3051 1806 3082; x_wconf 83' lang='lat' dir='ltr'><em>in</em></span> <span class='ocrx_word' id='word_1_945' title='bbox 1827 3051 1940 3090; x_wconf 84' lang='lat' dir='ltr'><em>Peripl.</em></span> <span class='ocrx_word' id='word_1_946' title='bbox 1960 3053 2051 3082; x_wconf 87' lang='lat' dir='ltr'><em>Pont.</em></span> <span class='ocrx_word' id='word_1_947' title='bbox 2066 3050 2084 3090; x_wconf 84' lang='lat'>§</span> <span class='ocrx_word' id='word_1_948' title='bbox 2105 3054 2138 3083; x_wconf 89' lang='grc'><em>18</em></span> <span class='ocrx_word' id='word_1_949' title='bbox 2158 3051 2189 3082; x_wconf 71' lang='lat' dir='ltr'><em>ln</em></span> <span class='ocrx_word' id='word_1_950' title='bbox 2208 3050 2287 3082; x_wconf 74' lang='lat' dir='ltr'><em>Gai!-</em></span> 
     </span>
     <span class='ocr_line' id='line_1_76' title="bbox 161 3097 2289 3143; baseline 0 -14"><span class='ocrx_word' id='word_1_951' title='bbox 161 3100 274 3134; x_wconf 61' lang='lat' dir='ltr'><em>Geossr.</em></span> <span class='ocrx_word' id='word_1_952' title='bbox 290 3098 365 3128; x_wconf 88' lang='lat' dir='ltr'><em>min.</em></span> <span class='ocrx_word' id='word_1_953' title='bbox 381 3100 459 3128; x_wconf 82' lang='lat' dir='ltr'><em>tom.</em></span> <span class='ocrx_word' id='word_1_954' title='bbox 476 3099 517 3128; x_wconf 96' lang='lat' dir='ltr'><em>III</em></span> <span class='ocrx_word' id='word_1_955' title='bbox 533 3122 540 3135; x_wconf 92' lang='lat'>,</span> <span class='ocrx_word' id='word_1_956' title='bbox 558 3106 587 3136; x_wconf 91' lang='lat' dir='ltr'><em>p.</em></span> <span class='ocrx_word' id='word_1_957' title='bbox 614 3103 683 3129; x_wconf 68' lang='lat'><em>22⁴3.</em></span> <span class='ocrx_word' id='word_1_958' title='bbox 700 3099 747 3128; x_wconf 87' lang='lat' dir='ltr'><em>Cs.</em></span> <span class='ocrx_word' id='word_1_959' title='bbox 766 3100 872 3138; x_wconf 70' lang='lat' dir='ltr'><em>Steph.</em></span> <span class='ocrx_word' id='word_1_960' title='bbox 896 3102 967 3139; x_wconf 71' lang='lat' dir='ltr'><em>Ilyz.</em></span> <span class='ocrx_word' id='word_1_961' title='bbox 987 3101 1084 3140; x_wconf 71' lang='grc' dir='ltr'>Καρὸς</span> <span class='ocrx_word' id='word_1_962' title='bbox 1102 3107 1195 3139; x_wconf 74' lang='grc' dir='ltr'>κῆποι</span> <span class='ocrx_word' id='word_1_963' title='bbox 1206 3127 1214 3141; x_wconf 94' lang='grc'>,</span> <span class='ocrx_word' id='word_1_964' title='bbox 1231 3103 1343 3143; x_wconf 75' lang='grc' dir='ltr'>χωρίον</span> <span class='ocrx_word' id='word_1_965' title='bbox 1362 3101 1482 3141; x_wconf 70' lang='grc' dir='ltr'>Θρᾴκης</span> <span class='ocrx_word' id='word_1_966' title='bbox 1493 3124 1501 3138; x_wconf 88' lang='grc'>,</span> <span class='ocrx_word' id='word_1_967' title='bbox 1515 3103 1555 3136; x_wconf 79' lang='grc' dir='ltr'><em>ὡς</em></span> <span class='ocrx_word' id='word_1_968' title='bbox 1570 3100 1752 3138; x_wconf 81' lang='grc' dir='ltr'>Θεόπομπος</span> <span class='ocrx_word' id='word_1_969' title='bbox 1766 3099 1801 3129; x_wconf 87' lang='grc' dir='ltr'><em>ν’.</em></span> <span class='ocrx_word' id='word_1_970' title='bbox 1817 3098 1941 3133; x_wconf 89' lang='lat' dir='ltr'><em>Quibus</em></span> <span class='ocrx_word' id='word_1_971' title='bbox 1957 3097 2041 3128; x_wconf 81' lang='lat' dir='ltr'><em>idem</em></span> <span class='ocrx_word' id='word_1_972' title='bbox 2057 3099 2147 3130; x_wconf 89' lang='lat' dir='ltr'><em>locus</em></span> <span class='ocrx_word' id='word_1_973' title='bbox 2161 3097 2289 3129; x_wconf 79' lang='lat' dir='ltr'><em>indicari</em></span> 
     </span>
     <span class='ocr_line' id='line_1_77' title="bbox 162 3143 2289 3188; baseline 0.001 -16"><span class='ocrx_word' id='word_1_974' title='bbox 162 3143 296 3174; x_wconf 75' lang='lat' dir='ltr'><em>videtur.</em></span> <span class='ocrx_word' id='word_1_975' title='bbox 313 3143 485 3174; x_wconf 76' lang='lat' dir='ltr'><em>Antiochus</em></span> <span class='ocrx_word' id='word_1_976' title='bbox 501 3143 530 3174; x_wconf 90' lang='lat' dir='ltr'><em>in</em></span> <span class='ocrx_word' id='word_1_977' title='bbox 544 3143 741 3182; x_wconf 75' lang='lat' dir='ltr'><em>Bithyniam,</em></span> <span class='ocrx_word' id='word_1_978' title='bbox 756 3146 872 3175; x_wconf 77' lang='lat' dir='ltr'><em>terram</em></span> <span class='ocrx_word' id='word_1_979' title='bbox 890 3147 1044 3185; x_wconf 83' lang='lat' dir='ltr'><em>amicam,</em></span> <span class='ocrx_word' id='word_1_980' title='bbox 1063 3156 1096 3179; x_wconf 89' lang='lat' dir='ltr'><em>se</em></span> <span class='ocrx_word' id='word_1_981' title='bbox 1109 3149 1278 3188; x_wconf 76' lang='lat' dir='ltr'><em>recepisse,</em></span> <span class='ocrx_word' id='word_1_982' title='bbox 1295 3149 1368 3179; x_wconf 85' lang='lat' dir='ltr'><em>hinc</em></span> <span class='ocrx_word' id='word_1_983' title='bbox 1383 3147 1413 3178; x_wconf 89' lang='lat' dir='ltr'><em>in</em></span> <span class='ocrx_word' id='word_1_984' title='bbox 1428 3146 1600 3179; x_wconf 84' lang='lat' dir='ltr'><em>Thraciam</em></span> <span class='ocrx_word' id='word_1_985' title='bbox 1618 3144 1777 3184; x_wconf 85' lang='lat' dir='ltr'><em>trajecisse</em></span> <span class='ocrx_word' id='word_1_986' title='bbox 1793 3144 1932 3175; x_wconf 88' lang='lat' dir='ltr'><em>videtur.</em></span> <span class='ocrx_word' id='word_1_987' title='bbox 1952 3143 2052 3175; x_wconf 84' lang='lat' dir='ltr'><em>Aliter</em></span> <span class='ocrx_word' id='word_1_988' title='bbox 2069 3146 2222 3183; x_wconf 80' lang='lat' dir='ltr'><em>Droysen.</em></span> <span class='ocrx_word' id='word_1_989' title='bbox 2242 3143 2289 3183; x_wconf 89' lang='grc' dir='ltr'><em>ΙΙ,</em></span> 
     </span>
     <span class='ocr_line' id='line_1_78' title="bbox 162 3190 855 3229; baseline 0.001 -9"><span class='ocrx_word' id='word_1_990' title='bbox 162 3198 191 3227; x_wconf 91' lang='lat' dir='ltr'><em>p.</em></span> <span class='ocrx_word' id='word_1_991' title='bbox 213 3192 273 3221; x_wconf 79' lang='lat'><em>426</em></span> <span class='ocrx_word' id='word_1_992' title='bbox 286 3213 295 3229; x_wconf 88' lang='lat'>‚</span> <span class='ocrx_word' id='word_1_993' title='bbox 316 3190 438 3221; x_wconf 79' lang='lat' dir='ltr'><em>Arriani</em></span> <span class='ocrx_word' id='word_1_994' title='bbox 457 3191 488 3220; x_wconf 90' lang='lat' dir='ltr'><em>et</em></span> <span class='ocrx_word' id='word_1_995' title='bbox 507 3190 663 3229; x_wconf 73' lang='lat' dir='ltr'><em>Anonymi</em></span> <span class='ocrx_word' id='word_1_996' title='bbox 682 3191 855 3221; x_wconf 79' lang='lat' dir='ltr'><em>immemor.</em></span> 
     </span>
    </p>

    <p class='ocr_par' dir='ltr' id='par_1_15' title="bbox 162 3234 2290 3369">
     <span class='ocr_line' id='line_1_79' title="bbox 200 3234 2290 3278; baseline -0.001 -11"><span class='ocrx_word' id='word_1_997' title='bbox 200 3235 219 3275; x_wconf 84' lang='lat'>§</span> <span class='ocrx_word' id='word_1_998' title='bbox 246 3240 290 3267; x_wconf 86' lang='lat' dir='ltr'><em>Il.</em></span> <span class='ocrx_word' id='word_1_999' title='bbox 317 3239 386 3267; x_wconf 87' lang='lat' dir='ltr'><em>nol.</em></span> <span class='ocrx_word' id='word_1_1000' title='bbox 414 3240 439 3267; x_wconf 85' lang='lat'><em>1.</em></span> <span class='ocrx_word' id='word_1_1001' title='bbox 463 3236 592 3267; x_wconf 83' lang='lat' dir='ltr'><em>maluit</em></span> <span class='ocrx_word' id='word_1_1002' title='bbox 620 3236 687 3267; x_wconf 80' lang='lat' dir='ltr'><em>dici</em></span> <span class='ocrx_word' id='word_1_1003' title='bbox 707 3237 882 3277; x_wconf 82' lang='lat' dir='ltr'><em>Seleucus]</em></span> <span class='ocrx_word' id='word_1_1004' title='bbox 901 3239 1006 3276; x_wconf 77' lang='lat' dir='ltr'><em>Regno</em></span> <span class='ocrx_word' id='word_1_1005' title='bbox 1029 3240 1148 3278; x_wconf 80' lang='lat' dir='ltr'><em>potItus</em></span> <span class='ocrx_word' id='word_1_1006' title='bbox 1170 3241 1298 3272; x_wconf 76' lang='lat' dir='ltr'><em>Seleuci</em></span> <span class='ocrx_word' id='word_1_1007' title='bbox 1321 3247 1437 3270; x_wconf 85' lang='lat' dir='ltr'><em>nomen</em></span> <span class='ocrx_word' id='word_1_1008' title='bbox 1459 3238 1661 3278; x_wconf 83' lang='lat' dir='ltr'><em>assumpsisse</em></span> <span class='ocrx_word' id='word_1_1009' title='bbox 1682 3236 1819 3267; x_wconf 80' lang='lat' dir='ltr'><em>videtur.</em></span> <span class='ocrx_word' id='word_1_1010' title='bbox 1836 3238 1957 3268; x_wconf 89' lang='lat' dir='ltr'><em>Nomen</em></span> <span class='ocrx_word' id='word_1_1011' title='bbox 1982 3234 2173 3267; x_wconf 77' lang='lat' dir='ltr'><em>Alexandri</em></span> <span class='ocrx_word' id='word_1_1012' title='bbox 2195 3234 2290 3266; x_wconf 84' lang='lat' dir='ltr'><em>habet</em></span> 
     </span>
     <span class='ocr_line' id='line_1_80' title="bbox 162 3281 2288 3325; baseline -0.001 -11"><span class='ocrx_word' id='word_1_1013' title='bbox 162 3281 255 3314; x_wconf 83' lang='lat' dir='ltr'><em>etiam</em></span> <span class='ocrx_word' id='word_1_1014' title='bbox 285 3283 410 3314; x_wconf 70' lang='lat' dir='ltr'><em>IlIaIaIas</em></span> <span class='ocrx_word' id='word_1_1015' title='bbox 424 3292 452 3322; x_wconf 90' lang='lat' dir='ltr'><em>p.</em></span> <span class='ocrx_word' id='word_1_1016' title='bbox 470 3286 547 3321; x_wconf 79' lang='grc'><strong>299,</strong></span> <span class='ocrx_word' id='word_1_1017' title='bbox 561 3283 613 3314; x_wconf 91' lang='lat' dir='ltr'><em>ubi</em></span> <span class='ocrx_word' id='word_1_1018' title='bbox 631 3285 701 3322; x_wconf 87' lang='lat' dir='ltr'><em>post</em></span> <span class='ocrx_word' id='word_1_1019' title='bbox 723 3283 911 3315; x_wconf 86' lang='lat' dir='ltr'><em>Callinicum</em></span> <span class='ocrx_word' id='word_1_1020' title='bbox 927 3288 1105 3316; x_wconf 83' lang='lat' dir='ltr'><em>recensetur</em></span> <span class='ocrx_word' id='word_1_1021' title='bbox 1121 3287 1303 3325; x_wconf 71' lang='grc' dir='ltr'>Ἀλέξανδρος</span> <span class='ocrx_word' id='word_1_1022' title='bbox 1326 3287 1341 3316; x_wconf 83' lang='grc' dir='ltr'>ὁ</span> <span class='ocrx_word' id='word_1_1023' title='bbox 1355 3285 1510 3324; x_wconf 70' lang='grc' dir='ltr'><em>Νικάτωρ,</em></span> <span class='ocrx_word' id='word_1_1024' title='bbox 1527 3284 1579 3320; x_wconf 81' lang='grc' dir='ltr'><em>ἔτη</em></span> <span class='ocrx_word' id='word_1_1025' title='bbox 1602 3283 1660 3319; x_wconf 77' lang='grc' dir='ltr'><em>λς’.</em></span> <span class='ocrx_word' id='word_1_1026' title='bbox 1686 3282 1767 3314; x_wconf 83' lang='lat' dir='ltr'><em>Anni</em></span> <span class='ocrx_word' id='word_1_1027' title='bbox 1789 3286 1828 3313; x_wconf 78' lang='lat'><em>36</em></span> <span class='ocrx_word' id='word_1_1028' title='bbox 1855 3281 2014 3321; x_wconf 85' lang='lat' dir='ltr'><em>pertinent</em></span> <span class='ocrx_word' id='word_1_1029' title='bbox 2034 3281 2073 3312; x_wconf 85' lang='lat' dir='ltr'><em>ad</em></span> <span class='ocrx_word' id='word_1_1030' title='bbox 2099 3281 2288 3313; x_wconf 87' lang='lat' dir='ltr'><em>Antiochum</em></span> 
     </span>
     <span class='ocr_line' id='line_1_81' title="bbox 164 3328 2286 3369; baseline 0 -11"><span class='ocrx_word' id='word_1_1031' title='bbox 164 3330 318 3367; x_wconf 70' lang='lat' dir='ltr'><em>Magnum.</em></span> <span class='ocrx_word' id='word_1_1032' title='bbox 337 3330 384 3359; x_wconf 75' lang='lat' dir='ltr'><em>Cf.</em></span> <span class='ocrx_word' id='word_1_1033' title='bbox 401 3338 493 3367; x_wconf 74' lang='lat' dir='ltr'><em>supra</em></span> <span class='ocrx_word' id='word_1_1034' title='bbox 509 3328 525 3366; x_wconf 52' lang='grc' dir='ltr'>ξ</span> <span class='ocrx_word' id='word_1_1035' title='bbox 539 3332 553 3359; x_wconf 91' lang='grc'>7</span> <span class='ocrx_word' id='word_1_1036' title='bbox 569 3330 631 3359; x_wconf 83' lang='lat' dir='ltr'><em>not.</em></span> <span class='ocrx_word' id='word_1_1037' title='bbox 654 3333 676 3359; x_wconf 86' lang='grc'><em>1.</em></span> <span class='ocrx_word' id='word_1_1038' title='bbox 691 3346 730 3351; x_wconf 95' lang='grc'><strong>-</strong></span> <span class='ocrx_word' id='word_1_1039' title='bbox 742 3334 769 3359; x_wconf 81' lang='lat'><em>2.</em></span> <span class='ocrx_word' id='word_1_1040' title='bbox 786 3329 982 3369; x_wconf 80' lang='lat' dir='ltr'><em>Ceraunus]</em></span> <span class='ocrx_word' id='word_1_1041' title='bbox 995 3333 1158 3361; x_wconf 60' lang='lat' dir='ltr'><em>Cei‘aunus</em></span> <span class='ocrx_word' id='word_1_1042' title='bbox 1171 3341 1187 3361; x_wconf 82' lang='lat' dir='ltr'><em>a</em></span> <span class='ocrx_word' id='word_1_1043' title='bbox 1199 3333 1291 3369; x_wconf 71' lang='lat' dir='ltr'><em>vulgo</em></span> <span class='ocrx_word' id='word_1_1044' title='bbox 1308 3332 1493 3369; x_wconf 78' lang='lat' dir='ltr'><em>vocabatur,</em></span> <span class='ocrx_word' id='word_1_1045' title='bbox 1508 3332 1587 3362; x_wconf 77' lang='lat' dir='ltr'><em>sicut</em></span> <span class='ocrx_word' id='word_1_1046' title='bbox 1605 3331 1753 3362; x_wconf 78' lang='lat' dir='ltr'><em>Seleucus</em></span> <span class='ocrx_word' id='word_1_1047' title='bbox 1763 3329 1933 3361; x_wconf 85' lang='lat' dir='ltr'><em>Callinicus</em></span> <span class='ocrx_word' id='word_1_1048' title='bbox 1951 3329 2070 3368; x_wconf 86' lang='grc' dir='ltr'>Πώγων</span> <span class='ocrx_word' id='word_1_1049' title='bbox 2087 3328 2286 3368; x_wconf 75' lang='lat' dir='ltr'><em>cognomina·</em></span> 
     </span>
    </p>
   </div>
  </div>
 </body>
</html>
