2338 3765
142 149 162 179 ιι

171 150 185 179 -ι

194 150 212 180 -Ι-

631 251 686 285 ΙΙΙ.

194 346 317 393 Steph.
341 347 424 391 Byz.
460 358 466 378 :
498 342 715 387 ΊΑνδοινιόι,
733 341 831 383 πόλις
859 342 1089 389 Μεσσήνης...
1119 343 1170 381 Τὸ

140 403 268 441 ἐθνικὸν
297 400 501 447 Ἀνδανιεὺς,
518 403 562 442 ὡς
581 399 702 438 Φίλων
722 401 755 436 ἐν
772 402 813 450 τῇ
832 399 917 451 Περὶ
935 400 1080 437 πόλεων.

192 460 354 511 Φαραὶ,
372 459 467 501 πόλις
489 457 716 503 Μεσσήνης...
735 454 840 495 Ἔστι
856 458 885 495 δ’
903 457 991 504 ἄλλη
1015 458 1168 510 Κρήτης,

139 519 277 560 ἄποικος
289 521 348 563 τῆς
367 519 401 554 ἐν
422 515 591 567 Μεσσήνῃ
604 545 614 565 ,
630 518 675 558 ὡς
695 515 829 554 Φίλων.

191 576 400 621 ’.Αζανίαη
420 581 523 626 μοῖρα
543 589 602 620 της
620 574 849 626 Ἀρκαδίας...

137 634 259 677 σαλίοις
276 636 304 683 (Ρ
307 634 315 684 )
338 634 478 679 ἄλλη,(
462 649 506 675 ως
522 632 657 671 Φίλων

189 692 381 739 ’,ΛνΟεια
398 692 495 734 πόλις
526 691 809 736 Πελοποννήσου,
839 690 984 736 πλησίον
1006 690 1167 742 Ἄργους,

136 754 182 793 ὡς
201 750 336 789 Φίλων.

190 808 388 856 Λοίμπη...
405 807 476 844 ἔστι
491 806 658 858 καιτρίτη
675 823 735 853 της
755 806 990 858 Λργολίδος,
975 823 1018 849 ως
1033 808 1166 844 Φίλων.

192 870 357 918 Βοῦρα,
374 865 471 908 πόλις
489 865 672 916 Ἀχαίας...
1012 864 1167 909 Πυθέας,

136 926 331 976 ζωγράφος,
348 927 385 960 οὓ
399 925 489 960 ἐστιν
505 922 602 974 ἔργον
628 925 645 959 ὁ
665 924 698 960 ἐν
720 924 897 974 Περγάμω
928 921 1066 973 ἐλέφας,
1099 922 1166 958 ἀπὸ

136 982 379 1033 τοιχογραφίας
395 998 454 1027 ων,
473 997 517 1023 ως
531 980 665 1020 Φίλων.

192 1041 284 1085 Aer„
297 1056 363 1076 ναι
378 1039 522 1086 ,πόλεις
541 1039 630 1075 κατὰ
664 1037 723 1087 μὲν
748 1040 849 1089 Ωρον
872 1052 999 1086 πεντε,
1022 1036 1110 1073 κατὰ
1132 1036 1165 1073 δὲ

871 573 976 613 Ἔστι
987 575 1046 612 καὶ
1064 577 1167 614 Μασ-

704 865 745 902 ’E
749 882 769 902 κ
789 865 915 910 ταύτης
944 869 985 910 ἠν

136 1098 207 1135 Φί)
210 1114 280 1135 ωνα
298 1098 343 1141 ἕξ.

191 1159 347 1202 Κῦνος,
375 1156 518 1193 ἐπίνειον
540 1154 746 1201 Ὀποῦντος,
772 1157 815 1197 ὥς
835 1154 956 1193 Φίλων
983 1152 1041 1190 καὶ
1068 1154 1146 1190 Ποιυ

136 1215 253 1257 σανίοις
274 1217 347 1264 (X,
374 1229 404 1258 Ι,
426 1218 486 1263 2).

623 1306 680 1341 15.

188 1420 291 1455 Idem
310 1432 319 1457 :
336 1416 378 1456 ”A
395 1432 496 1468 ργου
510 1431 526 1468 ρ
539 1431 577 1462 α,
592 1415 690 1457 πόλις
707 1413 925 1458 Θεσσαλίας,
960 1417 981 1459 ἡ
1002 1413 1165 1464 πρότερον

134 1477 348 1528 Ἄργισσα...
361 1476 413 1513 Τὸ
433 1475 560 1513 ἐθνικὸν
577 1474 612 1511 δὲ
628 1473 694 1510 ἔδει
707 1473 921 1523 Ἀργουραῖος
933 1501 942 1517 ,
957 1474 1001 1513 ὡς
1020 1472 1078 1509 καὶ
1099 1471 1166 1509 Φί-

133 1539 213 1573 λων.
231 1534 482 1585 Ἀπολλόδωρος
503 1533 536 1570 δὲ
561 1534 622 1581 (fr.
648 1533 717 1568 152
732 1534 742 1580 )
758 1532 833 1569 κτλ.

189 1596 223 1630 Μ
236 1594 280 1629 ελ
292 1591 302 1629 ί
315 1608 334 1629 τ
345 1607 365 1628 α
379 1607 417 1628 ια
429 1621 437 1637 ,
455 1591 551 1632 πόλις
567 1589 801 1631 Θετταλίας...
817 1588 1026 1637 Θεόπομπος
1040 1587 1073 1623 δὲ
1092 1588 1167 1625 Με-

134 1651 261 1688 λίτειαν
282 1650 388 1696 αὐτήν
406 1664 536 1701 φησιν..
551 1646 700 1698 ’Ἔφορος
718 1647 763 1683 λ’·
780 1664 795 1678 ι(
816 1647 861 1683 Οἱ
880 1645 913 1682 δὲ
928 1644 1084 1696 τύραννοι
1098 1648 1165 1682 τῶν

133 1716 255 1765 Φερῶν
272 1713 330 1750 καὶ
344 1714 555 1759 Μελιταιεῒς,
574 1712 664 1762 φίλοι
679 1710 843 1762 πρότερον
858 1709 1076 1760 ὑπάρχοντες.
1095 1728 1108 1742 »

189 1771 422 1810 Μελίτεια.
448 1769 569 1807 Φίλων
596 1768 686 1805 οὕτω
716 1767 860 1820 γράφει,
889 1766 933 1804 τὰ
957 1767 1046 1803 αὐτὰ
1075 1767 1165 1818 πρά-

133 1845 249 1879 γματα
270 1831 313 1879 τῇ
329 1827 490 1879 εἰρημένῃ
508 1827 733 1878 προσάπτων.

184 1890 214 1926 Β
226 1902 272 1925 ου
284 1887 361 1933 θόη
382 1916 391 1933 ,
421 1887 519 1928 πόλις
557 1884 726 1936 Ἰλλυρίας
737 1914 746 1930 ,
774 1885 819 1926 ὡς
856 1882 977 1921 Φίλων
988 1913 997 1930 ,

136 1945 278 1995 Κάδμον
305 1944 361 1982 ἐπὶ
393 1943 527 1994 ζεύγους
547 1945 635 1995 βοῶν
662 1942 848 1994 ὀχούμενον
879 1940 1013 1992 ταχέως
1042 1940 1164 1978 ἀνύσαι

133 2004 194 2050 τὴν
213 2006 245 2047 ἔς
264 2002 449 2055 Ἰλλυριους
468 2002 560 2040 ὁδόν.

185 2066 214 2100 Δ
225 2078 243 2099 υ
254 2078 273 2134 ρ
285 2077 302 2113 ρ
316 2061 371 2112 άχ
383 2076 463 2107 ιον,
491 2060 589 2103 πόλις
620 2059 808 2111 Ἰλλυρικὴ,
838 2057 1056 2106 Ἐπίδαμνος
1079 2060 1163 2103 κλη-

132 2126 227 2159 θεῖσα
245 2120 313 2157 ἀπὸ
341 2119 569 2168 Επιδάμνου.
590 2118 723 2156 Τούτου
741 2116 893 2168 θυγάτηρ
916 2115 1104 2161 Μέλισσα,
1124 2119 1165 2160 ἧς

1038 1883 1092 1919 διὰ
1127 1885 1165 1920 τὸ

981 138 1212 176 PfflLONlS
1247 140 1372 176 ΒΥΒΙ
1381 141 1408 176 ΙΙ

1232 239 1289 260 και
1314 226 1522 265 ΙΙοσειοωνος
1539 224 1745 275 Δυρράχιος·
1765 226 1810 276 ἀφ
1816 220 1875 270 ’ἧς
1900 227 2039 263 ἐστινέν
2060 227 2263 278 Ἐπιδάμνῳ

1232 281 1334 324 τόπος
1355 281 1617 325 Μελισσώνιος,
1648 281 1726 318 ἔνθα
1761 283 1937 320 Ποσειδῶν
1971 284 2056 335 αὕτη
2078 287 2254 332 συνηλθεν.

1234 358 1247 371 ι
1270 338 1409 377 Μετὰ
1392 355 1426 375 οε
1445 339 1500 376 τὸν
1523 338 1710 381 Ριζονικὸν
1731 340 1817 389 [κόὶ
1820 341 1908 390 πον]
1930 341 2090 384 Λίσσος’
2075 344 2147 380 εστὶ
2166 345 2263 387 πόλις

1235 413 1292 433 και
1310 397 1524 447 Ἀκρόλισσος
1552 397 1611 432 καὶ
1629 397 1839 446 Ἐπίδαμνος
1869 400 2090 450 Κερκυραίων
2111 401 2261 450 κτίσμα,

1231 457 1251 498 ἡ
1278 458 1334 490 νυν
1359 454 1551 505 Δυρράχιον
1584 454 1775 502 ὁμωνύμως
1795 471 1836 506 τῃ
1866 457 2066 509 χερρονήσω
2094 458 2259 510 πρότερον

1230 513 1354 562 ὶεγομέ
1356 527 1409 557 νη,
1442 513 1494 563 sq?
1511 516 1549 557 ἧς
1577 510 1724 564 ι’δρυται,
1741 530 1755 545 =
1780 515 1825 556 ὣς
1853 514 1975 552 Φίλων
1998 516 2259 566 (Στράὸωνὲ).

1232 571 1368 606 Eadem
1390 571 1578 608 Constant.
1600 572 1915 620 Porphyiogenit.
1942 575 1994 608 De
2014 575 2124 609 them.
2147 577 2196 619 ΙΙ,
2220 590 2256 622 9

1682 652 1739 689 15.
1758 665 1790 688 a.

1284 739 1448 774 Eustath.
1469 738 1516 773 ad
1533 739 1686 785 Diony&
1719 738 1791 783 752
1817 753 1824 774 ι
1855 736 1938 776 εὈτι
1958 740 2112 790 Φροῧροι
2143 742 2264 777 Σκυθι-

1231 794 1288 831 κὸν
1315 796 1405 836 ἔθνος
1429 794 1642 845 βαρυτόνως,
1674 795 1757 846 πρὸς
1786 796 2047 842 ἀντιδιαστολὴν
2077 801 2136 835 τοῦ
2160 813 2262 850 φρου-

1232 853 1302 903 ροί,
1322 850 1404 904 ὅπερ
1422 852 1621 902 ὀξυνόμενον
1656 854 1754 898 δηλοῖ
1788 853 1864 896 τοὺς
1881 854 2049 906 φύλακας.
2088 856 2187 898 Τινὲς
2228 857 2262 893 δὲ

1228 913 1357 961 ὼρῢνοι
1389 911 1579 962 γράφουσιν
1614 911 1803 960 ὁμωνύμως
1828 915 1877 964 τῷ
1906 912 2005 965 ζῴῳ·
2038 917 2153 964 φρῦνοι
2183 914 2263 965 γὰρ,

1231 969 1320 1006 καθὰ
1340 970 1397 1005 καὶ
1419 972 1435 1005 ὁ
1457 969 1579 1006 Φίλων
1599 969 1742 1021 γράφει,
1763 971 1793 1007 οἱ
1815 972 1997 1021 βάτραχοι.

1718 1045 1775 1082 16.

1280 1126 1453 1172 Stephau.
1474 1127 1556 1172 Byz.
1575 1138 1583 1160 t
1604 1122 1829 1174 Βόσπορος
1843 1154 1852 1172 ,
1884 1123 1980 1167 πόλις
2011 1124 2144 1163 Πόντου
2169 1125 2256 1163 κατὰ

1226 1181 1282 1219 τὸν
1304 1182 1494 1234 Κιμμέριον
1515 1182 1654 1227 κόλπον,
1672 1185 1716 1223 ὼς
1732 1182 1868 1220 Φίλων.

1281 1240 1321 1278 Ἀ
1337 1256 1414 1289 μισ
1426 1240 1442 1277 ό
1455 1256 1514 1282 ς...
1554 1240 1617 1290 [τὸ
1647 1240 1799 1290 ἕθνικὸν]
1828 1239 2018 1288 Ἀμισηνός·
2038 1241 2174 1289 λέγεται
2202 1242 2261 1279 καὶ

1230 1298 1401 1348 Ἀμίσιος,
1417 1301 1461 1339 ὡς
1483 1298 1605 1335 Φίλων
1624 1299 1657 1335 ἐν
1674 1300 1721 1349 τῷ
1744 1297 1832 1348 Περὶ
1852 1297 2001 1337 πόλεων.

1281 1356 1402 1401 Τίος,
1424 1356 1523 1398 πόλις
1550 1355 1796 1407 Παφλαγονίας
1815 1359 1874 1393 τοῦ
1899 1355 2052 1403 Πόντου,
2083 1358 2150 1394 ἀπὸ
2177 1358 2263 1396 Τίου

1227 1413 1343 1466 ἱερέως
1355 1445 1363 1460 ,
1380 1415 1418 1451 τὸ
1441 1415 1534 1464 γένος
1552 1413 1725 1460 Μιλησίου
1738 1445 1747 1463 ,
1768 1416 1812 1457 ὡς
1831 1413 1966 1451 Φίλων.

1281 1474 1321 1510 Μ
1335 1476 1409 1509 υοῧ
1420 1488 1434 1515 ς
1446 1502 1454 1518 ,
1475 1472 1571 1514 πόλις
1586 1472 1720 1514 Ἰωνίας
1731 1503 1740 1520 ‚
1763 1474 1807 1515 ὡς
1829 1472 1967 1510 Φίλων.

1280 1529 1325 1567 Ἀ
1336 1546 1352 1565 ν
1364 1545 1432 1566 τισ
1446 1545 1465 1566 σ
1478 1546 1496 1566 α
1507 1560 1516 1576 ,
1548 1530 1645 1573 πόλις
1674 1530 1857 1570 Λέσῧου...
1892 1532 1952 1582 ἀφ’
1978 1525 2017 1577 ἧς
2043 1530 2262 1584 Τέρπανδρος

1227 1590 1243 1624 ὁ
1260 1587 1489 1632 Ἀντισσαῒος,
1510 1588 1761 1636 διασημότατος
1779 1589 1966 1640 κιθαρῳδὸς
1979 1619 1988 1635 ,
2006 1589 2074 1626 ἀπὸ
2085 1589 2260 1636 Ἀντίσσης

1226 1648 1286 1690 τῆς
1306 1645 1474 1696 Μάκαρος
1494 1645 1658 1697 θυγατρός
1671 1662 1679 1669 ·
1700 1647 1734 1683 ἐν
1753 1651 1821 1688 τοῖς
1841 1646 2016 1689 Φίλωνος.
2069 1647 2171 1685 ’Ἐστι
2203 1649 2260 1685 καὶ

1227 1706 1324 1749 ν’ἧσος
1351 1703 1412 1753 μία
1448 1706 1515 1741 τῶν
1546 1704 1734 1742 Κυκλάδων
1770 1704 1837 1754 (3⁸),
1871 1704 1930 1741 καὶ
1971 1705 2066 1757 τρίτη
2088 1705 2256 1752 Ἰνδικῆς,

1225 1761 1268 1807 ἣν
1290 1760 1479 1813 ἀναγράφει
1500 1761 1622 1800 Φίλων
1650 1761 1708 1799 καὶ
1734 1761 1947 1812 Δημοδάμας
1973 1765 1991 1800 ὁ
2006 1762 2190 1809 Μιλήσιος.
2208 1768 2249 1802 V.

1226 1821 1372 1859 Berkel.
1397 1822 1445 1856 ad
1463 1823 1501 1858 h.
1522 1822 1549 1858 l.

1279 1880 1311 1919 ‘A
1323 1883 1343 1918 λ
1353 1897 1419 1919 ικα
1430 1897 1500 1933 ρνα
1510 1897 1529 1919 σ
1539 1882 1607 1924 σὸς
1619 1912 1628 1930 ,
1643 1881 1740 1924 πόλις
1755 1881 1931 1934 Καρίας...
1945 1882 2125 1921 Ἐκαλεῖτο
2137 1883 2171 1920 δὲ
2184 1884 2261 1922 Ἰσ-

1227 1939 1308 1989 θμὸς
1325 1939 1383 1977 καὶ
1407 1940 1586 1992 Ζεφύριον,
1604 1942 1648 1983 ὡς
1666 1940 1800 1987 Φίλων,
1818 1941 1875 1977 καὶ
1896 1942 2062 1992 Ζεφυρία.

1278 2000 1362 2036 Τελ
1373 2015 1396 2047 μ
1408 1999 1536 2044 ισσὸς,
1551 1999 1647 2041 πόλις
1668 1999 1812 2050 Καρίας,
1827 2001 1871 2042 ὡς
1885 1998 1919 2035 δὲ
1936 1999 2056 2037 Φίλων
2070 2000 2127 2036 καὶ
2145 2000 2259 2050 Στρά-

1227 2056 1294 2093 6ων
1315 2063 1373 2105 (p.
1390 2057 1463 2093 665
1478 2058 1504 2106 ),
1515 2056 1644 2099 Λυκίας
1657 2073 1664 2079 ·
1679 2056 1751 2094 ἔστι.
1767 2056 1833 2108 γὰρ
1852 2056 2052 2108 ἀμφοτέρων
2069 2056 2158 2108 ὅριον
2173 2058 2258 2107 μετὰ

1226 2114 1396 2151 Δαίδαλα.

619 2233 672 2264 14.

174 2287 344 2326 Andania,
359 2287 435 2318 urbs
451 2286 620 2318 Messeniae.
637 2286 760 2317 Gentile
782 2284 996 2323 Amaniensis,
1025 2286 1060 2315 ut
1076 2284 1164 2315 Philo

132 2339 162 2369 in
175 2339 261 2369 libris
270 2341 315 2369 De
327 2338 468 2369 urbibus

179 2390 324 2424 Pharoe,
343 2389 418 2420 urbs
435 2387 606 2419 Messeniae.
631 2387 701 2418 Alia
724 2387 755 2417 in
771 2388 865 2418 Creta
881 2388 948 2425 est,
966 2386 1163 2417 Messeniacae

132 2442 258 2472 colonia
271 2465 279 2480 ,
298 2443 332 2472 ut
347 2441 434 2472 Philo
448 2441 503 2471 ait.

175 2494 325 2526 Azania,
342 2500 413 2531 pars
429 2490 580 2521 Arcadiae.
600 2491 654 2521 Est
669 2490 764 2520 etiam
782 2489 896 2520 Azania
910 2489 1071 2527 Massiliae,
1087 2491 1164 2520 teste

134 2543 273 2574 Philone.

173 2594 306 2625 Anllma
317 2614 327 2628 ,
347 2592 421 2622 urbs
438 2591 660 2630 Peloponnesi,
677 2599 773 2630 prope
787 2595 901 2630 Argos,
918 2593 954 2622 ut
977 2592 1077 2623 Philo.

176 2648 300 2685 Lampe
311 2666 320 2680 ‚
337 2645 412 2675 urbs
425 2643 595 2683 Argouda,
616 2645 650 2674 ut
667 2643 761 2674 Philo.

174 2698 270 2727 Bura
281 2720 290 2734 ‚
302 2695 376 2726 urbs
396 2695 531 2726 Achaiae.
548 2695 627 2725 Hine
640 2694 791 2724 oriundus
805 2694 938 2733 Pytheas
950 2694 1061 2733 pictor,
1076 2695 1165 2734 cujus

133 2756 212 2787 opus
225 2749 274 2778 est
291 2746 432 2785 Pergami
452 2746 577 2785 elephas
591 2746 620 2776 in
644 2754 735 2776 muro
750 2745 851 2784 pictus
863 2769 872 2783 ,
889 2747 925 2776 ut
942 2746 1030 2776 Philo
1044 2746 1099 2777 ait.

174 2799 313 2830 Athenae
326 2799 419 2829 urbes
434 2798 606 2829 seeundum
617 2801 716 2829 Orum
729 2798 887 2837 quinque,
905 2798 1078 2829 secundum
1095 2800 1164 2830 Phi-

134 2853 236 2882 lonem
247 2860 302 2881 sex
315 2851 533 2880 numerantur.

178 2906 299 2941 cestim,
311 2901 445 2940 opuntis
466 2901 592 2940 navale,
613 2903 646 2930 ut
660 2900 749 2931 Philo
763 2902 794 2931 et
812 2900 980 2931 Pausanias
996 2901 1095 2931 aiunt.

624 2955 679 2986 15.

175 3012 195 3040 A
204 3018 322 3048 rqura,
333 3008 408 3039 urbs
417 3007 584 3039 Thessaliae
597 3031 605 3046 ‚
619 3017 690 3046 quo:
701 3008 786 3046 prius
798 3008 928 3047 Argissa.
943 3008 1164 3039 Gentiledehet

133 3069 200 3091 esse
214 3063 398 3099 Arguraeus,
414 3060 449 3089 ut
462 3058 556 3089 etiam
576 3061 622 3089 est
644 3058 726 3097 apud
744 3059 916 3089 Philonem.

175 3113 336 3150 Melitam,
350 3111 610 3142 urbs'rhessaliae.
626 3111 848 3150 'Theopompus
864 3112 1032 3142 Meliteam
1043 3112 1159 3143 scribit.

136 3163 365 3203 Ephoruslihro
388 3162 547 3201 trigesimo
565 3175 570 3192 z
588 3175 601 3187 u
619 3162 756 3201 Tyranni
772 3162 981 3192 Pherarumet
996 3163 1161 3193 Mammon-

134 3224 199 3253 «ας,
217 3215 271 3254 qui
290 3213 381 3244 amici
403 3213 488 3252 prius
507 3214 639 3243 fuerant.
658 3226 671 3239 ιι
689 3230 727 3234 -
746 3213 918 3244 Meliteam
937 3213 1022 3244 Philo
1037 3222 1163 3252 quoque

133 3267 240 3297 ‹rrihit
253 3266 376 3296 easdem
392 3274 439 3296 res
452 3266 478 3296 ei
496 3265 681 3296 attribuens.

176 3317 316 3356 Ballene,
335 3317 409 3348 urhs
436 3316 567 3355 lllyrinr,
586 3318 618 3347 ut
647 3316 734 3346 Philo
749 3317 788 3346 ait
803 3341 810 3353 ‚
829 3324 943 3346 nomon
961 3315 1031 3345 inde
1049 3315 1138 3345 hahet
1154 3340 1160 3352 ,

1224 2226 1309 2265 quod
1327 2226 1510 2265 boumjugo
1524 2226 1642 2257 vehens
1654 2225 1795 2257 Cadmus
1816 2225 1959 2257 celeriter
1981 2226 2040 2257 iter
2065 2225 2096 2255 in
2119 2223 2258 2264 lllyriam

1223 2277 1368 2308 absolvit.

1268 2327 1495 2366 Dyrrachium
1508 2352 1515 2366 ,
1534 2327 1609 2358 urbs
1640 2327 1783 2366 Illyrica,
1804 2328 1889 2367 prius
1907 2325 2099 2366 Epidamnus
2121 2325 2206 2357 dicta
2222 2326 2262 2357 ab

1228 2380 1418 2419 Epidamno,
1439 2380 1488 2410 eui
1514 2379 1578 2410 filia
1596 2379 1654 2410 suit
1669 2379 1807 2415 Melissa,
1823 2387 1863 2409 ex
1882 2387 1946 2418 qua
1962 2379 2126 2418 Neptunus
2151 2378 2259 2417 genuit

1225 2431 1468 2470 Dyrrhachium.
1483 2430 1528 2462 ΑΙ)
1540 2429 1648 2461 eadem
1657 2429 1745 2460 locus
1753 2429 1881 2469 quidam
1890 2428 2054 2469 Epidamni
2066 2429 2261 2460 Melissonius

1223 2483 1367 2519 vocatur,
1382 2481 1436 2511 uhi
1450 2482 1613 2520 Neptunus
1625 2489 1698 2511 cum
1717 2489 1754 2511 eo
1771 2489 1837 2511 rem
1854 2480 2016 2511 habuerat.
2037 2492 2051 2506 «
2072 2481 2149 2511 Post
2167 2479 2256 2510 Rizo—

1223 2533 1329 2564 ninum
1351 2533 1456 2563 sinum
1482 2532 1557 2562 urbs
1575 2532 1678 2562 Lissus
1698 2533 1745 2562 est
1763 2532 1795 2562 et
1819 2531 1992 2563 Acrolissus
2008 2532 2040 2562 et
2064 2530 2260 2571 Epidamnus

1223 2588 1427 2625 Corcyraeoru
1434 2594 1462 2615 m
1470 2584 1605 2622 colonia,
1615 2593 1685 2623 quae
1694 2592 1777 2614 nunc
1786 2583 2016 2623 Dyrrhachium
2024 2585 2167 2622 vocatur,
2178 2583 2260 2615 sicut

1223 2637 1428 2667 chersonesus
1448 2636 1478 2666 in
1493 2644 1556 2674 quo
1572 2635 1630 2665 sita
1648 2636 1695 2666 est
1711 2635 1786 2665 urbs
1801 2648 1815 2661 ιι
1836 2634 1961 2674 (verba
1978 2633 2158 2666 Strabonis
2169 2659 2178 2674 ,
2199 2633 2257 2666 lib.

1225 2688 1316 2726 Vll),
1337 2687 1418 2717 sicut
1433 2686 1521 2717 Philo
1539 2687 1655 2717 monet.

1718 2748 1768 2779 16.

1267 2805 1434 2842 Bosporus
1448 2826 1456 2841 ,
1482 2802 1555 2832 urbs
1581 2801 1669 2833 Ponti
1687 2801 1725 2832 ad
1748 2801 1851 2832 sinum
1865 2800 2092 2839 Cimmerium,
2117 2800 2153 2831 ut
2170 2799 2257 2831 Philo

1225 2854 1326 2886 (locet.

1273 2906 1362 2940 Tim,
1380 2903 1454 2933 urbs
1471 2903 1690 2942 Paphlagoniae
1710 2902 1749 2933 ad
1765 2903 1900 2933 Pontum
1911 2925 1918 2939 ,
1933 2910 2048 2932 nomen
2062 2901 2155 2932 hahet
2168 2910 2186 2931 a
2200 2902 2257 2932 Tio

1223 2955 1383 2987 sacerdote
1393 2979 1401 2993 ,
1415 2963 1526 2993 genere
1541 2954 1661 2985 Milesio
1674 2977 1682 2992 ,
1706 2954 1742 2983 ut
1758 2953 1846 2984 Philo
1863 2954 1975 2983 auctor
1988 2954 2045 2983 est.

1266 3008 1413 3043 Antissa,
1432 3005 1508 3035 urhs
1531 3005 1637 3042 Lesbi,
1653 3013 1670 3035 e
1698 3013 1760 3043 qua
1777 3003 1957 3043 Terpander
1974 3003 2141 3034 Antissaeus
2156 3003 2255 3033 citha-

1224 3059 1328 3089 roedus
1358 3057 1591 3089 celeberrimus,
1617 3056 1784 3089 Nominata
1806 3056 1882 3086 urbs
1909 3055 1949 3086 ah
1974 3054 2095 3086 Antissa
2121 3054 2255 3085 Macarei

1224 3111 1296 3148 lilia,
1310 3110 1354 3140 uti
1369 3111 1414 3140 est
1428 3109 1458 3139 in
1478 3108 1615 3140 Philonis
1626 3108 1722 3139 libris.
1744 3108 1795 3138 Est
1808 3107 1903 3137 etiam
1918 3105 2041 3136 Antissa
2054 3105 2136 3136 inter
2146 3105 2255 3144 cycla-

1223 3163 1277 3193 ‹les
1294 3162 1409 3192 insulas
1422 3163 1492 3193 et...
1505 3162 1598 3192 tertia
1612 3160 1728 3196 Indica.
1740 3167 1836 3199 quam
1856 3157 1976 3189 notavit
1986 3156 2075 3188 Philo
2089 3158 2120 3188 et
2143 3158 2254 3188 Demo-

1222 3213 1330 3243 ‹lamas
1344 3211 1492 3243 Milesius.

1267 3264 1557 3300 Halicarnassus,
1577 3261 1653 3292 urbs
1671 3261 1783 3292 Can-im.
1813 3259 1992 3290 Vocabatur
2017 3259 2091 3290 olim
2119 3259 2254 3289 isthmus

1223 3317 1250 3345 vl
1267 3315 1455 3354 zrphyrinm
1467 3339 1474 3353 ,
1495 3314 1622 3345 Philone
1640 3315 1735 3350 teste,
1751 3314 1781 3342 et
1801 3312 1964 3351 Zephyria.
