2289 3728
964 161 1094 198 FRAG
1107 162 1140 198 M
1152 163 1293 199 l-LM‘A.

65 247 126 286 Ἐν
147 245 276 288 τούτοις
297 244 364 297 γὰρ
385 245 584 298 ἀμφιέἷόλως
598 243 742 297 εἰρηκὼς
762 247 778 282 ὅ
796 244 1013 291 Νικαίνετος,
1027 245 1092 282 πό-

63 319 158 355 τερον
175 306 356 356 στρωμνῆς
373 302 483 340 ἕνεκεν
502 303 523 349 ἢ
543 302 786 355 στεφανώσεως
806 303 960 353 ἀρκεῖται
977 305 1018 353 τῇ
1035 301 1094 339 λύ-

63 378 130 413 γῳ,
150 363 198 414 τῷ
215 361 326 411 λέγειν
349 360 454 407 αὐτὴν
474 363 541 398 τῶν
564 364 690 412 Καρῶν
708 363 852 411 ἀρχαῖον
875 359 995 411 στέφος
1012 360 1096 411 πρό-

64 421 166 466 δηλον
186 420 368 465 καθίστησι
391 419 429 457 τὸ
455 419 675 467 ζητούμενον.
734 417 871 464 Συνέὸη
896 418 930 455 δὲ
952 417 1015 464 τὴν
1038 421 1098 463 τῆς

62 479 167 529 λύγου
194 477 406 530 στεφάνωσιν
435 478 493 515 καὶ
524 477 626 528 μέχρι
655 479 722 514 τῶν
750 475 840 514 κατὰ
866 477 1097 528 Πολυκράτην

62 536 208 587 χρόνων,
220 538 265 578 ὡς
276 535 316 573 ἄν
330 551 379 578 τις
393 535 554 582 εἰκάσειε,
569 539 610 586 τῇ
623 536 719 586 νήσῳ
731 534 977 586 συνηθεστέραν
993 535 1097 586 ὑπάρ-

63 609 151 645 χειν.
171 593 215 632 ‘O
236 597 314 643 γοῦν
332 593 520 645 Ἀνακρέων
542 593 642 645 φησί·

103 674 277 714 Μεγίσθης,
291 675 307 705 ὁ
323 673 484 714 φιλόφρων,
499 675 573 705 δέκα
591 675 627 712 δὴ
643 678 731 714 μῆνες
750 674 852 711 ἐπειδὴ

106 721 306 760 στεφανοῦταί
320 731 352 751 τε
365 721 447 760 λύγῳ
462 721 516 750 καὶ
529 720 624 760 τρύγα
637 721 715 751 πίνει
728 721 882 759 μελιηδέα.
899 732 911 746 υ

119 802 162 827 15.
194 791 314 827 Ταῦτα
336 788 451 827 ἴσασιν
479 791 509 826 οἳ
541 789 610 826 θεοὶ
633 791 678 832 ὡς
705 792 838 840 πρῶτος
871 788 970 831 αὐτὸς
995 790 1028 825 ἐν
1056 791 1098 838 τῇ

65 848 155 898 καλῇ
176 847 411 899 Ἀλεξανδρείᾳ
433 842 544 899 εὗρον,
563 847 778 897 κτησάμενος
797 847 835 884 τὸ
857 850 915 884 τοῦ
936 846 1098 890 Μηνοδό-

65 921 122 943 του
144 905 441 956 συγγραμμάτιον,
459 905 518 943 καὶ
535 905 704 949 ἐπιδείξας
722 907 860 947 πολλοῖς
879 905 912 948 ἐξ
937 907 1039 942 αὐτοῦ
1062 904 1100 941 τὸ

65 963 160 1016 παρὰ
177 967 224 1015 τῷ
242 963 459 1015 Ἀνακρέοντι
475 963 693 1012 ζητούμενον.
714 962 844 1002 Λαὲὼν
867 962 901 1000 δὲ
918 965 1000 1014 παρ’
1017 964 1097 1011 ἐμοῦ

65 1025 83 1060 ὁ
94 1028 180 1059 πᾶσι
194 1021 326 1067 κλοπὴν
343 1022 511 1065 ὀνειδίζων
528 1021 739 1073 Ἡφαιστίων
754 1020 1025 1066 ἐξιδιοποιήσατο
1038 1020 1099 1065 τὴν

65 1079 174 1125 λύσιν,
194 1079 252 1116 καὶ
273 1078 484 1130 σύγγραμμα
511 1078 686 1128 ἐξέδωκεν,
716 1079 909 1130 ἐπιγράψας
932 1079 1019 1130 Περὶ
1041 1082 1099 1116 τοῦ

66 1140 150 1187 παρ’
177 1137 391 1189 Ἀνακρέοντι
411 1135 546 1186 λυγίνου
577 1136 764 1188 στεφάνου·
795 1136 877 1186 ὅπερ
907 1140 964 1172 νῦν
993 1138 1025 1173 ἐν
1057 1138 1099 1186 τῇ

66 1194 191 1245 Ῥώμῃ
206 1193 349 1246 εὕρομεν
365 1193 461 1245 παρὰ
478 1196 524 1246 τῷ
542 1193 780 1245 Ἀντικοττύρα
796 1196 837 1243 (?)
853 1198 903 1239 Δη
911 1193 1098 1245 μητρίῳ....

67 1252 181 1291 Μόνον
208 1251 274 1304 γὰρ
299 1254 390 1289 τοῦτ’
413 1251 497 1288 ἴδιον
529 1251 674 1302 εἴρηκεν,
704 1251 755 1288 ὅτι
786 1251 976 1302 Φύλαρχος
1000 1252 1033 1287 ἐν
1058 1254 1100 1301 τῇ

67 1310 197 1358 ἑὸδόμῃ
217 1313 284 1348 τῶν
310 1310 484 1361 Ἱστοριῶν
512 1303 580 1346 οἶδε
604 1309 665 1355 τὴν
690 1308 779 1347 κατὰ
804 1308 905 1358 λύγον
931 1309 1099 1360 ἱστορίαν,

68 1368 126 1405 καὶ
142 1366 193 1405 ὅτι
213 1367 289 1405 οὔτε
307 1367 350 1405 τὰ
370 1366 573 1405 Νικαινέτου
591 1362 690 1414 οἶδεν,
707 1366 785 1404 οὔτε
801 1367 844 1403 τὰ
864 1366 1101 1417 Ἀνακρέοντος

67 1429 84 1463 ὃ
115 1425 349 1478 συγγραφεύς·
390 1424 545 1469 ἀπέδειξέ
577 1441 613 1462 τε
644 1425 703 1462 καὶ
734 1427 972 1477 διαφωνοῦντα
1002 1424 1101 1462 αὐτὸν

67 1486 144 1522 κατ’
163 1484 234 1521 ἔνια
258 1487 324 1522 τῶν
339 1483 584 1535 ἱστορηθέντων
604 1483 700 1535 παρὰ
718 1485 767 1535 τῷ
788 1483 992 1535 Μηνοδότῳ.

567 1597 601 1619 2.

121 1689 315 1723 Athenaeus
326 1690 427 1732 XIV,
443 1701 480 1735 p.
495 1687 584 1732 655,
600 1691 654 1725 A:
673 1687 870 1732 Μηνόδοτος
884 1686 918 1723 δὲ
934 1689 950 1723 ὃ
969 1686 1101 1735 Σάμιος

68 1745 101 1781 ἐν
117 1746 165 1796 τῷ
184 1745 270 1794 Περὶ
285 1746 351 1780 τῶν
365 1744 456 1781 κατὰ
469 1744 506 1781 τὸ
519 1744 609 1793 ἱερὸν
623 1747 683 1789 τῆς
702 1744 838 1793 Σαμίας
853 1744 968 1795 εἨροις
985 1744 1100 1797 φησίν·

68 1821 83 1834 «ι
100 1804 145 1839 Οἱ
163 1802 238 1839 ταοὶ
259 1802 343 1853 ἱεροί
360 1804 426 1839 εἰσι
446 1806 506 1848 τῆς
523 1801 658 1852 υΗρας,
682 1803 740 1839 καὶ
763 1802 896 1850 μήποτε
915 1804 1101 1853 πρώτιστοι

67 1854 126 1891 καὶ
143 1853 296 1902 ἐγένοντο
313 1854 371 1891 καὶ
391 1854 587 1905 ἐτράφησαν
609 1856 642 1891 ἐν
664 1854 794 1906 Σάμῳ,
813 1855 870 1892 καὶ
890 1857 1039 1892 ἐντεῦθεν
1058 1857 1102 1898 εἷς

67 1911 145 1955 τοὺς
157 1912 220 1956 ἔξω
233 1912 356 1955 τόπους
370 1913 582 1960 διεδόθησαν,
596 1915 641 1955 ὡς
658 1913 716 1949 καὶ
733 1916 762 1950 οἱ
778 1913 997 1964 ἀλεκτρυόνες
1012 1915 1045 1950 ἐν
1059 1917 1101 1965 τῇ

2119 174 2190 205 105

1161 248 1326 298 Περσίδι,
1348 248 1407 285 καὶ
1429 251 1463 285 αἱ
1483 249 1694 298 καλούμεναι
1722 250 1940 302 μελεαγρίδες
1959 252 1993 287 ἐν
2016 255 2057 302 τῇ
2080 254 2191 290 Αἰτω-

1159 303 1231 353 λίᾳ.
1252 305 1313 341 Διὸ
1331 305 1389 341 καὶ
1405 306 1603 357 Ἀντιφάνης
1619 309 1652 344 ἐν
1669 313 1736 350 τοῖς
1757 307 2005 359 Ὁμοπατρίοις
2022 310 2140 361 φησίν·

1241 372 1290 403 Ἑν
1304 374 1409 403 Ἡλίου
1425 376 1477 414 μέν
1491 387 1563 413 φασι
1578 377 1713 415 γίνεσθαι
1730 378 1814 408 πόλει

1241 419 1392 456 φοίνικας,
1409 421 1437 450 ἐν
1452 421 1582 458 Ἀθήναις
1597 424 1628 452 δὲ
1645 424 1789 461 γλαῦκας.
1808 424 1845 454 ‘ll
1861 425 1981 464 Κύπρος

1243 465 1305 504 ἔχει
1322 466 1444 501 πελείας
1459 468 1620 508 διαφόρους
1634 471 1663 505 ’ἡ
1681 471 1706 499 δ’
1722 471 1752 499 ἐν
1770 470 1865 509 Σάμῳ

1241 512 1322 551 ’Ἡρα
1335 513 1369 542 τὸ
1387 517 1529 552 χρυσοῦν,
1544 516 1647 553 φασιν,
1665 516 1790 554 ὀρνίθων
1803 518 1887 555 γένος
1897 541 1905 555 ,

1242 558 1310 593 τοὺς
1324 557 1543 597 καλλιμόρφους
1560 561 1610 589 καὶ
1627 562 1840 599 περιὸλέπτους
1853 564 1944 599 ταώς.

1161 614 1289 666 Διόπερ
1322 615 1382 652 καὶ
1412 615 1468 651 ἐπὶ
1499 619 1556 652 τοῦ
1588 618 1798 667 νομίσματος
1829 623 1896 657 τῶν
1927 623 2069 671 Σαμίων
2105 623 2195 667 ταὼς

1164 673 1268 712 ἐστίν.
1291 691 1305 705 »

1214 734 1243 767 Ε
1260 732 1468 767 Menodoto
1487 734 1545 767 vel
1565 734 1636 767 alio
1652 735 1859 770 Samiorum
1877 751 2001 774 rerum
2014 743 2196 788 scriptore

1160 790 1309 825 fluxerit
1325 790 1431 837 quod
1442 791 1577 837 legitur
1591 792 1691 837 apud
1705 793 1926 839 Hesychium
1942 810 1949 830 ;
1967 798 1992 832 1))
2003 796 2023 832 ά
2035 812 2104 834 στα
2121 798 2193 836 Κά-

1163 863 1233 899 ρας
1248 863 1255 870 ·
1274 847 1332 884 δύο
1352 851 1461 884 ταῦτα
1482 846 1634 896 ὀνόματα
1651 864 1658 870 ·
1675 849 1924 900 ἐπιγέγραπται
1941 853 1976 890 δὲ
1994 855 2049 891 ἐπὶ
2067 858 2194 903 ἀναΟή-

1163 920 1270 954 ματος
1298 907 1330 941 ἐν
1351 903 1465 955 Σάμῳ
1486 906 1518 941 έν
1537 908 1585 955 τῷ
1602 908 1661 950 τῆς
1677 904 1792 956 ἽΙρας
1808 909 1888 959 ἱερῷ
1905 908 2010 947 οὕτω·
2038 930 2051 945 «
2073 914 2195 952 Βάστα

1164 962 1282 1013 Κάρας
1297 961 1428 1012 Σάμιος
1442 961 1537 1013 εἨρη
1556 962 1655 1008 τήνδε
1671 963 1775 1013 θήρην
1789 964 1944 1011 ἀνέθηκε.
1961 985 1973 999 »
1993 971 2046 1006 Cf.
2069 986 2196 1019 gram-

1162 1024 1318 1057 maticus
1333 1034 1352 1057 a
1365 1023 1486 1057 Bastio
1502 1022 1549 1056 ad
1563 1023 1717 1069 Gregor.
1731 1023 1946 1072 Corintlrp.
1969 1027 2037 1061 125
2054 1042 2098 1064 cx
2112 1033 2195 1068 cod.

1163 1081 1197 1116 S.
1216 1081 1342 1116 Germ.
1368 1093 1435 1125 177
1456 1081 1586 1115 citatus
1607 1092 1614 1116 ς
1635 1078 1730 1115 Βάτα
1752 1079 1891 1131 Κάρας·
1905 1082 1959 1118 ἐπὶ
1974 1085 2041 1119 τῶν
2056 1086 2195 1136 παχέων

1163 1136 1220 1173 καὶ
1242 1138 1394 1173 δυνατῶν
1418 1137 1511 1185 (scr.
1531 1136 1718 1183 ἀδυνάτων,
1737 1140 1791 1173 uti
1819 1146 1871 1174 est
1890 1153 1949 1187 ap.
1975 1144 2138 1189 Apostol.
2156 1149 2198 1191 V,

1165 1196 1236 1244 39)
1260 1194 1281 1240 ἢ
1299 1195 1354 1231 ἐπὶ
1372 1197 1438 1231 τῶν
1460 1195 1684 1240 ἀναισθήτων·
1707 1195 1840 1247 εἴρηται
1864 1195 1898 1233 δὲ
1919 1199 1986 1234 ἀπὸ
2007 1201 2197 1251 ἐπιγραφῆς

1163 1251 1265 1298 ούσης
1285 1254 1317 1290 ἐν
1347 1253 1460 1303 Σάμῳ
1482 1254 1516 1289 ἐν
1536 1254 1584 1304 τῷ
1610 1252 1763 1304 Ἡραίῳ,
1794 1256 2111 1303 καταπλανησάσης
2141 1262 2199 1296 ὑπ’

1163 1312 1303 1360 ἀγνοίας
1332 1311 1409 1353 τοὺς
1430 1311 1650 1361 ἀναγνόντας.
1707 1311 1926 1363 Ἐπέγραφον
1944 1313 2009 1365 γὰρ
2031 1318 2198 1368 πατρόθεν

1163 1369 1416 1420 προτάσσοντες
1429 1369 1484 1406 τὸν
1502 1368 1634 1420 πατέρα
1647 1399 1656 1414 ,
1674 1370 1733 1407 καί
1751 1372 1821 1407 ἐστι
1835 1370 1872 1407 τὸ
1891 1371 1951 1419 μὲν
1972 1375 2068 1411 Enim
2082 1377 2198 1423 γενικὴ

1163 1430 1309 1474 πτῶσις,
1326 1427 1364 1464 τὸ
1385 1427 1418 1464 δὲ
1440 1427 1562 1479 Κάρας
1581 1426 1661 1479 ὀρθὴ
1675 1458 1684 1473 ,
1706 1426 1760 1464 ἵνα
1780 1422 1800 1477 ἦ
1834 1429 1952 1481 Κάρας
1969 1433 1986 1466 ὁ
2007 1432 2104 1468 Βάτα
2132 1433 2202 1475 υἱὸς

1164 1487 1238 1523 κτλ.
1261 1488 1400 1522 Eadem
1418 1489 1477 1522 alii
1490 1515 1499 1531 ‚
1522 1500 1616 1534 quos
1629 1488 1714 1522 vide
1728 1489 1766 1521 in
1784 1489 1912 1535 steph.
1933 1491 2039 1526 Thes.
2060 1499 2135 1527 tom
2152 1495 2199 1537 ΙΙ,

1162 1559 1201 1593 p.
1228 1546 1296 1588 184
1315 1559 1367 1592 sq.
1391 1547 1481 1580 etin
1501 1546 1687 1581 Leutschii
1706 1548 1946 1596 Paroemiogr.
1964 1561 2003 1595 p.
2025 1549 2110 1587 386.
2130 1551 2201 1586 Ce-

1163 1612 1283 1639 terum
1298 1617 1333 1641 v.
1351 1604 1503 1638 Boeckh.
1523 1605 1635 1651 Corp.
1651 1606 1766 1641 Inscr.
1787 1606 1841 1648 ΙΙ,
1861 1619 1901 1652 p.
1920 1619 1992 1641 212
2006 1635 2015 1651 ,
2035 1610 2098 1655 qui
2117 1610 2201 1656 plu-

1162 1662 1267 1697 ribus
1286 1662 1332 1697 de
1353 1663 1421 1697 hac
1438 1663 1681 1709 inscriptione
1697 1664 1859 1710 exponit.

1215 1802 1401 1849 Diogenes
1417 1803 1543 1836 Laert.
1565 1803 1620 1845 ΙΙ,
1640 1807 1722 1847 104,
1740 1803 1862 1838 varios
1872 1816 2065 1840 recensens
2079 1807 2200 1841 Theo.-

1165 1859 1278 1893 doros
1302 1871 1310 1895 :
1338 1857 1647 1908 Τρισκαιδέκατος,
1670 1858 1867 1910 ζωγράφος,
1900 1859 2093 1907 Ἀθηναῖος,
2116 1862 2200 1913 ὑπὲρ

1166 1910 1204 1952 οἷ
1223 1915 1346 1967 γράφει
1368 1914 1576 1960 Μηνόδοτος.

76 1986 2201 2003 ·—-—————-——-—·——————————-——

69 2023 105 2052 In
119 2021 168 2051 his
193 2022 278 2052 enim
298 2021 445 2060 ambigue
465 2021 594 2061 quidem
612 2022 753 2061 loquitur
773 2023 954 2054 Nicaenetus
967 2048 974 2061 ,
993 2025 1029 2053 ut
1045 2032 1099 2053 ne-

68 2073 148 2103 scias
163 2074 272 2102 utrum
288 2072 319 2102 in
335 2073 424 2103 strati
443 2082 555 2112 usum,
581 2082 622 2103 an
647 2074 881 2111 coronamenti,
900 2074 1036 2104 sul'liciat
1058 2074 1102 2104 illi

67 2124 176 2155 vitex:
193 2124 263 2162 sed,
280 2133 379 2164 quum
396 2125 482 2155 illam
506 2125 648 2155 nominet
674 2127 828 2164 priscum
858 2128 985 2157 Carum
1013 2134 1104 2157 coro-

69 2179 286 2215 namentum,
305 2178 379 2208 satis
392 2177 423 2207 in
444 2179 552 2216 aperto
570 2178 657 2217 ponit
674 2177 704 2208 id
724 2178 808 2217 quod
823 2178 995 2217 quaerimus
1022 2182 1103 2210 Con-

67 2228 183 2267 iectare
202 2229 309 2258 autem
327 2227 419 2267 licet,
441 2229 656 2259 coronamenti
685 2237 725 2260 ex
753 2230 846 2260 vitice
875 2239 969 2260 usum
997 2230 1028 2260 in
1051 2230 1103 2260 illa

69 2278 169 2309 insula
183 2287 282 2318 usque
295 2279 334 2310 ad
350 2279 525 2319 Polycratis
541 2282 668 2311 aetatem
684 2280 823 2311 durasse.
839 2284 1005 2312 Anacreon
1019 2283 1104 2312 certe

68 2328 145 2360 dixit
160 2340 168 2359 z

102 2401 256 2436 Megisthes
268 2410 340 2431 vero
353 2404 401 2432 ille
414 2405 514 2436 comis,
530 2405 632 2433 decem
643 2406 705 2439 jam
718 2413 833 2433 menses
845 2408 924 2438 sunt,
939 2413 973 2434 ex
989 2414 1049 2441 quo

103 2451 264 2477 coronatur
279 2450 365 2478 vitice
380 2452 410 2479 et
428 2453 557 2479 mustum
572 2452 651 2492 vbibit
668 2451 763 2479 dulce.
787 2462 798 2478 ι

114 2518 160 2544 15.
180 2515 256 2545 Haec
268 2514 311 2545 dii
326 2517 443 2547 norunt
456 2525 473 2547 a
487 2526 538 2548 me
552 2517 654 2556 primo
671 2518 703 2548 in
716 2517 825 2557 pulcra
839 2518 1027 2549 Alexandria
1037 2527 1103 2549 esse

70 2567 192 2605 reperta
203 2590 211 2605 ‚
226 2575 325 2606 quum
336 2569 499 2600 nactusibi
512 2578 613 2601 essem
627 2570 788 2601 Menodoti
805 2570 968 2609 libellum;
984 2580 1023 2601 ex
1039 2580 1103 2610 quo

69 2617 165 2648 etiam
193 2618 303 2650 multis
328 2620 509 2652 hominibus
534 2622 613 2661 hoc,
642 2622 729 2661 quod
757 2622 842 2662 apud
872 2625 1102 2654 Anacreontem

69 2668 236 2708 qumrstur,
253 2669 478 2703 demonstravi.
498 2672 596 2711 Cujus
616 2673 799 2712 quaestionis
815 2674 1005 2705 solutionem
1019 2683 1037 2705 a
1055 2683 1104 2706 me

69 2721 232 2759 acceptam
247 2721 448 2760 Hepliaestion
458 2746 465 2759 ‚
480 2723 506 2753 is
518 2724 572 2762 qui
585 2723 652 2754 aliis
662 2724 810 2755 omnibus
823 2725 907 2755 furta
920 2726 1101 2765 exprobrat,

69 2770 126 2801 sihi
145 2770 335 2810 vindicavit,
361 2773 578 2814 scriptumque
594 2774 691 2805 edidit
707 2775 767 2805 hoc
782 2775 877 2806 titulo
889 2800 897 2813 ‚
918 2779 965 2807 De,
978 2785 1102 2807 corona

70 2831 113 2854 ex
126 2825 225 2854 vitice
240 2823 335 2863 apud
347 2827 592 2857 Anacreontem
606 2826 711 2866 :quod
727 2827 881 2866 scriptum
894 2837 979 2858 nunc
993 2831 1104 2860 Romae

70 2873 244 2913 reperimus
268 2875 353 2914 apud
377 2876 592 2916 antiquarium
618 2877 629 2917 (
643 2878 845 2918 ἁντικουαρίῳ
859 2879 869 2918 )
890 2880 1100 2911 Demetrium.

70 2927 178 2956 Unum
194 2925 254 2956 hoc
267 2925 306 2957 de
322 2935 379 2957 suo
396 2927 494 2966 dixit,
515 2929 727 2967 Phylarehum
744 2929 878 2969 septimo
894 2931 1101 2962 Historiarum

71 2975 151 3009 libro
170 2976 349 3009 meminisse
367 2978 450 3010 illius
466 2979 506 3011 de
521 2979 615 3011 vitice
628 2980 784 3020 historiae,
801 2981 855 3012 sed
872 2990 931 3013 nec
950 2981 1102 3014 Nicaeneti

1163 2033 1221 2054 nec
1241 2024 1447 2055 Anarreonlis
1466 2025 1644 2056 meminisse
1667 2025 1753 2056 huuc
1775 2027 1975 2066 scriptorem3
1996 2038 2091 2068 quem
2105 2031 2199 2062 etiam

1164 2076 1330 2108 dissentire
1343 2077 1375 2107 in
1388 2077 1548 2108 nonnullis
1566 2077 1702 2109 ostendit
1716 2079 1755 2109 ab
1771 2079 1820 2110 his
1835 2088 1907 2119 quac
1918 2090 1936 2111 a
1952 2082 2121 2113 Menodoto
2136 2085 2200 2114 tra-

1163 2127 1229 2158 dita
1243 2129 1327 2159 sunt.

1663 2179 1682 2199 ι)

1662 2200 1695 2209 ..ι-

1208 2241 1399 2272 Menodotus
1416 2242 1540 2272 Samius
1560 2242 1592 2272 in
1621 2242 1702 2273 libro
1731 2252 1794 2282 quo
1811 2243 1850 2274 de
1868 2244 1905 2275 iis
1930 2254 2001 2284 quae
2020 2245 2051 2276 in
2079 2247 2200 2286 templo

1164 2293 1299 2324 Junonis
1316 2295 1429 2325 Samiae
1446 2294 1604 2333 visuntur,
1623 2295 1753 2334 exponit
1770 2308 1777 2326 z
1798 2308 1813 2322 «
1831 2298 1989 2336 Pavones,
2004 2298 2066 2335 ait,
2082 2299 2199 2329 Junoni

1165 2345 1246 2375 sacri
1264 2348 1347 2377 sunt.
1367 2349 1410 2377 Ac
1426 2346 1556 2377 fortasse
1569 2346 1664 2377 etiam
1681 2348 1774 2387 primi
1800 2348 1943 2379 omnium
1957 2352 1987 2380 et
2003 2351 2067 2381 nati
2081 2353 2112 2381 et
2126 2350 2200 2381 edu·
2233 2342 2235 2345 ¹

1164 2398 1225 2428 cati
1238 2400 1311 2429 sunt
1325 2398 1357 2429 iu
1372 2401 1481 2437 Samo,
1494 2398 1630 2438 indeque
1647 2400 1676 2429 in
1689 2400 1765 2431 alias
1776 2400 1919 2438 regiones
1931 2401 2047 2433 divecti
2062 2414 2069 2433 :
2084 2411 2198 2442 quem-

1163 2448 1337 2479 admodum
1370 2450 1462 2489 primi
1481 2451 1552 2489 galli
1570 2451 1732 2489 gallinacei
1750 2451 1782 2481 in
1806 2451 1951 2489 Perside;
1976 2454 2008 2483 et
2038 2454 2198 2493 meleagri-

1164 2500 1218 2531 des
1233 2510 1306 2540 quae
1321 2504 1486 2539 vocantur,
1511 2502 1543 2532 in
1564 2503 1688 2533 AEtolia.
1710 2506 1818 2539 Quare
1842 2505 1938 2534 etiam
1958 2504 2150 2545 Antiphanes
2168 2506 2201 2537 in

1164 2554 1328 2584 Germanis
1344 2554 1491 2584 fratribus
1505 2555 1550 2585 ait
1566 2567 1572 2585 :

1235 2619 1267 2644 ln
1283 2617 1356 2644 Solis
1369 2617 1454 2645 aiunt
1468 2618 1542 2645 urhe
1555 2618 1635 2645 nasci

1234 2662 1399 2697 phoenffies,
1421 2662 1544 2690 Athenis
1558 2670 1629 2691 vero
1643 2666 1776 2690 noctuas⁴
1793 2666 1907 2699 Cyprus

1234 2707 1386 2734 columbas
1400 2707 1487 2735 habet
1504 2708 1623 2735 eximias
1639 2718 1646 2735 ε
1664 2709 1789 2736 Samiam
1804 2717 1875 2736 vero

1234 2753 1386 2780 sunonem
1401 2760 1523 2781 aureum
1537 2753 1644 2781 habere
1657 2754 1740 2781 aiunt
1753 2755 1853 2782 avium
1867 2762 1975 2789 genus,

1234 2795 1378 2824 formosos
1391 2801 1420 2825 et
1433 2798 1606 2833 spectabiles
1620 2806 1757 2833 pavones.

1164 2864 1268 2898 Quare
1282 2861 1377 2892 etiam
1394 2862 1427 2892 in
1447 2863 1575 2894 moneta
1591 2864 1769 2895 Samiorum
1788 2873 1868 2904 pavo
1887 2873 2024 2896 excusus
2039 2867 2095 2896 est.
2111 2878 2126 2892 »

1666 2931 1697 2961 3.

1204 2986 1251 3014 De
1270 2983 1435 3015 Theodoro
1451 2985 1570 3024 pictore
1588 2985 1768 3017 Atheniensi
1791 2985 1916 3025 scripsit
1929 2985 2128 3017 Menodotus.
