2338 3765
97 193 171 224 440

97 272 210 309 πάντα
230 267 451 314 πεποιηκότι·
470 266 544 304 ἀλλ’
566 265 658 315 ὅμως
674 264 756 303 αὐτὸ
777 264 814 302 τὸ
832 267 865 303 ἐν
881 265 1019 317 χάριτος
1039 266 1133 316 μέρει

96 329 216 367 λαὲεῒν
236 328 309 365 τάδ’
339 326 360 363 ἃ
391 327 451 375 (13)
473 324 562 362 κατὰ
583 324 715 369 πολλὴν
741 322 926 375 εὐμάρειαν
951 328 1133 373 κρατοῦσιν

97 390 248 439 ὑπῆρχε,
267 385 397 436 σφόδρα
416 385 448 420 ἐν
465 387 507 434 τῇ
525 382 656 433 διανοίᾳ
675 381 746 419 ἐνὸν
765 381 894 419 ἐλύπει.
915 382 985 420 Καὶ
1010 384 1071 431 μὲν
1093 383 1132 427 δὴ

95 447 239 482 κάκεῖνα
256 443 299 481 τὰ
320 443 379 488 ἔθη
394 443 507 479 αὐτῶν
526 440 672 492 διάφορα
692 440 758 486 ἤδη
775 434 830 487 ἦν,
846 443 913 477 τῶν
930 456 966 477 τε
983 456 1135 492 συστρα-

94 502 284 552 τευομένων
303 500 406 538 πάλιν
429 501 463 536 ἐν
484 500 626 536 ἰδιωτῶν
648 497 709 548 (14)
730 498 833 550 μοίρᾳ
851 500 918 535 τῶν
941 514 977 535 τε
1000 498 1133 548 ἡγεμό-

94 577 161 598 νων
181 560 240 598 καὶ
260 561 298 598 οὐ
323 561 425 608 τιμῆς
445 555 760 606 μετα-ποιουμένων·
781 556 820 593 τὸ
840 555 901 604 μὲν
922 556 973 593 ὅτι
1004 571 1134 606 συγκα-

94 618 274 656 τελέλεκτο
293 618 352 667 (15)
379 618 423 658 εἷς
442 615 480 652 τὸ
502 618 646 666 ἀρχαῖον
666 615 911 666 στρατιωτικὸν
932 614 971 651 το
992 614 1134 666 πολέμῳ

95 679 214 726 ἁλοῧν,
234 676 293 713 καὶ
312 674 388 717 τοὺς
416 673 509 716 ἴσους
527 671 666 722 μισθοὺς
685 671 814 723 ἔφερεν.
837 670 1010 722 ἼΙχΟοντο
1030 667 1086 709 οὖν
1104 674 1133 710 οἱ

94 736 185 787 φίλοι
203 737 236 772 ἐν
253 735 317 786 ἴσῳ
334 732 523 782 τιμώμενοι
543 736 611 774 τοῖς
628 730 683 767 ὑπ’
703 732 815 767 αὐτῶν
833 730 1069 781 αἰχμαλώτοις
1083 747 1134 780 γε·

94 794 263 843 νομένοις,
278 793 351 830 ἐστι
371 793 399 828 δ’
415 790 468 842 ὑφ’
486 784 532 827 ὧν
554 789 612 826 καὶ
632 788 892 840 παρωθούμενοι
909 792 1021 838 τιμῆς.
1041 791 1134 826 Πολ-

93 855 163 895 λοῖς
184 852 219 890 δὲ
236 851 295 889 καὶ
311 850 348 888 τὸ
366 843 402 887 εῧ
421 849 570 900 πάσχειν
589 849 644 884 ὑπ’
666 849 769 884 αὐτοῦ
790 846 1017 899 διαφερόντως
1038 848 1134 884 ἀνια-

94 912 151 962 ρον
175 906 217 957 ἦν
243 909 334 947 κατά
356 924 392 945 τε
424 907 616 958 χρημάτων
637 905 747 949 δόσεις
774 906 833 943 καὶ
864 908 981 955 ἀρχῶν
1010 905 1135 942 συντά-

93 970 175 1015 ξεις,
196 972 240 1011 ὡς
266 967 369 1018 μόνου
393 964 582 1014 δυναμένου
602 967 702 1001 τοῦτο
726 969 850 1008 ποιεῖν,
872 966 940 1000 τῶν
961 962 996 1000 δὲ
1018 963 1132 1000 ἄλλων

92 1028 232 1065 πάντων
250 1028 283 1063 ἐν
301 1024 434 1067 οὐδενὸς
452 1023 554 1074 μοίρᾳ
572 1021 843 1073 παρεωσμένων.
868 1021 975 1063 Αὐτός
997 1036 1034 1058 τε
1053 1022 1134 1058 ἐκεῖ·

93 1102 147 1129 νος
177 1085 233 1122 ἐπὶ
265 1086 409 1125 πολλαῖς
430 1082 490 1119 καὶ
521 1083 643 1122 καλαῖς
674 1080 783 1122 νίκαις
813 1079 1045 1130 ἀγαλλόμενος
1073 1081 1134 1116 οὐκ

93 1142 303 1187 ἀπεικότως,
323 1140 426 1178 πλέον
444 1155 480 1176 τε
501 1137 522 1183 ἢ
543 1138 719 1190 ἄνθρωπος
735 1136 835 1180 ἀξιῶν
855 1137 922 1182 ἥδη
943 1131 1046 1182 εἶναι,
1068 1138 1135 1179 τοῖς

94 1201 156 1251 μὲν
179 1201 316 1242 πολλοῖς
341 1197 572 1247 ἐθαυμάζετο,
604 1201 673 1238 τοῖς
693 1195 728 1232 δὲ
759 1195 921 1245 μεγάλοις
950 1195 1008 1232 καὶ
1030 1196 1135 1231 δυνα-

95 1261 209 1303 στείας
230 1256 534 1309 μεταποιουμένοις
564 1253 717 1305 ἐπαχθὴς
738 1254 848 1291 ἐδόκει
875 1248 973 1292 εἶναι.
996 1256 1135 1292 Παντο-

95 1319 190 1356 δαπὰ
219 1313 276 1355 οἶν
297 1315 443 1361 συνέστη
465 1315 556 1366 φῦλα
586 1315 640 1350 ἐπ’
673 1312 773 1350 αὐτὸν
798 1314 929 1363 ἀνδρῶν
961 1313 1134 1363 μεγάλων,

95 1380 238 1429 μικρῶν,
253 1375 372 1427 φίλων,
390 1372 579 1421 πολεμίων,
593 1373 827 1422 στρατιωτῶν,
844 1371 1043 1416 πολιτικῶν,
1060 1372 1134 1408 ἑκά-

94 1452 184 1473 στων
195 1434 382 1486 προφάσεις
393 1431 479 1473 ἰδίας
492 1432 537 1473 εἷς
548 1431 586 1467 τὸ
601 1429 696 1481 ἔργον
714 1429 985 1478 ὓποτιμωμένων
1001 1430 1060 1479 (16)
1076 1430 1134 1467 καὶ

96 1494 163 1531 ἀπὸ
183 1496 251 1530 τῶν
272 1490 404 1530 οἰκείων
428 1488 656 1539 ἐγκλημάτων
680 1487 956 1535 ἐμπιστευόντων
977 1488 1036 1524 καὶ
1060 1491 1136 1530 ταῖς

93 1552 188 1604 παρὰ
202 1554 269 1589 τῶν
284 1550 398 1587 ἄλλων
413 1546 646 1598 κατηγορίαις.
664 1544 843 1587 Ἵίκαστός
855 1561 891 1582 τε
908 1546 970 1594 (17)
990 1546 1135 1582 ἕκαστον

93 1610 337 1658 συνιστάμενον
362 1605 561 1657 παρώξυνον
584 1607 661 1653 (18),
685 1603 743 1640 καὶ
762 1603 801 1640 τὸ
820 1605 865 1646 εἷς
883 1604 1053 1648 ἀλλήλους
1075 1603 1136 1653 βέ,

94 1670 190 1706 δάιον
211 1669 249 1704 ἐκ
266 1668 332 1703 τῶν
348 1665 416 1716 ἰδία
435 1664 587 1700 ὑπόντων
605 1662 688 1712 πρὸς
707 1661 809 1698 αὐτὸν
827 1662 885 1712 (19)
906 1662 1136 1710 ἐγκλημάτων

96 1726 317 1778 παρείχοντο.
376 1722 428 1761 Δι’
453 1721 470 1759 ὃ
501 1720 560 1758 καὶ
579 1719 751 1757 τοσούτων
770 1718 961 1768 γενομένων
982 1722 1050 1756 τῶν
1072 1735 1136 1757 συ-

94 1771 260 1829 στάντων,
287 1781 392 1823 οὒδεὶς
422 1778 593 1828 ἐτόλμησε
625 1781 871 1825 καταμηνῧσαι
899 1776 962 1822 τὴν
996 1778 1134 1829 πρᾶξιν.

94 1842 193 1882 ψασί
210 1841 245 1878 δέ
259 1855 345 1882 τινες
360 1838 472 1887 ὀλίγον
487 1836 625 1888 προτοῦ
642 1835 788 1872 Θανάτου
803 1834 1058 1886 γραμματίδιον
1071 1837 1134 1886 (211)

96 1903 189 1952 αὐτῷ
209 1899 275 1936 ὑπό
294 1914 353 1935 του
374 1895 531 1934 δεδόσθαι
552 1893 681 1943 μηνύον
701 1891 763 1938 τὴν
785 1893 969 1938 ἐπιδουλην
984 1909 991 1916 ·
1013 1893 1030 1930 ὃ
1048 1894 1136 1942 μετὰ

97 1964 214 2010 χεῖρας
235 1957 323 2008 ἔχων
343 1954 422 2006 πρὶν
438 1955 632 2003 ἀναγνῶναι
651 1952 856 2002 ἀπεσφάγη·
879 1951 967 2000 μετὰ
989 1951 1024 1989 δὲ
1045 1954 1136 1990 ἀπο-

97 2017 253 2058 θανόντος
272 2013 435 2064 ἀνευρέθη
457 2014 490 2049 ἐν
508 2016 577 2053 τοῖς
598 2010 712 2052 ἄλλοις
731 2010 1012 2061 γραμματιδίοις,

147 2074 237 2112 XX.
269 2075 391 2112 Ταῦτα
407 2070 468 2118 μὲν
484 2063 540 2107 οὖν
556 2068 696 2120 ὕστερον
717 2067 871 2118 ἐγνώσθη
885 2084 892 2091 ·
910 2068 987 2105 τότε
1005 2067 1039 2106 δὲ
1058 2068 1136 2119 [ἄλ-

94 2133 186 2182 λαις]
202 2132 253 2169 ἐπ’
270 2131 391 2172 ἄλλαις
416 2129 454 2179 (1)
475 2127 590 2176 τιμαῖς
609 2128 701 2177 αὐτῷ
719 2126 966 2178 ψηφιζομέναις
986 2129 1053 2163 τῶν
1073 2127 1136 2176 μὲν

95 2191 296 2242 ’χαρίζεσθαι
317 2186 548 2239 βουλομένων,
563 2184 659 2221 ἐνίων
675 2184 710 2221 ’δὲ
729 2184 817 2234 μετὰ
835 2183 971 2236 ἐνέδρας
986 2185 1136 2235 δεχομέ-

95 2236 161 2286 νων
174 2248 232 2291 τὰς
243 2244 547 2298 ὑπερδεδλημένας
559 2244 617 2280 καὶ
631 2244 675 2285 εἷς
687 2242 844 2285 ἅπαντας
856 2242 1079 2294 ἐκφερόντων,
1093 2245 1137 2285 ὡς

95 2308 136 2345 ἂν
155 2307 272 2359 φθόνος
291 2308 376 2354 ὁμοῦ
399 2303 490 2354 [καὶ]
505 2302 544 2353 (2)
561 2301 691 2352 ὑποψία
705 2300 875 2351 ἐγγένοιτο
890 2301 1062 2351 ἐπαχθὴς,
1081 2301 1134 2338 ὅδε

98 2366 159 2402 ἅτε
177 2365 304 2406 ἁπλοῦς
319 2362 365 2399 ὢν
379 2361 416 2398 τὸ
432 2356 511 2407 ἦθος
528 2359 586 2397 καὶ
603 2359 742 2408 ἄπειρος
755 2361 932 2403 πολιτικῆς
948 2358 1069 2409 τέχνης
1083 2359 1137 2395 διὰ

97 2422 157 2466 τὰς
177 2421 345 2469 ἐκδήμους
366 2420 409 2469 (3)
433 2416 633 2469 στρατείας,
650 2416 812 2461 ’ἡλίσκετο
843 2415 964 2467 ῥαδίως
983 2415 1113 2458 τούτοις
1126 2446 1136 2466 ,

98 2483 137 2518 ἐκ
156 2483 215 2517 τοῦ
236 2478 362 2520 εἰκότος
379 2476 530 2525 οἰόμενος
553 2475 706 2524 γίνεσθαι
725 2472 802 2515 τοὺς
822 2473 980 2515 ἐπαίνους
1000 2476 1138 2522 Θαυμα-

99 2539 222 2581 ζόντων
244 2536 344 2573 αὐτὸν
365 2533 495 2583 μᾶλλόν
513 2547 578 2582 περ
597 2530 618 2576 ἢ
637 2530 945 2569 ἐπιδουλευόνῃον.
974 2530 1137 2568 Μάλιστα

101 2595 136 2633 δὲ
167 2598 234 2632 τῶν
255 2592 496 2645 ἐψηφισμένων
525 2589 643 2626 ἐλύπει
666 2589 741 2630 τοὺς
762 2589 796 2625 ἐν
819 2587 911 2625 τέλει
934 2588 973 2624 τὸ
993 2588 1051 2625 καὶ
1072 2591 1138 2625 τῶν

100 2654 217 2702 ἀρχῶν
238 2651 361 2701 ἄκυρον
388 2648 543 2698 γενέσθαι
573 2650 634 2692 τῆς
662 2645 907 2685 καταστάσεως
926 2644 983 2682 τὸν
1013 2646 1135 2695 δῆμον,

100 2711 218 2758 ἐκείνῳ
231 2711 258 2746 δ’
273 2707 378 2749 αὐτὰς
396 2705 618 2742 ἀποδίδοσθαι
635 2699 681 2746 οἷς
697 2704 851 2755 βούλοιτο
863 2703 1004 2750 διδόναι,
1019 2702 1137 2755 ὥσπερ

99 2769 137 2805 το
166 2768 278 2816 δόγμα
298 2767 450 2803 ἐκέλευεν
480 2765 517 2800 οὐ
537 2763 603 2815 πρὸ
623 2764 749 2800 πολλοῦ
771 2761 1019 2812 κεκυρωμένον.
1042 2763 1137 2798 Παν-

99 2825 249 2863 τοδαπαὶ
267 2823 301 2861 δὲ
318 2823 375 2861 καὶ
390 2824 423 2859 ἐν
443 2825 491 2874 τῷ
506 2821 616 2872 ὁμίλῳ
635 2819 827 2870 λογοποιίαι
848 2819 1058 2870 διεφέροντο,
1075 2820 1136 2857 άλ-

99 2887 170 2921 λων
191 2884 280 2920 ἄλλα
302 2880 502 2924 διεξιόντων.
561 2882 606 2917 Οἱ
628 2878 688 2928 μὲν
706 2877 772 2929 γὰρ
792 2878 940 2930 ἔφασκον
966 2878 1137 2929 βασίλειον

101 2944 196 2992 αὐτῷ
214 2941 396 2990 ἐγνωκέναι
415 2937 600 2987 συμπάσης
614 2940 675 2986 γῆς
694 2936 753 2973 καὶ
771 2937 945 2982 Θαλάττης
960 2936 1137 2986 Αἴγυπτον

102 2998 360 3042 ἀποδεικνύναι,
383 2996 461 3034 ἔνθα
482 2995 642 3046 βασιλίδα
663 2995 887 3045 Κλεοπάτραν
908 2997 1010 3032 αὐτοῦ
1029 3001 1137 3032 τεκεῖν

893 179 1101 219 NICOLAI
1129 178 1420 218 DAMASCENI

1193 271 1299 302 al't'ecti
1315 270 1436 309 essent;
1452 271 1485 301 at
1505 269 1710 300 nibilominus
1732 268 1811 300 illud
1837 269 1938 309 ipsum
1951 293 1959 309 ,
1979 269 2063 310 quod
2086 269 2230 301 beneficii

1194 335 1267 375 loco,
1276 334 1485 373 accepissent,
1503 332 1619 372 quibus
1629 332 1766 363 victores
1775 341 1901 363 summa
1916 341 1988 363 cum
2005 333 2232 364 commoditate

1195 399 1254 429 frui
1266 398 1458 438 potuissent,
1473 396 1653 436 cogitationi
1667 396 1825 427 inhaerens
1837 396 2057 428 contristabat.
2070 398 2124 429 His
2137 407 2232 437 porro

1192 459 1257 498 jam
1283 458 1407 489 diverso
1439 456 1534 488 modo
1562 456 1716 487 hostiliter
1738 456 1859 488 31166115
1888 457 1907 487 11
1935 457 2147 497 accedebant,
2175 460 2230 498 qui

1196 523 1434 563 expeditionum
1453 523 1526 554 socii
1546 523 1671 554 fuerant
1684 523 1734 554 vel
1749 524 1879 563 gregarii
1897 524 1946 556 vel
1963 524 2080 556 ducum
2101 534 2232 557 munere

1196 586 1377 625 fungentes,
1403 593 1505 624 neque
1530 585 1567 615 ad
1596 585 1731 616 bonores
1747 586 2035 626 promovebantur,
2064 589 2232 627 querentes

1196 647 1257 685 illi,
1281 646 1365 686 qiiod
1385 646 1468 678 bello
1486 646 1569 686 capti
1593 647 1624 677 in
1650 648 1772 679 veteres
1795 647 1933 687 legiones
1950 650 2174 689 cooptarentur
2200 653 2233 683 et

1195 710 1306 741 eadem
1322 711 1520 740 mererentur
1531 708 1696 748 stipendia.
1713 710 1858 741 Graviter
1868 710 1963 750 igitur
1973 712 2065 743 amici
2078 713 2230 753 serebant,

1195 775 1305 806 eodem
1320 784 1352 805 se
1366 775 1435 806 loco
1449 783 1515 806 esse
1529 783 1601 805 cum
1615 775 1669 813 iis,
1684 783 1766 814 111105
1786 776 1841 815 11151
1860 776 1892 807 111
1905 777 2122 816 captivitatem
2146 779 2234 810 rede-

1195 834 1327 873 gissent,
1345 834 1377 864 et
1389 841 1407 863 a
1420 832 1580 863 nonnullis
1593 841 1705 863 eorum
1723 834 1772 864 vel
1791 833 1954 865 deturbari
1970 836 2068 875 gradu
2089 836 2229 869 lionoris.

1196 897 1312 927 Multos
1329 896 1425 927 etiam
1447 897 1576 935 accepta
1596 895 1637 926 ab
1656 904 1694 927 60
1715 895 1869 927 beneficia
1888 897 1953 929 sive
1975 899 2118 937 pecunize
2137 900 2231 939 largi·

1196 955 1281 985 tione
1297 954 1364 986 sive
1387 963 1557 985 munerum
1579 954 1750 985 collatione
1767 963 1903 986 moerore
1924 956 2122 996 afficiebant,
2148 958 2234 997 quod

1195 1014 1279 1043 solus
1305 1012 1436 1043 11161106
1456 1012 1558 1043 facere
1575 1013 1698 1052 posset,
1724 1021 1761 1043 ac
1785 1013 1897 1053 reliqui
1922 1023 2032 1046 omnes
2056 1017 2093 1046 ut
2112 1017 2235 1047 nullius

1196 1071 1349 1104 momenti
1363 1071 1606 1111 negligerentur.
1621 1072 1765 1111 Denique
1782 1072 1847 1111 ipse
1862 1074 1969 1104 Caesar
1982 1074 2090 1105 multis
2106 1083 2143 1105 ac
2157 1084 2234 1114 prae-

1195 1131 1288 1161 claris
1304 1130 1443 1161 victoriis
1456 1139 1488 1161 se
1503 1131 1636 1161 efferens
1650 1130 1734 1161 baud
1756 1131 1915 1162 immerito
1939 1133 1972 1162 et
1992 1132 2063 1171 plus
2087 1141 2120 1164 se
2137 1142 2233 1173 11113111

1195 1189 1360 1220 mortalem
1376 1189 1441 1228 Jam
1455 1198 1522 1220 esse
1540 1189 1743 1228 existimans,
1758 1189 1842 1229 apud
1859 1190 2095 1221 multitudinem
2107 1192 2236 1231 quidem

1195 1257 1269 1278 cum
1284 1248 1493 1279 admiratione
1505 1248 1749 1287 suspiciebatur,
1765 1248 1973 1287 optimatibus
1991 1257 2066 1280 vero
2086 1251 2117 1280 et
2133 1250 2234 1289 impe-

1196 1307 1240 1337 ria
1253 1306 1466 1337 ambientibus
1480 1307 1631 1336 molestus
1650 1314 1716 1337 esse
1740 1306 1920 1337 videbatur.
1945 1307 1996 1338 Sic
2013 1308 2180 1348 multiplex
2205 1309 2235 1339 in

1196 1374 1268 1396 eum
1282 1367 1391 1396 coorta
1405 1366 1451 1395 est
1464 1364 1559 1395 turha
1572 1364 1715 1395 virorum
1731 1373 1918 1404 magnorum
1930 1389 1938 1403 ‚
1952 1374 2123 1405 parvorum
2135 1390 2144 1405 ,
2159 1367 2235 1397 31111·

1197 1433 1328 1463 60111111,
1347 1423 1567 1462 1111111160111111,
1585 1423 1790 1461 111111131111111,
1805 1423 1964 1462 civilium,
1982 1424 2038 1463 qui
2059 1433 2132 1456 suos
2148 1425 2235 1464 quis·

1196 1491 1259 1522 que
1273 1483 1448 1522 praetextus
1464 1481 1503 1512 ad
1521 1491 1586 1512 rem
1607 1481 1800 1519 asserebant,
1815 1483 1847 1512 et
1862 1482 1903 1512 ob
1923 1483 2064 1521 proprias
2083 1483 2235 1514 crimina-

1196 1542 1297 1572 tiones
1325 1540 1421 1571 etiam
1441 1539 1739 1596 aliorum'ssdebant
1758 1540 2026 1572 accusationibus.
2051 1541 2237 1581 singulique

1196 1599 1335 1638 singulos
1347 1597 1570 1629 convenientes
1581 1598 1846 1636 exstimulabant,
1861 1598 2019 1638 iidemque
2037 1601 2184 1630 mutuam
2197 1610 2235 1631 ex

1197 1657 1233 1687 iis
1248 1666 1321 1696 quae
1346 1656 1495 1696 privatim
1517 1656 1691 1695 unicuique
1710 1657 1801 1687 erant
1826 1656 2013 1688 criminibus
2037 1658 2235 1697 praebebant.

1197 1717 1301 1754 Atque
1322 1714 1364 1745 ita
1383 1714 1504 1744 sactum
1521 1715 1590 1751 est,
1617 1715 1652 1744 ut
1670 1714 1701 1744 in
1726 1714 1816 1744 tanto
1838 1714 2078 1753 conjuratorum
2104 1725 2238 1747 numero

1197 1782 1291 1804 nemo
1307 1782 1373 1803 rem
1396 1773 1517 1803 deferre
1544 1772 1686 1803 auderet.
1715 1774 1919 1812 Quamquam
1942 1774 2085 1804 nonnulli
2110 1778 2239 1806 narrant

1198 1831 1303 1870 paullo
1324 1832 1397 1861 ante
1419 1839 1529 1861 necem
1547 1830 1574 1861 ei
1592 1830 1736 1861 libellum
1755 1830 1941 1862 insidiarum
1962 1831 2098 1863 indicem
2118 1841 2137 1863 a
2155 1842 2221 1872 11110

1198 1889 1271 1919 113111
1286 1888 1441 1920 traditum
1454 1896 1521 1919 esse
1532 1911 1540 1926 ‚
1556 1897 1651 1928 quem
1664 1897 1762 1919 manu
1776 1890 1902 1928 tenens,
1917 1890 2089 1929 antequam
2100 1891 2236 1930 legisset.

1200 1948 1382 1978 interfectus
1395 1949 1459 1986 est,
1475 1956 1636 1986 quemque
1649 1946 1762 1979 deiude
1774 1949 1812 1978 ad
1827 1949 1989 1979 mortuum
2002 1948 2083 1980 inter
2096 1949 2234 1990 reliquos

1198 2005 1359 2036 codicillos
1378 2005 1576 2045 repererunt.

1240 2070 1308 2100 XX.
1332 2070 1409 2099 Haec
1434 2068 1529 2107 igitur
1545 2069 1652 2108 postea
1667 2068 1797 2099 demum
1818 2069 2036 2100 innotuerunt.
2058 2071 2141 2101 Tum
2160 2079 2237 2101 vero

1198 2136 1299 2167 quum
1314 2127 1383 2158 aliis
1397 2135 1490 2166 snper
1507 2127 1576 2158 aliis
1594 2127 1769 2158 bonoribus
1785 2128 1812 2158 ei
1832 2127 2036 2159 decernendis
2051 2128 2103 2158 alii
2122 2128 2239 2167 gratili-

1200 2187 1263 2217 cari
1278 2187 1407 2223 vellent,
1423 2186 1566 2217 nonnulli
1584 2187 1693 2217 autem
1708 2186 1853 2217 insidiose
1867 2186 2003 2226 insignes
2019 2187 2088 2218 illos
2105 2187 2239 2218 bonores

1198 2244 1276 2275 adeo
1299 2244 1522 2282 admitterent,
1548 2245 1582 2274 ut
1598 2252 1651 2275 eos
1674 2245 1839 2282 tamquam
1864 2244 2049 2275 immodicos
2066 2245 2097 2276 111
2123 2245 2240 2284 vulgus

1198 2304 1363 2342 efferrent,
1379 2304 1476 2342 atque
1490 2303 1535 2332 516
1555 2302 1706 2332 invidiam
1722 2302 1817 2333 simul
1834 2303 1866 2333 et
1887 2302 2097 2342 suspicionem
2119 2305 2238 2335 exeita-

1198 2362 1268 2392 rent
1283 2374 1289 2392 :
1306 2363 1425 2399 Caesar,
1440 2362 1550 2399 utpote
1564 2361 1695 2400 simplex
1710 2360 1817 2391 indole
1830 2362 1861 2391 et
1875 2361 2014 2391 civilium
2030 2361 2238 2393 machinatio.-

1198 2429 1274 2450 num
1292 2419 1334 2450 ob
1358 2419 1574 2459 expeditiones
1598 2419 1777 2458 peregrinas
1802 2427 1914 2458 parum
1934 2418 2074 2458 peritus,
2098 2420 2186 2451 facile
2202 2420 2240 2451 iis

1197 2478 1433 2509 circumventus
1447 2479 1512 2515 est,
1528 2485 1566 2508 ex
1581 2486 1674 2516 aequo
1688 2479 1804 2516 putans
1815 2477 2009 2509 laudationes
2023 2477 2090 2508 illas
2104 2487 2169 2509 esse
2182 2478 2237 2509 ad-

1198 2537 1380 2567 mirantium
1392 2536 1494 2575 potius
1505 2544 1599 2575 quam
1613 2535 1838 2567 insidiantium.
1850 2536 2002 2567 Omnium
2015 2536 2152 2567 maxime
2163 2545 2239 2567 vero

1198 2595 1278 2625 iuter
1292 2593 1420 2624 decreta
1434 2593 1518 2624 x‘iros
1532 2593 1717 2623 muneribus
1730 2593 1864 2633 publicis
1876 2594 2040 2633 fungentes
2051 2593 2128 2625 illud
2140 2595 2238 2625 ossen·

1197 2652 1260 2690 dit,
1275 2661 1338 2692 quo
1352 2653 1507 2691 etiamjus
1520 2651 1729 2683 creandorum
1744 2653 1986 2690 magistratuum
2000 2652 2117 2691 populo
2131 2652 2239 2683 adem-

1198 2713 1287 2750 ptum
1299 2735 1307 2748 ,
1325 2712 1421 2750 atque
1445 2710 1561 2742 Caesari
1578 2710 1652 2740 data
1675 2711 1812 2749 potestas
1837 2711 1884 2740 est
1900 2711 2102 2749 magistratus
2123 2711 2238 2740 eonsti-

1198 2768 1306 2799 tuendi
1333 2777 1552 2808 quoscumque
1574 2768 1670 2799 vellet
1683 2791 1691 2806 ,
1716 2768 1809 2798 sicuti
1825 2769 1952 2799 senatus
1969 2768 2115 2799 consulto
2131 2768 2237 2808 paullo

1197 2827 1271 2857 ante
1288 2826 1411 2856 sancito
1433 2825 1621 2864 jubebatur.
1644 2825 1801 2855 Praeterea
1822 2824 1904 2855 varii
1922 2824 2005 2864 apud
2029 2825 2151 2865 plebem
2171 2834 2236 2856 ser-

1199 2893 1307 2914 mones
1344 2884 1409 2915 11611
1442 2882 1758 2920 circumferebantur,
1792 2882 1861 2913 aliis
1885 2883 1946 2913 alia
1978 2883 2238 2922 persequentibus

1197 2944 1385 2972 commenta.
1398 2942 1447 2972 Sic
1458 2941 1600 2972 nonnulli
1615 2941 1761 2971 dicebant
1772 2941 1916 2971 statuisse
1929 2950 2002 2971 eum
2018 2942 2132 2979 regiam
2144 2943 2236 2972 terrm

1197 3001 1353 3031 universae
1367 3000 1525 3039 marisque
1547 2999 1579 3030 in
1605 3000 1773 3038 AEgyptnm
1799 2999 1984 3038 transferre,
2001 2999 2052 3030 ubi
2070 2999 2237 3038 Cleopatra

105 3130 145 3134 —
164 3115 208 3143 13.
225 3111 290 3141 τάδ’
302 3110 322 3140 ἃ
332 3109 343 3150 ]
354 3109 418 3139 ’πάθ’
433 3109 452 3138 ὃ.
463 3107 575 3137 codex.
589 3125 627 3128 —
646 3109 691 3137 11.
708 3106 803 3137 πάλαι
817 3107 847 3136 ἐν
862 3107 929 3146 ἰδίῳ
943 3111 1002 3137 τῶν
1018 3107 1128 3137 codex.
1143 3124 1183 3128 —
1201 3110 1245 3137 15.
1262 3118 1281 3137 σ
1292 3118 1309 3136 υ
1320 3117 1337 3145 γ
1349 3118 1368 3136 κ
1378 3117 1397 3135 α
1408 3117 1424 3135 τ
1434 3117 1447 3136 ε
1459 3107 1474 3135 λ
1485 3106 1522 3136 ε’).
1534 3116 1547 3135 ε
1558 3117 1576 3134 κ
1587 3116 1603 3134 τ
1614 3104 1649 3143 ο]
1665 3105 1889 3142 συγκατέτεκτο
1900 3104 2062 3135 codex.·ln
2076 3112 2163 3143 seqq.
2181 3113 2236 3143 111-11

103 3159 257 3194 συντάξεις
274 3156 373 3187 codex
390 3155 584 3194 συμπραξεις.
603 3171 644 3175 —
662 3157 707 3183 16.
733 3153 1063 3193 ὑπο-τιμωμένων]
1084 3153 1143 3184 ὑπό
1160 3164 1239 3187 τινος
1257 3153 1354 3191 μένων
1372 3151 1482 3182 codex.
1499 3171 1538 3176 -
1566 3154 1611 3181 17,
1631 3150 1796 3185 ἕκαστος
1822 3149 1883 3189 τε]
1900 3150 2047 3180 ἑκαστὸτε
2063 3150 2174 3181 codex.
2195 3167 2236 3172 —

107 3209 154 3235 18.
174 3200 420 3242 παρώξυνον]
437 3200 621 3240 παρωξύνων
637 3199 748 3229 (lffllcx'.
768 3219 806 3224 —-
830 3204 876 3231 ¹9.
895 3199 1032 3239 αὐτὸν]
1056 3200 1155 3230 αὐτῶν
1178 3198 1348 3229 61111613-
1372 3202 1421 3228 20.
1447 3200 1494 3228 De
1516 3196 1625 3227 eadem
1642 3205 1674 3226 re
1697 3197 1739 3227 cs.
1767 3196 1896 3235 Appian.
1926 3198 1951 3226 ll
1967 3220 1975 3234 ,
1998 3201 2076 3235 llss;
2103 3198 2233 3227 sueton.

104 3254 184 3282 Caes.
202 3260 231 3281 c.
251 3254 306 3287 81;
323 3249 380 3279 1)11)
398 3251 485 3278 (lass.
506 3248 541 3276 [11
554 3270 561 3283 ,
580 3245 783 3283 18;Vellejus
798 3247 846 3282 11,
865 3249 922 3280 ῐ)7;
942 3246 1052 3276 Florus
1068 3247 1127 3281 lv,
1143 3250 1178 3281 2,
1194 3246 1252 3282 923
1271 3244 1430 3275 Plutarch.
1447 3245 1564 3274 caesar.
1580 3246 1618 3273 (³5
1631 3266 1640 3281 ‚
1658 3246 1686 3280 1,
1700 3250 1730 3281 p.
1750 3244 1803 3272 881
1823 3241 1874 3273 611.
1893 3241 1996 3272 Didot.

146 3299 210 3327 XX.
242 3301 264 3326 1.
289 3293 435 3333 supplevi
456 3302 485 3321 v.
505 3292 606 3326 ἇὶὶοις
624 3291 712 3321 mutis
726 3291 888 3321 inclusam.
904 3309 943 3316 —
958 3294 985 3321 2.
1006 3302 1024 3320 κ
1036 3292 1073 3320 αὶ
1089 3290 1095 3330 l
1113 3291 1253 3329 supplevi
1272 3289 1458 3329 particulam
1475 3289 1588 3328 smpius
1600 3296 1616 3318 a
1634 3288 1735 3318 scriba
1748 3289 1855 3318 nostro
1870 3288 2063 3328 neglectam3
2082 3287 2139 3319 nisi
2157 3287 2237 3319 sorta:

105 3343 197 3375 sei-ibi
216 3342 304 3372 malis
324 3341 424 3380 φθονος
439 3340 515 3376 ὁμου
530 3338 644 3377 ὑποψία

668 3338 818 3375 ἐγγένοιτο
858 3358 880 3361 -
911 3343 925 3366 :3
964 3338 1078 3376 Ξκδημ
1091 3348 1151 3371 ους
1178 3349 1195 3367 ο
1206 3348 1217 3366 τ
1228 3348 1312 3377 ρατε
1325 3335 1402 3375 ίας]
1424 3335 1570 3375 εὐδήμους
1587 3334 1728 3375 στρατιὰς
1742 3333 1810 3365 cod.
