2289 3728
118 85 163 151 5}
699 104 992 143 HERMIPPUS
1023 104 1088 141 DE
1117 101 1287 140 MAGtS.
1323 98 1668 139 PHAENOMENA.

117 209 188 235 stre
207 200 363 240 cimilila,
390 198 568 232 indicibus
584 207 723 241 quoquc·
742 195 971 227 volimtimim
989 195 1067 236 esus
1082 202 1149 237 po·

116 262 215 300 sitis,
247 258 477 303 explanavit,
508 259 787 299 proeceptorem,
815 263 838 284 a
859 263 929 297 quo
950 252 1150 283 institutum

117 318 267 358 diceret,
305 314 461 348 tradidit
487 314 709 351 Azonmcm,
741 312 858 356 ipsum
891 321 970 344 vero
992 311 1152 355 quinque

120 375 279 408 millibus
297 382 473 406 annorum
492 376 579 403 ante
598 369 795 413 Trossulum
816 369 950 402 bellum
959 365 1095 412 fuisse.

604 478 665 514 80.

169 569 313 604 Arnob.
350 569 387 611 Ι,
420 566 467 602 52
499 580 507 600 :
542 568 622 614 Age
649 578 743 599 minc
780 569 911 599 veniat
938 568 1018 611 quis
1047 575 1156 610 super

118 632 264 672 igneam
279 638 417 667 zonam,
439 637 569 672 magus
585 627 755 659 interiore
768 624 815 657 ab
829 624 911 658 orbe
927 624 1148 663 Zoroaeres5

118 685 316 731 Hermippo
330 691 369 717 ut
379 686 624 717 assentiamur
635 685 788 717 auctori.
809 683 1026 715 Bactrianus
1039 688 1076 713 et
1092 683 1103 713 i
1107 681 1155 713 lle

116 746 263 784 vernat,
284 745 386 786 cujus
406 741 550 777 Clesias
572 739 640 789 (fr.
661 753 701 788 p.
725 739 790 787 19)
811 751 866 773 res
883 746 1007 785 gestas
1026 740 1154 772 Histo-

118 804 255 834 riarum
274 803 429 846 exponit
447 803 483 834 ιή
492 803 637 847 ])ι·ι”1ηο,·
658 801 852 833 Armenius
871 796 1074 832 Hos-thanis
1092 807 1153 828 ne-

112 871 180 905 pos
198 856 456 908 etfamiliaris
476 857 707 904 Pamphylia*
724 857 825 900 Cyri.

605 966 665 1001 81.

170 1060 302 1096 Athen.
316 1061 431 1107 XLp.
449 1057 535 1104 478,
554 1061 585 1093 A
603 1057 825 1107 ῖΝῑκόμαχος
842 1057 871 1092 δ’
886 1056 1055 1106 ἐνπρώτῳ
1069 1053 1156 1105 Περὶ

117 1119 241 1169 ἑορτῶν
262 1115 462 1166 Αἰγυπτίων
484 1115 586 1167 φησί·
609 1134 623 1147 «
651 1115 703 1153 Τὸ
724 1114 759 1151 δὲ
777 1114 875 1152 κόνδυ
895 1113 967 1151 ἐστὶ
989 1113 1050 1162 μὲν
1069 1115 1156 1164 Περ-

513 1174 588 1220 *ἣν
605 1173 811 1224 Ἕρμιππος
832 1173 899 1224 [ὁ
888 1192 899 1224 j
915 1170 1157 1223 ἀστροὶομκὸς

118 1236 162 1276 ὡς
179 1236 195 1270 ὁ
212 1233 337 1283 κόσμος
361 1232 394 1276 ἐξ
419 1236 456 1270 οὓ
474 1234 541 1269 τῶν
570 1234 652 1270 θεων
671 1231 714 1269 τὰ
732 1231 893 1281 θαύματα
909 1230 968 1268 καὶ
987 1228 1030 1267 τὰ
1056 1245 1152 1281 καρ-

118 1175 226 1222 σικὸν,
245 1174 306 1221 τὴν
331 1174 365 1212 δε
387 1173 498 1225 ἀρχὴν

120 1307 261 1340 τ-(1σιμα
282 1291 463 1342 γίνεσθαι
450 1290 505 1328 επὶ
522 1293 603 1341 γῆς·
622 1290 711 1327 διὸ’
697 1306 734 1327 εκ
746 1305 866 1327 τουτου
884 1288 1152 1327 σπένδεσθαι.»

93 1341 99 1346 ’
171 1354 293 1387 Locus
318 1348 630 1415 001111Ρ1115Τὴν
653 1348 687 1386 δὲ
714 1347 847 1401 μορφὴν
877 1352 969 1399 εἶχε,
985 1347 1030 1391 ὥς
1055 1362 1157 1399 φησιν

117 1406 228 1458 ‘'Epy„
255 1409 353 1455 conj
383 1406 785 1459 Ρ1115311115.Πεερσικον
816 1406 878 1453 τὴν
910 1405 1043 1458 ἀρχήν·
1071 1400 1157 1449 εἶδος

119 1467 147 1503 δ’
162 1466 251 1517 ἔχει,
269 1465 313 1508 ὥς
329 1482 430 1518 φησιν
444 1465 507 1505 Ἕ.
523 1468 774 1504 Casaubonus.
792 1467 847 1505 Cf.
871 1474 949 1503 not.
971 1466 1019 1502 ad
1033 1468 1157 1503 Mane-

119 1527 221 1561 thon.
241 1526 286 1562 fr.
308 1526 371 1562 82.

477 1624 799 1661 ΦΑΙΝΟΜΕΝΑ.

606 1723 666 1758 82.

170 1814 226 1853 Τὰ
255 1814 458 1863 Φαινόμενα
485 1817 693 1862 Hermippo
725 1815 774 1864 τῷ
806 1815 1059 1864 ἀστρολογικῷ,
1093 1817 1157 1862 qui

123 1873 208 1924 Περὶ
225 1872 343 1922 μάγων
356 1874 519 1921 scripsit,
534 1873 759 1908 vindicanda
774 1879 869 1909 sunt.
884 1874 977 1908 Loci
988 1880 1158 1908 veterum

120 1935 184 1980 qui
203 1934 275 1968 huc
294 1934 483 1980 pertinent
500 1933 628 1979 paucis
644 1932 821 1966 indicasse
834 1931 955 1966 habeo
973 1932 1069 1968 satis.
1085 1933 1157 1968 vit.

121 1996 222 2027 Arat.
250 2004 288 2039 p.
311 1990 358 2026 55
380 1992 420 2025 in
440 1991 559 2040 Βιογρ.
582 1991 765 2025 ἊῙο5101111
795 2003 803 2025 :
828 1988 898 2026 Καὶ
918 1987 984 2039 γὰρ
1013 1988 1158 2033 Εὔδοξος

120 2052 137 2086 ὁ
160 2048 293 2091 Κνίδιος
309 2047 437 2100 ἔγραψε
458 2046 662 2096 Φαινόμενα
682 2047 740 2085 καὶ
762 2049 903 2090 Λᾶσος
891 2063 908 2084 0
926 2046 1137 2097 Μάγνης,.,

121 2106 179 2143 καὶ
206 2105 455 2158 Ἕρμιππος
493 2121 551 2142 και
577 2104 790 2154 Ηγησιάναξ
823 2104 881 2141 καὶ
916 2104 1159 2157 Ἀριστοφάνης

122 2167 139 2202 ὃ
161 2164 364 2210 Βυζάντιος,
384 2163 443 2200 καὶ
471 2163 569 2200 ἄλλοι
600 2162 741 2208 πολλοι,
775 2166 821 2199 ὢν
851 2162 910 2199 καὶ
938 2164 1158 2213 Πτολεμαῖος

123 2222 295 2272 μέμνηται
313 2225 329 2259 ὁ
349 2219 507 2272 βασιλευς
524 2217 730 2272 Ἰδιοφυέσιν
744 2220 859 2262 οὕτως·

204 2302 297 2334 Πάνο’
315 2301 501 2341 ἫΠζησιάναξ
514 2312 546 2332 τε
560 2302 611 2332 καὶ
624 2302 798 2342 Ἕρμιππος
811 2302 849 2332 τὰ
863 2302 932 2332 κατ’
949 2302 1053 2341 αἴθρην

244 2360 275 2379 TE
279 2360 320 2389 ’.ρΞ
308 2360 343 2378 ,Δ
358 2350 409 2378 καὶ
421 2349 525 2379 πΟΙΙθὶ
543 2352 641 2379 ταῦτα
659 2360 696 2378 T‘Z
714 2359 879 2387 φαῑΙΟμΞΙα

206 2395 319 2435 βίὸὶοις
336 2396 443 2432 ἐγκατε
431 2396 485 2426 :⁷50
479 2406 543 2433 ντο,
561 2395 748 2425 &now-emm
763 2396 788 2425 δ’
803 2395 990 2435 ἁφάμαρτον·

246 2441 321 2471 ἀλλὰ
334 2442 368 2471 τὸ
382 2441 567 2480 λεπτολόγου
580 2445 734 2481 σκῆπτρον
746 2441 869 2481 Ἄρατος
880 2441 953 2481 ἔχει.

125 2514 360 2561 Epigramma
388 2513 460 2547 hoc
489 2513 679 2548 Jacobsius
706 2512 883 2559 (Anthol.
918 2520 1008 2549 tom.
1043 2515 1156 2557 XIII,

125 2585 162 2619 p.
187 2576 259 2618 944
277 2572 286 2617 )
306 2572 352 2605 ad
370 2572 606 2606 Ptolemaeum
627 2573 831 2618 Evergeten
851 2573 885 2606 II
906 2572 1036 2610 refert.
1054 2572 1160 2606 Butt—

126 2642 280 2664 mannus
300 2636 420 2663 autem
443 2629 503 2673 (in
535 2630 628 2665 Mus.
654 2631 781 2676 Antiq.
813 2637 904 2666 tom.
933 2631 989 2674 Π,
1015 2643 1052 2677 p.
1086 2630 1157 2671 463

126 2686 234 2734 sqq.)
259 2686 414 2721 Claudio
443 2687 660 2729 Ptolemaeo,
687 2695 919 2732 astronomo,
954 2689 1017 2734 qui
1046 2688 1159 2723 medii

128 2746 190 2779 aevi
212 2745 452 2791 scriptoribus
484 2746 593 2790 Regis
619 2746 769 2780 nomine
798 2746 984 2781 interdum
1011 2754 1161 2781 ornatus

610 2858 667 2887 81.

168 2905 377 2936 Nicomachus
407 2904 487 2934 libro
516 2905 617 2943 primo
648 2908 691 2937 De
720 2907 804 2937 sestis
830 2908 1044 2946 AEgyptiornm
1074 2909 1117 2938 ait
1151 2918 1157 2938 :

131 2970 143 2983 ι»
160 2956 268 2994 Contly
278 2980 287 2995 ‚
301 2964 355 2986 vas
368 2957 413 2986 est
430 2956 607 2994 Persicum
623 2958 767 2995 (sormam
786 2958 892 2997 hahet)
905 2983 912 2997 ‚
927 2959 1159 2999 utllermippus

1216 189 1280 231 sit,
1313 188 1494 224 vindicat.
1530 189 1611 222 Hoc
1642 188 1788 233 longius
1812 189 1984 232 petitum,
2015 182 2136 230 neilue
2167 198 2250 219 cum

1214 246 1326 281 medii
1350 247 1416 280 aevi
1441 247 1619 292 scriptore
1648 256 1747 278 nunc
1766 243 1874 278 nobis
1895 255 1952 278 res
1971 249 2037 279 est.
2067 243 2250 289 Equidem

1214 311 1307 351 puto
1333 305 1571 339 Ptolemaeum
1592 303 1695 337 illum
1710 331 1718 346 ‚
1739 300 1918 350 Ἰδιοφυῶν
1940 308 2149 344 auctorem,
2179 313 2252 335 esse

1215 372 1339 409 regem
1372 362 1673 408 Philopatorem,
1709 360 1770 394 cui
1809 359 2010 393 Archelaus
2045 365 2159 404 poeta
2191 370 2253 392 sua

1216 418 1364 470 Ἰδιοφυῆ
1409 419 1419 467 (
1437 432 1517 466 quae
1560 424 1815 453 memorantur
1857 416 1956 464 apud
1994 417 2127 452 Athen.
2171 417 2248 459 IX,

1215 491 1252 526 p.
1274 483 1367 526 409,
1390 477 1433 526 C)
1457 477 1667 520 dedicassit,
1689 475 1874 522 siquidem
1891 481 1990 509 recte
2015 481 2135 509 statuo
2156 470 2262 510 '1620ss

1217 538 1283 586 φυῆ
1304 537 1380 571 hcec
1401 549 1478 570 non
1495 536 1640 571 diversa
1657 547 1729 569 esse
1749 534 1794 568 ab
1815 533 2088 581 epigrammatis
2107 544 2187 579 quae
2212 532 2256 567 (lc

1217 595 1328 629 rebus
1347 593 1578 628 mirabilibus
1609 592 1811 627 Archelaus
1831 591 1879 626 ad
1901 592 2142 626 Ptolemaeum
2161 591 2255 624 scri-

1216 653 1285 699 psit
1311 651 1360 698 (v.
1393 659 1470 686 not.
1498 650 1545 685 ad
1565 650 1608 684 fr.
1640 650 1914 696 Philostephani
1946 661 1984 696 p.
2022 646 2104 697 28).
2143 647 2256 693 Quod

1217 711 1245 743 si
1278 716 1347 754 est,
1386 709 1610 754 Hermippus
1641 720 1661 742 a
1692 708 1893 742 Ptolemaeo
1922 707 2092 742 laudatus
2120 707 2256 740 Nostro

1217 768 1455 803 Callimachio
1475 767 1606 812 nequit
1641 777 1715 800 esse
1738 765 1886 810 junior3
1920 766 2011 811 quin
2042 764 2139 799 idem
2172 777 2256 799 cum

1218 825 1458 861 Callimachio
1481 824 1592 858 fuerit
1609 824 1701 857 nihil
1722 823 1812 858 adeo
1837 824 1980 871 obstat,
2000 830 2041 857 ut
2057 836 2156 858 nunc
2173 825 2258 870 qui-

1649 881 1705 918 Cf.
1742 882 1852 916 etiam
1874 882 2102 928 Droysenius
2129 883 2257 917 Helle-—

1217 946 1326 979 nism.
1350 949 1440 976 tom.
1471 942 1528 987 ΙΙ,
1547 953 1583 987 p.
1610 944 1658 987 49
1678 947 1758 977 not.
1781 941 1967 974 —Exstat
1994 947 2174 986 praeterea
2196 939 2257 988 (iu

1218 1000 1358 1034 Petavii
1376 1001 1509 1036 Doctr.
1537 1005 1678 1045 tempp.
1698 998 1767 1041 ΙΙΙ,
1794 1009 1833 1044 p.
1864 1001 1933 1043 147
1950 996 1960 1045 )
1980 998 2175 1045 Catalogus
2190 999 2257 1033 τῶν

1218 1055 1365 1108 περὶτοῦ
1379 1058 1521 1101 ποιητοῦ
1539 1054 1598 1105 (sc.
1615 1053 1772 1104 Ἀράτου)
1794 1051 2069 1102 συνταξαμένων,
2084 1056 2148 1102 qui
2166 1056 2258 1104 Hip-

1220 1116 1360 1164 parcho
1387 1116 1446 1151 vel
1465 1114 1697 1151 Eratostheni
1725 1114 1913 1148 tribuitur.
1943 1114 2197 1148 Recensentur
2220 1115 2257 1149 in

1220 1185 1265 1208 eo
1297 1181 1486 1220 tamquam
1502 1172 1608 1209 Arati
1630 1178 1943 1206 commentatores
1966 1183 1973 1206 :
1998 1171 2256 1217 Parmenides,

1221 1232 1497 1276 Eratosthenes,
1536 1232 1773 1278 Hermippus,
1821 1231 1943 1274 Zeno,
1976 1230 2128 1277 Thales,
2161 1233 2257 1266 Her—

1220 1293 1364 1336 mippus
1386 1292 1674 1337 peripetasma,
1706 1287 1973 1334 Callimachus,
2008 1287 2083 1323 alii.
2117 1289 2258 1323 Aucto—

1220 1348 1305 1383 ritas
1324 1348 1454 1382 miselli
1474 1347 1583 1392 hujus
1606 1346 1805 1381 testimonii
1823 1346 1932 1392 plane
1948 1346 2050 1380 nulla
2077 1353 2141 1382 est.
2165 1347 2257 1382 Um-

1219 1408 1382 1442 braticus
1396 1406 1548 1453 quidam
1563 1418 1606 1440 ex
1620 1405 1767 1440 scholiis
1778 1405 1850 1439 suis
1864 1403 1912 1438 ad
1923 1406 2078 1439 Aratum
2088 1411 2258 1440 auctores

1221 1466 1271 1500 ibi
1292 1466 1467 1513 allegatos
1487 1471 1652 1498 enotasse
1672 1469 1707 1498 et
1731 1470 1919 1509 tamquam
1949 1470 2259 1499 commentatores

1219 883 1301 919 dem
1332 884 1424 917 mihi
1453 882 1615 917 videtur.

1219 1535 1339 1575 poetae
1374 1526 1623 1573 composuisse
1659 1524 1828 1570 videtur,
1867 1531 2043 1558 monente
2075 1525 2254 1561 Prellero.

1218 1586 1416 1632 Duplicem
1437 1583 1633 1630 Hermippi
1652 1583 1880 1617 mentionem
1904 1583 1952 1616 ita
1973 1582 2133 1628 explicat
2152 1583 2257 1617 Prel-

1220 1644 1336 1687 levus,
1364 1650 1405 1677 ut
1432 1644 1538 1677 initio
1564 1642 1711 1676 nonnisi
1736 1642 1930 1688 Hermippi
1948 1653 2098 1683 nomen,
2130 1641 2183 1674 uti
2219 1642 2257 1676 in

1219 1702 1332 1737 schol.
1357 1701 1403 1736 ad
1422 1703 1523 1735 Arat.
1542 1700 1726 1744 laudatur,
1744 1706 1963 1736 annotatum
1975 1698 2082 1733 fuisse
2103 1706 2256 1739 statuat,

1218 1759 1305 1793 huic
1338 1758 1474 1793 deinde
1506 1759 1620 1793 alium
1656 1757 1845 1804 quendam
1879 1756 2109 1802 adscripsisse
2152 1758 2257 1790 Her-

1221 1821 1383 1864 mippum
1409 1820 1710 1864 peripateticum,
1753 1814 1856 1860 cujus
1895 1815 2122 1848 mentionem
2156 1815 2258 1861 apud

1221 1876 1495 1922 Hieronymum
1514 1875 1571 1908 vel
1604 1874 1692 1908 alibi
1723 1874 1930 1920 reperisset.
1951 1892 2001 1897 ——
2025 1873 2078 1906 Ex
2102 1872 2259 1907 Phaeno-

1220 1933 1336 1968 menis
1354 1933 1469 1979 petita
1483 1938 1567 1966 sunt
1585 1944 1666 1978 quae
1683 1932 1859 1979 leguntur
1875 1929 1974 1978 apud
1995 1930 2131 1977 Hygin.
2150 1931 2254 1965 Poet.

1221 1998 1358 2026 astron.
1380 1992 1430 2034 II,
1450 2003 1516 2037 20,
1532 1997 1566 2024 et
1582 1991 1634 2033 ΙΙ,
1653 1993 1672 2030 4
1692 1989 1779 2036 (nbi
1798 2002 1806 2024 z
1829 1990 2048 2035 Hermippus
2065 1992 2128 2034 qui
2142 1989 2197 2023 De
2209 1992 2258 2023 si-

1220 2050 1367 2084 (leribus
1384 2048 1602 2118 vcripul),m
1599 2049 1716 2084 schol.
1740 2050 1844 2085 A1at
1867 2060 1901 2082 v.
1926 2046 1998 2081 315
2020 2055 2055 2081 et
2077 2046 2170 2091 4¹36,
2190 2047 2256 2082 ubi

1219 2108 1296 2142 haec
1319 2120 1327 2141 z
1350 2105 1463 2144 Αὖτον
1484 2104 1544 2154 μὲν
1564 2108 1620 2142 οὖν
1643 2104 1947 2154 (Centaurum)
1947 2102 2144 2154 Ἕρμιππος
2175 2104 2257 2142 Χεί-

1223 2162 1312 2215 ρωνά
1329 2178 1462 2212 φησιν..
1498 2157 1614 2201 εἶναι,

1220 2221 1300 2273 λείῳ
1329 2237 1514 2269 κατοικων,
1545 2218 1744 2269 δικαιοσύνη
1768 2219 1901 2262 πάντας
1932 2218 2161 2270 ἀνθρ(’(1πους
2150 2235 2258 2270 οπερ·-

1626 2161 1795 2204 .Αὐτὸς
1779 2161 1812 2198 οὲ
1831 2163 1848 2198 ὁ
1868 2160 2030 2212 ΧειρειΜ
2017 2177 2034 2198 ο
2055 2163 2088 2198 ἐν
2103 2177 2150 2198 τω
2165 2176 2258 2207 σπη-

1221 2280 1358 2317 ὂάλλων
1373 2279 1430 2316 καὶ
1444 2279 1632 2321 παιδεύσας
1645 2277 1864 2324 Ἀσκληπιὸν,
1875 2277 1931 2314 τὸν
1946 2277 2016 2314 υἱὸν
2031 2276 2257 2326 Ἀπόλλωνος,

1219 2339 1277 2376 καὶ
1295 2336 1455 2389 Ἀχιλλέα
1474 2336 1535 2381 τὴν
1554 2335 1726 2386 ἰατρικὴν,
1747 2335 1807 2372 καὶ
1828 2335 1981 2382 Ἰάσονα,
2002 2336 2255 2386 κατηστερίσθη

1219 2396 1302 2448 πρὸς
1325 2395 1443 2445 τιμήν.
1464 2398 1582 2442 Quem
1603 2396 1727 2431 locum
1748 2397 1931 2431 Prcllerus
1957 2396 2150 2442 componit.
2170 2408 2256 2430 cum

1220 2458 1279 2499 iis,
1294 2468 1374 2502 quae
1388 2467 1432 2490 ex
1447 2455 1653 2500 Hermippo
1672 2454 1821 2500 Berytio
1835 2453 1948 2487 refert
1965 2454 2131 2488 Clemens
2147 2453 2254 2490 Alex.

1219 2514 1356 2549 Sti-om.
1377 2514 1416 2556 Ι,
1435 2524 1474 2558 p.
1497 2512 1587 2554 132,
1614 2523 1654 2545 11
1680 2511 1780 2557 Sylb.
1804 2523 1812 2544 :
1836 2508 1880 2546 ‘O
1906 2507 1940 2544 δὲ
1965 2508 2130 2559 Βηρύτιος
2158 2507 2253 2560 ‘'Ep-

1221 2584 1351 2618 μιππος
1384 2569 1542 2619 Χείρωνα
1575 2567 1630 2604 τὸν
1668 2566 1861 2617 Κένταυρον
1898 2566 1998 2618 σοφὸν
2039 2567 2137 2603 καλεῖ
2150 2596 2160 2616 ,
2187 2569 2255 2603 in·-

1220 2630 1340 2676 dcque
1361 2629 1501 2676 colligit
1529 2629 1647 2675 ipsum
1673 2628 1772 2661 hune
1796 2627 1985 2674 Berytium
2005 2628 2254 2674 Hermippum

1220 2695 1409 2723 auctorem
1432 2698 1506 2721 esse
1536 2687 1604 2720 τῶν
1634 2683 1876 2732 Φαινομένων.
1902 2687 1949 2719 At
1975 2697 2172 2720 consensus
2193 2682 2254 2720 ille

1220 2748 1258 2780 in
1277 2758 1316 2781 re
1335 2746 1502 2780 omnium
1524 2745 1707 2779 tritissima
1724 2744 1816 2778 nihil
1833 2743 1982 2790 probat.

1221 2856 1396 2894 astrologus
1418 2856 1481 2894 ait,
1499 2863 1596 2894 quam
1613 2853 1769 2892 mundus,
1793 2862 1831 2884 ex
1857 2862 1920 2892 qno
1946 2852 2079 2883 deorum
2102 2851 2255 2883 miracula

1219 2907 1250 2938 in
1265 2910 1347 2939 terra
1365 2907 1454 2938 fiunt.
1473 2909 1578 2943 Quare
1595 2915 1634 2937 ex
1655 2915 1692 2937 eo
1709 2906 1874 2936 libationes
1893 2905 2023 2936 sundere
2036 2905 2150 2936 solent.
