2289 3728
121 202 166 233 82
951 185 996 231 Q.
1028 185 1161 222 FABI!

119 277 181 311 bet
209 274 395 321 Polybius
414 269 558 306 Deinde
576 270 685 304 etiam
705 267 925 314 Dionysium
949 273 1150 313 torquent,

119 336 182 381 qui
202 334 381 380 Quintum
408 330 563 365 Fabium
592 333 734 362 xetusta
763 333 934 373 tempora
959 326 1155 371 κεφαλαιω-

119 392 204 435 δῶς,
238 393 261 427 i.
297 402 330 426 e.
365 387 575 423 summatim
605 386 664 420 wel
691 385 940 431 capitulatim,
976 396 1039 418 sua
1067 396 1156 418 veio

118 452 176 498 (in
198 446 498 488 Commentaiiis,
530 445 655 487 aiunt,
685 444 759 478 sive
786 442 820 478 ἐν
852 441 1013 491 βίὸὶοις
1002 440 1158 489 υπομνή·

120 522 203 547 σεως
220 519 239 541 3
260 505 417 551 Polybio
435 502 573 550 citatis)
598 500 749 550 ἀκριῧῶς
778 502 960 548 scripsisse
983 500 1094 536 dicat.
1114 502 1160 534 At

120 565 160 599 id
180 576 258 598 11011
278 562 372 596 dixit
392 561 438 596 de
455 573 531 595 uno
552 561 691 606 Quinto
712 560 828 595 Fabio
842 587 851 603 ,
875 559 966 593 dicit
985 559 1094 592 ctiam
1115 557 1161 591 de

119 623 236 657 Lucio
259 621 408 656 Cincio.
429 621 560 666 Neque
588 619 681 653 illud
708 617 951 668 κεφαλαιωδῶς
977 616 1161 663 quadrare

118 686 252 727 putant
272 680 309 712 in
329 678 374 723 Q.
394 678 501 713 Fabii
518 678 666 712 annales
689 677 735 712 de
752 676 913 722 antiquis
931 674 1162 721 temporibus

118 739 294 784 scriptos,
309 737 488 782 quoniam
502 736 606 772 Livio
622 763 632 781 ,
647 735 828 781 Dionysio
843 734 1047 779 ceterisque
1065 732 1162 766 testi-

120 797 210 839 bus,
228 801 390 830 vetustas
407 806 465 829 res
484 795 672 841 copiosius
689 793 903 840 exposuerit
918 803 1028 837 quam
1050 791 1162 824 ceteri

122 855 325 890 Annalium
345 854 601 899 confectores,
623 865 722 887 nune
754 851 906 898 quidem
938 850 1161 896 superstites

123 914 244 958 Quam
263 913 313 946 ob
330 924 411 946 rem
428 912 474 957 Q.
497 912 651 947 Fabium
671 918 733 945 aut
749 910 806 944 bis
833 907 991 944 Annales
1010 907 1097 941 inde
1117 906 1162 941 ab

122 972 214 1007 urbe
234 971 385 1007 condita
406 972 656 1017 composuisse
679 977 716 1004 et
742 980 859 1015 graece
880 974 916 1002 et
937 968 1070 1013 latine,
1102 972 1165 1000 aut

122 1030 234 1064 latine
266 1036 407 1064 tantum
442 1036 573 1064 contra
604 1028 773 1073 Dionysii
798 1026 1048 1060 testimonium
1063 1052 1071 1067 ,
1103 1030 1165 1058 aut

124 1088 288 1123 duorum
323 1088 508 1122 librorum
543 1086 761 1135 (Annalium
798 1092 833 1118 et
868 1082 1166 1118 Commentario—

124 1147 228 1194 rum)
258 1159 377 1181 unum
411 1158 548 1193 graece,
934 1140 1007 1176 Sed
1040 1140 1086 1174 de
1112 1140 1166 1174 his

123 1206 310 1240 sententiis
325 1205 461 1251 partim
478 1203 618 1237 dictum
640 1209 711 1245 est,
729 1201 866 1247 partim
883 1206 968 1245 post
991 1198 1137 1233 dicetur
1156 1210 1164 1234 1

582 1145 740 1179 alterum
771 1143 896 1177 latine.

125 1275 224 1298 nunc
244 1275 333 1297 vero
355 1274 504 1309 agamus
524 1261 570 1295 de
588 1260 786 1295 Annalium
808 1265 844 1292 ct
866 1257 1166 1294 Commentario—

125 1333 208 1355 rum
230 1322 293 1355 ista
323 1321 547 1355 diversitate.
571 1318 786 1364 Dionysius,
807 1323 848 1350 ut
875 1317 952 1362 ipse
975 1316 1043 1358 ait,
1073 1328 1166 1362 grae-

126 1392 212 1413 cum
231 1380 358 1424 Quinti
389 1378 494 1414 Fabii
518 1377 565 1411 de
591 1376 751 1422 antiquis
771 1374 1004 1421 temporibus
1028 1374 1166 1407 librum

126 1437 314 1480 adhibuit,
336 1436 436 1471 unde
450 1464 458 1479 ,
478 1437 505 1470 si
521 1446 672 1482 urgeres
692 1433 841 1467 titulum
863 1429 990 1480 βίῧλων
1011 1429 1166 1479 ὑπομνή-

126 1508 231 1537 σεως,
248 1495 340 1528 1111111
360 1495 464 1540 sequi
482 1505 589 1540 posse
603 1491 796 1526 videretur
813 1490 1059 1537 (quamquam
1076 1502 1167 1524 vero

126 1565 173 1588 ne
194 1553 287 1587 illud
305 1554 424 1599 ipsum
442 1550 637 1598 quidem),
656 1550 723 1583 nisi
747 1561 820 1583 suae
843 1549 957 1583 aetatis
975 1561 1168 1583 commcn-

128 1612 243 1646 tarios
264 1611 420 1646 Fabium
442 1611 553 1644 latine
574 1608 728 1642 sortasse
748 1607 947 1653 scripsisse.
968 1608 1022 1640 En
1047 1606 1168 1652 Quin—

128 1670 316 1713 ctilianus,
339 1669 499 1711 Gellius,
522 1667 665 1702 Nonius
686 1666 855 1709 obstant,
876 1665 940 1711 qui
961 1666 1075 1712 ipsius
1096 1666 1169 1700 Fa-

127 1728 181 1761 bii
212 1729 369 1762 Pictoris
399 1732 491 1770 (non
523 1726 649 1771 Quinti
682 1724 772 1759 Fab.
808 1723 871 1769 Ρ.)
910 1724 1022 1757 latina
1053 1723 1168 1758 verba

130 1785 306 1819 exhibent
326 1784 372 1818 de
394 1784 547 1818 historia
569 1790 783 1829 temporum
812 1782 1167 1827 antiquissimorum.

130 1845 188 1877 An
219 1843 389 1887 antiquas
431 1853 489 1875 res
525 1841 636 1875 latine
675 1841 838 1886 scripsit,
875 1839 1170 1873 Commentarios

129 1900 274 1947 graece?
307 1900 450 1933 Diserte
481 1905 657 1944 recteque
699 1897 921 1943 obloquitur
954 1897 1167 1943 Dionysius.

130 1957 203 1992 Sed
230 1969 314 1991 meo
341 1956 485 2002 judicio
511 1957 779 2003 Dionysianum
805 1954 900 1989 illud
928 1953 1172 2004 κεφαλαιωδῶς

130 2016 222 2050 nihil
255 2023 308 2051 est
335 2016 403 2050 uisi
424 2016 581 2052 Graeculi
613 2015 840 2059 verbositas,
869 2025 986 2061 quum
1009 2014 1172 2062 exceptis

132 2075 364 2108 orationibus
395 2080 430 2108 ct
469 2073 838 2115 ratiocinationibus,
869 2074 931 2107 vix
972 2074 1171 2119 quiequam

132 2133 190 2167 vel
204 2144 390 2179 perpauca
411 2132 598 2178 copiosius
616 2144 727 2178 quam
744 2133 789 2177 Q.
818 2131 952 2166 Fabius
973 2137 1035 2164 aut
1058 2143 1173 2177 expo—

133 2191 247 2224 suerit
265 2197 329 2225 aut
346 2202 534 2236 exponere
557 2191 667 2224 etiam
686 2190 864 2236 potuerit.
885 2191 937 2224 Ac
957 2189 1070 2232 nihil,
1090 2190 1173 2235 opi—

134 2260 217 2290 nor,
245 2249 444 2294 Dionysius
463 2248 590 2291 sensit,
610 2248 677 2281 nisi
700 2248 737 2280 in
766 2259 843 2281 uno
865 2254 899 2281 et
921 2246 1054 2281 eodem
1074 2247 1172 2281 libro

134 2307 315 2352 Quintum
346 2306 505 2341 Fabium
537 2306 707 2351 antiquas
735 2317 793 2339 res
822 2305 972 2339 brevius
1007 2316 1174 2339 narrasse

136 2377 247 2410 quam
281 2364 416 2410 quibus
446 2364 556 2410 gestis
588 2364 665 2409 ipse
697 2363 919 2399 interfuerit.
955 2364 1050 2396 Tum
1072 2363 1102 2396 si
1130 2375 1174 2397 ex

139 2422 301 2468 Dionysii
322 2422 446 2456 verbis
479 2419 744 2470 (κεφαλαιωδῶς
764 2428 799 2455 et
829 2418 999 2469 ἀκριὲῶς)
1019 2421 1057 2454 111
1079 2420 1173 2455 (11105

137 2482 181 2526 Q.
208 2481 310 2515 Fabii
334 2481 450 2514 libros
470 2479 684 2526 conjectura
702 2479 869 2514 facienda
888 2487 960 2522 est,
987 2491 1068 2525 quae
1094 2478 1174 2513 fieri

138 2540 305 2584 alioquin
334 2540 444 2573 ctiam
468 2539 617 2585 nequit,
641 2538 726 2583 jure
757 2539 886 2572 mirari
911 2538 1002 2572 mihi
1026 2538 1173 2581 videor,

140 2597 232 2643 quid
265 2597 329 2642 sit,
362 2609 428 2631 cur
461 2596 627 2631 diversos
659 2597 776 2631 libros
806 2609 883 2630 11011
912 2597 1172 2631 nominaverit.

143 2655 283 2689 Deinde
312 2655 420 2689 ctiam
442 2656 607 2689 Cincium
633 2655 749 2690 videri
770 2656 949 2701 Dionysio
971 2661 1062 2689 teste
1083 2654 1177 2689 duos

141 2711 257 2745 libros
287 2712 469 2758 scripsisse
502 2719 651 2758 oportet
682 2713 740 2747 vel
769 2713 896 2759 potius
922 2724 1068 2746 necesse
1100 2719 1175 2755 est,

142 2781 258 2814 quum
278 2780 354 2801 non
374 2768 420 2802 de
448 2770 586 2814 Quinto
608 2770 728 2803 solum
749 2770 864 2805 Fabio
878 2797 888 2815 ,
913 2770 1104 2804 sedetiam
1130 2769 1177 2804 de

142 2828 183 2861 l..
204 2826 331 2860 Cincio
354 2827 401 2860 ita
419 2827 597 2862 statuerit.
624 2829 782 2870 Verum,
805 2834 846 2861 ut
869 2827 990 2862 dicam
1012 2840 1176 2873 quomo-

143 2883 193 2916 (10
218 2895 275 2917 res
292 2894 328 2916 sc
349 2883 499 2927 habeat,
519 2884 696 2930 Polybius
714 2885 809 2931 ipsos
828 2885 875 2930 Q.
893 2885 998 2919 Fabii
1021 2886 1180 2920 Annales

144 2942 346 2987 intellexit,
382 2954 423 2975 ac
463 2942 583 2975 minus
615 2950 807 2985 accurate,
840 2943 945 2989 quod
974 2944 1067 2977 solet
1099 2943 1179 2978 fieri

145 3012 164 3032 a
187 2999 453 3046 scriptoribus,
477 2997 614 3047 βίνῗλους
634 2998 860 3046 ὑπομνήσεως
894 3002 1109 3047 appellavit.
1143 3003 1179 3036 Si

146 3068 223 3090 non
250 3063 303 3091 cst
329 3057 395 3100 ita,
430 3056 610 3103 fingamus
637 3058 792 3092 Fabium
821 3059 930 3093 etiam
961 3060 1112 3094 tertium
1132 3061 1179 3094 li—

146 3115 281 3157 brum,
315 3115 574 3158 llannibalica,
601 3116 806 3162 scripsisse,
840 3129 920 3162 quae
956 3129 1039 3163 pars
1070 3117 1181 3152 fuerit

148 3173 366 3219 Annalium,
405 3179 609 3219 testemque
656 3173 851 3207 asseramus
885 3175 1095 3220 Appianum
1144 3176 1179 3209 in

151 3232 272 3266 llann.
295 3244 326 3267 (·.
352 3243 413 3275 27.
442 3231 539 3265 Nihil
558 3230 643 3265 dico
662 3230 708 3265 (le
731 3232 842 3264 Fabii
865 3230 1070 3265 :lumelilnw
1091 3233 1179 3267 Gel—

150 3290 256 3322 lianis
279 3289 344 3335 (V,
381 3287 445 3335 lg),
477 3287 566 3322 nillil
601 3288 646 3323 (le
676 3289 785 3321 Fabii
814 3290 971 3323 Pictoris
997 3297 1180 3334 gestorum

154 3345 252 3380 libris
282 3360 300 3381 a
323 3348 441 3380 Nonio
470 3359 498 3381 s.
528 3360 560 3383 v,
586 3348 779 3380 Picumnus
799 3347 934 3391 citatis,
957 3359 1050 3392 quos
1069 3349 1184 3393 possis

1206 184 1438 222 PICTORlS

1220 265 1349 300 eodem
1375 265 1460 310 jure
1489 270 1664 310 quartum
1695 262 1945 309 quintumque
1969 263 2012 308 Q.
2038 263 2142 297 Fabii
2164 276 2260 310 opus
2287 274 2289 318 i

1220 324 1435 357 historicum
1451 322 1588 356 dicere.
1610 322 1729 355 Porro
1746 322 1855 355 etiam
1869 347 1878 363 ,
1898 320 2001 366 quod
2017 320 2165 355 videtur
2181 334 2259 356 non

1222 383 1343 416 minus
1377 389 1538 423 certum,
1569 380 1616 414 de
1639 380 1878 414 translatione
1905 379 2103 413 Annalium
2125 380 2260 415 Fabia-

1222 451 1376 481 norum,
1399 439 1474 472 sive
1506 450 1625 485 graeca
1657 438 1732 472 sive
1764 438 1898 479 latina,
1923 437 2078 483 cogitari
2103 439 2257 484 nequit,

1224 510 1340 545 quum
1359 504 1393 531 et
1414 497 1621 531 testimonia
1639 497 1748 543 plane
1765 495 1903 537 desint,
1922 501 1958 529 et
1978 494 2159 541 ejusmodi
2178 497 2259 544 opi-

1223 557 1337 590 nione
1356 567 1414 589 res
1431 553 1648 589 difficultate
1667 567 1745 588 11011
1761 561 1835 588 tam
1855 553 2034 588 liberetur
2055 566 2166 600 quam
2186 555 2260 589 im-

1223 614 1396 659 plicetur.
1425 613 1528 647 Certe
1557 612 1753 647 Claudium
1778 611 1966 658 quendam
1993 613 2153 646 Annales
2172 614 2261 648 Aci—

1224 671 1340 705 lianos
1374 683 1418 705 ex
1451 683 1571 717 graeco
1607 671 1646 704 in
1677 671 1832 705 latinum
1868 681 2076 704 sermonem
2107 672 2260 709 vertisse

1225 730 1349 764 Livius
1380 730 1505 771 XXV,
1538 727 1606 774 39,
1630 736 1666 763 et
1691 729 1860 771 XXXV,
1896 732 1938 769 14
1959 728 2160 775 diligenter
2179 731 2261 764 ani-

1225 787 1439 830 madvertit,
1468 798 1582 832 eaque
1600 786 1750 821 videtur
1771 786 2010 820 historiarum
2029 799 2146 833 graece
2171 800 2263 822 con-

1224 840 1445 892 scriptaru'm
1463 845 1616 878 omnino
1632 845 1752 891 prima
1766 845 1954 878 translatio
1970 856 2058 880 esse.
2075 845 2260 892 Denique,

1226 904 1365 938 etiamsi
1385 904 1430 948 Q.
1453 903 1590 938 Fabius
1612 902 1673 950 (id
1693 901 1797 948 quod
1814 903 1918 935 nullo
1938 914 2007 949 ego
2029 902 2144 937 modo
2172 916 2262 938 con-

1226 961 1319 995 cedo
1334 959 1342 1009 )
1361 968 1520 1007 utraque
1535 961 1660 1007 lingua
1677 960 1830 994 diversis
1842 961 2019 994 nimirum
2032 962 2263 1007 temporibus

1226 1020 1374 1054 annales
1392 1019 1594 1054 confecerit
1613 1031 1620 1053 :
1640 1025 1763 1053 tamen
1780 1019 1881 1053 nulla
1898 1018 1986 1053 inde
2004 1031 2112 1053 causa
2128 1023 2261 1055 enasci-

1228 1085 1302 1124 tur,
1315 1091 1381 1112 cur
1395 1077 1495 1124 apud
1506 1078 1721 1112 Ciceronem
1738 1078 1793 1111 De
1810 1076 1884 1112 div.
1900 1077 1937 1121 1,
1955 1088 1997 1110 21
2020 1077 2162 1120 Quinti,
2186 1091 2263 1113 non

1229 1138 1396 1171 Numerii
1429 1137 1562 1177 Fabii,
1589 1147 1700 1182 quem
1718 1141 1828 1169 vocat
1844 1135 2004 1178 Tullius,
2023 1135 2170 1170 Graecos
2195 1148 2263 1171 au-

1227 1195 1327 1228 nales
1344 1195 1608 1241 intelligamus,
1626 1200 1667 1227 ut
1685 1193 1817 1239 pingui
1837 1193 2003 1227 Minerva
2024 1205 2107 1227 cum
2124 1193 2265 1242 Diony-

1227 1253 1281 1286 sio
1316 1253 1446 1287 Cicero
1483 1252 1692 1286 consentire
1725 1257 1894 1297 cogatur.
1935 1251 2055 1285 Immo
2088 1263 2179 1286 vcro
2213 1254 2264 1288 sic

1229 1309 1371 1359 αἴνιγμα
1389 1317 1556 1358 augetur,
1577 1323 1655 1344 non
1672 1310 1847 1353 solvitur,
1866 1322 1934 1344 1100
1953 1322 2044 1344 vero
2060 1311 2179 1345 ullum
2194 1312 2266 1345 1111-

1225 1370 1284 1416 jus
1301 1371 1468 1405 lectionis
1495 1370 1690 1416 vestigium
1714 1370 1751 1402 in
1772 1368 1966 1403 codicibus
1986 1369 2091 1403 inest.
2111 1370 2264 1405 Utinam

1230 1429 1415 1473 adessent,
1439 1429 1503 1475 qui
1526 1429 1626 1463 litem
1653 1428 1898 1470 dirimerent,
1919 1434 2098 1462 emunctae
2117 1428 2265 1463 meher—

1230 1488 1312 1522 cule
1343 1488 1442 1522 naris
1459 1487 1650 1521 homines!
1675 1486 1772 1534 (Cic.
1790 1487 1859 1532 Ep.
1878 1485 1924 1520 ad
1942 1485 2017 1519 div.
2035 1487 2109 1531 IX,
2129 1486 2186 1531 16,
2204 1486 2263 1535 6).

1231 1546 1302 1580 Sed
1334 1546 1484 1581 fortasse
1512 1546 1590 1580 sine
1621 1546 1771 1579 illorum
1805 1545 2018 1591 sagacitate,
2052 1545 2268 1581 testimoniis

1230 1611 1398 1639 veterum
1428 1605 1635 1639 accuratius
1667 1603 1897 1646 examinatis,
1928 1615 1986 1637 res
2019 1603 2068 1638 ita
2099 1604 2267 1650 expediri

1230 1670 1364 1710 potest.
1384 1664 1558 1707 Quisnam
1577 1663 1613 1696 F
1611 1662 1733 1695 (ibium
1747 1674 1862 1708 graece
1875 1662 2058 1707 scripsisse
2072 1663 2269 1709 Dionysius

1232 1728 1398 1768 testatur,
1416 1722 1479 1767 qui
1493 1733 1608 1767 quum
1622 1727 1812 1754 auctorem
1827 1732 1911 1754 eum
1923 1720 2095 1754 habuerit
2106 1748 2114 1763 ,
2129 1733 2269 1756 errasse

1231 1779 1420 1826 putandus
1437 1792 1515 1813 non
1532 1785 1584 1813 est
1604 1790 1611 1812 ε
1632 1779 1841 1812 testimonia
1857 1790 1967 1821 vem,
1989 1790 2071 1824 quae
2092 1778 2268 1814 dicuntur

1233 1838 1343 1872 latine
1363 1850 1447 1872 eum
1480 1837 1665 1882 scripsisse
1691 1848 1866 1883 arguere,
1889 1836 2097 1880 Ciceronis,
2122 1837 2268 1882 Quinti-

1233 1897 1340 1940 liani,
1361 1896 1469 1931 Gellii
1499 1902 1532 1930 et
1561 1892 1674 1930 No'nii
1703 1894 1788 1928 dico
1808 1895 1847 1928 in
1876 1894 2011 1940 quibus
2044 1907 2119 1928 non
2140 1895 2270 1933 diserte

1235 1955 1390 1998 Quintus
1409 1951 1546 1988 Fabius
1575 1954 1711 1993 Pictor,
1736 1963 1804 1986 nee
1826 1952 1984 1995 Quintus
2005 1951 2167 1997 Fabius,
2201 1955 2267 1990 sed

1235 2013 1374 2048 Fabius
1391 2019 1532 2048 tantum
1546 2040 1555 2056 ,
1573 2011 1630 2046 vel
1652 2011 1785 2052 Pictor,
1806 2011 1866 2045 vel
1891 2012 2030 2045 Fabius
2045 2011 2172 2046 Pictor
2188 2013 2269 2047 lau-

1235 2073 1355 2116 datur,
1386 2072 1518 2107 referri
1542 2071 1693 2106 fortasse
1724 2076 1878 2117 possunt
1897 2070 1956 2103 vel
1985 2069 2119 2105 debent
2147 2072 2271 2117 potius

1234 2131 1281 2166 ad
1301 2132 1456 2166 Fabium
1484 2130 1671 2164 Pictorem
1690 2141 1771 2163 eum
1785 2155 1794 2171 ,
1817 2129 1881 2174 qui
1905 2129 2026 2163 Nonio
2048 2136 2134 2164 teste
2153 2136 2189 2164 et
2212 2142 2270 2165 re-

1234 2203 1318 2225 rum
1334 2196 1515 2237 gestarum
1531 2188 1647 2222 libros
1664 2188 1776 2222 latine
1791 2188 1950 2234 scripsit,
1969 2194 2005 2222 et
2021 2187 2164 2233 dejure
2179 2202 2269 2236 pon-

1234 2248 1348 2283 tificio
1380 2248 1495 2282 libros
1526 2246 1758 2292 composuit,
1791 2245 1895 2292 quod
1929 2245 2082 2291 quidem
2114 2247 2269 2282 alterum

1237 2308 1365 2352 Quinti
1383 2306 1487 2342 Fabii
1505 2311 1628 2347 aetate,
1650 2310 1692 2338 ut
1713 2303 1756 2338 de
1775 2306 1818 2340 L.
1842 2304 1970 2339 Cincio
1987 2304 2175 2339 Alimento
2193 2306 2271 2341 dis-

1234 2371 1402 2413 putantes
1422 2363 1574 2410 quidam
1593 2369 1694 2396 recte
1713 2361 1890 2396 viderunt
1904 2389 1915 2408 ,
1936 2374 2043 2396 nemo
2065 2375 2132 2397 nec
2153 2365 2271 2399 voluit

1236 2436 1304 2458 nec
1324 2424 1433 2458 etiam
1464 2421 1600 2468 potuit.
1623 2420 1766 2454 Nonius
1792 2427 1914 2454 autem
1943 2432 1970 2456 5.
2001 2432 2037 2454 ν.
2074 2421 2274 2457 Picumnus

1237 2481 1286 2516 ita
1305 2480 1451 2527 scripsit
1474 2491 1480 2513 :
1516 2479 1655 2512 Fabius
1675 2480 1802 2513 Pictor
1827 2490 1945 2511 reram
1972 2486 2156 2523 gestarum
2181 2481 2273 2515 libro

1233 2542 1376 2586 primo:
1393 2554 1407 2568 ιι
1422 2539 1452 2572 E
1455 2538 1586 2571 ivimul
1594 2537 1773 2570 videbant
1783 2537 1909 2571 Picum
1922 2536 2115 2572 Illartium.
2133 2553 2147 2568 υ
2164 2539 2271 2574 Idem

1239 2598 1330 2631 libro
1333 2600 1430 2641 juris
1439 2595 1625 2643 pontificii
1640 2599 1744 2629 tertio
1756 2608 1768 2628 .·
1790 2610 1804 2625 α
1824 2596 1997 2629 Pilumno
2008 2596 2241 2633 etPiczmmo.
2258 2614 2272 2629 »

1238 2656 1409 2702 Intelligo
1436 2661 1559 2689 autem
1591 2655 1625 2687 in
1659 2653 1771 2688 Nonii
1804 2653 1889 2687 loco
1917 2653 2085 2687 Servium
2117 2655 2272 2690 Fabium

1238 2714 1423 2748 Pictorem
1447 2725 1466 2747 a
1500 2712 1675 2747 Cicerone
1709 2712 1745 2745 in
1777 2713 1893 2745 Bruto
1928 2723 1960 2745 c.
1998 2723 2040 2745 21
2066 2712 2271 2752 laudatum.

1239 2771 1394 2806 Accedit
1414 2770 1460 2805 ad
1493 2771 1711 2805 sententiam
1730 2775 1916 2811 nostram,
1948 2768 2051 2814 quod
2075 2770 2274 2817 Dionysius

1239 2830 1349 2864 latine
1377 2830 1555 2874 Quintum
1585 2828 1740 2863 Fabium
1771 2827 1953 2873 scripsisse
1972 2827 2075 2861 nullo
2097 2828 2180 2863 loco
2205 2842 2273 2864 1100

1241 2894 1395 2922 testatur
1426 2898 1493 2921 nec
1523 2884 1727 2933 significat,
1749 2884 1929 2930 quodque
1959 2883 2089 2921 Cicero
2121 2885 2177 2921 bis
2199 2885 2274 2934 (De

1242 2951 1333 2979 orat.
1355 2946 1412 2991 II,
1439 2956 1504 2988 12,
1527 2943 1570 2978 51
1595 2951 1631 2978 et
1648 2942 1695 2978 53
1718 2954 1823 2977 :non
1843 2949 1965 2976 tamen
1985 2944 2039 2977 De
2059 2943 2155 2991 legg.
2176 2945 2211 2988 I,
2235 2957 2271 2989 2,

1241 3003 1416 3036 nimirum
1454 3001 1557 3049 quod
1589 3008 1641 3036 cst
1676 3000 1824 3046 aequnlis
1855 2997 2026 3048 Catonis)
2068 3001 2271 3047 Pictorem,

1243 3073 1353 3107 quem
1387 3060 1496 3103 dicit,
1539 3066 1623 3106 post
1660 3059 1832 3093 Catonem
1867 3058 2011 3103 posuit,
2045 3065 2086 3091 ut
2127 3061 2274 3106 aequalis

1242 3120 1293 3153 M.
1316 3119 1457 3161 Porcii,
1478 3130 1554 3151 non
1585 3118 1695 3163 longe
1714 3115 1986 3161 antiquissimus
2002 3124 2146 3160 auctor,
2167 3124 2208 3152 ut
2225 3119 2274 3153 ait

1245 3176 1387 3219 Livius,
1424 3174 1682 3222 intelligendus
1713 3185 1787 3208 esse
1818 3172 1999 3209 videatur.
2035 3176 2155 3221 Atque
2188 3176 2274 3211 huic

1244 3234 1309 3279 ipsi
1331 3234 1378 3267 roi
1393 3261 1401 3275 ‚
1425 3234 1590 3279 quamvis
1609 3232 1764 3266 minoris
1786 3232 1965 3265 momenti
1996 3231 2113 3266 videri
2138 3234 2272 3279 possit,

1245 3298 1342 3325 certe
1369 3291 1532 3326 dandum
1559 3298 1609 3325 cst
1640 3289 1802 3335 aliquid,
1823 3301 1938 3335 quum
1972 3289 2007 3322 in
2041 3290 2274 3326 nominandis

1244 3349 1412 3394 pluribus
1454 3349 1635 3381 historicis
1676 3354 1812 3381 veteres
1852 3354 2059 3394 temporum
2103 3348 2270 3384 ordinem
