2289 3728
941 120 1275 159 FRAGMENTA.

51 221 198 252 tentam,
223 230 236 243 »a
257 213 366 259 Quod
392 226 523 260 parum
549 214 635 246 mihi
654 212 836 259 probatur
858 223 864 244 :
892 222 975 243 nam
1002 211 1083 244 satis

48 273 210 318 amplum
233 272 339 306 fuisse
357 273 590 306 historiarum
618 283 711 317 opus
728 282 771 304 cx
793 269 957 315 reliquiis
977 269 1083 301 colli-

48 331 157 375 gitur.
191 331 305 376 Magis
331 329 469 363 :irridet
490 329 649 375 Mcnagii
679 326 905 372 conjcctnra.
940 342 954 356 «
991 324 1082 371 Legi

49 394 168 432 posset
181 414 189 429 ‚
209 388 330 433 inquit
344 414 353 429 ,
374 387 405 421 ἐν
423 385 482 426 ια’,
503 388 524 422 i.
543 398 573 421 e.
590 390 626 420 iu
640 386 805 419 undecim
823 385 933 417 libs-ils:
950 399 964 413 »
985 384 1061 429 Ego
1073 410 1081 425 ‚

49 457 92 478 nc
125 442 320 491 ἀσύμὸολος
340 444 547 486 discedam,
573 443 836 490 reponendum
864 454 1084 488 proposue—

46 503 115 536 rim
142 513 150 538 :
179 500 472 538 ἐνιαυσιαίαν.
500 500 691 538 Ἐνιαύσιοι
716 501 892 535 dicuntur
920 501 1086 534 Annales

49 562 106 606 (v.
131 562 255 607 steph.
278 561 379 595 Thes.
399 573 426 594 s.
447 560 529 607 v.);
553 559 731 605 adjectiva
750 571 839 593 vero
863 555 1028 598 ἐνιαύσιος
1051 565 1087 592 ct

49 619 253 660 ἐνιαυσιαῖος
269 626 492 666 usurpantur
508 619 729 665 promiscue.
752 616 871 665 Igitur
897 618 1083 652 narratio-

46 689 127 711 nem
155 689 255 711 suam
286 678 334 711 ita
356 678 456 711 Zeno
484 677 693 724 digesserit,
722 684 777 720 ut,
804 684 983 724 quantum
1012 675 1088 720 ejus

45 733 122 767 ficri
141 741 276 781 posset,
302 735 638 781 comprehenderet
658 747 714 769 res
740 747 821 781 qnae
839 747 915 768 uno
937 734 1088 768 eodem-

46 805 119 838 que
139 805 237 827 anno
256 800 467 828 evenerant.
486 793 629 828 Eodem
654 793 769 827 modo
796 792 985 826 Diodorus
1008 804 1088 825 rem

47 850 214 893 instituit,
232 862 343 897 quem
361 851 519 885 Zenonis
530 851 684 885 historia
695 863 802 885 usum
816 862 889 884 essc
904 850 1086 885 novimus,

431 951 597 1000 [POMA
606 952 669 988 ΚΑ
679 949 706 998 .]

130 1053 390 1090 ΕΝΤΟΠΙΟΣ
418 1055 623 1092 ΙΣΤΟΡΙΛ
656 1053 971 1102 [liNlAYEIMA
983 1052 1007 1101 J.

99 1152 288 1186 Diodorus
307 1155 349 1196 V,
374 1151 420 1187 55
441 1165 448 1188 1
470 1150 545 1195 Τὴν
566 1149 600 1187 δὲ
624 1153 726 1195 νῆσον
749 1148 809 1194 τὴν
830 1148 1086 1198 ὀνομαζομένην

45 1208 165 1246 (Ρόδον
186 1211 315 1260 πρῶτοι
335 1208 542 1260 κατῴκησαν
572 1211 602 1245 οἱ
629 1207 964 1259 προσαγορευόμενοι
994 1209 1086 1246 Τελ-

45 1272 157 1317 χῖνες·
179 1261 269 1304 οῦτοι
294 1268 324 1304 δ’
351 1262 439 1312 ἦσαν
467 1266 532 1303 υἱοὶ
554 1264 615 1315 μὲν
639 1265 850 1312 Θαλάττης,
869 1267 913 1305 ὡς
942 1267 959 1301 ὃ
984 1267 1087 1314 μῦθος

46 1325 290 1376 παραδέδωκε,
326 1326 596 1374 μυθολογοῦνται
628 1322 663 1360 δὲ
698 1323 785 1373 μετὰ
818 1323 997 1374 Καφείρας
1029 1326 1088 1367 τῆς

47 1381 216 1420 Ὠκεανοῦ
243 1382 406 1434 θυγατρὸς
423 1381 586 1433 ἐκθρέψαι
607 1383 830 1427 Ποσειδῶνα,
854 1380 955 1423 Ῥέας
976 1382 1089 1418 αὐτοῖς

48 1440 380 1492 παρακαταθεμένης
410 1440 448 1477 τὸ
473 1439 606 1490 βρέφος.
638 1438 800 1478 Γενέσθαι
831 1439 858 1475 δ’

47 1501 175 1549 τεχνῶν
192 1514 291 1535 τινων
315 1497 454 1550 εὑρετὰς
470 1497 529 1535 καὶ
549 1498 636 1534 ἄλλα
656 1500 722 1534 τῶν
740 1499 786 1539 εἷς
799 1497 855 1534 τὸν
878 1497 948 1547 βίον
965 1496 1088 1547 χρησί-

884 1437 1005 1481 αὐτοὺς
1030 1439 1088 1475 καὶ

49 1573 122 1606 μων
139 1558 209 1599 τοῖς
230 1557 423 1609 ἀνθρώποις
444 1555 708 1606 εἰσηγήσασθαι.
733 1554 934 1605 Ἀγάλματά
953 1570 988 1591 τε
1006 1557 1089 1591 θεῶν

49 1617 180 1665 πρῶτοι
198 1615 461 1652 κατασκευάσαι
480 1614 659 1664 λέγονται,
677 1614 735 1651 καί
751 1629 826 1650 τινα
847 1616 914 1650 τῶν
935 1613 1088 1664 ἀρχαίων

50 1672 294 1724 ἀφιδρυμάτων
314 1673 372 1709 ἀπ’
392 1672 528 1709 ἐκείνων
551 1672 813 1721 ἐπωνομάσθαι·
835 1671 929 1722 παρὰ
945 1671 1006 1721 μὲν
1023 1671 1089 1721 γὰρ

52 1730 198 1772 Λινδίοις
219 1730 418 1768 Ἀπόλλωνα
430 1730 612 1781 Τελχίνιον
630 1723 969 1781 προσαγορευθῆναι,
993 1730 1089 1780 παρὰ

55 1788 117 1801 Nl}

51 1803 86 1825 οε
123 1788 291 1830 Ιαλυσίοις
309 1788 426 1840 ἽΙραν
456 1790 514 1826 καὶ
545 1788 679 1840 νύμφας
707 1787 912 1838 Τελχινίας,
939 1787 1035 1838 παρὰ
1056 1786 1090 1822 δὲ

54 1849 285 1897 Καμειρεῦσιν
305 1846 422 1897 υΗραν
444 1847 646 1897 Τελχινίαν.
673 1846 842 1896 Λέγονται
863 1847 892 1882 δ’
914 1840 1007 1882 οὗτοι
1033 1844 1091 1881 καὶ

50 1904 170 1954 γόητες
201 1905 380 1955 γεγονέναι
406 1905 465 1942 καὶ
485 1904 653 1956 παράγειν
674 1904 728 1940 ὅτε
751 1903 926 1954 βούλοιντο
951 1903 1034 1954 νέφη
1054 1918 1091 1939 τε

51 1962 109 1999 καὶ
128 1962 276 2012 ὅμὲρους
292 1963 350 1999 καὶ
370 1962 545 2014 χαλάζας,
565 1962 690 2011 ὁμοίως
707 1962 741 1998 δὲ
759 1961 818 1998 καὶ
835 1961 934 2012 χιόνα
953 1961 1092 2011 ἐφέλκε-

53 2024 144 2060 σθαι.
166 2023 287 2058 Ταῦτα
310 2020 343 2058 δὲ
365 2021 521 2072 καθάπερ
547 2021 605 2057 καὶ
625 2019 701 2063 τοὺς
722 2020 850 2069 μάγους
871 2020 979 2056 ποιεῖν
999 2020 1093 2055 ἱστο-

54 2082 179 2129 ροῦσιν.
200 2079 395 2116 Ἀλλάττειν
416 2078 450 2115 δὲ
470 2079 529 2115 καὶ
548 2078 608 2121 τὰς
631 2079 718 2120 ἰδίας
741 2077 874 2129 μορφὰς
895 2106 905 2124 ,
928 2077 986 2114 καὶ
1007 2070 1092 2112 εἶναι

53 2136 230 2187 φθονεροὺς
257 2138 290 2174 ἐν
319 2140 361 2188 τῇ
383 2137 589 2187 διδασκαλίᾳ
616 2139 682 2173 τῶν
710 2138 853 2186 τεχνῶν.
886 2136 1091 2173 Ποσειδῶνα

53 2195 88 2232 δὲ
111 2194 324 2246 ἀνδρωθέντα
345 2197 530 2246 ἐρασθῆναι
557 2198 618 2240 τῆς
645 2197 713 2231 τῶν
739 2193 917 2244 Τελχίνων
947 2194 1095 2242 ἀδελφῆς

2104 127 2173 158 175

1148 209 1281 255 Ἁλίας,
1309 210 1365 246 καὶ
1395 210 1560 260 μιχθέντα
1588 209 1694 259 ταύτῃ
1726 212 1886 258 γεννῆσαι
1916 210 2041 252 παῖδας
2065 209 2098 252 ’ἐξ
2119 209 2179 258 μὲν

1149 268 1290 318 ἄρρενας
1305 296 1312 310 ,
1336 269 1416 315 μίαν
1439 267 1473 304 δὲ
1495 267 1663 318 θυγατέρα
1685 267 1818 311 Ἱ)όδον,
1846 267 1903 318 ἀφ’
1922 262 1961 313 ἧς
1986 268 2047 314 τὴν
2077 274 2179 315 νῆσον

1148 327 1391 373 ὀνομασθῆναι.
1425 325 1584 363 Γενέσθαι
1612 326 1646 362 δὲ
1672 325 1761 362 κατὰ
1787 326 1843 362 τὸν
1864 326 1981 377 καιρὸν
2008 330 2125 365 τοῦτον
2147 332 2179 366 ἐν

1148 385 1215 425 τοῖς
1228 383 1310 433 πρὸς
1322 381 1365 418 ἕω
1384 383 1502 433 μέρεσι
1515 387 1575 428 τῆς
1590 384 1693 426 νήσου
1709 383 1784 426 τοὺς
1801 384 1986 429 κληθέντας
2003 385 2178 435 γίγαντας·

1148 439 1202 477 ὅτε
1215 441 1255 486 δὴ
1271 440 1328 477 καὶ
1341 441 1424 482 Ζεὺς
1439 440 1573 490 λέγεται
1589 442 1930 491 καταπεπολεμηκὼς
1945 445 2096 487 Τιτᾶνας
2107 446 2180 496 ἐρα-

1150 502 1273 544 σθῆναι
1300 504 1380 547 μιᾶς
1400 500 1466 533 τῶν
1487 501 1627 548 νυμφῶν
1650 499 1807 547 Ἱμαλίας
1830 501 2102 549 ὀνομαζομένης,
2123 504 2181 539 καὶ

1148 560 1235 609 τρεῖς
1253 556 1285 600 ἐξ
1304 558 1409 602 αὐτῆς
1428 559 1596 593 τεκνῶσαι
1614 558 1758 603 παῖδας,
1780 561 1996 610 Σπαρταῖον,
2022 561 2179 612 Κρόνιον,

1150 616 1276 654 Κύτον.
1293 615 1393 653 Κατὰ
1406 614 1439 651 δὲ
1454 613 1514 659 τὴν
1527 614 1655 651 τούτων
1666 617 1801 660 ἡλικίαν
1816 618 1917 668 φασὶν
1930 618 2130 669 Ἀφροδίτην
2144 622 2181 657 ἐκ

1151 672 1316 723 Κυθήρων
1331 671 1559 721 κομιζομένην
1572 674 1617 713 εἷς
1633 672 1770 724 Κύπρον
1791 675 1848 710 καὶ
1865 677 2182 727 προσορμιζομένην

1149 734 1190 781 τῇ
1208 731 1301 782 νήσῳ
1322 732 1516 775 κωλυθῆναι
1544 730 1610 766 ὑπὸ
1630 732 1696 766 τῶν
1726 732 1938 776 Ποσειδῶνος
1958 737 2051 779 υἱῶν,
2073 735 2179 772 ὄντων

1149 790 1375 841 ὑπερηφάνων
1398 791 1456 825 καὶ
1473 788 1642 838 ὓὲριστῶν
1658 802 1665 808 ·
1695 791 1755 833 τῆς
1775 788 1808 824 δὲ
1828 794 1899 826 θεοῦ
1922 792 1977 827 διὰ
1996 792 2057 837 τὴν
2079 793 2182 844 ὀργὴν

1148 847 1368 896 ε’μὸαλούσης
1382 848 1496 888 αὐτοῖς
1519 845 1657 895 μανίαν,
1680 850 1821 895 μιγῆναι
1839 849 1958 891 αὐτοὺς
1981 850 2036 901 βία
2054 855 2096 897 τῆ
2117 867 2182 900 μη-

1148 908 1200 957 τρὶ
1221 909 1279 944 καὶ
1298 905 1410 943 πολλὰ
1429 905 1520 942 κακὰ
1552 906 1633 955 δρᾶν
1660 904 1735 947 τοὺς
1758 907 1954 957 ἐγχωρίους.
1987 895 2183 947 Ποσείδῶνα

1150 964 1183 1002 δὲ
1201 965 1239 1004 τὸ
1264 966 1401 1016 γεγονὸς
1422 963 1620 1013 αἰσθόμενον
1651 962 1727 1006 τοὺς
1753 964 1842 1005 υἱοὺς
1867 965 1995 1016 κρύψαι
2016 968 2103 1004 κατὰ
2123 972 2184 1018 γῆς

1149 1024 1202 1060 διὰ
1223 1023 1284 1069 τὴν
1304 1022 1551 1075 πεπραγμένην
1569 1020 1747 1071 αἰσχύνην,
1765 1021 1820 1064 οὒς
1838 1024 2005 1068 κληθῆναι
2025 1026 2184 1077 προσηῴ-

1149 1097 1203 1124 ους
1219 1082 1382 1131 δαίμονας
1397 1097 1404 1105 ·
1425 1083 1540 1119 Ἃλίαν
1557 1080 1591 1116 δὲ
1608 1080 1756 1131 ῥίψασαν
1777 1080 1902 1126 ἑαυτὴν
1920 1083 1966 1123 εἷς
1984 1082 2043 1127 τὴν
2059 1083 2183 1120 θάλατ-

1147 1156 1209 1177 ταν
1226 1140 1418 1178 Λευκοθέαν
1436 1140 1668 1189 ὀνομασθῆναι
1687 1138 1746 1176 καὶ
1763 1141 1864 1186 τιμῆς
1882 1138 2051 1176 ἀθανάτου
2071 1141 2184 1191 τυχεῖν

1147 1198 1241 1249 παρὰ
1259 1204 1326 1240 τοῖς
1344 1198 1535 1248 ἐγχιιῳίοις.

1205 1259 1304 1295 LVI.
1336 1257 1462 1308 Χρόνῳ
1482 1257 1510 1293 δ’
1531 1256 1670 1308 ὕστερον
1690 1254 1979 1307 προαισθομένους
1998 1255 2075 1299 τοὺς
2095 1258 2186 1294 Τελ-

1147 1315 1313 1366 χῖναςτὸν
1331 1314 1500 1364 μέλλοντα
1515 1315 1667 1364 γίνεσθαι
1681 1313 1942 1363 κατακλυσμὸν,
1958 1315 2107 1351 ἐκλιπεῖν
2124 1314 2185 1359 τὴν

1148 1377 1249 1419 νῆσον
1271 1374 1328 1412 καὶ
1349 1375 1596 1424 διασπαρῆναι.
1614 1372 1727 1411 Λύκον
1745 1373 1774 1409 δ’
1792 1373 1830 1408 ἐκ
1849 1371 1976 1409 τούτων
1998 1373 2187 1423 παραγενό-

1151 1449 1250 1482 μενον
1272 1435 1317 1476 εἰς
1339 1432 1399 1478 τὴν
1422 1432 1567 1478 Λυκίαν,
1592 1432 1805 1472 ’Λπόλλωνος
1824 1430 1951 1469 Λυκίου
1974 1430 2063 1481 ἱερὸν
2090 1431 2187 1482 ἱδρύ-

1150 1495 1276 1528 σασθαι
1287 1491 1382 1542 παρὰ
1396 1490 1451 1527 τὸν
1470 1490 1604 1527 Ξάνθον
1616 1489 1785 1538 ποταμόν.
1802 1491 1874 1526 Τοῦ
1892 1488 1927 1525 δὲ
1942 1491 2186 1536 κατακλυσμοῦ

1149 1549 1348 1598 γενομένου,
1364 1549 1440 1591 τοὺς
1459 1548 1519 1597 μὲν
1539 1548 1662 1590 ἄλλους
1680 1549 1932 1599 διαφθαρῆναι,
1952 1550 2012 1592 τῆς
2028 1547 2062 1584 δὲ
2084 1547 2186 1593 νήσου

1150 1609 1205 1646 διὰ
1224 1608 1284 1654 τὴν
1303 1608 1496 1660 ἐπομὸρίαν
1514 1606 1797 1644 ἐπιπολασάντων
1813 1608 1879 1642 τῶν
1894 1607 2004 1656 ὑγρῶν
2021 1605 2188 1655 λιμνάσαι

1150 1667 1226 1710 τοὺς
1246 1667 1425 1709 ἐπιπέδους
1446 1666 1586 1708 τόπους·
1607 1665 1739 1715 ὀλίγους
1760 1664 1792 1700 δ’
1817 1665 1863 1705 εἷς
1882 1664 1925 1699 τὰ
1947 1664 2101 1715 μετέωρα
2128 1667 2188 1709 τῆς

1150 1727 1254 1771 νήσου
1282 1724 1519 1776 συμφυγόντας
1547 1725 1775 1768 διασωθῆναι,
1806 1723 1839 1758 ἐν
1869 1715 1916 1763 οἷς
1942 1722 2108 1772 ὑπάρχειν
2129 1723 2189 1759 καὶ

1151 1784 1227 1825 τοὺς
1244 1784 1320 1825 Διὸς
1340 1785 1478 1824 παῖδας.
1505 1780 1631 1820 υΗλιον
1649 1780 1683 1818 δὲ
1707 1779 1797 1817 κατὰ
1818 1778 1879 1828 μὲν
1901 1779 1958 1816 τὸν
1983 1783 2086 1828 μῦθον
2104 1783 2186 1831 ἐρα-

1152 1841 1272 1878 σθέντα
1296 1845 1355 1886 τῆς
1376 1840 1496 1878 Ῥόδου
1523 1839 1584 1884 τήν
1613 1854 1649 1876 τε
1677 1841 1779 1883 νῆσον
1810 1837 1868 1874 ἀπ’
1889 1838 1994 1881 αὐτῆς
2020 1838 2188 1886 ὀνομάσαι

1153 1900 1271 1937 Ῥόδον
1289 1900 1348 1935 καὶ
1367 1899 1405 1935 τὸ
1430 1897 1635 1940 ἐπιπολάζον
1659 1895 1748 1946 ὕδωρ
1767 1893 1952 1946 ἀφανίσαι·
1971 1897 1987 1931 ὃ
2007 1894 2037 1931 δ’
2061 1895 2188 1941 ἀληθὴς

1151 1959 1251 2009 λόγος
1270 1957 1320 1994 ὅτι
1339 1956 1427 1994 κατὰ
1448 1956 1510 2001 τὴν
1532 1955 1565 1998 ἐξ
1587 1957 1695 2005 ἀρχῆς
1718 1953 1883 1990 σύστασιν
1908 1955 1967 1997 τ’ῆς
1985 1952 2091 1997 νήσου
2117 1969 2188 1998 πη-

1154 2016 1281 2057 λώδους
1302 2014 1404 2060 οὔσης
1425 2014 1472 2050 ἔτι
1495 2014 1552 2050 καὶ
1574 2014 1755 2061 μαλακῆς,
1789 2011 1845 2047 τὸν
1865 2009 1990 2048 Ἥλιον
2012 2010 2188 2062 ἀναξηρά-

1153 2090 1259 2111 ναντα
1279 2074 1339 2119 τὴν
1361 2072 1491 2118 πολλὴν
1514 2071 1685 2122 ὑγρότητα
1706 2072 1918 2119 ζωογονῆσαι
1937 2069 1998 2114 τὴν
2028 2073 2103 2118 γῆν,
2129 2069 2188 2106 καὶ

1691 2129 1699 2141 9

1154 2132 1311 2183 γενέσθαι
1337 2132 1413 2174 τοὺς
1433 2131 1618 2174 κληθέντας
1642 2132 1690 2166 ἀπ
1725 2130 1827 2165 αὐτοῦ
1846 2127 2012 2168 (Ηλιάδας
2031 2127 2116 2164 ἑπτὰ
2131 2127 2187 2165 τὸν

1158 2191 1302 2243 ἀριθμὸν
1320 2192 1379 2227 καὶ
1396 2189 1473 2232 τοὺς
1486 2188 1588 2230 λαοὺς
1603 2188 1726 2237 ὁμοίιος
1744 2187 1963 2237 αὐτόχθονας.
1984 2184 2190 2227 Ἀκολούθως

57 2263 2185 2279 -————-...-.--..—-——-———-—-——--—-—-———-—-——-—-

95 2365 226 2397 Rhodus
261 2365 364 2396 insula
387 2364 575 2395 Telchinum
600 2364 676 2395 olim
708 2363 796 2394 sedes
818 2363 896 2393 erat.
930 2363 995 2392 Hos
1013 2361 1095 2392 Tha-

57 2418 136 2448 lassa
157 2416 337 2456 progenitos
363 2424 437 2446 cum
466 2415 622 2454 caphira,
657 2415 774 2446 Oceani
806 2414 869 2444 filia
880 2438 887 2451 ‚
912 2414 1095 2452 Neptunum

57 2477 76 2498 a
91 2469 175 2499 Rhea
185 2467 324 2506 ipsorum
338 2466 411 2497 fidei
422 2467 626 2497 commissum
638 2466 786 2497 educasse
797 2465 904 2496 sabula
914 2464 1021 2494 tradit.
1039 2467 1092 2495 Ar-

58 2523 106 2551 tes
125 2519 219 2550 etiam
240 2518 407 2549 nonnullas
430 2518 603 2556 invenisse,
623 2518 748 2556 aliaque
772 2516 847 2547 vitae
872 2516 1038 2546 hominum
1064 2515 1096 2545 in

59 2581 153 2603 usum
176 2571 361 2610 deduxisse,
379 2579 436 2601 nec
457 2579 521 2601 non
544 2571 662 2610 primas
674 2570 807 2601 deorum
825 2569 974 2608 imagines
989 2568 1096 2599 elabo—

60 2632 143 2655 rasse
152 2623 313 2660 dicuntur,
326 2621 410 2653 unde
423 2621 572 2661 quaedam
583 2621 823 2653 simulacrorum
839 2622 981 2650 veterum
996 2619 1097 2649 nomi-

60 2675 153 2706 nibus
168 2682 277 2705 eorum
294 2673 439 2712 insignita
457 2674 571 2704 essent.
590 2675 670 2704 Nam
683 2672 769 2711 apud
784 2671 908 2702 Lindios
922 2670 1096 2710 Apollinem

61 2726 260 2758 Telchinium
291 2725 416 2763 vocari,
444 2725 527 2764 apud
552 2725 681 2764 Ialysios
699 2726 858 2755 ‚lunonem
883 2723 915 2753 et
939 2722 1099 2762 Nymphas

61 2778 256 2816 Telchinias‚
271 2777 353 2817 apud
367 2777 562 2808 Camirenses
576 2779 593 2807 J
598 2785 732 2807 unonem
744 2776 952 2806 Telchiniam.
976 2775 1097 2806 Praesti·

64 2832 200 2869 giatores
217 2830 324 2860 tamen
344 2828 440 2859 etiam
457 2828 552 2858 fuisse
564 2828 781 2867 perhibentur,
799 2827 872 2866 qui,
891 2826 1017 2865 quando
1032 2827 1097 2857 vel-

64 2884 147 2921 lent,
164 2882 264 2912 nubes
286 2880 536 2919 grandinemqne
553 2881 585 2910 et
608 2879 715 2918 nives,
741 2879 825 2918 quod
850 2887 958 2917 magos
982 2878 1098 2917 alioqui

65 2935 208 2965 factitare
221 2932 406 2973 praedicant,
423 2931 620 2968 inducerent,
636 2931 816 2969 formasque
832 2930 1056 2967 immutarent,
1068 2931 1100 2960 et

65 2985 241 3016 doctrinam
252 2984 367 3014 artium
378 2983 554 3014 inviderent
564 2982 639 3013 aliis.
654 2983 819 3021 Neptunus
829 2983 948 3019 autem,
960 2982 996 3011 nt
1007 2989 1100 3019 porro

67 3036 259 3074 memorant,
277 3034 343 3073 jam
361 3034 506 3072 adultus,
522 3034 646 3064 Haliam
661 3041 802 3063 sororem
816 3031 1002 3062 Telchinnm
1016 3040 1100 3062 ania-

66 3089 123 3127 vit,
133 3096 270 3127 cumque
281 3095 318 3118 ea
325 3087 517 3117 commixtus
527 3086 641 3116 liberos
651 3093 707 3124 gen
713 3085 770 3123 uit,
782 3093 837 3115 sex
847 3083 975 3123 quidem
987 3092 1099 3122 mares,

69 3131 228 3178 unamque
243 3138 339 3168 filiam
358 3137 486 3168 nomine
502 3136 659 3168 Rhodum.
682 3136 761 3166 Hinc
777 3144 891 3166 nomen
911 3135 1021 3165 insulae
1043 3134 1099 3165 da-

67 3192 149 3221 tum.
166 3190 306 3220 Fuerunt
318 3190 504 3228 tempestate
517 3188 570 3218 illa
582 3212 589 3226 ‚
605 3187 635 3218 in
658 3196 693 3218 ea
710 3187 821 3217 insulae
839 3187 944 3225 parte,
958 3194 1029 3224 quae
1046 3195 1100 3217 oc-

69 3242 225 3273 cidentem
236 3242 369 3281 spectat,
380 3241 539 3280 Gigantes.
554 3242 644 3271 Tune
657 3240 752 3270 etiam
767 3239 923 3277 Juppiter,
938 3237 1102 3268 Titanibus

67 3294 246 3332 «ieiunitatis,
263 3293 411 3333 nymphae
425 3292 587 3331 cujusdam
606 3291 770 3331 (Himaliae
789 3291 816 3321 ei
834 3291 969 3329 nomen)
992 3299 1100 3321 amore

1149 2303 1327 2341 tenebatur,
1341 2303 1373 2332 et
1389 2311 1428 2332 ex
1445 2310 1480 2331 ea
1498 2303 1561 2331 tres
1575 2300 1653 2330 filios
1664 2324 1671 2337 ,
1687 2300 1864 2338 Spartacum
1876 2322 1884 2336 ,
1899 2297 2053 2328 Cronium
2070 2298 2100 2328 et
2124 2299 2188 2336 Cy-

1149 2357 1231 2394 tum,
1249 2354 1436 2394 procreavit.
1460 2354 1579 2383 Horum
1595 2352 1689 2381 aetate
1706 2352 1830 2387 Venus,
1851 2358 1868 2380 e
1889 2350 2033 2388 Cytheris
2047 2352 2188 2388 Cyprum

1150 2409 1277 2446 petens,
1293 2405 1332 2436 ad
1344 2405 1480 2435 insulam
1495 2403 1626 2442 appulit.
1644 2401 1705 2433 Sed
1719 2410 1818 2441 quum
1833 2400 1919 2431 aditu
1936 2409 1955 2431 a
1968 2400 2103 2439 Neptuni
2119 2400 2189 2429 filiis

1151 2457 1294 2498 superbis
1307 2458 1338 2488 et
1352 2455 1511 2494 injuriosis
1525 2454 1756 2494 prohiberetur,
1770 2452 1817 2482 ira
1838 2452 1956 2491 percita
1972 2452 2110 2481 furorem
2131 2451 2190 2481 illis

1152 2510 1276 2549 injecit,
1294 2517 1358 2548 quo
1373 2508 1434 2538 acti
1450 2507 1481 2537 vi
1499 2508 1633 2537 matrem
1648 2505 1911 2543 constuprarnnt,
1926 2504 1957 2534 et
1970 2503 2072 2533 multa
2088 2511 2189 2542 popu-2

1151 2561 1268 2592 laribus
1281 2560 1473 2590 nocumenta
1484 2557 1671 2588 intulerunt.
1688 2559 1758 2593 Quo
1775 2556 1939 2593 Neptunus
1952 2554 2075 2593 cognito
2086 2577 2094 2591 ‚
2110 2553 2189 2584 tilios

1151 2613 1192 2643 ob
1205 2612 1249 2643 rei
1263 2610 1492 2650 turpitudinem
1507 2610 1591 2639 terra
1606 2607 1764 2645 occuluit3
1781 2606 1864 2636 unde
1882 2608 2048 2636 Daemones
2061 2613 2113 2635 seu
2132 2607 2189 2635 Ge-

1152 2666 1195 2696 nii
1210 2664 1387 2696 Orientales
1397 2662 1545 2702 appellati
1559 2662 1644 2692 sunt.
1663 2660 1754 2690 Halia
1767 2668 1861 2697 vero,
1877 2659 2044 2698 postquam
2059 2657 2089 2687 in
2104 2666 2190 2687 mare
2220 2692 2223 2697 1

1152 2727 1184 2749 se
1197 2717 1385 2757 projecerat,
1400 2726 1472 2748 cum
1485 2716 1673 2747 Leucotheae
1685 2714 1812 2744 nomine
1826 2713 1948 2743 divinos
1962 2712 2097 2742 honores
2107 2710 2189 2750 apud

1152 2771 1270 2801 incolas
1283 2770 1397 2810 adepta
1411 2771 1469 2800 est.

1195 2826 1276 2854 LVI.
1300 2824 1373 2854 Post
1387 2823 1454 2853 haec
1467 2830 1566 2861 quum
1579 2821 1750 2851 venturum
1763 2818 1928 2849 Telchines
1938 2816 2093 2847 diluvium
2107 2822 2188 2853 prae·

1152 2877 1289 2915 sagirent
1300 2900 1308 2914 ,
1323 2884 1363 2906 ex
1376 2875 1477 2905 insula
1493 2873 1606 2913 egressi
1622 2872 1684 2903 huc
1701 2872 1775 2903 illuc
1794 2869 1923 2910 dispersi
1940 2870 2024 2899 sunt.
2043 2869 2188 2903 Quorum

1153 2938 1170 2959 e
1185 2937 1317 2959 numero
1332 2930 1434 2967 Lycus
1448 2927 1478 2957 in
1489 2927 1614 2966 Lyciam
1628 2925 1799 2965 prosectiiS,
1816 2922 1900 2961 Lycii
1915 2921 2066 2960 Apollinis
2081 2920 2188 2949 sanum

1154 2980 1192 3010 ad
1207 2980 1369 3010 Xanthum
1387 2978 1520 3009 fluvium
1535 2977 1705 3007 exstruxit.
1722 2974 1847 3005 Diluvio
1863 2973 1991 3004 tandem
2007 2971 2186 3010 ingruente,

1155 3031 1282 3070 plurimi
1299 3031 1428 3070 quidem
1451 3030 1639 3067 interibant,
1657 3027 1740 3067 quod
1761 3026 1907 3066 depressa
1923 3026 1954 3055 et
1970 3024 2062 3063 plana
2079 3022 2189 3052 insulae

1154 3083 1224 3113 loca
1237 3082 1386 3113 continua
1401 3081 1550 3112 imbrium
1566 3078 1816 3120 praecipitatione
1828 3077 1916 3115 longe
1929 3076 2054 3113 lateque
2070 3074 2188 3111 stagna-

1156 3135 1243 3172 rent3
1264 3134 1353 3173 pauci
1368 3141 1461 3168 vero,
1485 3132 1540 3171 qui
1554 3131 1593 3162 ad
1607 3130 1738 3162 editiora
1756 3127 1973 3168 perfugerant,
1989 3125 2064 3156 salvi
2084 3132 2186 3153 r-ema-

1155 3186 1284 3216 nebant.
1301 3185 1385 3215 lnter
1398 3192 1478 3223 qnos
1501 3183 1589 3213 lovis
1606 3182 1699 3212 eliam
1720 3180 1784 3211 nati
1799 3180 1935 3209 suerunt.
1954 3178 2101 3207 Cetei-um
2117 3173 2185 3210 Sol,

1157 3239 1192 3268 nt
1207 3237 1311 3268 sabula
1325 3236 1450 3276 quidem
1467 3236 1579 3273 refert,
1595 3233 1696 3265 Rhodi
1710 3240 1816 3263 amore
1832 3231 1959 3269 captus,
1976 3227 2105 3258 inuitam
2119 3225 2186 3263 ejus

1156 3289 1282 3320 nomine
1293 3288 1437 3326 (lignatus
1447 3289 1504 3325 est,
1517 3288 1547 3317 et
1558 3294 1711 3325 aquarum
1724 3281 1963 3313 redundantiam
1975 3277 2118 3308 abolevit
2133 3276 2184 3306 Rei
