2289 3728
929 115 1250 153 FRAGMENTA.
2055 128 2057 130 ·
2111 121 2151 152 71

28 207 62 245 δὲ
65 207 240 278 ληφθεὶς,
260 205 382 255 ἔμελλε
409 203 546 241 θύεσθαι
578 205 625 253 τῷ
647 201 782 253 Κρόνῳ.
817 198 984 239 Βισαλτία
1006 199 1058 244 δὲ,

27 282 85 303 του
117 262 284 316 βασιλέως
315 261 498 333 θυγάτηρ,
512 262 694 312 ἐρασθεῖσα
714 258 886 310 προέδωκε
906 256 961 293 τὸν
993 272 1059 292 πα·

28 325 129 375 τέρα,
145 322 204 360 καὶ
224 320 407 373 νικηφόρον
429 320 554 358 ἐκεῖνον
572 318 745 364 ἐποίησεν.
769 314 1060 366 Ἀναστρέψαντος

28 384 56 418 δ’
90 382 212 426 αὖτου,
240 383 261 425 ἡ
293 379 378 429 κόρη
410 375 601 428 κατέσφαξε
606 392 622 412 ν
651 374 793 419 ἑαυτην·
818 377 861 415 ὡς
891 371 1060 414 Ἡσιάναξ

28 443 116 488 (sei.
141 436 411 488 Ἡγησιάναξ)’
396 452 429 473 εν
446 435 548 487 τρίτω
568 433 743 472 Aze'uxfflv.

79 495 327 544 Φαινόμενα
364 496 526 530 carmine
555 494 601 528 ab
628 494 891 539 Ilegesianactc
928 490 1063 536 scripta

26 569 97 592 esse
117 557 290 592 discimus
310 567 355 589 ex
375 554 478 588 Arati
504 553 586 587 Vita
604 564 642 597 p.
667 549 736 597 55,
760 563 807 597 92
824 557 910 596 etp.
932 547 997 592 56,
1019 560 1031 581 1
1045 560 1057 581 1

27 614 87 651 ed.
97 615 145 649 W
149 621 294 648 ester.1n
305 611 398 646 Inde
410 608 1010 657 depraomptlsuntquecitautm
1002 618 1061 652 ap

29 673 165 720 Hygin.
188 672 293 706 Poet.
315 676 452 704 astion
469 669 523 712 11,
539 668 585 701 26
597 680 674 715 ,29
693 665 749 714 (p.
773 666 817 710 '37
824 678 858 699 o
880 665 967 700 381.
991 668 1060 737 [3004

27 730 177 765 Munck.
188 727 217 777 >3
232 727 330 775 apud
343 719 528 762 Plutarch
542 727 597 760 De
613 725 703 760 Γιτιςί(
720 725 962 759 inoibeluuae
978 736 1007 757 c
1040 738 1065 766 ›,

27 801 66 835 p.
87 799 174 835 920,
188 789 217 822 E
234 787 290 834 (p.
310 799 323 820 1
337 798 403 829 127
421 784 479 820 ed.
496 783 623 832 Did.),
642 791 677 818 et
689 796 759 831 921
779 785 827 827 Β,
846 782 910 817 ubi
929 793 1066 815 nomen

27 846 216 892 scriptoris
229 852 281 879 est
297 840 502 891 Ἀγησιάναξ
519 841 586 892 (de
598 854 670 888 qua
686 842 876 887 scripturae
891 840 1066 874 varietate

29 904 67 937 in
85 902 264 937 similibus
278 901 492 936 nominihus
513 899 623 934 obvia
642 898 727 933 vide
748 898 937 933 WVelcker.
959 896 1062 943 Cycl.

29 974 66 1008 p.
91 959 164 1005 278
179 987 188 1003 ‚
219 967 301 996 not.
323 957 396 1000 448
411 958 435 1006 ).
452 959 508 993 De
534 958 638 992 libris
663 957 937 1004 Hegesianactis
958 951 1066 1003 Περὶ

29 1020 105 1062 τῆς
129 1015 404 1065 Δημοκρίτου
431 1013 588 1056 λέξεως
610 1012 777 1063 βιὸλίον
805 1011 867 1060 ἕν,
894 1022 930 1048 et
956 1008 1067 1060 Περὶ

30 1076 278 1119 ποιητικῶν
329 1071 496 1117 λέξεων,
542 1073 626 1107 vide
669 1073 846 1119 Stephan.
893 1073 996 1119 Byz.,
1034 1083 1066 1104 v,

30 1132 188 1184 Τρωιάς,
211 1146 321 1181 quem
343 1134 468 1167 locum
487 1144 598 1178 supra
615 1131 868 1178 apposuimus.

438 1250 652 1264 ‘⁴050‘—

230 1337 866 1395 MNESIPTOLEMUS.

82 1462 408 1510 Quemadmodum
428 1462 678 1508 Hegesianax,
712 1462 762 1496 sic
791 1462 901 1496 etiam
932 1463 1068 1496 Mnesi—

30 1523 217 1571 ptolemus
231 1529 267 1555 et
282 1519 503 1567 Euphorion
521 1520 558 1553 in
579 1519 661 1553 aula
677 1519 851 1553 Antiochi
864 1520 988 1566 Magni
1007 1519 1070 1553 de-

31 1581 183 1629 gebant.
219 1578 525 1625 Mnesiptolemus
562 1578 674 1623 Syriae
713 1589 843 1623 regum
877 1578 1070 1612 historiam

31 1640 213 1686 scripsisse
241 1650 286 1672 ex
315 1637 400 1671 loco
430 1636 596 1670 Athenaei
624 1635 827 1681 colligitur.
851 1637 1070 1683 Fragmenta

31 1710 109 1732 non
135 1702 343 1743 supersunt.

32 1751 108 1785 duo
124 1749 245 1784 haecce
262 1761 269 1782 :

85 1807 281 1842 Athenaeus
299 1807 379 1849 XV,
397 1818 436 1852 p.
457 1804 547 1852 697,
562 1806 595 1838 D
613 1817 620 1838 :
645 1801 688 1840 Ὁ
703 1801 737 1838 δὲ
755 1802 853 1844 αὐτὸς
873 1797 969 1844 οὗτος
990 1818 1071 1852 συγ-

32 1864 181 1915 γραφεὺς
200 1865 209 1913 (
226 1878 275 1901 sc.
297 1861 493 1912 Δημήτριος
509 1860 681 1912 Σκήψιος)
702 1862 765 1897 κοῖν
785 1863 833 1912 τῷ
858 1863 1071 1898 ἐννεακαιδε-

32 1923 126 1974 κάτῳ
142 1925 203 1967 τῆς
221 1923 324 1966 αὐτῆς
341 1918 582 1971 πραγματείας
609 1920 674 1971 (se.
695 1922 753 1955 τοῦ
771 1921 930 1970 Τρωικοῦ
953 1920 1069 1956 διακό-

375 1694 599 1728 Testimonia
630 1705 717 1727 vero
741 1694 904 1728 Athenaei
928 1701 1071 1729 exstant

33 1980 139 2031 σμου)
167 1978 462 2027 Μνησιπτολέμου
491 1977 574 2029 φησί
601 1992 683 2014 ποτε
712 1980 769 2014 τοῦ
790 1977 1068 2029 ἱστοριογράφου,

33 2054 91 2076 του
103 2037 197 2089 παρὰ
209 2053 258 2089 τῳ
271 2036 431 2107 Ἀντιόχῳ
443 2052 480 2073 τι
474 2053 491 2071 ι
501 2035 807 2087 προσαγορευθέντι
827 2035 967 2087 μεγάλω
979 2037 1071 2072 πλεῖ-

33 2112 110 2133 στον
134 2095 355 2146 ἰσχύσαντος,
378 2094 448 2132 υιὸν
467 2093 623 2142 γενέσθαι
642 2093 810 2131 Σέλευκον
830 2095 887 2130 τὸν
906 2110 973 2130 των
995 2096 1067 2131 ἱλα

35 2171 100 2206 ρων
121 2153 286 2206 ἀσμάτων
307 2151 472 2198 ποιητην·
491 2155 595 2202 οὗπερ
613 2154 764 2201 συνεχῶς
785 2151 875 2189 άδειν
897 2152 1053 2189 εἰώθασι·

117 2242 212 2272 Κάγὼ
228 2240 440 2278 παιδοφιλήσω
454 2247 460 2261 ι
476 2239 553 2269 πολύ
569 2249 619 2278 μοι
635 2238 782 2269 κάλλιον
773 2239 791 2275 ὴ
807 2241 927 2278 γαμεῖν.

118 2290 194 2322 Παῖς
209 2288 262 2326 μὲν
276 2287 334 2326 γὰρ
347 2286 470 2326 παρεὼν
485 2285 541 2321 κήν
557 2286 682 2325 πολέμῳ
697 2286 812 2324 μᾶλλον
826 2286 987 2325 ἐπωφελεῖ.

88 2365 263 2406 IdemX,
281 2376 320 2410 p.
342 2361 429 2406 432,
450 2363 476 2396 B
495 2373 503 2397 :
519 2358 664 2398 ''En-wov
684 2362 712 2397 οἳ
727 2360 848 2397 πολλοὶ
866 2361 923 2398 καὶ
945 2361 1071 2411 ἅλ’,οιτα

35 2421 274 2461 ἐπιὸάλλοντες
286 2421 334 2471 τῷ
349 2417 428 2470 οἴνῳ
440 2448 449 2464 ,
464 2420 508 2461 ὡς
521 2420 538 2454 ὁ
555 2418 683 2469 Δελφὸς
700 2417 936 2471 Ἡγήσανδρος
952 2435 1069 2472 φησιν.

37 2478 212 2521 Ἐπίνικος
231 2480 324 2529 γοῦν,
353 2476 646 2525 Μνησιπτολέμου
666 2476 856 2526 ἀνάγνωσιν
877 2479 1070 2528 ποιησαμέ-

36 2553 92 2575 νου
127 2540 193 2574 τῶν
223 2535 416 2586 Ἱστοριῶν,
455 2536 488 2572 ἐν
519 2529 571 2577 αἷς
603 2534 794 2586 ἐγέγραπτο
824 2539 869 2578 ὡς
904 2537 1072 2581 Σέλευκος

37 2596 258 2645 ἀπηλφίτισε,
272 2594 405 2646 γράψας
424 2595 538 2643 δρᾶμα
558 2594 849 2642 Μνησιπτόλεμον
870 2595 928 2632 καὶ
945 2611 1070 2646 κωμω-

37 2656 103 2692 δῶν
126 2653 227 2691 αὐτὸν
247 2653 306 2690 καὶ
322 2652 400 2703 περὶ
420 2656 480 2698 τῆς
499 2652 629 2694 πόσεως
648 2653 721 2694 ταῖς
744 2652 873 2689 ἐκείνου
896 2653 1072 2703 χρώμενος

37 2717 176 2764 φωναῖς,
192 2711 330 2756 ἐποίησε
350 2709 510 2759 λέγοντα·

119 2793 188 2824 Ἐπ’
203 2791 329 2830 ἀλφίτου
344 2791 471 2822 πίνοντα
484 2794 538 2821 τοῦ
552 2792 652 2830 Θέρους
669 2792 742 2822 ποτὲ

120 2840 193 2870 ἰδὼν
209 2839 354 2869 Σέλευκον
371 2837 421 2873 ἡδ;
426 2848 466 2871 ως
482 2839 533 2867 τὸν
548 2838 692 2876 βασιλέα,

120 2886 239 2925 ἔγραψα
254 2885 305 2914 καὶ
321 2894 395 2922 παρε
390 2884 478 2918 δειξα
494 2887 555 2918 τοῖς
566 2884 686 2917 πολλοῖς
676 2907 705 2920 ,
723 2883 767 2913 οτι

122 2934 177 2962 κᾶν
190 2931 225 2961 τὸ
240 2930 315 2971 τυχὸ
319 2941 334 2959 ν
348 2929 367 2968 ᾖ
381 2929 572 2984 πραγμάτιον
589 2930 608 2966 ἢ
625 2929 728 2968 σφόδρ’
742 2929 856 2960 ευτελὲ
829 2952 856 2965 ς
870 2953 878 2967 ,

122 2978 232 3017 σεμνὸν
247 2976 370 3007 δύναται
385 2976 466 3006 τοῦθ’
485 2978 504 3012 ἡ
522 2976 646 3014 δύναμις
659 2975 700 3012 ἡ
703 2976 743 3014 μὴ
759 2981 867 3006 ποιεῖν..

124 3037 140 3052 u
156 3025 287 3064 Γέροντα
299 3023 414 3055 Θάσιον
425 3023 476 3053 τόν
492 3033 524 3053 τε
540 3026 595 3061 γῆς
612 3022 667 3053 ἀπ’
683 3022 808 3058 Ἀτθίδος

123 3072 217 3111 ἑσμὸν
231 3069 375 3110 μελίσσης
389 3073 441 3106 τῆς
455 3069 629 3109 ἀκραχόλου
647 3069 772 3108 γλυκὺν,

123 3116 377 3156 συγκυρκανήσας
391 3115 421 3145 ἐν
435 3115 541 3155 σκύφῳ
555 3119 648 3155 χυτῆς
667 3115 749 3146 λίθου
760 3139 768 3154 ,

124 3163 281 3202 Δήμητρος
298 3162 377 3202 ἀκτῇ
390 3164 450 3192 πᾶν
466 3163 644 3205 γεφυρώσας
662 3162 765 3201 ὑγρὸν,

125 3209 333 3249 κατῃσίμωκα
348 3212 456 3248 πῶμα,
468 3209 624 3248 καύματος
638 3209 733 3239 λύσιν.
754 3223 767 3234 »

44 3276 96 3312 Cf.
113 3275 272 3310 Meinek.
288 3276 434 3320 Fragm.
453 3274 558 3312 Com.
583 3282 673 3309 tom.
698 3276 759 3315 lv,
780 3287 816 3323 p.
838 3274 928 3310 505..

1175 203 1363 249 Subjicerc
1378 202 1483 237 liceat
1498 203 1721 237 mentionem
1732 203 1933 237 Simonidis
1944 213 1991 234 aa·
2003 202 2157 247 illagne·

1123 263 1179 292 sia
1211 260 1262 293 ad
1291 261 1455 306 Sipjlum
1485 260 1571 294 urbe
1603 262 1764 302 oriundi,
1802 266 1921 307 poetae
1949 260 2064 306 epici,
2096 261 2157 305 qui

1125 329 1300 363 pugnam,
1316 330 1386 363 qua
1402 318 1612 353 Galatarum
1629 320 1831 365 equitatum
1849 318 1942 352 fudit
1960 317 2161 351 Antiochus

1124 376 1265 421 primus
1281 403 1289 418 ,
1311 378 1470 410 carmine
1491 379 1661 412 ccciuissc
1682 378 1842 414 videtur.
1861 378 2038 412 Memoria
2055 376 2163 421 hujus

1126 433 1194 466 viri
1214 434 1383 467 universa
1416 435 1545 477 unit—0,
1571 443 1749 481 quantum
1774 438 1900 478 sciam,
1928 436 2050 470 Suidae
2078 436 2163 469 loco

1127 492 1340 525 continetur
1367 493 1449 526 satis
1467 494 1530 526 illo
1549 503 1728 541 corrupto
1751 509 1757 529 :
1780 495 1994 541 Σιμωνίδης,
2018 493 2163 541 Μάγνης

1128 546 1303 592 Σιπύλου,
1325 548 1492 590 ἐποποιός.
1516 550 1656 597 Γέγονεν
1676 551 1731 587 ἐπὶ
1754 551 1926 602 Ἀντιόχου
1950 555 2008 588 τοῦΙ
2041 552 2163 600 Μεγα-

1126 606 1203 642 λου·
1222 604 1280 642 καὶ
1309 604 1457 656 γέγραφε
1478 606 1536 648 τὰς
1556 607 1730 658 Ἀντιόχου
1750 610 1833 658 [τοῦ
1863 610 2050 659 Μεγάλου]
2076 610 2164 659 πρα-

1127 663 1191 706 ξεις
1211 663 1270 700 καὶ
1296 663 1406 712 (κατὰ
1424 665 1524 711 conj.
1549 668 1784 716 Bernhardy)
1815 667 1874 712 τὴν
1902 668 1985 718 προς
2006 667 2165 708 Γαλάτας

1130 722 1269 773 μάχην,
1301 720 1357 758 ὅτε
1390 722 1478 769 μετὰ
1512 724 1578 758 τῶν
1611 724 1803 773 ἐλεφάντων
1835 724 1896 769 τὴν
1925 725 2032 762 ῗππον
2064 727 2167 761 αὐτοῦ

1128 781 1263 831 (αὐτῶν
1285 794 1431 817 correx.
1455 782 1522 816 viri
1554 782 1673 831 docti)
1702 781 1832 833 ἔφθειρε
1864 782 2036 833 (ε”ρθειραν
2066 798 2167 819 non—

1130 839 1223 874 nulli
1260 839 1376 886 libri).

1132 897 1413 945 Bernhardyus3
1463 900 1521 932 τοῦ
1570 898 1731 947 Σωτῆρος
1778 899 1873 942 conj.

1134 957 1303 1003 Euphor.
1325 969 1360 1003 p.
1389 956 1443 990 16.

1417 839 1539 876 Vei-ha
1570 842 1629 875 τοῦ
1663 839 1814 888 μεγάλου
1845 842 1987 875 uncinis
2018 843 2166 876 inclusit

1918 900 2075 933 Meinck.
2121 901 2165 935 ad

1558 1045 1745 1057 *OOOQ*

1158 1121 1576 1178 EUPHORION
1612 1121 2149 1179 CHALCIDENSlS.

1187 1241 1318 1276 Suidas
1341 1253 1349 1277 ε
1376 1238 1567 1291 Εὐφορίων,
1590 1240 1863 1288 Πολυμνήστου,
1892 1241 2084 1284 Χαλκιδεὺς
2105 1243 2173 1278 ἀπὸ

1136 1296 1304 1345 Εὐὸοίας,
1339 1297 1494 1346 μαθητὴς
1531 1298 1564 1334 ἐν
1595 1303 1665 1340 τοῖς
1693 1297 1889 1349 ’φιλοσόφοις
1919 1298 2078 1336 Λακύδου
2115 1300 2174 1336 καὶ

1136 1355 1366 1407 Πρυτάνιδος,
1396 1356 1455 1393 καὶ
1475 1357 1509 1392 ἐν
1539 1358 1608 1398 τοῖς
1639 1362 1829 1402 ποιητικοῖς
1860 1356 2088 1408 ’Λρχεὸούλου
2115 1362 2174 1395 τοῦΙ

1136 1413 1293 1466 Θηραίου
1324 1417 1469 1459 ποιητοῦ
1483 1443 1492 1459 ,
1515 1408 1552 1452 οὗ
1581 1413 1640 1451 καὶ
1662 1413 1828 1466 ἐρώμενος
1846 1413 1986 1462 λέγεται
2004 1414 2174 1465 γενέσθαι.

1137 1471 1325 1521 Ἐγεννήθη
1349 1472 1384 1509 δὲ
1401 1474 1435 1509 ἐν
1457 1475 1498 1524 τῇ
1522 1473 1594 1524 ρκς’
1623 1472 1860 1522 Ὀλυμπιάδι,
1881 1472 1936 1511 ὅτε
1965 1473 2022 1510 καὶ
2044 1474 2177 1525 Πύρρος

1135 1531 1266 1576 ἡττήθη
1285 1530 1350 1567 ὑπὸ
1362 1531 1560 1581 Ῥωμαίων,
1573 1531 1632 1568 καὶ
1647 1531 1779 1582 ἐγένετο
1794 1531 1855 1577 τὴν
1872 1532 1962 1569 ἰδέαν
1978 1532 2173 1584 μελίχρους,

1135 1588 1369 1639 πολύσαρκος,
1391 1589 1617 1635 κακοσκελής.
1638 1592 1711 1636 Τῆς
1728 1590 1972 1642 Ἀλεξάνδρου,
1992 1594 2049 1627 τοῦ
2074 1594 2176 1641 βασι-

1135 1647 1317 1689 λεύσαντος
1348 1646 1515 1693 Ευὸοίας,
1543 1649 1616 1684 υἱοῦ
1644 1647 1678 1684 δὲ
1704 1648 1906 1699 Κρατέρου,
1937 1648 2093 1698 γυναικὸς
2120 1651 2177 1686 Νι-

1138 1704 1239 1747 καίας
1263 1704 1450 1756 στερξάσης
1477 1705 1590 1751 αὐτὸν,
1609 1704 1749 1755 εὔπορος
1773 1706 1903 1757 σφόδρα
1925 1704 2071 1755 γεγονὼς
2096 1700 2178 1752 ἦλθε

1142 1762 1225 1810 πρὸς
1247 1763 1418 1813 Ἀντίοχον
1444 1762 1500 1799 τὸν
1518 1763 1645 1813 ’Μέγαν
1666 1765 1699 1800 ἐν
1722 1764 1832 1815 Συρίᾳ
1852 1762 2097 1814 βασιλεύοντα,
2117 1764 2173 1801 καὶ

1141 1823 1291 1872 προέστη
1314 1824 1370 1857 ὑπ’
1399 1822 1503 1858 αὐτοῦ
1526 1825 1585 1866 τῆς
1615 1823 1724 1859 ἐκεῖσε
1745 1822 1912 1870 δημοσίας
1937 1821 2175 1872 βιὸλιοθήκης·

1139 1879 1198 1916 καὶ
1213 1879 1420 1924 τελευτήσας
1439 1881 1508 1916 ἐκεῖ
1527 1879 1693 1916 τέθαπται
1711 1881 1744 1916 ἐν
1763 1879 1950 1931 Ἀπαμείᾳ,
1971 1882 2016 1922 ὡς
2036 1880 2071 1917 δέ
2092 1896 2177 1922 τινες

1140 1941 1173 1975 ἐν
1194 1938 1378 1989 Ἀντιοχία.

1189 2002 1281 2034 Fuse
1300 2000 1486 2046 docteque
1501 2000 1547 2034 de
1566 2000 1618 2034 his
1635 2000 1836 2047 disputavit
1850 2002 1946 2047 Aug.
1969 2001 2177 2035 Meinekius

1139 2057 1211 2105 (De
1231 2058 1483 2104 Euphorionis
1501 2059 1575 2092 vita
1590 2066 1626 2093 et
1639 2059 1800 2105 scripti5‚
1815 2065 1884 2092 etc.
1902 2058 2044 2093 Gedani
2064 2058 2176 2102 1823,

1136 2123 1170 2150 et
1197 2117 1234 2150 in
1264 2116 1449 2150 Analectis
1478 2113 1757 2164 Alexandrinis)
1789 2116 1835 2150 ad
1863 2129 1973 2161 quem
2001 2117 2176 2152 lectorem

1137 2175 1353 2221 relegamus.
1376 2174 1428 2209 Cf.
1452 2174 1610 2210 Clinton.
1628 2174 1673 2208 ad
1693 2175 1751 2211 Ol.
1778 2171 1862 2217 126.
1884 2174 1904 2208 ‘3
1923 2180 1957 2208 et
1974 2187 2014 2222 p.
2037 2173 2123 2211 511.

1188 2234 1324 2267 Praeter
1341 2233 1502 2267 carmina
1519 2233 1610 2266 varii
1630 2234 1793 2280 generis,
1822 2246 1901 2278 quae
1923 2246 2112 2268 recensere
2133 2235 2179 2268 ab

1138 2292 1302 2326 instituto
1327 2298 1455 2326 nostro
1482 2292 1666 2337 alienum,
1692 2292 1912 2337 Euphorion
1938 2293 2046 2325 ctiam
2070 2305 2176 2339 prosa

1139 2350 1308 2383 oratione
1338 2350 1541 2391 nonnulla,
1570 2362 1650 2395 quae
1677 2350 1723 2384 ad
1750 2351 1940 2384 historiam
1972 2352 2177 2397 pertinent,

1137 2408 1356 2454 composuit.
1375 2409 1468 2443 Sunt
1487 2420 1577 2442 vero
1594 2408 1671 2442 haee
1695 2419 1703 2444 :

1190 2477 1218 2501 Ι.
1254 2464 1357 2515 Περὶ
1378 2466 1459 2500 τῶν
1484 2463 1731 2501 Ἀλευαδῶν
1763 2466 1826 2515 (fr.
1857 2466 1955 2514 1-'3).
1990 2467 2107 2512 Quem
2137 2468 2177 2501 li—

1136 2525 1244 2558 brum
1261 2531 1398 2559 temere
1415 2524 1545 2559 Suidas
1565 2525 1696 2558 tribuit
1710 2525 1864 2571 Ephoro
1877 2525 2018 2570 juniori
2039 2536 2047 2562 ;
2066 2522 2175 2575 Ἔφο-

1138 2596 1211 2631 ρος,
1242 2581 1428 2631 ἱστορικὸς,
1453 2580 1668 2631 ὁνεώτερος·
1702 2580 1829 2632 ἔγραψε
1858 2582 1892 2618 δὲ
1917 2580 1976 2622 τὰς
2007 2582 2178 2628 Γαλιηνοῖ]

1139 2638 1276 2689 πράξεις
1297 2640 1329 2676 ἐν
1350 2638 1493 2689 βιὸλίοις
1512 2638 1577 2682 κζ’,
1604 2638 1823 2689 Κορινθιακά.
1848 2639 1935 2691 Περὶ
1953 2642 2018 2677 τῶν
2040 2640 2162 2678 Ἀλευα

1137 2697 1202 2732 δῶν
1225 2695 1283 2734 καὶ
1309 2695 1412 2736 ἄλλα.
1447 2714 1459 2729 (ι
1486 2699 1622 2733 Mirum
1643 2711 1749 2743 sane,
1776 2699 1938 2736 Meinek.
1967 2700 2037 2743 ait,
2059 2699 2176 2735 videri

1137 2755 1270 2799 debet,
1299 2756 1404 2802 quod
1423 2757 1521 2790 tertii
1537 2757 1595 2790 vel
1617 2757 1737 2803 quarti
1757 2765 1842 2803 post
1857 2757 2041 2794 Christum
2057 2752 2175 2792 saeculi

1137 2814 1298 2860 scriptor
1326 2815 1364 2847 111
1392 2815 1454 2848 tali
1479 2823 1698 2861 argumento
1725 2822 1887 2849 versatus
1916 2827 1991 2849 esse
2024 2815 2175 2861 dicitur,

1137 2871 1241 2917 quod
1260 2871 1305 2906 ab
1330 2872 1428 2906 illius
1441 2873 1555 2906 aetatis
1572 2872 1721 2920 ingenio
1747 2874 1908 2908 maxime
1925 2874 2085 2908 alienum
2103 2886 2172 2920 pu-

1137 2929 1292 2964 tandum
1312 2936 1374 2964 est.
1394 2931 1523 2976 Itaque
1547 2930 1584 2964 in
1601 2942 1681 2964 eam
1708 2931 1823 2965 incidi
1850 2931 2094 2978 suspicionem
2108 2959 2116 2975 ‚
2137 2939 2178 2965 ut

1137 2988 1302 3032 Suidam,
1312 2995 1374 3023 aut
1387 3001 1452 3023 suo
1462 2990 1574 3036 ipsius
1585 2996 1647 3024 aut
1661 2990 1817 3025 aliorum
1829 3002 1956 3027 errore
1964 2989 2174 3035 deceptum,

1136 3047 1290 3093 Ephoro
1312 3047 1479 3082 tribuisse
1510 3060 1717 3093 censerem,
1740 3061 1826 3094 quae
1850 3049 1987 3083 rectius
2016 3048 2171 3094 Eupho-

1137 3105 1234 3138 rioni
1252 3105 1453 3143 tribuisset.
1471 3106 1611 3152 Ephori
1623 3118 1760 3140 nomen
1782 3118 1897 3152 quum
1919 3117 2171 3151 saepenumero

1139 3163 1174 3196 in
1199 3163 1417 3210 Euphorum
1443 3163 1687 3210 depravatum
1717 3165 1779 3206 sit,
1807 3164 1878 3198 hoc
1902 3164 2019 3210 ipsum
2051 3175 2172 3196 rursus

1107 3248 1109 3265 ,
1138 3233 1248 3266 quam
1270 3222 1428 3268 proclivi
1449 3234 1576 3256 errore
1606 3235 1688 3257 cum
1710 3222 1952 3268 Euphorione
1970 3223 2167 3266 permutari

1105 3273 1110 3307 l
1141 3279 1320 3328 potuerit,
1338 3279 1376 3314 in
1390 3287 1566 3328 promptu
1588 3286 1650 3316 est.
1673 3281 1746 3314 Nec
1764 3279 1943 3315 minorem
1966 3277 2167 3312 dubitatio—
