2338 3765
982 143 1304 182 FRAGMENTA.

72 231 385 276 συναποθνήσκουσι
420 229 509 266 κατὰ
539 233 653 265 πᾶσαν
680 228 844 277 ἀνάγκην,
868 227 925 263 εἴτ’
948 229 981 264 ἐν
1010 226 1097 277 νόσῳ

71 288 282 333 τελευτήσειε
305 286 483 338 βασιλεὺς,
514 284 581 322 εἴτε
609 285 767 335 πολέμῳ,
785 282 844 320 εἴτ’
865 283 977 324 ἄλλως
1006 299 1092 325 πως.

75 347 144 386 Καὶ
160 345 266 387 οὐδεὶς
283 345 386 382 εἰπεῖν
405 343 477 394 ἔχει
497 342 570 380 τινὰ
592 341 879 379 ἀποδειλιάσαντα
896 339 1022 378 τούτων
1040 340 1094 377 τὸν

72 405 231 452 θάνατον,
248 402 329 440 ὅταν
342 402 409 451 ἥκῃ
431 399 618 451 βασιλεῖ,ἢ
639 398 830 436 διεκδύντα.

553 517 616 551 90.

125 610 312 644 Plutarch.
332 610 432 643 Brut.
453 606 512 650 53,
528 620 547 641 2
565 620 572 641 z
589 604 659 641 Τὸν
677 604 712 641 δὲ
730 608 874 656 Βροῦτον
890 608 906 642 ὁ
924 603 1099 646 Ἀντώνιος

73 665 221 715 ἀνευρὼν
247 663 433 710 τεθνηκότα
461 663 499 700 τὸ
521 662 582 712 μὲν
615 665 716 711 σῶμα
745 666 786 713 τῇ
822 660 1098 710 πολυτελεστάτῃ

74 726 140 760 τῶν
171 726 290 760 ἑαυτοῦ
320 722 513 774 φοινικίδων
533 721 733 772 περιὸαλεῒν
755 721 941 767 ἐκέλευσεν,
962 719 1100 769 ὕστερον

76 781 111 818 δὲ
128 780 188 826 τὴν
206 781 374 832 φοινικίδα
391 780 627 828 κεκλεμμένην
646 779 843 829 αἰσθόμενος
858 778 1033 815 ἀπέκτεινε
1046 776 1101 813 τὸν

73 839 291 891 ὑφελόμενον.
310 837 366 876 Τὰ
383 838 417 874 δὲ
434 838 580 889 λείψανα
594 837 677 889 πρὸς
690 837 751 882 τὴν
773 836 905 886 μητέρα
921 839 978 873 τοῦ
997 833 1102 886 Βρού-

73 911 132 932 του
153 895 337 946 Σερὲιλίαν
361 894 557 946 ἀπέπεμψε.
637 894 786 945 Πορκίαν
816 894 849 930 δὲ
871 894 932 939 τὴν
954 891 1103 943 Βρούτου

76 954 222 1004 γυναῖκα
243 953 412 995 Νικόλαος
433 955 450 988 ὃ
478 952 656 1004 φιλόσοφος
685 955 812 1003 ἱστορεῖ
832 951 889 988 καὶ
917 949 1105 1001 Οὐαλέριος

74 1009 232 1060 Μάξιμος
247 1010 454 1061 βουλομένην
471 1012 665 1055 ἀποθανεῖν,
681 1011 725 1052 ὡς
736 1009 842 1049 οὐδεὶς
860 1008 1024 1059 ἐπέτρεπε
1038 1010 1104 1044 τῶν

74 1068 192 1119 φίλων,
217 1067 307 1105 ἀλλὰ
336 1068 554 1119 προσέκειντο
587 1068 644 1104 καὶ
670 1067 942 1118 παρεφύλαττον,
977 1068 1015 1103 ἐκ
1046 1069 1104 1102 τοῦ

74 1125 177 1176 πυρὸς
197 1126 448 1163 ἀνασπάσασαν
467 1125 635 1176 ἄνθρακας
655 1125 836 1162 καταπιεῖν
853 1124 911 1161 καὶ
930 1123 968 1161 τὸ
992 1122 1105 1172 στόμα

75 1183 329 1232 συγκλείσασαν
349 1182 407 1220 καὶ
428 1182 587 1231 μύσασαν
609 1181 697 1219 οὕτω
717 1183 959 1233 διαφθαρῆναι.
984 1182 1106 1218 Καίτοι

75 1240 212 1292 φέρεταί
233 1256 279 1282 τις
298 1240 461 1285 ἐπιστολὴ
483 1239 633 1291 Βρούτου
655 1238 737 1290 πρὸς
760 1237 836 1279 τοὺς
857 1237 971 1289 φίλους
999 1238 1105 1287 ἐγκα-

75 1301 210 1341 λοῦντος
226 1299 337 1342 αὐτοῖς
356 1297 413 1335 καὶ
432 1296 680 1350 ὀλοφυρομένου
698 1296 777 1348 περὶ
796 1299 855 1341 τῆς
874 1295 1039 1346 Πορκίας,
1059 1298 1105 1337 ὡς

77 1356 304 1405 ἀμεληθείσης
321 1356 377 1392 ὑπ’
399 1357 509 1392 αὐτῶν
527 1355 586 1392 καὶ
605 1353 835 1405 προελομένης
855 1353 911 1391 διὰ
930 1353 1024 1390 νόσον
1043 1368 1106 1389 κα-

75 1415 229 1450 ταλιπεῖν
242 1413 298 1452 τὸν
312 1413 394 1464 βίον.
406 1412 545 1451 ’Ἔοικεν
558 1406 613 1449 οὖν
626 1415 642 1449 ὁ
655 1412 823 1454 Νικόλαος
833 1410 1037 1462 ἠγνοηκέναι
1051 1410 1107 1447 τὸν

77 1471 214 1523 χρόνον,
235 1470 309 1508 ἐπεὶ
335 1470 373 1507 τό
395 1485 432 1520 γε
453 1471 557 1512 πάθος
580 1469 638 1507 καὶ
657 1468 712 1506 τὸν
734 1468 844 1520 ἔρωτα
874 1472 934 1514 τῆς
953 1467 1109 1518 γυναικὸς

78 1528 137 1565 καὶ
157 1527 212 1565 τὸν
234 1527 359 1580 τρόπον
379 1531 440 1574 τῆς
466 1529 627 1574 τελευτῆς
649 1529 839 1573 ὑπονοῆσαι
858 1527 974 1564 δίδωσι
994 1526 1053 1563 καὶ
1070 1525 1108 1562 τὸ

79 1587 282 1634 ἐπιστόλιον,
302 1586 395 1638 εἴπερ
414 1586 480 1638 ἄρα
496 1589 563 1623 τῶν
580 1586 729 1635 γνησίων
749 1586 852 1623 ἐστίν.

563 1703 626 1737 91.

132 1783 265 1818 Strabo
290 1782 382 1829 XV,
401 1795 440 1829 p.
465 1794 540 1828 719
566 1794 575 1815 z
605 1778 774 1830 Προσθείη
798 1782 827 1817 <5²
853 1781 892 1817 ἄν
914 1795 963 1823 τις
981 1779 1111 1824 τούτοις

80 1839 200 1876 καὶτὰ
219 1838 314 1890 παρὰ
336 1840 650 1887 τοῧΔαμασκηνοῧ
675 1839 860 1876 Νικολάου.
919 1838 1017 1884 Φησὶ
1045 1838 1110 1890 γὰρ

80 1891 174 1940 οὗτος
188 1899 220 1934 ἓν
241 1896 431 1948 Ἀντιοχείᾳ
451 1900 492 1947 τῇ
510 1896 567 1934 ἐπὶ
584 1896 704 1948 Δάφνῃ
725 1899 937 1947 παρατυχεῖν
954 1900 1022 1939 τοῖς
1044 1897 1111 1935 Ἰν-

82 1955 149 1991 δῶν
168 1954 369 2005 πρέσὸεσιν,
393 1954 591 2006 ἀφιγμένοις
611 1953 706 2005 παρὰ
730 1953 892 2005 Καίσαρα
915 1954 970 1991 τὸν
992 1955 1111 1993 Σεὸα-

81 2011 173 2050 στόν.
245 2011 316 2054 Οὒς
336 2013 373 2048 ἐκ
393 2011 454 2062 μὲν
474 2015 534 2057 τ’ἧς
552 2013 731 2056 ἐπιστολῆς
748 2011 883 2054 πλείους
903 2013 1110 2061 δηλοῦσθαι,

81 2072 233 2114 σωθῆναι
245 2069 279 2106 δὲ
297 2074 385 2121 τρεῖς
405 2069 542 2119 μόνους,
559 2068 613 2111 οὒς
633 2069 716 2105 ἰδεῖν
732 2083 833 2120 φησι,
846 2068 924 2111 τοὺς
940 2070 969 2105 δ’
990 2069 1112 2112 ἄλλους

82 2126 148 2163 ὑπὸ
173 2126 301 2175 μήκους
334 2130 399 2163 τῶν
431 2128 516 2164 ὁδῶν
541 2128 768 2178 διαφθαρῆναι
790 2126 826 2162 τὸ
849 2126 964 2163 πλέον.
1037 2126 1112 2172 Τὴν

82 2184 111 2220 δ’
131 2183 314 2229 ἐπιστολὴν
340 2184 526 2229 ἑλληνίζειν
548 2186 581 2221 ἓν
602 2183 741 2235 διφθέρᾳ
766 2183 1024 2235 γεγραμμένην,
1050 2186 1113 2230 δη-

80 2243 221 2288 λοῦσαν,
247 2239 298 2278 ὅτι
318 2244 440 2292 Πῶρος
468 2241 520 2287 εἴη
542 2241 698 2292 γράψας·
719 2241 903 2284 ἑξακοσίων
932 2242 966 2279 δὲ
996 2242 1112 2293 ἄρχων

84 2298 265 2350 βασιλέων,
286 2297 377 2348 ὅμως
396 2299 474 2350 περὶ
501 2301 629 2338 πολλοῦ
647 2304 778 2336 ποιοῖτο
803 2299 898 2349 φίλος
916 2293 1002 2336 εἶναι
1021 2299 1112 2338 Καί-

83 2371 162 2408 σαρι
175 2357 233 2394 καὶ
253 2356 385 2407 ἕτοιμος
405 2357 457 2403 εἴη
475 2357 584 2395 δίοδόν
601 2372 637 2394 τε
658 2357 820 2408 παρέχειν
841 2357 908 2408 ὅπῃ
932 2357 1112 2408 βούλεται,

83 2413 142 2450 καὶ
152 2413 386 2465 συμπράττειν
403 2413 467 2452 ὅσα
484 2416 598 2457 καλῶς
612 2414 694 2466 ἔχει.
712 2419 834 2454 Ταῦτα
852 2414 912 2465 μὲν
928 2415 990 2467 ἔφη
1002 2415 1113 2463 λέγειν

83 2470 144 2517 τὴν
173 2471 369 2519 ἐπιστολὴν,
399 2471 443 2509 τὰ
467 2473 502 2509 δὲ
532 2472 736 2522 κομισθέντα
766 2474 859 2525 δῶρα
888 2472 1114 2524 προσενέγκαι

84 2528 173 2566 ὀκτὼ
187 2529 319 2572 οἰκέτας
333 2529 478 2580 γυμνοὺς
496 2530 528 2566 ἓν
543 2529 770 2580 περιζώμασι,
785 2529 1115 2579 καταπεπασμένους

85 2586 263 2637 ἀρώμασιν
277 2603 284 2610 ·
306 2581 391 2624 εἶναι
419 2588 453 2624 δὲ
475 2586 518 2624 τὰ
542 2588 633 2639 δῶρα
661 2587 718 2624 τόν
737 2603 772 2625 τε
795 2587 929 2639 Ἑρμᾶν
960 2588 1028 2625 ἀπὸ
1047 2590 1114 2624 τῶν

84 2643 188 2693 ὤμων
213 2644 431 2696 ἀφῃρημένον
458 2647 497 2683 ἐκ
519 2645 642 2691 νηπίου
663 2644 738 2687 τοὺς
767 2645 968 2696 βραχίονας,
999 2644 1035 2681 ὃν
1056 2645 1114 2682 καὶ

86 2703 185 2750 ἡμεῖς
213 2703 360 2752 εἴδομεν,
390 2703 448 2741 καὶ
468 2703 603 2754 ἐχίδνας
629 2703 800 2754 μεγάλας,
820 2703 877 2740 καὶ
897 2702 971 2754 ὄφιν
991 2705 1112 2753 πηχῶν

87 2759 189 2807 δέκα,
209 2760 268 2797 καὶ
297 2760 452 2812 χελώνην
477 2760 650 2809 ποταμίαν
684 2760 869 2811 τρίπηχυν,
900 2759 1043 2811 πέρδικα
1078 2758 1113 2797 δὲ

87 2817 191 2866 μείζω
209 2817 330 2869 γυπός.
353 2820 465 2864 Συνῆν
486 2818 520 2855 δὲ
534 2848 544 2868 ,
567 2817 612 2861 ὥς
631 2833 734 2870 φασι,
753 2818 811 2854 καὶ
830 2820 847 2854 ὃ
868 2817 1027 2863 Ἀθήνησι
1044 2833 1110 2854 κα-

2109 154 2183 187 419

1161 229 1221 258 inr.
1242 230 1389 259 Celerum
1404 239 1503 268 quum
1521 240 1574 261 rex
1589 231 1653 261 sive
1667 231 1777 261 morbo
1791 232 1854 261 sive
1873 231 1902 262 in
1918 232 2024 271 praelio
2046 232 2110 263 sive
2125 233 2184 264 alia

1159 294 1222 324 qua
1237 295 1331 317 canusa
1355 288 1488 325 interiit,
1508 288 1601 319 simul
1615 289 1687 328 ipsis
1707 290 1859 321 moriendi
1878 290 2042 322 necessitas
2061 291 2182 322 incum-

1162 343 1203 373 bit
1214 353 1222 381 ;
1234 352 1334 382 neque
1344 344 1447 375 adhuc
1460 346 1622 377 hominum
1634 347 1785 378 momoria
1799 349 1940 387 repertus
1950 349 1996 379 est
2006 349 2183 388 quisquam,

1161 401 1213 439 qui
1229 403 1353 431 mortuo
1368 411 1437 439 rege
1453 404 1531 433 mori
1547 405 1745 436 recusaverit.

1648 517 1703 547 90.

1204 612 1290 642 Bruti
1304 612 1436 643 cadaver
1456 612 1619 645 inventum
1643 618 1796 647 Antonius
1818 619 2037 657 pretiosissima
2059 628 2187 650 suarum

1162 691 1366 730 puniccarnm
1384 692 1562 723 tunicarum
1579 693 1695 724 involvi
1709 694 1818 734 jussit,
1832 698 1863 727 et
1877 696 1977 727 furem
1990 721 1998 735 ,
2013 706 2030 727 a
2044 706 2106 736 qno
2119 706 2186 727 eam

1163 770 1356 802 subtractam
1373 772 1486 811 sensit,
1505 772 1670 804 interfecit.
1698 775 1852 814 Reliquias
1871 779 1976 807 autem
2000 777 2039 807 ad
2056 780 2187 809 matrem

1167 851 1253 882 Bruti
1285 851 1447 883 Serviliam
1485 851 1579 883 misit.
1625 854 1766 884 Porciam
1799 864 1891 894 vero,
1921 858 2007 887 Bruti
2041 867 2189 897 uxorem,

1165 926 1310 958 Nicolaus
1321 927 1522 968 philosophus
1531 929 1562 959 et
1573 929 1715 960 Valerius
1725 931 1881 962 Maximus
1894 935 2080 972 memorant,
2093 943 2191 973 quum

1165 1002 1275 1034 mortis
1288 1003 1403 1042 cupida
1412 1003 1452 1034 ab
1464 1003 1573 1035 amicis
1583 1004 1812 1044 prohiberetur,
1826 1007 1878 1045 qui
1894 1007 1919 1037 ei
1933 1008 2134 1040 adhcerebant
2148 1018 2192 1040 as-

1165 1078 1245 1109 sidui
1262 1088 1393 1119 eamque
1409 1079 1636 1119 observabant,
1659 1080 1811 1112 carbones
1835 1089 1874 1111 ex
1897 1083 1965 1121 igne
1983 1085 2123 1123 arreptos
2139 1086 2193 1116 de-

1166 1155 1304 1194 glutiisse
1316 1179 1324 1193 ‚
1341 1164 1458 1195 oreque
1471 1156 1577 1187 clauso
1594 1156 1636 1186 ita
1653 1156 1839 1187 suffocatam
1854 1158 1990 1196 periisse.
2007 1161 2087 1190 Sanc
2107 1161 2193 1191 ssruti

1167 1230 1204 1261 ad
1222 1230 1340 1261 amicos
1352 1231 1481 1270 epistola
1497 1231 1729 1270 circumfertur,
1745 1240 1808 1271 qua
1824 1240 1876 1263 eos
1889 1232 2011 1264 incusat
2027 1242 2196 1274 casumque

1169 1306 1286 1337 Porciae
1305 1306 1465 1346 deplorat,
1485 1316 1558 1346 quae
1582 1307 1621 1338 ab
1644 1307 1717 1347 ipsis
1735 1308 1876 1347 neglecta
1902 1310 2029 1348 proptor
2051 1310 2195 1341 morbum

1168 1383 1304 1414 mortem
1317 1382 1375 1413 sibi
1394 1383 1585 1413 consciscere
1604 1382 1761 1422 delegerit.
1784 1384 1914 1415 Videtur
1934 1384 2027 1424 igitur
2052 1385 2199 1416 Nicolans

1168 1441 1324 1480 ignorasse
1343 1441 1454 1472 mortis
1477 1442 1619 1480 tempus,
1637 1441 1763 1481 quando
1786 1450 1823 1472 ea
1847 1442 1996 1481 epistola,
2020 1443 2045 1473 si
2071 1443 2197 1482 quidem

1169 1518 1216 1549 est
1229 1517 1381 1556 genuina,
1395 1517 1542 1548 morbum
1558 1526 1764 1557 amoremque
1780 1518 1887 1548 uxoris
1902 1520 1933 1548 et
1947 1519 2055 1549 mortis
2069 1519 2198 1550 modum

1170 1593 1330 1629 significat.

1655 1699 1712 1728 91.

1215 1790 1270 1822 ffls
1290 1790 1383 1830 adjici
1408 1791 1538 1831 possunt
1553 1798 1625 1830 quae
1641 1799 1658 1822 a
1674 1791 1802 1823 Nicolao
1829 1793 2019 1823 Damasceno
2037 1782 2198 1825 dicuntur.

1172 1861 1284 1891 Narrat
1297 1859 1364 1898 hic,
1379 1868 1411 1891 se
1431 1860 1605 1892 Antiochiae
1618 1860 1655 1892 ad
1679 1861 1832 1901 Daphnen
1854 1861 2005 1893 Indorum
2021 1861 2134 1893 vidisse
2155 1863 2201 1893 le-

1173 1927 1277 1966 gatos,
1305 1927 1360 1966 qui
1384 1926 1423 1957 ad
1446 1928 1602 1959 Caesarem
1630 1928 1806 1966 Augustum
1825 1929 1985 1958 venerant.
2013 1929 2049 1958 In
2074 1927 2202 1966 epistola

1173 1991 1300 2030 quidem
1314 1991 1530 2030 pluresfuisse
1553 1992 1760 2029 memoratos,
1783 1990 1837 2022 sed
1859 1992 1922 2022 tres
1946 1992 2071 2021 tantum
2094 2000 2201 2030 super-

1174 2052 1285 2091 fuisse,
1302 2061 1380 2091 quos
1393 2052 1432 2083 ab
1445 2061 1477 2083 se
1489 2053 1571 2083 visos
1584 2052 1644 2090 ait,
1662 2052 1773 2083 ceteris
1786 2052 1980 2092 longitudine
1997 2052 2117 2083 itineris
2138 2062 2201 2083 ma-

1173 2130 1233 2161 gna
1245 2130 1285 2152 ex
1300 2123 1388 2161 parte
1401 2121 1584 2160 absumptis.
1602 2121 1773 2161 Epistolam
1787 2130 1879 2161 porro
1897 2123 2039 2153 Graecam
2055 2122 2149 2154 fuisse
2163 2123 2193 2153 in

1175 2189 1358 2220 membrana
1382 2188 1547 2228 scriptam,
1577 2188 1608 2219 in
1637 2197 1700 2228 qna
1727 2188 1967 2228 significaretur,
1995 2191 2112 2220 Porum
2137 2199 2203 2221 esse

1174 2257 1230 2297 qui
1244 2256 1393 2288 scriberet
1408 2268 1415 2286 ε
1433 2255 1579 2295 quamvis
1591 2256 1746 2287 sexcentis
1763 2255 1885 2294 regibus
1901 2256 2086 2294 imperaret,
2102 2257 2202 2286 Caesa-

1175 2322 1217 2353 ris
1232 2323 1339 2353 tamen
1356 2321 1525 2353 amicitiam
1541 2321 1643 2360 magni
1666 2320 1819 2360 pendere,
1836 2322 1867 2352 et
1883 2322 2029 2360 paratum
2045 2329 2111 2352 esse
2135 2320 2202 2351 acli-

1175 2386 1244 2416 tum
1264 2384 1291 2415 ei
1303 2408 1311 2423 ,
1329 2391 1530 2422 quarumque
1544 2382 1636 2420 velit,
1653 2382 1824 2413 concedere
1835 2405 1844 2420 ‚
1857 2391 2012 2421 opemque
2024 2406 2031 2420 ‚
2049 2382 2142 2413 modo
2153 2382 2204 2420 jus

1177 2447 1287 2486 fasque
1300 2446 1356 2484 sit,
1371 2446 1460 2477 ferre.
1483 2444 1604 2476 Haecin
1618 2444 1748 2483 epistola
1768 2443 1845 2474 dicit
1860 2444 2007 2474 contenta
2026 2444 2127 2474 fuisse.
2150 2444 2202 2475 Al-

1176 2511 1239 2542 lata
1255 2512 1407 2550 praeterea
1427 2518 1494 2541 esse
1506 2509 1588 2540 dona
1610 2509 1650 2540 ab
1672 2509 1744 2539 octo
1771 2508 1869 2539 servis
1892 2507 1985 2538 nudis
2012 2508 2205 2546 subligaculo

1176 2573 1286 2604 cinctis
1298 2574 1329 2604 et
1341 2572 1428 2603 omni
1442 2574 1620 2602 aromatum
1639 2578 1751 2609 genere
1771 2569 1929 2600 delibutis.
1954 2571 1997 2599 Ea
2018 2569 2110 2599 fuisse
2125 2571 2204 2599 Her-

1176 2644 1250 2666 man
1264 2633 1556 2666 brachiistruncum
1570 2641 1589 2663 a
1606 2640 1721 2672 puero,
1735 2639 1830 2671 quem
1843 2632 1874 2662 et
1890 2640 1948 2661 nos
1966 2630 2120 2669 vidimus,
2138 2632 2205 2661 tum

1176 2697 1298 2736 viperas
1319 2696 1458 2735 ingentes
1471 2696 1503 2726 et
1515 2702 1648 2733 anguem
1665 2693 1807 2724 cubitum
1833 2692 1942 2723 decem
1959 2693 1990 2723 et
2015 2692 2205 2723 testudinem

1178 2759 1362 2790 fluviatilem
1379 2758 1475 2788 trium
1492 2757 1636 2787 cubitum
1661 2757 1692 2787 et
1708 2755 1864 2795 perdicem
1887 2755 2015 2785 vulture
2043 2754 2204 2793 majorem.

1177 2822 1294 2854 Aderat
1312 2820 1426 2858 etiam,
1444 2821 1478 2851 ut
1491 2819 1597 2857 aiunt,
1613 2818 1656 2857 is,
1671 2817 1725 2857 qui
1744 2818 1843 2849 semet
1863 2818 1927 2857 ipse
1943 2817 2072 2848 Athenis
2085 2825 2205 2848 crema-

86 2921 184 2960 qu'us
197 2930 231 2953 se
243 2924 402 2954 amiciciae
416 2922 617 2961 devovisset,
633 2924 774 2954 mortem
789 2922 1002 2962 recusaret),
1021 2930 1099 2953 cum
1111 2924 1155 2955 iis
1168 2921 1458 2957 Adcantuannus‚
1475 2917 1815 2957 eruptionem-facere
1826 2918 1971 2947 conatus
1981 2939 1989 2954 ,
2004 2916 2150 2948 clamore
2163 2915 2205 2946 ab

88 2974 129 2997 ea
149 2969 250 3006 parte
265 2970 464 2999 munitionis
479 2968 632 3006 sublato,
648 2976 754 3008 quum
767 2967 815 3000 ad
830 2975 930 2998 arma
944 2968 1067 3000 milites
1084 2967 1351 3005 concurrissent,
1364 2965 1643 3004 vehementerque
1656 2964 1702 2996 ibt
1717 2964 1909 3002 pecqnatum
1931 2965 2032 3000 esset,
2049 2962 2205 3001 repulsus

89 3014 124 3044 in
140 3013 301 3053 oppidum
311 3039 319 3053 ,
335 3016 446 3047 tamen
460 3017 514 3047 uti
528 3014 646 3046 eadem
661 3014 846 3047 deditionis
858 3014 1050 3047 conditione
1063 3016 1232 3051 uteretur,
1248 3021 1269 3043 a
1287 3014 1407 3044 Crasso
1425 3012 1634 3050 impetravit.
1652 3023 1666 3036 υ
1682 3011 1758 3041 Haec
1769 3010 1875 3040 Caesar
1889 3011 1929 3041 ΙΙΙ
1940 3033 1948 3047 ,
1964 3013 2014 3040 22.
2029 3010 2051 3038 E
2064 3009 2186 3039 Caesare
2196 3031 2204 3045 ‚

94 3061 128 3089 ut
150 3059 284 3098 videtur,
301 3062 327 3091 N
331 3060 458 3092 icolaus.

134 3107 184 3135 91.
211 3105 260 3136 cf.
279 3105 338 3136 Dio
355 3107 440 3137 Cass.
460 3108 548 3143 LIV,
571 3109 601 3137 9.
630 3105 736 3136 Fidem
758 3105 945 3136 narrationis
962 3105 994 3136 in
1013 3105 1145 3136 dubium
1161 3106 1270 3143 vocat,
1288 3104 1392 3135 nescio
1408 3112 1471 3143 quo
1484 3102 1572 3142 jure,
1592 3102 1721 3133 Bohlen.
1744 3106 1810 3134 Dos
1828 3103 1897 3134 alte
1926 3103 1944 3132 I
1949 3101 2052 3132 nclien
2074 3101 2151 3130 tom.
2175 3102 2204 3136 1,

40 3184 50 3195 ο
94 3158 124 3188 p.
148 3153 199 3190 70,
218 3154 284 3183 not.
307 3156 378 3183 222.
397 3169 436 3174 ——
454 3153 525 3183 ἀπὸ
548 3152 766 3192 Βαργὸσης]
786 3165 799 3178 α
818 3153 939 3183 Nomen
956 3152 1099 3191 Βαργόση
1118 3152 1233 3183 frustra
1251 3150 1381 3191 quaesivi
1404 3149 1487 3189 apud
1504 3150 1633 3180 veteres.
1653 3148 1785 3180 Videtur
1802 3147 2000 3186 intelligenda
2020 3146 2093 3176 urbs
2109 3147 2203 3183 Bary-

94 3204 188 3235 gaza,
202 3197 429 3229 nobilissimum
446 3199 596 3228 Indorum
612 3199 806 3237 emporium,
825 3197 916 3229 hodie
936 3198 1162 3230 Raroantsch.
1186 3197 1266 3229 Vide
1279 3197 1433 3228 Mannert.
1453 3196 1660 3248 Geoqrstom.
1680 3196 1725 3234 V,
1741 3204 1771 3234 p.
1792 3198 1858 3226 181,
1881 3208 1894 3220 »
1909 3195 2042 3224 onam.
2062 3192 2109 3222 Cf.
2127 3193 2202 3222 For-

96 3243 192 3281 biger.
214 3245 328 3284 Geoqr.
354 3246 379 3276 ΙΙ
392 3268 400 3283 ,
415 3254 445 3285 p.
462 3249 530 3275 506.

2023 3296 2063 3319 27.
