2338 3765
968 168 1304 211 FRAGMENTA.

72 253 178 289 παῖδα
205 254 318 303 Κῦρον
352 251 395 300 (4)
427 251 640 303 φοιτήσασαν
672 252 717 293 εἰς
738 250 836 296 εὐνήν
851 265 858 273 ·
891 249 974 303 ὅπερ
1006 252 1105 295 αὐτὸς

71 310 209 361 ἤλεγξεν
229 311 262 346 ἐν
282 315 356 352 ταῖς
376 309 552 355 διαθήκαις
577 311 698 362 ψεῦδος
717 309 769 347 ὄν.
844 311 890 347 Οἱ
910 309 937 346 δ’
958 311 991 346 ἐν
1014 310 1104 362 Ἰλίῳ

71 372 167 406 τοῦτο
186 368 317 420 ἔφασαν
338 367 438 404 αὐτὸν
458 368 594 417 μέλλειν
611 367 858 417 καθίστασθαι,
880 367 935 405 διὰ
952 367 1013 413 τὴν
1036 385 1104 405 ποι-

70 426 170 463 λαιὰν
188 426 270 477 πρὸς
286 427 324 463 τὸ
338 426 558 477 Δαρδανιδῶν
575 426 669 476 γένος
684 426 896 476 συγγένειαν.
917 426 1103 476 Γενόμενον

69 482 105 520 δέ
122 499 155 519 τι
174 483 233 520 καὶ
252 482 351 520 τόσον
372 482 549 531 παρώξυνε
572 484 616 520 τὰ
645 483 797 532 μάλιστα
827 481 904 526 τοὺς
927 485 980 520 ἐπ’
1001 484 1103 521 αὐτὸν

68 543 293 583 συνεστῶτας.
320 535 389 578 7Hv
409 542 503 592 αὐτῷ
522 545 671 592 χρυσοῦς
697 540 851 592 ἀνδριὰς,
871 540 988 593 ὥσπερ
1018 542 1101 594 ἐψή,

66 612 187 650 φιστο,
209 598 265 635 ἐπὶ
284 600 350 635 τῶν
379 598 536 648 ἐμὸόλων
574 598 627 648 (5).
659 598 791 637 Τούτου
821 599 974 650 διάδημα
1005 600 1101 653 ὤφθη

65 655 141 706 περὶ
158 658 200 706 τῇ
219 657 351 706 κεφαλῇ
370 655 525 706 κείμενον
542 672 549 679 ·
565 656 724 698 ὑπόπτως
739 656 773 693 δὲ
791 656 881 694 πάνυ
900 657 983 709 πρὸς
999 657 1101 695 αὐτὸν

65 716 181 766 ἔχουσι
212 714 401 763 Ῥωμαῖοι,
435 714 588 757 δουλείας
611 714 759 763 οἰόμενοι
788 708 873 751 εἶναι
908 715 1102 765 σύμῧολον·

63 773 259 815 ἐπελθόντες
280 772 314 810 δὲ
343 775 410 810 τῶν
431 772 622 823 δημάρχων
645 772 787 814 Λεύκιος
818 772 877 810 καὶ
898 775 1001 816 Γάϊος
1029 774 1104 811 ἐκέ-

63 832 185 868 λευσάν
213 845 279 868 τινι
302 833 369 867 τῶν
390 832 568 881 ὑπηρετῶν
590 830 759 867 ἀναὸάντι
779 832 934 868 καθελεῖν
958 831 997 881 (6)
1021 832 1103 869 αὐτὸ

63 888 120 926 καὶ
137 889 245 940 ῥῖψαι.
262 890 374 927 Τοῦτο
388 888 569 939 γενόμενον
591 891 729 940 Καῖσαρ
743 891 788 931 ὡς
803 889 938 940 ᾔσθετο,
954 889 1102 932 καλέσας

61 946 123 992 τὴν
151 947 342 997 σύγκλητον
362 949 408 990 εἷς
426 946 465 983 τὸ
493 949 553 992 τ’ἧς
572 946 759 995 (Ομονοίας
776 948 864 1000 ἱερὸν
885 947 1102 998 κατηγόρησε

62 1005 128 1040 τῶν
154 1003 360 1055 δημάρχων,
381 1004 522 1056 φάσκων
550 1003 670 1046 αὐτοὺς
691 998 777 1041 εἶναι
804 1004 880 1048 τοὺς
905 1005 1103 1056 περιθέντας

60 1061 171 1114 κρύφα
189 1061 228 1099 τὸ
245 1062 414 1112 διάδημα,
435 1061 526 1105 ὅπως
544 1061 584 1099 ἂν
602 1065 636 1100 ἐν
655 1064 790 1114 φανερῷ
808 1063 910 1101 αὐτὸν
925 1063 1101 1116 ὑδρίσειαν

59 1120 117 1157 καὶ
137 1122 265 1158 δοκοῖεν
286 1121 594 1173 ἀνδραγαθίζεσθαι
614 1121 669 1159 ἐπὶ
692 1124 734 1172 τῇ
755 1122 882 1160 ἐκείνου
898 1122 1019 1173 ἀτιμίᾳ
1033 1152 1042 1168 ,
1059 1125 1102 1166 ὡς

59 1177 171 1216 οὐκέτι
192 1180 233 1229 (7)
258 1180 383 1229 βουλῆς
403 1177 474 1215 οὔτ’
495 1180 598 1216 αὐτοῦ
628 1180 933 1232 ἐπιστρεφόμενοι·
951 1180 1102 1230 μείζονάς

60 1252 95 1274 τε
119 1236 258 1287 γνώμης
275 1237 334 1274 καὶ
354 1236 538 1282 ἐπιδουλῆς
559 1231 645 1274 εἶναι
677 1238 790 1281 αὐτοῖς
816 1238 853 1275 τὸ
885 1238 1040 1290 δρασθὲν,
1071 1238 1102 1276 εἴ

59 1310 131 1338 πως
151 1294 305 1333 δύναιντο
333 1297 379 1338 εἷς
400 1294 439 1332 τὸ
466 1296 594 1341 πλῆθος
615 1295 716 1333 αὐτὸν
738 1296 958 1340 διαῧαλόντες
984 1299 1028 1339 ὡς
1058 1296 1098 1334 ἂν

59 1353 256 1396 δυναστείας
274 1354 476 1405 παρανόμου
497 1355 626 1404 ἐρῶντα
649 1355 688 1403 (8)
717 1354 776 1392 καὶ
801 1355 898 1392 αὐτοὶ
927 1355 1099 1407 ἐξάρχον-

58 1427 111 1455 τες
129 1412 389 1464 νεωτεροποιίας
410 1413 624 1450 ἀποκτεῒναι.
651 1415 774 1450 Ταῦτα
793 1412 898 1450 εἰπὼν
910 1443 918 1459 ‚
935 1412 1098 1457 συνδόξαν

57 1471 100 1520 τῇ
121 1469 326 1522 συγκλήτῳ,
346 1470 474 1516 ἤλασεν
497 1471 536 1520 (9)
559 1470 680 1513 αὐτοὺς
700 1471 866 1521 φυγάδας.
888 1470 958 1509 Καὶ
976 1473 1006 1508 οἱ
1036 1472 1097 1520 μὲν

57 1527 189 1579 ᾤχοντο
205 1527 401 1579 φεύγοντες,
420 1527 528 1579 ἕτεροι
548 1529 577 1564 δ’
596 1531 668 1565 ἀντ’
698 1531 809 1565 αὐτῶν
830 1529 1005 1580 δήμαρχοι
1024 1529 1100 1579 ἐγέ-

57 1600 163 1622 νοντο·
182 1589 199 1623 ὁ
216 1585 251 1622 δὲ
271 1587 378 1634 δῆμος
395 1585 478 1623 ἐῧόα
498 1586 642 1637 βασιλέα
659 1601 695 1623 τε
715 1585 818 1623 αὐτὸν
835 1580 920 1622 εἶναι
937 1586 997 1623 καὶ
1014 1588 1097 1623 ἀνα-

58 1645 187 1681 δεῖσθαι
208 1643 314 1693 μηδὲν
343 1644 393 1680 ἔτι
416 1644 606 1692 μέλλοντα,
629 1644 705 1681 ἐπεὶ
736 1643 794 1680 καὶ
826 1647 847 1689 ἡ
873 1643 973 1695 Τύχη
997 1644 1097 1681 αὐτὸν

55 1701 217 1748 ἀνέδησεν
239 1703 308 1752 (10).
330 1702 371 1740 ‘O
392 1702 426 1739 δὲ
444 1708 513 1739 πᾶν
531 1702 570 1738 ἂν
593 1702 655 1753 ἔφη
675 1701 907 1752 χαρισάμενος
925 1705 973 1754 τῷ
1000 1702 1099 1754 δήμῳ

56 1759 112 1796 διὰ
123 1759 184 1805 τὴν
197 1759 280 1810 πρὸς
294 1760 396 1796 αὐτὸν
412 1759 542 1797 εὔνοιαν
556 1763 654 1797 τοῦτο
673 1760 733 1810 [δ’]
755 1759 877 1797 οὔποτε
893 1759 1025 1806 δώσειν,
1040 1760 1098 1797 καὶ

56 1815 265 1866 συγγνώμην
283 1819 398 1867 ᾐτεῖτο
414 1819 442 1854 εἰ
464 1817 632 1867 ἀντιλέγει
653 1817 770 1861 σώζων
795 1817 839 1854 τὰ
855 1817 996 1868 πάτρια·
1017 1818 1097 1868 βού-

54 1877 172 1912 λεσθαι
192 1874 257 1925 γὰρ
282 1876 344 1921 τὴν
365 1874 493 1913 ὕπατον
513 1874 623 1927 ἀρχὴν
646 1876 737 1926 ἔχειν
767 1875 923 1926 νομίμως
949 1875 970 1921 ἢ
995 1879 1095 1927 βασι·

56 1932 150 1970 λείαν
168 1933 391 1984 παρανόμως.

106 1995 215 2031 XXI.
246 1994 401 2030 Τοιαῦτα
435 1991 473 2042 (ι)
504 1992 564 2041 μὲν
595 1992 635 2037 δὴ
666 1991 744 2029 τότε
764 1991 920 2042 ἐλέγετο·
943 1991 1031 2041 μετὰ
1062 1992 1096 2029 δὲ

53 2053 163 2087 ταῦτα
185 2049 284 2101 ἑορτὴ
305 2051 339 2086 ἐν
359 2053 401 2101 τῇ
424 2049 548 2101 Ῥώμῃ
575 2050 707 2100 ἐγένετο
724 2053 914 2101 χειμῶνος,
937 2053 1097 2101 Λουπερ-

55 2108 160 2146 κάλια
178 2110 217 2157 (2)
233 2110 408 2155 καλεῖται,
421 2110 453 2145 ἐν
469 2104 491 2159 ἧ
507 2109 644 2159 γηραιοί
656 2124 691 2145 τε
704 2111 789 2157 ὁμοῦ
805 2108 1023 2158 πομπεύουσι
1037 2109 1096 2146 καὶ

55 2166 137 2213 νέοι,
155 2167 298 2216 γυμνοὶ,
317 2166 546 2216 ἀληλιμμένοι
569 2166 608 2217 (3)
626 2182 662 2204 τε
679 2167 738 2204 καὶ
756 2165 974 2211 διεζωσμένοι
986 2196 996 2215 ‚
1018 2166 1096 2209 τούς

55 2240 91 2262 τε
117 2227 339 2268 ὑπαντῶντας
370 2228 710 2276 κατακερτομοῦντες
739 2224 799 2261 καὶ
827 2224 1010 2265 τύπτοντες
1039 2226 1095 2261 αἷ-

54 2281 160 2331 γείαις
180 2283 223 2332 (4)
254 2283 380 2333 δοραῖς.
411 2302 419 2313 ·
440 2283 530 2321 Τότε
552 2282 586 2319 δὲ
616 2282 800 2328 ἐνστάσης,
821 2281 960 2330 ἡγεμὼν
985 2281 1091 2331 ᾑρέθη

55 2340 196 2392 Μάρκος
213 2341 388 2383 Ἀντώνιος
402 2356 409 2364 ·
431 2341 490 2378 καὶ
515 2340 636 2391 προῄει
657 2340 712 2377 διὰ
733 2343 793 2386 τῆς
819 2343 957 2390 ἀγορᾶς,
976 2338 1094 2390 ὥσπερ

55 2398 126 2441 ἔθος
138 2392 196 2447 ἦν,
213 2398 393 2436 συνείπετο
408 2399 442 2436 δὲ
459 2401 552 2448 αὐτῷ
569 2399 628 2436 καὶ
649 2399 750 2441 ἄλλος
767 2398 879 2449 ὄχλος.
897 2397 1094 2449 Καθημένῳ

55 2455 90 2493 δὲ
123 2456 276 2507 Καίσαρι
298 2457 354 2494 ἐπὶ
382 2460 450 2494 τῶν
472 2457 629 2506 ἐμὸόλων
659 2456 853 2507 λεγομένων
877 2455 934 2492 ἐπὶ
963 2459 1093 2506 χρυσοῦ

53 2514 190 2566 θρόνου,
205 2516 263 2551 καὶ
279 2514 413 2564 ἱμάτιον
433 2515 595 2565 ἁλουργὲς
610 2513 859 2565 ἀμπεχομένῳ,
874 2515 1010 2565 πρῶτον
1028 2515 1091 2549 Λι-

53 2573 154 2616 κίνιος
176 2573 332 2624 δάφνινον
353 2572 441 2623 ἔχων
463 2572 640 2625 στέφανον,
656 2572 747 2615 ἐντὸς
765 2572 798 2609 δὲ
815 2571 969 2619 διάδημα
989 2585 1091 2621 περι-

55 2630 256 2682 φαινόμενον
291 2631 352 2681 (5),
384 2630 615 2682 προσέρχεται
636 2626 698 2679 (ἦν
719 2630 784 2682 γὰρ
809 2629 937 2681 ὑψηλὸς
956 2631 973 2666 ὃ
991 2627 1092 2671 τόπος

54 2689 104 2741 ἐφ’
123 2683 161 2726 οὗ
180 2691 319 2741 Καῖσαρ
336 2689 552 2741 ἐδημηγόρει,
571 2689 778 2740 βασταχθεὶς
799 2688 862 2725 ὑπὸ
877 2690 944 2725 τῶν
960 2702 1087 2738 συναρ-

2126 182 2193 213 «111

1166 263 1271 300 regina
1293 263 1411 302 Cyrum
1432 264 1532 295 tilium
1557 265 1671 296 Czrsari
1697 264 1876 305 peperisset.
1906 266 1996 303 Quod
2024 267 2087 306 ipse
2105 268 2201 298 testa-

1166 326 1273 356 mento
1285 335 1342 356 suo
1356 327 1520 366 tamqnam
1545 328 1746 359 mendacium
1770 329 1939 369 redarguit.
1958 330 2017 360 Alii
2034 330 2064 360 iu
2081 330 2136 361 llio
2153 340 2202 362 se-

1164 388 1236 419 dem
1250 389 1334 428 regni
1349 390 1592 422 constituturum
1605 392 1747 423 serebant
1760 393 1888 432 propter
1902 392 2117 432 cognationem
2131 392 2202 423 inde

1164 451 1204 482 ab
1220 452 1351 492 antiquo
1368 462 1441 484 cum
1466 454 1654 486 Dardanidis
1678 455 1736 485 sibi
1762 455 2019 487 intercedentem.
2046 458 2200 488 Praeterea

1165 513 1262 544 hocce
1276 513 1472 545 adversarios
1483 516 1690 555 exasperabat
1701 518 1945 556 quammaxime.
1963 519 2037 549 Erat
2056 518 2083 549 ei
2097 520 2200 549 statua

1164 584 1261 606 aurea
1274 584 1313 606 ex
1330 576 1438 615 populi
1452 576 1580 608 decreto
1594 578 1624 608 iu
1642 579 1750 610 rostris
1769 579 1923 611 dedicata.
1944 581 2023 612 lluic
2040 582 2199 620 quomlam

1164 640 1309 672 diadema
1323 640 1504 680 impositum
1515 644 1747 680 conspexerunt
1759 654 1767 680 ;
1784 643 1877 683 idque
1892 645 2023 675 Romani
2039 645 2200 676 veliemen-

1163 705 1211 735 ter
1225 704 1449 743 suspectabant
1462 728 1471 743 ,
1491 704 1651 735 servitutis
1664 714 1730 736 esse
1753 707 1876 746 siguum
1897 710 2069 740 censentes.
2092 711 2130 740 Et
2148 709 2200 740 ad-

1164 767 1325 798 venientes
1342 767 1462 798 tribuni
1476 767 1592 797 Lucius
1608 770 1770 799 Cceseltus
1789 770 1932 801 Flavius
1950 772 1981 801 et
1999 772 2095 802 Caius
2118 774 2200 811 Epi-

1165 830 1240 860 dius
1257 830 1451 865 Marullus,
1468 839 1566 860 uuum
1583 839 1623 860 ex
1641 830 1914 870 ministrisjubeut
1931 833 2123 864 adscendere
2143 834 2200 865 de-

1164 889 1366 928 tractumque
1390 888 1533 919 diadema
1559 888 1723 927 projicere.
1757 890 1851 926 Quod
1874 900 1973 929 quum
1999 893 2202 931 comperisset

1164 949 1282 986 Caesar,
1299 948 1474 978 convocato
1490 947 1521 977 iu
1536 946 1724 978 Concordiae
1737 948 1891 986 templum
1907 953 2015 979 senat-u
2031 974 2038 988 ,
2057 951 2202 981 tii-ibunos

1164 1006 1345 1045 accusavit,
1369 1006 1408 1037 ab
1424 1006 1498 1045 ipsis
1520 1005 1628 1036 diceus
1652 1005 1797 1035 diadema
1820 1006 2000 1045 impositum
2028 1018 2110 1048 csse,
2139 1018 2201 1048 quo

1165 1065 1269 1104 palam
1285 1073 1318 1096 se
1335 1064 1530 1095 contumelia
1545 1064 1708 1095 afficerent
1723 1064 1754 1094 et
1776 1064 1860 1095 viros
1877 1066 2022 1096 strenuos
2046 1075 2079 1096 se
2100 1068 2201 1097 osteu-

1164 1124 1293 1162 derent,
1320 1123 1397 1154 nihil
1423 1122 1559 1162 amplius
1586 1131 1688 1162 neque
1717 1125 1843 1153 senatus
1865 1132 1967 1162 neque
1988 1133 2076 1155 suam
2106 1125 2202 1163 ipsius

1163 1182 1386 1213 auctoritatem
1407 1182 1565 1212 curantes.
1588 1180 1713 1212 Altioris
1727 1181 1846 1212 consilii
1867 1182 1899 1212 et
1921 1182 2102 1212 insidiarum
2128 1183 2200 1213 buic

1164 1241 1246 1272 facto
1265 1240 1392 1272 subesse
1410 1240 1581 1278 indicium,
1597 1240 1621 1270 si
1638 1239 1766 1279 quando
1786 1240 1913 1279 possent
1928 1248 1960 1270 se
1977 1241 2082 1279 populi
2100 1240 2130 1270 in
2158 1240 2200 1270 in-

1163 1299 1279 1330 vidiam
1291 1299 1435 1338 ductum,
1448 1299 1557 1338 utpote
1568 1298 1739 1337 illegitimae
1752 1298 1977 1328 dominationis
1987 1299 2199 1337 appetentem,

1162 1358 1219 1398 ipsi
1236 1367 1342 1389 rerum
1359 1366 1513 1388 novarum
1531 1358 1676 1388 auctores
1698 1356 1886 1387 interficere.
1905 1356 2027 1393 Quibus
2043 1356 2134 1387 dictis
2150 1366 2199 1387 se-

1162 1418 1238 1447 natu
1265 1417 1477 1456 suffragante,
1502 1415 1596 1447 exilio
1614 1424 1667 1446 eos
1684 1414 1863 1445 mulctavit.
1890 1414 1955 1445 Illis
1978 1415 2072 1453 igitur
2097 1415 2198 1445 solum

1161 1475 1359 1507 vertentibus
1372 1475 1424 1505 alii
1437 1474 1558 1505 tribuni
1573 1473 1734 1505 substituti
1749 1475 1831 1504 sunt.
1849 1473 1990 1512 Populus
2004 1482 2077 1503 vero
2094 1473 2197 1503 acela-

1162 1543 1252 1565 mans
1275 1534 1408 1573 jubebat
1432 1535 1590 1564 cmm-em
1614 1541 1718 1571 regem
1736 1540 1821 1569 esse,
1846 1532 1877 1562 et
1902 1531 2080 1562 diademate
2102 1532 2198 1571 caput

1161 1593 1285 1632 cingere
1299 1592 1375 1622 nibil
1390 1591 1505 1622 morari
1519 1615 1527 1630 ‚
1547 1590 1804 1630 quandoquidem
1820 1589 1886 1629 ipsa
1904 1591 2044 1620 Fortuna
2060 1591 2197 1620 statuam

1161 1650 1229 1688 ejus
1252 1648 1472 1680 redimivissct.
1499 1649 1554 1679 1116
1580 1650 1687 1679 autem
1710 1648 1882 1679 declaravit
1901 1649 2006 1679 onmia
2025 1658 2057 1679 se
2080 1649 2197 1688 populo

1160 1707 1390 1747 gratificantem
1407 1706 1448 1738 ob
1469 1706 1536 1745 ejus
1549 1706 1580 1736 in
1597 1706 1699 1746 ipsum
1721 1707 1993 1745 benevolentiam,
2014 1707 2074 1737 1106
2091 1708 2197 1738 tamen

1160 1774 1324 1805 nunquam
1338 1773 1563 1796 concessurum
1577 1774 1660 1803 esse;
1675 1766 1771 1804 atque
1785 1765 1907 1795 veniam
1922 1765 2050 1805 petivit,
2068 1766 2092 1796 si
2110 1765 2197 1796 oblo-

1160 1825 1312 1864 queretur
1323 1832 1428 1854 mores
1440 1824 1624 1854 servaturus
1640 1823 1757 1862 patrios
1769 1833 1777 1861 3
1792 1832 1864 1854 nam
1884 1824 1976 1854 malle
1988 1832 2021 1854 se
2032 1824 2195 1854 consulare

1161 1892 1278 1914 munus
1301 1883 1416 1913 babere
1432 1891 1468 1913 ex
1488 1882 1590 1920 legum
1612 1882 1814 1921 praescripto,
1833 1891 1928 1920 quam
1952 1882 2070 1921 regium
2094 1882 2193 1922 impe-

1160 1942 1243 1972 rium
1258 1942 1362 1980 legum
1380 1941 1530 1980 adeptum
1547 1940 1742 1979 contemptu.

1202 2002 1284 2032 XXl.
1303 2003 1347 2031 Ac
1365 2000 1443 2030 tunc
1455 1999 1585 2038 quidem
1605 1998 1679 2029 talia
1695 1998 1890 2029 dicebantur.
1911 2000 1984 2029 Post
2002 1998 2068 2029 baec
2081 1998 2194 2029 festum

1158 2073 1268 2102 Romae
1282 2069 1503 2101 celebrabatur
1517 2068 1629 2098 hiemis
1642 2068 1830 2106 tempestate
1842 2092 1850 2106 ,
1865 2067 2048 2107 Lupercalia
2064 2069 2194 2104 vocant,

1158 2141 1189 2171 in
1203 2149 1266 2179 quo
1281 2147 1430 2178 pompam
1453 2138 1577 2168 ducunt
1599 2136 1737 2167 seniores
1755 2136 1849 2166 simul
1872 2135 2074 2174 etjuniores,
2098 2135 2193 2174 nudi,

1160 2209 1244 2240 uncti
1262 2209 1294 2239 et
1316 2207 1496 2247 praecincti,
1513 2205 1688 2245 obviosque
1709 2205 1787 2244 jocis
1805 2205 1991 2236 lacessentes
2007 2213 2043 2235 ac
2061 2205 2194 2244 pellibus

1157 2280 1361 2311 verberantes
1374 2278 1521 2319 caprinis.
1539 2279 1608 2308 Hoc
1621 2277 1717 2316 igitur
1733 2276 1869 2307 instante
1883 2276 1974 2314 festo,
1989 2275 2054 2306 dux
2069 2284 2193 2315 pompae

1157 2352 1281 2383 creatus
1297 2350 1366 2381 erat
1385 2351 1512 2380 Marcus
1529 2347 1693 2378 Antonius.
1714 2345 1908 2377 Procedebat
1927 2345 1978 2375 ille
1998 2353 2052 2384 per
2072 2345 2193 2382 sorum,

1156 2419 1201 2448 uti
1218 2425 1287 2448 mos
1299 2417 1385 2455 erat,
1400 2416 1501 2446 multa
1516 2413 1690 2445 comitante
1704 2412 1806 2452 plebe.
1822 2414 1904 2443 Tum
1918 2411 1958 2442 ad
1976 2412 2132 2442 Caesarem
2146 2421 2193 2443 se-

1155 2485 1283 2515 dentem
1296 2492 1353 2523 pro
1370 2482 1481 2513 rostris
1504 2482 1535 2512 in
1555 2481 1631 2512 sella
1653 2488 1747 2510 aurea
1763 2479 1795 2510 et
1813 2478 1966 2509 amictum
1982 2478 2054 2517 toga
2070 2487 2191 2517 purpu-

1155 2564 1225 2594 rea,
1244 2554 1384 2594 primum
1397 2551 1538 2583 Licinius
1550 2550 1691 2580 lauream
1707 2549 1816 2579 tenens
1836 2554 1985 2577 coronam
1996 2569 2004 2585 ‚
2019 2546 2069 2576 cui
2090 2545 2190 2576 inser-

1155 2623 1224 2653 tum
1243 2620 1389 2652 diadema
1408 2616 1673 2656 conspiciebatur,
1691 2613 1854 2646 adscendit
1871 2613 1957 2652 (erat
1979 2612 2063 2643 enim
2080 2611 2192 2642 editior

1153 2690 1262 2727 locus,
1280 2687 1310 2718 in
1325 2694 1390 2726 quo
1408 2687 1514 2717 Caesar
1527 2681 1709 2714 concionari
1721 2680 1859 2717 solebat,
1874 2687 1892 2709 a
1908 2678 2035 2717 collegis
2057 2678 2189 2716 elatus),

57 2753 2189 2779 Μ

56 2820 96 2828 -
114 2804 143 2832 4.
161 2801 305 2842 Κῦρον]
319 2803 512 2841 Corruptum
527 2809 643 2831 nomen
662 2801 787 2831 videtur
801 2809 840 2830 ex
858 2798 1057 2838 Καισαρίωνα
1069 2820 1077 2834 ,
1092 2797 1128 2826 ut
1144 2794 1228 2834 apud
1253 2793 1388 2831 reliquos
1404 2790 1571 2829 scriptores
1588 2787 1796 2843 'Cleopatrae‘e
1810 2787 1934 2839 Cresare
1950 2784 2036 2837 'filius
2050 2783 2186 2837 appella-

55 2848 117 2879 tur.
139 2847 197 2878 Dio
211 2850 298 2879 Cass.
320 2850 356 2879 47
368 2871 376 2886 ,
396 2851 431 2878 31
451 2860 457 2878 :
474 2849 517 2878 ”H
535 2858 566 2878 τε
584 2847 801 2886 Κλεοπάτρα...
821 2846 872 2876 τὸν
889 2846 953 2876 υἱὸν
965 2869 972 2883 ,
989 2845 1022 2874 ὃν
1046 2843 1236 2881 Πτολεμαῖον
1255 2840 1307 2879 μὲν
1324 2838 1479 2877 ὠνόμαζεν
1492 2859 1499 2873 ,
1524 2835 1685 2865 ἐπλαττετο
1711 2843 1742 2862 οε
1760 2843 1794 2862 εκ
1819 2842 1872 2861 του
1897 2833 2186 2887 Ικαισαροςητετοκε-

55 2905 120 2931 ναι,
144 2894 195 2924 καὶ
218 2894 267 2923 διὰ
283 2897 373 2924 τοῦτο
409 2893 610 2933 Καισαρίωνα
631 2892 837 2932 προσηγόρευε
861 2892 927 2921 κτλ.
956 2891 1005 2921 Ct'.
1030 2890 1159 2919 sueton.
1180 2890 1295 2918 Caesar.
1324 2889 1379 2922 523
1408 2882 1568 2914 Plutarch.
1598 2882 1714 2911 Caesar.
1741 2881 1799 2915 49;
1829 2879 1939 2929 Antea.
1971 2879 2025 2912 54,
2050 2880 2103 2926 ²¹?
2129 2876 2186 2904 Dio

58 2945 113 2979 51,
127 2945 157 2971 6.
188 2941 233 2970 De
255 2939 383 2978 reliquis
400 2940 441 2970 cf.
457 2941 586 2971 sueton.
603 2941 684 2970 Caes.
701 2943 739 2971 79
761 2949 767 2968 ;
785 2939 872 2975 Quin
891 2939 997 2968 etiam
1013 2934 1249 2973 validasama
1270 2930 1462 2972 percrebuit
1479 2929 1711 2979 miqracur'zbcm
1726 2924 1975 2977 Alexandriam
1993 2923 2043 2953 vel
2060 2922 2182 2976 Iluam,

58 2986 239 3018 translatis
261 2986 366 3016 simul
385 2986 503 3025 opibus
518 2986 670 3024 imperii,
691 2984 930 3022 eoelzazcslaque
953 2982 1057 3013 Italia
1076 2980 1256 3013 delectzbzcs
1275 2981 1307 3009 ec
1326 2977 1568 3017 procuratione
1589 2974 1686 3026 urbis
1707 2980 1824 3003 anzerzs
1846 2978 2026 3021 permissa..
2042 2985 2079 3019 '—
2094 2978 2124 3021 ‘'’3
2142 2969 2186 3018 [Je

58 3031 116 3062 bac
131 3031 258 3061 historia
271 3032 310 3062 ab
326 3032 394 3062 aliis
407 3033 514 3071 paullo
532 3032 622 3062 aliter
638 3031 764 3061 narrata
782 3039 810 3060 v.
831 3029 962 3069 Appian.
981 3030 1031 3066 11,
1051 3032 1124 3065 1083
1145 3026 1304 3058 Plutareb.
1324 3025 1439 3055 Caesar.
1456 3026 1513 3060 61,
1530 3026 1566 3058 3;
1589 3023 1648 3051 Dio
1665 3021 1751 3073 Cass.
1771 3020 1807 3072 4}
1820 3042 1828 3055 ‚
1844 3020 1858 3047 4
1876 3017 1907 3047 ct
1924 3020 1966 3071 ΘΞ
1984 3017 2088 3071 Liuius
2102 3014 2183 3070 Lp'it3

60 3081 137 3115 1163
154 3078 283 3108 Sueton.
305 3078 562 3116 79;Vellej.11‚
578 3082 638 3116 68;
659 3079 794 3118 Zonaras
807 3078 833 3106 X
845 3099 854 3113 ‚
877 3079 923 3105 11.
938 3092 978 3096 -
991 3079 1020 3105 6.
1034 3072 1233 3112 καθελεῖν]
1246 3072 1398 3102 καθαιλεῖν
1413 3069 1524 3100 codex.
1538 3087 1578 3092 -
1592 3071 1620 3099 7.
1637 3069 1684 3101 ὡς
1704 3075 1832 3095 ουκετι
1851 3061 2010 3103 βουλης]
2025 3071 2103 3090 ωστε
2121 3069 2173 3088 ουτ

58 3123 92 3153 ἐκ
109 3123 217 3162 βουλῆς
234 3123 344 3154 codex.
359 3143 400 3148 —-
413 3127 439 3155 8.
455 3122 620 3163 ἐρῶντα]
638 3123 822 3160 Dubnerus;
842 3121 966 3160 εὑρόντα
985 3120 1096 3151 codex.
1117 3139 1156 3145 -
1170 3123 1200 3151 9,
1222 3116 1384 3156 ἤλασεν]
1401 3117 1518 3152 ἤλασαν
1536 3114 1647 3144 codex.
1671 3132 1709 3136 —
1733 3116 1778 3141 10.
1804 3107 2011 3146 ἀνέδησεν]
2039 3115 2182 3135 ενεοωκεν

61 3168 171 3199 codex.
193 3169 311 3200 Deinde
327 3171 427 3200 codex
443 3172 458 3200 ὁ
475 3171 506 3200 δὲ
520 3173 580 3200 πᾶν
595 3170 721 3208 ἀνέφηνε
740 3179 810 3208 χοιρ.
828 3171 953 3197 ...τοῦτο
964 3166 1087 3196 οὔποτε.
2089 3198 2094 3202 1

100 3217 183 3246 xxi.
212 3220 238 3246 1.
262 3217 443 3257 τοιαῦτα]
463 3218 500 3247 τὰ
520 3217 598 3247 αὐτὰ
612 3216 722 3247 codex.
748 3233 789 3237 —-
812 3220 840 3245 2.
855 3213 1150 3253 Λουπερκάλια]
1167 3212 1332 3252 λουπερκίοι
1353 3209 1464 3240 codex.
1488 3210 1531 3239 Ea
1555 3215 1626 3246 quae
1644 3206 1675 3235 in
1696 3213 1783 3243 seqq.
1803 3202 1983 3237 narrantur,
2010 3199 2135 3228 brevius
2151 3198 2182 3227 et

61 3262 165 3301 paullo
181 3262 270 3292 aliter
286 3264 382 3295 relata
401 3264 497 3295 babes
513 3272 563 3303 ap.
579 3262 710 3302 Appian.
736 3264 779 3299 ll,
798 3265 874 3300 1003
891 3260 1048 3291 Plutarch.
1065 3261 1181 3290 Caesar.
1201 3262 1233 3289 61
1249 3281 1257 3295 ,
1279 3256 1415 3287 Antonio
1436 3259 1487 3292 12;
1511 3253 1604 3284 Dion.
1622 3254 1658 3282 44
1671 3274 1679 3287 ,
1702 3254 1728 3280 11
1745 3260 1756 3302 ἦ
1776 3250 1905 3279 Sueten.
1930 3250 1967 3278 79
1979 3257 1996 3299 3.
2013 3245 2053 3274 cs.
2071 3246 2180 3296 Cicero

64 3308 194 3347 Philipp.
211 3310 251 3340 111
264 3333 272 3347 ‚
298 3315 333 3349 Γι;
356 3313 384 3342 V
397 3335 405 3349 ,
425 3313 457 3341 14
471 3321 479 3349 ;
494 3313 522 3341 11
536 3335 544 3348 ,
561 3312 610 3341 34.
635 3330 672 3335 -
687 3313 717 3340 3.
744 3306 1020 3347 ἀληλιμμένοι]
1044 3305 1234 3345 ἀληλειμένοιι
1249 3303 1359 3334 codex.
1373 3321 1412 3326 -
1435 3303 1463 3331 lu.
1489 3296 1679 3338 αἰγείαις]
1694 3298 1805 3335 αἰγιαις
1820 3294 1888 3324 cod.
1902 3304 1909 3329 ;
1927 3294 2041 3346 {actore
2056 3299 2178 3349 σαυτεσι

65 3354 221 3387 Plutarch.
242 3356 273 3386 ll.
292 3357 322 3387 ll.
342 3376 379 3380 ·-—›-
397 3363 422 3389 5.
444 3357 478 3388 ἐν
490 3358 549 3392 τὰς
590 3354 934 3396 περιφαινόμενον]
957 3353 1094 3393 στεφάνῳ
1115 3352 1223 3393 δάφνης
1238 3349 1509 3390 περιπεπ)εγμένον
1529 3344 1688 3376 Plutarch.
1706 3344 1786 3372 Cres.
1803 3345 1835 3371 61
1856 3363 1863 3378 ‚
1880 3344 1908 3368 2.
1925 3347 2056 3375 οιαοημα
2070 3344 2180 3373 οαφνης
