2289 3728
466 140 977 231 MNASEAS
1036 143 1664 237 PATRENSIS.

893 378 906 381 -
918 371 1258 391 ‘NQQ—

70 498 234 532 Mnaseas
255 496 434 532 Patrensis
450 494 490 543 (*)
512 494 589 543 (vel
606 494 809 529 secundum
828 495 918 528 alios
937 495 1042 528 Pata—

18 554 149 602 rensis)
166 582 175 598 ,
198 554 299 600 cujus
317 554 521 600 fragmenta
550 552 783 595 exhibemus,
804 553 900 586 inter
924 552 1045 585 varios

16 612 92 658 ejus
110 613 269 647 nominis
282 613 380 646 viros
395 612 422 645 is
441 623 514 645 esse
529 610 690 653 videtur,
711 622 821 656 quem
837 609 1045 643 Eratosthe-

16 670 71 704 nis
88 670 308 716 discipulum
326 669 415 704 dicit
437 668 565 703 Suidas
577 680 615 705 v,
637 664 886 716 Ἐρατοσθένης
904 677 911 685 ·
936 668 1043 713 μαΟη-

15 724 73 761 ταὶ
104 724 138 761 δὲ
165 727 266 761 αὐτοῦ
287 724 344 760 καὶ
366 723 527 766 Μνασέας
546 721 604 760 καὶ
634 722 832 773 Μένανδρος
864 722 922 759 καὶ
951 721 1045 773 Ἄρι-

17 798 86 824 στις
100 783 163 831 (Ρ).
182 783 359 819 Condidit
374 781 586 831 Περιήγησιν
601 782 661 827 (fr.
681 782 724 816 13
738 781 747 830 )
762 783 836 817 sive
851 779 1046 830 Περίπλουν

16 841 28 889 (
45 841 89 875 fr.
115 841 149 876 6.
176 841 223 888 39
244 849 313 878 etc.
329 840 338 888 )
352 867 363 885 ,
386 839 487 886 cujus
508 846 631 887 partes
651 840 833 885 inscriptae
852 846 955 873 erant
975 839 1048 875 Εὐ-

18 896 115 948 ρώπη
139 898 199 945 (V.
222 899 267 935 sr.
299 911 331 935 1.
353 911 389 934 2.
415 911 450 942 7.
479 910 535 933 11.
563 901 622 938 14.
650 897 709 933 16.
741 896 921 942 173adde
943 909 985 931 12
1013 904 1049 932 et

22 955 66 991 15
98 956 163 990 ubi
198 953 411 1005 Εὐρωπιακά
425 955 459 1002 );
489 952 584 990 Ἀσία
615 954 683 1000 (fr.
712 953 773 988 25.
809 953 901 1002 31),
933 951 1046 998 Λιὸύη

19 1013 89 1061 (fr.
110 1013 156 1048 36
173 1011 198 1062 ).
221 1015 274 1048 Eo
294 1025 408 1060 opere
424 1019 538 1047 terras
553 1012 646 1046 mari
662 1011 935 1046 mediterraneo
948 1011 1050 1057 adja-

17 1078 139 1106 centes
166 1072 216 1105 ita
234 1071 382 1105 videtur
408 1070 667 1116 perlustrasse,
689 1076 731 1102 ut
751 1081 981 1115 quaecunque
1001 1068 1048 1103 ad

18 1129 177 1176 origines
192 1129 355 1173 urbium,
367 1127 414 1162 ad
429 1128 600 1161 locorum
615 1125 798 1160 mirabilia
814 1125 1048 1172 fabulasque,

18 1186 65 1221 ad
93 1198 215 1221 mores
242 1186 496 1233 populorum,
525 1184 758 1229 deorumque
791 1183 930 1217 cultum
964 1195 1050 1229 spe—

19 1252 138 1288 ctant,
171 1245 297 1280 sedule
334 1245 536 1291 colligeret.
561 1244 655 1278 Nam
690 1242 904 1288 antiquariis
926 1243 1051 1288 potius

19 1315 130 1349 quam
152 1303 372 1351 geographis
388 1298 466 1351 (**)
490 1302 672 1335 Mnaseam
693 1298 960 1334 accensendum
977 1311 1050 1333 esse

19 1367 99 1395 tum
129 1373 173 1395 ex
203 1359 341 1406 Peripli
373 1359 588 1406 fragmentis
621 1358 762 1404 liquet,
790 1363 868 1391 tum
894 1357 1049 1391 alterum

19 1418 181 1464 ejusdem
220 1418 411 1464 scriptoris
440 1428 556 1463 opus,
592 1428 667 1462 quo
694 1415 872 1462 Delphica
903 1415 1051 1450 oracula

20 1475 168 1521 collegit
191 1473 262 1522 (fr.
287 1480 333 1516 [12
349 1487 429 1520 sqq.
444 1473 455 1522 )
469 1501 478 1517 ,
498 1472 720 1508 subindicat.

71 1534 241 1571 Ceterum
261 1533 481 1578 scriptorem
512 1537 680 1565 nostrum
699 1529 890 1563 hominem
910 1530 1050 1564 levissi—

18 1604 121 1626 mum
140 1603 213 1625 esse
233 1602 348 1637 quum
368 1590 428 1624 alii
448 1589 518 1623 viri
539 1588 640 1624 docti
659 1588 787 1634 saepius
803 1593 1050 1631 monuerunt,

62 1722 104 1761 (*)
121 1722 255 1762 Πατρεύς
277 1722 434 1761 (Πάτραι,
459 1721 544 1756 πόλις
569 1720 690 1761 Ἀχαίας
704 1728 710 1734 ”
738 1721 754 1749 ὁ
778 1720 902 1755 πολίτης
920 1720 1052 1760 Πατρεύς

20 1767 126 1806 steph.
143 1770 216 1807 Byz.
230 1771 239 1806 )
258 1768 436 1798 nominatur
449 1768 489 1798 ab
505 1767 654 1798 Athenaeo
668 1768 698 1796 et
715 1766 828 1796 Photio
841 1768 872 1796 et
887 1767 1051 1797 Paroemio-

20 1814 144 1853 graphis
162 1814 221 1852 (fr.
238 1819 268 1845 6.
291 1818 338 1844 15.
356 1817 406 1845 32.
425 1817 476 1845 33.
492 1817 542 1844 39.
561 1813 639 1850 35),
654 1813 738 1851 quod
751 1812 862 1842 abiisse
881 1812 1006 1843 videtur
1022 1814 1053 1843 in

20 1860 176 1899 Παταρεὺς
195 1861 204 1897 (
218 1860 343 1900 Πάταρα
355 1883 363 1896 ,
374 1859 443 1890 πόλ.
458 1859 585 1894 Λυκίας·
599 1860 615 1888 ὁ
629 1858 752 1895 πολίτης
764 1858 917 1897 Παταρεύς
932 1860 975 1889 st.
993 1861 1026 1890 B.
1041 1861 1050 1896 )

20 1916 71 1947 ap.
89 1906 184 1937 schol.
204 1906 346 1943 Pindari,
365 1906 512 1943 Luciani,
533 1905 657 1936 Hesiodi
672 1905 730 1943 (fr.
744 1908 773 1935 5.
785 1908 815 1935 9.
829 1908 866 1934 32
882 1906 958 1948 ³·.42
970 1906 992 1941 ).
1014 1922 1053 1927 —-

21 1956 178 1985 Mnaseas
196 1955 372 1991 Berytius,
394 1953 446 1990 qui
466 1952 588 1991 scripsit
603 1952 718 1990 Τέχνην
735 1952 894 1990 ῥητορικὴν
916 1952 968 1981 καὶ
986 1953 1052 1991 περὶ

23 1999 182 2038 ὀνομάτων
194 1998 347 2035 Ἀττικῶν,
359 2000 552 2028 memoratur
564 1997 668 2028 Suidae
679 2006 702 2027 s.
717 1997 747 2026 h.
762 2005 792 2026 v.
807 1996 884 2026 ΑΜ.
898 1999 1054 2028 Mnaseas

23 2046 147 2075 Locrus
160 2044 209 2074 vel
222 2043 455 2082 colophonius,
466 2044 614 2082 παιγνίων
625 2044 725 2081 poeta.
736 2042 848 2073 Athen.
859 2044 929 2080 Vll,
940 2051 969 2081 p.
982 2047 1052 2081 321,

22 2093 54 2122 F.
70 2089 197 2121 Boeclih.
218 2092 294 2128 Exp.
314 2089 398 2119 Pind.
413 2097 444 2128 p.
464 2092 531 2120 197.
550 2090 634 2120 Bode
650 2092 727 2120 Dor.
748 2088 869 2126 Lqriclr.
883 2097 911 2127 p.
930 2091 979 2119 44.
999 2091 1053 2120 Ul-

27 2136 82 2167 rici
101 2135 211 2166 Gesclz.
226 2134 259 2166 cl.
275 2134 355 2165 ltell.
375 2137 521 2171 Poes.11‚
534 2143 564 2173 p.
585 2137 649 2165 137,
664 2137 735 2165 473.
751 2151 790 2154 ——
807 2136 962 2164 Mnaseas
975 2136 1054 2165 Cor-

23 2190 172 2222 cyram,
206 2185 421 2217 astronomus,
449 2182 624 2223 geometra,
656 2179 890 2219 grammaticus.
926 2180 1053 2210 Boerkh.

25 2231 63 2261 C.
80 2231 103 2260 l.
117 2238 136 2258 n
166 2230 253 2258 1907.
267 2228 321 2258 W.
339 2228 460 2258 Miiller.
477 2229 522 2258 De
536 2229 664 2265 Corcyr.
681 2229 754 2266 Rep.
768 2235 797 2265 p.
816 2231 863 2257 52.
876 2228 971 2257 —M.
988 2236 1051 2257 me·

26 2276 138 2308 dacus,
153 2274 261 2305 Galen.
275 2275 328 2311 lV,
340 2275 390 2304 42.
404 2273 519 2304 Plinius
531 2275 602 2304 XII.
615 2275 701 2304 XllI.
716 2274 798 2304 XXI.
811 2272 918 2303 Aetius
929 2281 958 2312 p.
975 2276 1032 2304 508
1043 2298 1051 2310 ‚

24 2323 82 2354 694
96 2344 104 2358 ‚
120 2324 190 2357 761,
203 2323 272 2353 767,
290 2324 366 2358 8223
380 2322 517 2350 Soranus
528 2322 572 2350 De
585 2321 652 2350 arte
665 2319 795 2350 obstetr.
812 2328 841 2349 c.
858 2322 888 2358 8,
905 2328 934 2358 p.
951 2323 999 2350 2l.
1018 2324 1054 2350 23

25 2368 74 2399 ed.
94 2367 232 2398 Boisson.
247 2384 287 2389 —
307 2368 350 2398 M.
366 2367 558 2398 Phocensis.
576 2366 705 2397 Aristot.
726 2363 791 2396 1³01.
811 2367 852 2403 V,
866 2369 896 2402 3,
915 2368 947 2396 4.
979 2367 1054 2397 Dio-

25 2414 92 2445 dor.
115 2414 205 2451 XVI,
221 2415 270 2444 38.
283 2432 323 2439 -
341 2414 385 2443 M.
405 2414 560 2451 Aryivus.
576 2412 777 2443 Demosthen.
794 2420 824 2450 p.
846 2414 917 2450 324,
936 2415 981 2443 10.
1000 2415 1053 2443 Po-

27 2460 88 2500 lyb.
104 2462 187 2490 XVll
201 2483 208 2495 ,
228 2461 279 2496 14,
293 2463 322 2490 3.
334 2476 374 2481 —
387 2460 432 2490 M.
449 2458 676 2495 Atheniensis,
692 2458 819 2488 Mionet.
836 2460 1001 2497 Descripc.
1014 2460 1055 2496 ll,

27 2515 57 2546 p.
80 2510 135 2537 125
167 2507 215 2537 Cf.
231 2505 272 2536 id.
289 2507 342 2544 lV,
357 2514 388 2545 p.
410 2509 464 2535 122
479 2505 509 2535 iu
526 2505 631 2536 numis
647 2504 792 2536 Sardium
805 2528 813 2543 ,
831 2506 862 2534 et
878 2507 919 2535 ΙΙΙ
931 2528 939 2542 ,
954 2513 984 2544 p.
1001 2509 1054 2537 167

27 2551 83 2584 ubi
107 2552 246 2588 Μνησέας
273 2552 302 2580 iu
330 2559 428 2581 numo
454 2551 564 2581 Mileti.
592 2568 632 2573 —-
652 2553 697 2581 M.
726 2551 1054 2583 Halicarnassense‘s.

29 2598 159 2629 Boeo-kh.
186 2600 221 2628 C.
244 2599 268 2627 l.
285 2606 315 2627 n.
332 2601 422 2627 2666.
441 2616 481 2623 -
498 2599 543 2628 M.
567 2599 765 2635 Cyrenaeas,
783 2604 902 2633 cursor,
922 2599 1055 2627 Pausan.

29 2641 92 2676 Vl,
117 2642 168 2675 13,
187 2641 217 2668 7.
239 2641 295 2674 18,
321 2641 345 2667 1.
367 2654 408 2659 —-
424 2639 472 2668 M:
496 2639 688 2671 Citct'ensts,
708 2638 796 2675 pater
813 2638 953 2667 Zenonis.
980 2640 1055 2668 Pau-

29 2692 95 2715 san.
111 2685 142 2717 Ι,
160 2687 218 2721 29,
236 2687 283 2713 15.
299 2684 344 2720 Il,
363 2686 399 2720 8,
418 2685 448 2714 4.
473 2683 632 2713 Plutarch.
649 2684 727 2713 Mor.
745 2691 776 2721 p.
798 2685 874 2713 1069
892 2682 998 2713 011101.
1017 2701 1058 2705 -

30 2732 76 2761 M.
90 2731 187 2760 ΑιάΙι·
202 2730 314 2768 paler,
334 2737 395 2758 sec.
418 2729 594 2759 nonnullos.
611 2730 674 2759 vit.
693 2730 778 2759 Atat.
796 2730 833 2759 ll.
851 2747 890 2754 --
906 2730 951 2759 M.
970 2729 1056 2760 Rho-

31 2774 166 2807 diorum
179 2774 383 2805 navarchus.
393 2774 522 2812 Appian.
535 2776 570 2805 B.
582 2777 617 2806 C.
629 2776 684 2812 lv,
694 2778 744 2805 66.
754 2777 769 2805 7
780 2778 786 2803 1
796 2791 854 2804 .-
865 2775 908 2805 M.
922 2775 1058 2806 Hesiodi

24 2820 135 2860 filius,
150 2829 244 2859 quem
259 2820 428 2850 linxerunt.
445 2821 548 2850 Tzelz.
562 2820 599 2850 ad
612 2822 681 2850 Hes.
695 2822 754 2859 Op.
768 2822 838 2850 269.
857 2823 899 2850 De
911 2821 1058 2853 varietate

31 2867 193 2905 scripturae
212 2866 394 2905 (Μνασέας,
418 2866 574 2903 Μνασίας,
593 2866 768 2904 Μνασείας,
795 2867 954 2905 Μνησέας,
980 2869 1057 2898 Μνε-

33 2913 129 2952 σέας)
146 2921 177 2943 v.
194 2915 227 2943 L.
244 2912 416 2943 Dindort'iu
433 2913 478 2942 st.
493 2912 585 2942 Thes.
601 2921 645 2951 gr.
663 2921 694 2941 v.
710 2914 863 2947 Μνασέας.

72 2958 141 2998 (**)
168 2960 253 2988 luter
276 2958 467 2997 geographos
489 2959 647 2988 Mnaseam
675 2957 765 2988 sicuti
791 2959 992 2988 Polemonem
1016 2968 1060 2990 re-

33 3007 138 3036 censet
156 3005 303 3043 Forbiger
321 3004 473 3042 (Handb.
490 3003 523 3034 d.
536 3004 597 3035 alt.
620 3006 734 3043 Geoqr.
749 3012 780 3043 p.
797 3005 887 3043 239),
901 3007 1059 3043 praeeunte

37 3051 183 3082 Uckerto.

185 3158 363 3196 PERIEG
371 3158 470 3196 ESIS
498 3157 612 3195 SIVE
643 3157 900 3195 PERIPLUS.

441 3221 654 3259 EUROPA‘.

79 3285 218 3314 Mnaseas
243 3283 322 3314 libro
345 3283 445 3322 primo
473 3286 516 3314 De
535 3286 659 3322 Europa
690 3282 859 3313 Minervam
884 3283 1060 3321 equestrem
1094 3307 1097 3310 .

1107 501 1183 528 tum
1218 507 1336 540 nuper
1370 497 1551 531 l'rcllcrus
1590 498 1788 534 declaravit
1825 500 1896 547 (ad
1935 502 2133 536 Polemon.

1105 563 1144 597 p.
1171 550 1262 597 180)
1290 552 1409 586 verbis
1427 552 1524 587 hisce
1551 566 1558 587 :
1587 570 1601 584 «ι
1625 556 1766 590 Pessimi
1787 559 1930 603 generis
1949 566 2019 602 est,
2042 571 2136 593 unus

1108 621 1151 643 ex
1171 609 1342 643 insolenti
1359 610 1425 644 ista
1439 616 1474 644 et
1491 610 1688 655 fastidiosa,
1706 615 1769 659 qui
1784 616 2030 650 Euhemerum
2044 629 2134 663 pro-

1106 665 1318 710 fitebantur,
1334 666 1594 701 historicorum
1623 677 1717 703 secta
1732 698 1740 713 ‚
1767 671 1923 706 ridicule
1945 672 2137 716 credulus,

1110 724 1256 758 aniliter
1274 724 1422 769 loquax.
1440 724 1669 771 Quamquam
1690 727 1800 761 habet
1819 730 1927 763 etiam
1945 731 1994 764 sic
2013 731 2138 765 talium

1112 782 1337 828 scriptorum
1356 784 1524 816 tractatio
1539 784 1700 829 aliquem
1720 784 1876 819 fructum
1888 813 1896 829 ,
1911 787 2085 822 videlicet
2098 796 2140 822 ut

1113 850 1247 885 graecas
1267 839 1388 873 literas
1420 852 1501 873 cum
1533 840 1656 874 multis
1681 842 1863 886 praeclaris
1890 845 1997 879 etiam
2026 846 2140 881 multa

1111 896 1275 942 vulgaria
1291 904 1324 931 et
1339 908 1423 931 saue
1438 909 1548 943 quam
1565 898 1650 932 vilia
1669 899 1790 932 tulisse
1806 912 2040 946 moneamur,
2064 916 2138 949 quo

1112 953 1254 987 accedit
1273 954 1376 999 quod
1390 956 1428 988 in
1443 956 1589 990 Mnasea
1611 956 1725 990 veluti
1744 957 1830 990 vivo
1851 961 2020 1005 exemplo
2036 960 2139 1005 judi-

1113 1017 1195 1039 care
1231 1006 1338 1040 liceat
1366 1014 1505 1052 pestem
1536 1008 1636 1041 illam
1666 1009 1950 1056 Euhemerismi,
1979 1024 2057 1056 quae
2087 1019 2141 1046 tot

1111 1062 1325 1097 Graecorum
1356 1064 1503 1111 ingenia
1538 1064 1661 1099 affecit
1689 1066 1933 1112 inprimisque
1961 1069 2001 1101 iis
2027 1069 2140 1103 literis

1112 1132 1192 1166 quae
1212 1129 1403 1156 versantur
1421 1124 1460 1156 in
1484 1122 1617 1157 fabulis
1635 1124 1986 1171 antiquitatibusque
2006 1128 2141 1161 exami-

1111 1178 1254 1222 nandis,
1270 1180 1438 1214 mirabile
1454 1187 1633 1226 quantum
1652 1182 1792 1216 nocuit.
1812 1197 1827 1212 »
1842 1183 1882 1217 V.
1903 1181 2031 1229 fragm.
2060 1196 2091 1219 1.
2108 1195 2140 1217 2.

1115 1239 1150 1276 ί..
1172 1235 1207 1270 8.
1234 1237 1290 1274 16,
1312 1237 1374 1274 31.
1398 1236 1459 1272 38.
1481 1242 1540 1279 42.

1257 1341 1565 1378 ΠΕΡΙΗΓΗΣΙΣ
1587 1343 1662 1377 sive
1687 1342 1998 1380 ΠΕΡΙΠΛΟΥΣ.

1480 1419 1522 1456 α’.
1549 1421 1773 1458 ΕΥΡΩΠΗ.

1430 1503 1456 1535 Ε
1485 1502 1631 1537 LIBRO
1660 1502 1826 1537 PRIMO.

1614 1584 1646 1606 1.

1164 1653 1402 1688 Germanicus
1425 1651 1471 1686 ad
1503 1654 1604 1688 Arat.
1632 1652 1756 1688 Phaen.
1778 1664 1817 1698 p.
1847 1653 1917 1699 196
1943 1653 2001 1689 ed.
2022 1656 2101 1690 Bas.
2133 1669 2140 1689 :

1114 1711 1377 1756 Emlymionem
1398 1721 1486 1744 vero
1508 1708 1664 1757 (Diana)
1679 1722 1822 1743 amasse
1836 1711 2032 1753 dicium-...5
2049 1709 2146 1759 quod

1109 1771 1250 1814 primus
1267 1766 1452 1801 hominum
1465 1767 1671 1812 Endymion
1685 1779 1823 1801 cursum
1841 1769 1938 1802 lunoe
1953 1771 2138 1812 invenerit,

1114 1826 1208 1859 unde
1226 1833 1260 1858 et
1280 1828 1434 1870 triginta
1452 1837 1566 1858 almos
1583 1826 1755 1859 domuisse
1774 1826 1920 1869 dicitur,
1940 1830 2028 1872 quia
2047 1827 2145 1861 nihil

1115 1883 1221 1916 aliud
1236 1885 1272 1916 in
1288 1886 1371 1916 vita
1385 1894 1461 1925 sua,
1483 1884 1552 1916 nisi
1566 1882 1651 1916 huic
1666 1886 1862 1928 repertioni
1878 1884 2033 1926 studuit,
2054 1887 2144 1918 sicat

1116 1941 1292 1976 Mnaseas
1306 1943 1342 1973 ita
1353 1943 1473 1986 primo
1489 1938 1580 1974 libro
1593 1940 1639 1974 de
1652 1941 1799 1987 Europa
1811 1941 1970 1975 scribens
1987 1943 2111 1977 tradit.

1168 1998 1306 2032 Eadem
1328 2010 1346 2032 e
1366 1999 1587 2034 Germanico
1615 1998 1830 2045 Fulgentius
1849 1999 1967 2044 Myth.
1993 2000 2049 2042 ΙΙ,
2082 2013 2139 2047 19.

1115 2056 1168 2092 Cf.
1183 2057 1321 2090 Plinius
1340 2057 1387 2092 H.
1406 2057 1451 2091 N.
1473 2058 1529 2103 ΙΙ,
1546 2055 1567 2090 6
1589 2068 1596 2089 :
1618 2056 1709 2100 taoe
1723 2058 1871 2103 singula
1890 2060 1927 2090 in
1946 2069 1991 2090 ea
2011 2057 2144 2105 (luna)

1115 2114 1352 2160 deprehendit
1372 2114 1557 2148 hominum
1569 2117 1711 2160 primus
1737 2115 1957 2159 Endymion,
1984 2123 2021 2148 et
2039 2115 2084 2149 ob
2105 2117 2147 2151 id

1115 2183 1238 2205 arnore
1254 2175 1331 2215 ejus
1349 2169 1597 2217 captusfama
1618 2172 1784 2207 traditur.
1805 2172 1859 2206 Cf.
1884 2172 1996 2206 schol.
2017 2172 2141 2218 Apoll.

1116 2229 1242 2265 Rhod.
1255 2230 1318 2274 IV,
1338 2228 1409 2270 264
1427 2225 1545 2268 εΤινὲς
1563 2226 1598 2263 δέ
1612 2242 1712 2278 φασιν
1730 2226 1946 2274 Ἐνδυμίωνα
1964 2227 2145 2276 εὑρηκέναι,

1114 2285 1174 2327 τὰς
1191 2284 1364 2334 περιόδους
1383 2284 1440 2321 καὶ
1459 2283 1536 2326 τοὺς
1555 2283 1715 2335 ἀριθμοὺς
1734 2287 1792 2326 τῆς
1810 2284 1981 2329 Σελήνης,
1996 2282 2069 2321 ὅθεν
2084 2285 2146 2321 καὶ

1114 2341 1425 2394 προσελήνουςτοὺς
1442 2341 1611 2392 Ἀρκάδας
1625 2343 1805 2387 κληθῆναι.
1820 2341 1940 2392 Ἀρκὰς
1955 2340 2020 2392 γὰρ
2035 2344 2052 2378 ὃ
2063 2342 2142 2380 Ἐν,

1116 2400 1257 2449 δυμίων.
1284 2403 1401 2437 Aliter
1428 2402 1473 2436 (le
1500 2402 1780 2436 Proselenorum
1811 2402 1970 2435 nominis
2001 2401 2142 2447 origine

1115 2462 1276 2495 Mnaseas
1298 2459 1362 2507 (fr.
1381 2464 1398 2501 ί,
1417 2460 1441 2505 l.
1463 2460 1580 2506 Vulgo
1598 2460 1809 2506 Endymion
1825 2471 1869 2493 ex
1891 2459 1994 2492 Elide
2012 2459 2142 2492 oriun-

1116 2518 1183 2552 dus
1203 2518 1350 2553 dicitur.
1372 2518 1426 2552 Ad
1455 2517 1609 2552 eandem
1630 2518 1820 2564 regionem
1842 2517 2007 2551 revocari
2024 2523 2145 2561 potest

1117 2577 1271 2610 alterum
1283 2575 1384 2622 quod
1399 2588 1418 2610 e
1436 2576 1555 2621 primo
1573 2576 1669 2609 libro
1688 2575 1932 2621 fragmentum
1949 2579 2140 2620 superstes.

1117 2633 1314 2667 Probabile
1334 2634 1456 2678 itaque
1474 2634 1657 2667 Mnaseam
1682 2633 1826 2666 initium
1846 2632 2074 2678 periegeseos
2093 2631 2146 2665 fe-

1118 2693 1203 2726 cisse
1223 2704 1242 2726 a
1262 2692 1529 2738 PeloponneSO.

1614 2761 1647 2783 2.

1172 2812 1418 2858 Harpocratio
1443 2824 1449 2845 :
1474 2808 1594 2845 Ἱππία
1616 2809 1753 2852 Ἀθηνᾶ.
1783 2808 1907 2849 Ἰσαῖος
1934 2810 1966 2844 ἐν
1996 2809 2043 2859 τῷ
2064 2806 2145 2858 πρὸς

1120 2868 1326 2905 Καλυδῶνα.
1349 2868 1511 2909 Μνασέας
1531 2868 1565 2903 ἐν
1594 2867 1624 2903 α’
1645 2865 1813 2916 Εὐρώπης
1830 2865 1890 2911 τὴν
1908 2865 2028 2902 ἱππίαν
2045 2866 2144 2909 Ἀθη-

1119 2931 1179 2961 νᾶν
1206 2925 1420 2966 Ποσειδῶνος
1437 2918 1522 2960 εἷναί
1542 2939 1624 2974 φησι
1647 2922 1816 2974 θυγατέρα
1833 2922 1892 2958 καὶ
1909 2922 2069 2973 Κορύφης
2088 2925 2146 2965 τῆς

1121 2983 1304 3027 Ὠκεανοῦ,
1324 2981 1416 3031 ἅρμα
1436 2981 1470 3018 δὲ
1484 2981 1624 3031 πρώτην
1637 2980 1949 3018 κατασκευάσασαν
1971 2980 2026 3016 διὰ
2046 2982 2144 3016 τοῦτο

1120 3041 1242 3076 ἱππίαν
1260 3041 1459 3085 κεκλῆσθαι.

1120 3149 1256 3188 Neptuni
1267 3150 1297 3180 et
1306 3149 1463 3188 coryphae
1472 3151 1597 3180 Oceano
1604 3150 1686 3179 natae
1694 3148 1790 3179 filiam
1798 3156 1863 3178 esse
1871 3146 1956 3185 dicit,
1967 3154 2037 3185 quae
2047 3152 2143 3183 quum

1120 3200 1220 3239 prima
1234 3210 1331 3240 equos
1344 3201 1449 3232 currui
1463 3201 1634 3240 junxisset,
1653 3201 1724 3231 inde
1742 3199 1897 3240 Equestris
1909 3205 2078 3237 cognomen
2096 3197 2143 3225 tu·

1122 3253 1215 3283 iisset.
