2289 3728
131 162 203 193 280

126 243 192 277 τῶν
211 238 368 276 ἐλπίδων·
387 238 571 288 ἀφελέσθαι
594 238 659 290 γὰρ
680 238 782 275 αὐτὸν
805 238 941 276 ἅπαντα
958 239 1014 276 τὸν
1032 239 1154 292 φόρτον

126 300 182 334 τὸν
214 296 421 348 Εὐεργέτην.
444 297 721 342 Τελευτήσαντος
761 297 789 334 δ’
818 296 946 334 ἐκείνου
979 298 1034 334 τὸν
1070 299 1155 348 βίον,

127 355 353 405 Κλεοπάτραν
370 353 430 399 τὴν
446 354 591 404 γυναῖκα
605 354 821 398 διαδέξασθαι
835 354 897 400 τὴν
912 355 1034 406 ἀρχήν·
1051 355 1156 392 πάλιν

125 408 180 449 οὖν
202 412 258 449 καὶ
278 412 344 448 ὑπὸ
363 412 488 456 ταύτης
505 415 702 463 πεμφθῆναι
721 412 777 450 τὸν
804 412 949 457 Εὔδοξον
968 413 1055 462 μετὰ
1081 414 1156 462 μεί-

124 474 216 513 ζονος
230 473 464 518 παρασκευῆς.
483 470 692 507 Ἐπανιόντα
706 471 734 507 δ’
753 471 888 519 ἀνέμοις
905 475 1155 522 παρενεχθῆναι

125 526 210 577 ὑπὲρ
238 526 301 572 τὴν
337 527 529 564 Αἰθιοπίαν·
569 528 845 580 προσφερόμενον
874 529 911 566 δέ
943 544 1011 566 τισι
1039 528 1155 571 τόποις

123 583 364 626 ἑξοικειοῧσθαι
382 584 457 626 τοὺς
478 584 673 635 ἀνθρώπους
690 586 871 632 μεταδόσει
889 586 1003 623 σιτίων
1033 602 1068 623 τε
1096 586 1153 623 καὶ

122 642 211 678 οἴνου
235 641 294 678 καὶ
325 641 536 688 παλαθίδων,
565 637 611 679 ὧν
641 642 777 685 ἐκείνοις
806 645 842 681 οὐ
873 647 994 693 μετῆν,
1019 644 1092 680 ἀντὶ
1119 643 1153 680 δὲ

122 699 250 736 τούτων
271 699 405 750 ὑδρείας
424 715 460 736 τε
480 700 660 751 τυγχάνειν
679 701 736 738 καὶ
757 702 978 751 καθοδηγίας,
1001 701 1151 754 ἀπογροί-

122 757 244 807 φεσθαί
268 773 304 794 τε
326 760 392 795 τῶν
410 758 573 810 ῥημάτων
596 759 682 798 ἔνια,
708 759 864 810 Εὑρόντα
883 759 912 795 δ’
929 760 1151 810 ἀκρόπρῳρον

123 814 252 857 ξύλινον
269 817 307 853 ἐκ
321 816 483 865 ναυαγίου
508 815 612 853 ἵππον
636 817 714 868 ἔχον
738 817 1028 867 ε’γγεγλυμμένον,
1054 817 1153 854 πυθό-

123 887 222 921 μενον
250 876 296 916 ὡς
328 873 396 910 ἀπὸ
427 877 488 919 τῆς
524 874 671 926 ἑσπέρας
699 874 872 911 πλεόντων
902 877 1001 910 τινῶν
1033 874 1085 921 εἴη
1114 874 1152 911 τὸ

122 930 282 981 ναυάγιον
299 935 416 977 τοῦτο,
436 931 586 980 κομίζειν
608 931 690 968 αὐτὸ
708 931 970 983 ἀναστρέψαντα
989 932 1071 982 πρὸς
1095 931 1152 968 τὸν

122 989 244 1028 οἰκεῖον
275 990 395 1028 πλοῦν.
420 990 579 1027 Σωθέντα
614 990 643 1026 δ’
673 991 720 1032 εἷς
743 989 929 1038 Αἴγυπτον,
956 988 1070 1026 οὐκέτι
1093 991 1153 1034 τῆς

123 1046 349 1097 Κλεοπάτρας
362 1046 554 1097 ἡγουμένης
565 1077 574 1095 ,
594 1046 682 1083 ἀλλὰ
698 1050 756 1083 τοῦ
772 1046 912 1092 παιδὸς,
928 1048 1152 1098 ἀφαιρεθῆναι

121 1104 225 1140 πάλιν
252 1105 386 1141 πάντα·
415 1108 614 1157 φωραθῆναι
642 1104 708 1155 γὰρ
737 1104 996 1155 νενοσφισμένον
1022 1105 1150 1143 πολλοί.

119 1162 169 1199 Τὸ
186 1164 216 1199 δ’
234 1162 454 1215 ἀκρόπρῳρον
467 1163 677 1214 προφέροντα
689 1165 720 1204 ἐς
736 1161 773 1198 τὸ
790 1162 965 1214 ἐμπόριον,
982 1163 1152 1200 δεικνύναι

120 1221 189 1263 τοῖς
219 1221 444 1272 ναυκλήροις,
475 1223 602 1270 γνῶναι
624 1219 658 1257 δὲ
697 1221 903 1270 Γαδειριτῶν
935 1220 984 1259 ὄν.
1011 1221 1151 1259 Τούτων

120 1277 186 1329 γὰρ
211 1277 287 1321 τοὺς
318 1280 378 1327 μὲν
402 1278 571 1329 ἐμπόρους
591 1278 725 1327 μεγάλα
750 1278 902 1315 στέλλειν
922 1280 1048 1325 πλοῖα,
1077 1279 1152 1322 τοὺς

120 1336 155 1372 δὲ
172 1336 321 1382 πένητας
336 1337 463 1387 μιαρὰ,
495 1337 516 1372 ἃ
545 1338 662 1373 καλεῖν
691 1334 834 1381 ἵππους,
856 1337 923 1374 ἀπὸ
941 1339 1007 1374 τῶν
1029 1339 1062 1374 ἓν
1078 1343 1152 1380 ταῖς

100 1393 273 1445 ’πρῴραις
299 1394 491 1439 ἐπισήμων·
511 1395 649 1436 τούτους
671 1394 705 1431 δὲ
731 1396 827 1431 πλεῖν
849 1394 951 1445 μέχρι
970 1399 1028 1432 τοῦ
1048 1395 1151 1439 Αίξου

119 1455 278 1500 ποταμοῦ
293 1452 370 1502 περὶ
387 1451 448 1497 τὴν
464 1453 689 1503 Μαυρουσίαν
705 1452 942 1500 ἇλιευομένους
954 1467 961 1475 ·
979 1454 1066 1489 ἀλλὰ
1083 1456 1150 1490 τῶν

119 1508 159 1554 δὴ
181 1510 382 1560 ναυκλήρων
400 1508 493 1550 τινὰς
512 1510 675 1560 γνωρίσαι
695 1509 733 1546 τὸ
750 1509 970 1560 ἀκρόπρῳρον
992 1510 1062 1552 ἑνὸς
1084 1513 1151 1547 τῶν

118 1566 185 1603 ἀπὸ
206 1570 263 1602 Οαῧ
292 1567 395 1610 Λίξου
421 1570 578 1616 ποταμοῦ
607 1566 821 1617 πορρώτερον
846 1568 1065 1604 πλευσάντων
1092 1568 1150 1605 καὶ

118 1623 167 1672 μὴ
189 1624 364 1662 σωθέντων
382 1624 547 1675 ὑπάρξαν.
570 1624 634 1662 Ἐκ
649 1624 682 1661 ’δὲ
707 1624 825 1661 τούτου
855 1625 1076 1673 συμέαλόντα
1093 1626 1149 1662 τὸν

118 1682 284 1729 Εὔδοξον,
303 1685 347 1725 ὡς
367 1683 507 1725 δυνατὸς
527 1683 578 1728 εἴη
603 1686 619 1719 ὁ
645 1682 828 1733 περίπλους
851 1686 867 1719 ὁ
896 1682 1064 1729 Λιίῖυκὸς,
1084 1698 1150 1719 πο-

118 1741 277 1791 ρευθέντα
289 1740 404 1778 οἴκαδε
421 1741 481 1785 τὴν
500 1741 616 1777 οὐσίαν
629 1740 804 1789 ἐνθέμενον
820 1747 934 1777 πᾶσαν
951 1740 1148 1791 ἐξορμῆσαι.

119 1798 192 1836 Καὶ
213 1801 346 1849 πρῶτον
368 1798 428 1848 μὲν
447 1800 491 1840 εἷς
511 1798 758 1849 Δικαιαρχίαν,
778 1793 841 1834 εἶτ’
862 1801 908 1840 εἰς
938 1798 1148 1836 Μασσαλίαν

117 1858 238 1904 ἐλθεῖν,
260 1857 318 1893 καὶ
343 1856 403 1901 τὴν
430 1856 503 1902 ἑξῆς
522 1857 696 1906 παραλίαν
719 1857 821 1907 μέχρι
852 1857 1038 1907 Γαδείρων,
1064 1871 1148 1893 παν·

115 1967 247 2005 l'alsum‚
266 1969 420 2006 Euergeta
434 1966 587 2006 quidquid
602 1968 674 1997 navi
690 1966 862 1997 advexerat
877 1967 1047 1997 adimente.
1065 1967 1147 1997 Mor-

114 2021 170 2050 tuo
185 2021 339 2058 Euergeta
351 2043 360 2057 ‚
378 2027 512 2048 uxorem
533 2019 599 2057 ejus
614 2019 814 2058 Cleopatram
839 2027 971 2057 regnum
990 2017 1145 2055 tenuisse,

116 2080 305 2111 rursumque
318 2071 357 2103 ab
370 2071 427 2101 liae
440 2071 570 2101 missum
588 2071 754 2106 Eudoxum
769 2070 886 2108 majore
896 2079 969 2102 curn
981 2071 1145 2109 apparatu,

114 2124 147 2157 in
161 2117 378 2154 redituventis
390 2130 483 2161 supra
498 2122 686 2161 AEthiopiam
700 2122 794 2152 fuisse
806 2122 946 2156 delatum
960 2134 966 2151 :
980 2121 1033 2151 ubi
1047 2129 1146 2160 quum

114 2174 155 2208 ad
168 2174 313 2214 quaedam
328 2175 397 2204 loca
410 2173 600 2212 appulisset,
616 2174 737 2203 animos
750 2173 954 2203 incolentium
968 2172 1024 2203 sibi
1039 2172 1146 2202 conci-

115 2226 205 2257 liasse
229 2226 395 2263 frumenti,
414 2225 478 2255 vini
502 2226 533 2256 et
555 2226 731 2256 caricarum
756 2225 936 2265 largitione,
962 2224 1078 2263 quibus
1101 2223 1147 2254 illi

115 2278 281 2316 carebant,
308 2278 348 2308 ab
373 2277 475 2316 iisque
496 2279 605 2308 contra
629 2286 744 2316 aquam
769 2279 801 2308 et
825 2277 1030 2316 navigationis
1051 2276 1147 2307 duces

115 2329 292 2368 accepisse,
315 2330 346 2360 et
368 2328 523 2359 voeabula
550 2329 698 2368 quaedam
724 2329 932 2368 descripsisse.
977 2330 1146 2367 Quumque

115 2380 283 2413 invenisset
296 2380 428 2419 ligneam
442 2380 658 2410 summitatem
673 2389 772 2419 prorae
785 2389 802 2410 e
815 2379 978 2419 naufragio
992 2379 1145 2418 supersti-

114 2435 192 2470 tem,
206 2441 352 2472 equoque
365 2432 518 2472 insculpto
532 2432 696 2472 insignem,
711 2433 805 2472 idque
819 2433 981 2471 cujusdam
997 2432 1086 2463 navis
1104 2433 1144 2462 ab

116 2493 228 2516 occasu
257 2483 382 2513 advecti
410 2484 609 2522 naufragium
637 2492 703 2514 esse
730 2484 952 2521 inaudivisset,
978 2492 1086 2514 secum
1114 2483 1144 2514 in

117 2535 218 2565 reditu
236 2534 402 2573 detulisse,
418 2534 606 2573 salvumque
620 2534 650 2564 in
665 2536 833 2573 AEgyptum
847 2534 973 2565 rediisse
988 2544 996 2564 ;
1014 2534 1065 2564 ubi
1081 2534 1145 2565 tilio

111 2583 177 2620 jam
202 2583 378 2620 Cleopatra·
400 2582 533 2612 suffecto
558 2583 588 2612 in
618 2592 765 2622 reguum,
783 2584 887 2615 denuo
910 2586 1056 2620 omnibus
1078 2597 1150 2627 spo-

114 2633 225 2667 liatum
251 2633 345 2664 fuisse
357 2656 365 2670 ,
381 2635 545 2672 comperto
560 2635 662 2664 multa
683 2635 786 2674 ipsum
805 2636 1028 2669 intervertisse.
1047 2640 1152 2673 Prosae

115 2687 222 2715 autem
237 2686 449 2717 summitatem
467 2685 506 2715 ab
521 2686 585 2724 ipso
600 2686 629 2716 in
643 2687 818 2725 emporium
835 2686 970 2718 delatam
985 2711 994 2724 ,
1014 2688 1141 2718 naucle-

115 2739 220 2776 risque
233 2738 403 2768 exhibitam
415 2750 422 2777 ;
439 2738 594 2777 fuisseque
607 2739 646 2768 al»
661 2739 708 2769 liis
721 2738 885 2776 edoctum,
901 2738 1065 2770 Gaditanae
1078 2748 1145 2770 esse

116 2790 148 2821 id
164 2791 253 2821 navis
271 2800 278 2820 :
294 2799 366 2821 nam
386 2790 615 2822 Gaditanorum
633 2793 821 2822 mercatores
835 2791 1011 2829 ingentibus
1025 2791 1070 2822 uti
1091 2801 1142 2822 na-

113 2843 224 2881 vibus,
246 2852 398 2882 pauperes
413 2844 532 2882 parvis,
551 2852 629 2883 quas
643 2852 742 2882 equos
764 2844 921 2883 appellent
940 2852 959 2874 a
976 2852 1079 2882 prorae
1097 2845 1143 2875 in-

113 2894 253 2932 signibus
264 2918 272 2931 ,
287 2893 386 2932 iisque
398 2903 450 2924 eos
464 2895 598 2932 piscandi
613 2895 712 2933 gratia
727 2903 825 2933 usque
838 2894 878 2924 ad
892 2894 1005 2925 Lixum
1017 2904 1141 2926 amnem

113 2945 198 2975 circa
211 2944 402 2975 Maur-usiam
418 2946 564 2983 navigare
578 2959 584 2975 :
604 2950 698 2984 atque
714 2946 792 2976 adeo
806 2946 959 2985 quosdam
975 2947 1141 2977 nauclero-

113 3005 185 3026 rum
195 2996 355 3034 agnovisse
369 2997 485 3034 iignum
499 2997 575 3026 illud
588 2997 679 3027 unius
691 3006 800 3027 eorum
814 2997 908 3027 fuisse
921 3021 928 3033 ,
943 2997 997 3036 qui
1010 2998 1142 3027 ulterius

112 3056 130 3077 a
146 3047 225 3078 Lixo
247 3046 344 3077 fluvio
367 3048 569 3085 navigarant,
590 3056 691 3086 neque
714 3049 826 3078 reversi
847 3050 981 3079 fuerant.
1028 3050 1072 3078 Ex
1096 3049 1143 3079 liis

112 3098 284 3129 Eudoxum
303 3098 479 3137 collegisse,
502 3107 589 3137 posse
613 3098 740 3136 Libyam
764 3098 886 3135 navigio
903 3099 1060 3130 circumiri
1078 3112 1083 3129 :
1102 3100 1143 3130 ita

112 3150 242 3181 domum
258 3151 439 3187 revertisse,
454 3149 663 3188 omnibusque
679 3150 743 3179 suis
765 3150 968 3181 facultatibus
991 3151 1143 3190 impositis

112 3201 342 3239 navigationem
369 3200 558 3237 instituisse,
584 3201 615 3230 et
637 3201 773 3238 primum
801 3201 1023 3231 Dicaearchiam
1036 3225 1043 3238 ‚
1070 3203 1142 3233 inde

114 3253 302 3289 Massiliam,
318 3260 354 3281 ae
372 3252 490 3290 reliqua
507 3251 619 3282 ‹li-inde
632 3260 687 3281 ora
704 3251 859 3281 maritima
880 3252 1023 3290 navigata
1040 3254 1142 3283 Gades

115 3314 162 3342 pei
175 3304 290 3334 venisse
324 3303 446 3340 Uliique
464 3304 568 3332 :iuti-m
583 3302 742 3338 divulgato
757 3302 916 3339 indilato,
934 3312 997 3332 rem
1015 3303 1140 3343 serisso,

903 150 1159 189 PoslnoNlt
1188 134 1497 189 APAMENSIS'

1216 239 1323 287 ταχοῦ
1344 236 1378 273 δὲ
1408 236 1702 280 διακωδωνίζοντα
1725 239 1832 274 ταῦτα
1865 238 1923 275 καὶ
1946 241 2245 290 χρηματιζόμενον

1216 294 1543 331 κατασκευάσασθαι
1558 294 1676 352 πλοΞον
1697 294 1786 344 μέγα
1800 295 1857 331 καὶ
1872 296 2013 347 ἐφόλκια
2027 295 2086 334 δύο
2105 299 2244 348 λέμὸοις

1214 354 1409 404 λῃστρικοῖς
1438 351 1560 400 ὅμοια,
1591 351 1669 402 [οἱς]
1699 351 1958 400 ἐμὸιῦοίσασθαι
1987 355 2135 402 μουσικὰ
2163 372 2244 393 παι-

1216 409 1375 459 δισκάρια
1391 409 1450 446 καὶ
1466 408 1601 460 ἰατροὺς
1614 408 1672 445 καὶ
1688 409 1811 451 ἄλλους
1823 410 1999 460 τεχνίτας,
2014 411 2135 449 ἔπειτα
2148 415 2245 450 πλεῖν

1215 467 1271 503 ἐπὶ
1290 467 1352 511 τὴν
1369 465 1516 512 Ἰνδικὴν
1533 466 1701 518 μετέωρον
1721 466 1872 519 ζεφύροις
1892 468 2062 519 συνεχέσι.
2083 471 2245 520 Καμνόν·

1213 542 1280 563 των
1300 526 1334 563 δὲ
1355 528 1404 577 τῷ
1424 526 1500 577 πλῷ
1519 528 1585 562 τῶν
1603 525 1784 573 συνόντων,
1806 526 1932 564 ἄκοντα
1959 529 2137 580 ἐπουρίσαι
2163 530 2246 580 πρὸς

1213 587 1288 633 γῆν,
1312 583 1487 620 δεδοικότα
1514 582 1575 625 τὰς
1597 583 1843 635 πλημμυρίδας
1874 584 1933 621 καὶ
1958 584 2017 627 τὰς
2054 587 2241 635 ἀμπώτεις.

1216 642 1286 680 Καὶ
1309 641 1350 687 δὴ
1375 641 1433 678 καὶ
1457 641 1633 690 συμὸἧναι
1658 640 1741 691 ὅπερ
1772 641 1910 679 ἐδεδίει·
1940 643 2080 680 καθίσαι
2113 644 2179 695 γὰρ
2208 646 2246 682 τὸ

1213 700 1347 748 πλοῖον,
1371 701 1485 749 ἡσυχῇ
1505 698 1561 748 δὲ,
1577 698 1666 735 ὥστε
1684 700 1766 747 μηδ’
1781 702 1902 750 ἀθροῦν
1917 701 2137 747 διαλυθῆναι,
2155 704 2244 739 ἀλλὰ

1213 760 1336 808 φθῆναι
1359 756 1401 793 τὰ
1421 756 1541 807 φορτία
1567 756 1717 794 σωθέντα
1738 759 1784 799 εἷς
1803 760 1867 807 γῆν
1891 758 1950 795 καὶ
1974 761 2041 796 τῶν
2069 759 2176 802 ξύλων
2201 760 2245 798 τὰ

1212 816 1376 852 πλεῖστα·
1403 814 1435 858 ἐξ
1461 809 1507 851 ὧν
1534 814 1644 865 τρίτον
1669 813 1797 862 λέμὸον
1824 815 2090 865 συμπηξοίμενον
2116 833 2247 864 πεντη-

1213 872 1362 923 κοντόρῳ
1392 871 1539 923 πάρισον
1567 872 1678 918 πλεῖν,
1710 872 1771 915 ἕως
1805 873 1994 924 ἀνθρώποις
2022 874 2177 924 συνέμιξε
2203 875 2245 912 τὰ

1214 930 1301 966 αὐτὰ
1338 929 1479 981 ῥήματα
1515 929 1770 982 φθεγγομένοις,
1803 931 1890 982 ἅπερ
1923 931 2087 983 πρότερον
2117 933 2245 982 ἀπογέ-

1212 1003 1385 1040 γραπται·
1412 987 1485 1036 ἅμα
1504 986 1539 1024 δὲ
1559 986 1658 1024 τοῦτό
1675 1003 1715 1038 γε
1741 989 1888 1038 γνῶναι,
1909 989 1960 1026 ὅτι
1987 1005 2023 1026 τε
2048 991 2079 1026 οἱ
2101 991 2246 1028 ἐνταῦθα

1213 1046 1386 1096 ἄνθρωποι
1413 1048 1582 1094 ὁμοεθνεῖς
1601 1039 1666 1081 εἷεν
1684 1050 1752 1088 τοῖς
1767 1045 1927 1098 Αἰθίοψιν
1947 1046 2103 1093 ἐκείνοις,
2121 1048 2181 1084 καὶ
2195 1047 2246 1086 ὅτι

1212 1106 1367 1155 ὑμοροῖεν
1387 1105 1430 1154 τῇ
1460 1102 1571 1153 Βόγου
1594 1103 1764 1155 βασιλείᾳ.
1786 1103 1928 1156 Ἇφέντα
1949 1104 1989 1149 δὴ
2012 1104 2068 1141 τὸν
2095 1105 2152 1142 ἐπὶ
2178 1105 2246 1144 Ἰν-

1211 1162 1288 1205 δοὺς
1323 1163 1430 1199 πλοῦν
1461 1160 1695 1213 ἀναστρέφειν·
1728 1163 1761 1198 ἐν
1795 1162 1830 1200 δὲ
1859 1165 1908 1213 τῷ
1942 1163 2117 1215 παράπλῳ
2143 1166 2244 1209 νῆσον

1212 1220 1350 1271 εὔυδρον
1377 1220 1436 1257 καὶ
1466 1219 1640 1270 εὔδενδρον
1669 1218 1800 1270 ἐρήμην
1826 1220 1940 1258 ἰδόντα
1967 1221 2242 1271 σημειώσασθαι.

1214 1278 1374 1315 Σωθέντα
1395 1276 1430 1314 δὲ
1449 1278 1494 1320 εἷς
1510 1275 1571 1322 τὴν
1591 1277 1835 1328 Μαυρουσίαν,
1850 1278 2047 1328 διαθέμενον
2072 1279 2149 1321 τοὺς
2165 1279 2246 1329 λέμ-

1213 1335 1291 1378 &oue
1307 1338 1393 1386 πεζῇῗι
1408 1337 1613 1384 κομισθῆναι
1627 1335 1710 1386 πρὸς
1729 1335 1786 1372 τὸν
1802 1337 1909 1385 Βόγον
1924 1335 1982 1374 καὶ
1999 1336 2244 1386 συμὸουλεύειν

1212 1395 1306 1445 αὐτῷ
1338 1392 1398 1439 τὴν
1435 1393 1638 1431 ναυστολίαν
1671 1393 1896 1430 ἐπανελέσθαι
1927 1392 2072 1443 ταύτην,
2104 1396 2246 1444 ἰσχῦσαι

1212 1452 1241 1488 δ’
1274 1453 1319 1494 εἷς
1347 1450 1511 1488 τάναντία
1539 1450 1615 1493 τοὺς
1644 1450 1758 1502 φίλους
1785 1450 2023 1494 ὑποτείνοντας
2051 1451 2167 1503 φόὸον,
2195 1451 2243 1500 μὴ

1212 1509 1329 1561 συμὸᾕ
1350 1509 1411 1555 τὴν
1438 1508 1555 1560 χώραν
1573 1508 1853 1546 εὐεπιὸούλευτον
1867 1509 2040 1558 γενέσθαι,
2055 1510 2245 1560 δειχθείσης

1211 1569 1361 1619 παρόδου
1391 1570 1460 1610 τοῖς
1488 1568 1606 1612 ἔξωθεν
1639 1567 1893 1619 ἐπιστρατεύειν
1923 1568 2188 1612 ἔθέλουσιν.“Ως
2215 1569 2245 1606 δ’

1211 1627 1352 1663 ἐπύθετο
1376 1625 1467 1676 λόγῳ
1493 1625 1553 1672 μὲν
1572 1626 1795 1674 πεμπόμενον
1824 1626 1942 1663 ἑαυτὸν
1978 1627 2034 1664 ἐπὶ
2068 1625 2129 1671 τὴν
2160 1628 2242 1663 ἀνα-

1211 1684 1403 1735 δειχθεῒσαν
1444 1682 1668 1729 ναυστολίαν,
1710 1681 1798 1735 ἔργῳ
1827 1684 1856 1720 δ’
1889 1683 2155 1734 ἐκτεθησόμενον
2196 1686 2243 1727 εἷς

1211 1741 1342 1791 ἐρήμην
1371 1740 1448 1778 τινὰ
1474 1744 1590 1790 νῆσον,
1610 1741 1725 1791 φυγεῖν
1748 1742 1794 1783 εἰς
1814 1740 1874 1786 τὴν
1893 1741 2078 1790 <Ρωμαίων
2103 1742 2243 1793 ἐπικρά-

1211 1814 1319 1845 τειαν,
1343 1800 1499 1835 κάκεῖθεν
1520 1800 1566 1841 εἷς
1585 1797 1646 1843 τὴν
1671 1797 1827 1849 Ἰὸηρίαν
1851 1801 1978 1850 διᾶραι.
1996 1799 2106 1836 Πάλιν
2127 1799 2161 1836 δὲ
2184 1815 2243 1836 κα-

1210 1856 1513 1906 τασκευασάμενον
1535 1855 1741 1906 στρόγγυλον
1762 1858 1880 1893 πλοῖον
1900 1856 1959 1894 καὶ
1975 1857 2106 1908 μακρὸν
2122 1872 2242 1904 πεντη-

1209 1974 1385 2004 magnaque
1404 1965 1477 1995 navi
1497 1966 1700 2004 comparata,
1721 1965 1752 1995 et
1778 1965 1902 1996 duabus
1920 1965 2043 2005 scaphis
2061 1966 2241 1997 lemborum

1209 2018 1412 2056 piraticorum
1429 2018 1600 2053 similibus,
1620 2017 1774 2058 impositis
1786 2018 1891 2057 pueris
1905 2018 2155 2058 symphoniacis,
2173 2027 2240 2050 me-

1207 2070 1304 2108 dicis,
1326 2070 1457 2109 aliisque
1473 2070 1665 2108 artificibus,
1685 2069 1806 2101 Indiam
1825 2078 1934 2101 versus
1958 2079 2013 2110 per
2034 2071 2134 2101 altum
2151 2072 2240 2101 navi-

1207 2130 1312 2160 gasse,
1339 2121 1528 2152 subvectum
1557 2119 1790 2152 continentibus
1810 2121 1965 2152 Favoniis.
1989 2122 2030 2152 Iis
2054 2123 2162 2152 autem
2185 2122 2240 2161 qui

1208 2180 1268 2202 una
1280 2172 1476 2203 vellebantur
1489 2181 1530 2203 ex
1544 2172 1743 2211 navigatione
1758 2172 1885 2203 defessis
1894 2195 1903 2210 ‚
1918 2171 2052 2203 invitum
2069 2171 2107 2203 ad
2121 2174 2238 2203 terram

1206 2224 1344 2255 secundo
1361 2225 1456 2255 vento
1473 2224 1647 2263 appulisse,
1665 2225 1858 2254 metuentem
1875 2223 1935 2254 sibi
1951 2233 1968 2254 a
1988 2223 2084 2254 maris
2100 2225 2237 2254 aestuum

1206 2276 1346 2315 vicibus;
1361 2278 1391 2307 et
1406 2276 1544 2307 evenisse
1560 2276 1591 2306 id
1605 2275 1690 2315 quod
1704 2277 1860 2306 metuerat
1873 2288 1880 2306 ι
1897 2275 2074 2307 subsedisse
2088 2277 2171 2307 enim
2185 2284 2237 2306 na-

1207 2328 1290 2365 vim,
1310 2328 1423 2358 seusim
1447 2329 1571 2365 tamen,
1598 2336 1701 2366 neque
1718 2326 1823 2357 subito
1848 2327 1943 2357 fuisse
1962 2327 2120 2365 solutam,
2137 2327 2190 2358 sed
2207 2329 2238 2358 et

1207 2387 1324 2409 merces
1337 2379 1421 2418 prius
1430 2402 1438 2415 ,
1449 2380 1481 2409 et
1492 2379 1648 2417 lignorum
1662 2378 1775 2409 deinde
1785 2378 1937 2416 majorem
1948 2380 2068 2417 partem
2079 2380 2110 2409 in
2123 2382 2237 2410 terram

1207 2428 1299 2460 fuisse
1312 2431 1460 2468 egestam.
1477 2429 1599 2467 Quibus
1611 2438 1684 2460 eum
1701 2438 1718 2459 e
1728 2429 1818 2468 lignis
1828 2429 1958 2459 tertium
1973 2429 2143 2461 confecisse
2159 2430 2237 2461 lem-

1206 2481 1300 2520 bum,
1320 2482 1486 2512 assimilem
1501 2481 1728 2520 quinquaginta
1745 2490 1904 2511 remorum
1919 2481 1990 2511 navi
2005 2505 2013 2520 ,
2028 2483 2059 2512 et
2076 2482 2237 2521 navigasse

1207 2542 1305 2572 usque
1321 2533 1361 2564 ad
1376 2542 1429 2564 eos
1444 2534 1604 2571 homines,
1619 2533 1672 2572 qui
1685 2542 1829 2565 sermone
1843 2535 2009 2565 uterentur
2021 2535 2149 2574 qualem
2163 2538 2236 2566 ante

1206 2586 1316 2616 litteris
1340 2585 1380 2616 ab
1405 2594 1442 2616 eo
1468 2586 1562 2617 fuisse
1588 2585 1807 2624 consignatum
1830 2586 2022 2618 retulimus:
2040 2587 2125 2627 quod
2141 2588 2234 2619 simul

1204 2636 1353 2674 senserit,
1370 2636 1463 2667 simul
1480 2637 1573 2667 etiam
1595 2636 1760 2667 certiorem
1783 2645 1816 2668 se
1836 2638 1953 2668 factum
1966 2661 1975 2676 ‚
2013 2638 2070 2668 lios
2094 2637 2234 2676 eiusdem

1205 2696 1277 2718 cum
1291 2688 1352 2718 illis
1364 2687 1561 2726 AEtliiopibus
1573 2687 1674 2726 gentis
1686 2696 1751 2718 esse
1760 2711 1769 2725 ,
1783 2689 1815 2719 et
1827 2697 1893 2719 esse
1906 2688 2026 2719 vicinos
2040 2689 2113 2728 Bogi
2127 2698 2232 2728 regno.

1205 2738 1281 2769 Inde
1295 2738 1408 2769 omissa
1423 2738 1463 2769 ad
1481 2738 1573 2769 indos
1588 2738 1786 2777 navigatione
1805 2747 1878 2769 eum
1893 2739 2057 2770 revertisse
2067 2763 2075 2778 ,
2089 2739 2235 2780 interque

1204 2789 1416 2828 navigandum
1437 2792 1603 2821 annotasse
1624 2789 1759 2820 insulam
1778 2789 1954 2828 desertam,
1974 2798 2069 2829 quam
2095 2799 2177 2829 aqua
2201 2792 2234 2822 et

1203 2841 1368 2872 arboribus
1375 2840 1454 2870 bene
1463 2840 1648 2871 instructam
1658 2840 1795 2871 vidisset.
1806 2841 1992 2880 Hincquum
2002 2840 2031 2871 in
2041 2842 2232 2872 Maurusiam

1204 2893 1369 2923 incolumis
1388 2893 1596 2932 pervenisset,
1619 2892 1788 2923 divenditis
1807 2893 1936 2931 lembis,
1958 2894 2097 2924 terrestri
2122 2893 2233 2924 itincre

1203 2944 1241 2974 ad
1256 2946 1374 2982 Bogum
1392 2944 1483 2973 ivisse
1495 2966 1503 2980 ,
1517 2944 1608 2982 eique
1626 2943 1832 2982 suscipiendae
1845 2943 1939 2982 hujus
1952 2943 2157 2983 navigationis
2174 2952 2231 2974 an-

1203 2997 1321 3026 ctorem
1347 2995 1439 3026 fuisse
1455 3008 1461 3025 ε
1480 2995 1590 3025 vicisse
1606 2996 1712 3026 tamen
1728 2996 1915 3026 sententiam
1930 2996 2130 3026 familiarium
2145 3019 2152 3033 ‚
2177 2996 2231 3035 qui

1202 3047 1372 3077 monebant
1383 3045 1589 3078 metuendum
1601 3055 1667 3077 esse
1679 3055 1718 3077 ne
1730 3046 1807 3077 ditio
1821 3047 1890 3076 haee
1904 3046 1946 3076 ita
1960 3046 2079 3077 insidiis
2093 3046 2228 3076 aliorum

1201 3099 1376 3136 opportuna
1392 3096 1553 3134 reddatur,
1565 3098 1812 3127 commonstrato
1825 3096 1910 3127 aditu
1923 3096 1959 3127 iis
1969 3097 2022 3135 qui
2036 3097 2230 3127 extrinsecus

1202 3148 1318 3178 bellum
1344 3147 1457 3178 inferre
1475 3147 1601 3178 vellent.
1620 3149 1730 3186 ltaque
1749 3156 1799 3185 se,
1819 3155 1918 3185 quum
1942 3146 2065 3177 audiret
2079 3147 2182 3177 verbis
2197 3156 2230 3178 se

1201 3200 1239 3229 ad
1257 3207 1326 3229 eam
1344 3198 1492 3229 destinari
1511 3197 1762 3237 navigationem,
1784 3199 1925 3228 futurum
1945 3200 2051 3228 autem
2073 3199 2108 3228 ut
2128 3198 2157 3228 in
2177 3197 2229 3228 de·

1201 3253 1315 3281 sertam
1335 3251 1472 3289 aliquam
1495 3251 1706 3289 exponeretur
1723 3250 1874 3287 insulam,
1897 3250 1926 3280 in
1949 3252 2161 3280 Rornanorum
2184 3249 2228 3279 ef-

1202 3304 1312 3341 fugisse
1338 3303 1551 3342 provinciam,
1570 3303 1704 3341 indespie
1722 3303 1751 3333 in
1772 3302 1908 3334 lberiatn
1931 3303 2100 3341 navigasse.
2145 3303 2226 3332 Tun]
