2338 3765
391 117 811 210 NICOLA
826 124 891 207 U
899 120 954 208 S
1012 115 1788 207 DAMASCENUS.

95 386 224 423 Suidas
243 399 251 419 ε
274 382 444 424 Νικόλαος
460 381 710 431 Δαμασκηνὸς,
732 379 900 430 γνώριμος
921 377 1078 430 ἹΙρώδου

44 460 104 482 του
121 459 186 481 των
202 440 375 480 Ἰουδαίων
394 439 576 490 βασιλέως,
589 455 647 476 και
667 438 866 487 Αὐγούστου
892 436 1079 488 Καίσαρος,

45 501 226 554 φιλόσοφος
258 501 308 537 Πε
296 512 533 549 εριπατητικος
558 495 580 541 ἢ
601 496 680 546 [καὶ
702 498 775 532 Cor
778 509 836 543 ay.
851 496 864 544 ]
897 495 1078 532 Πλατωνι-

44 560 118 606 κὸς,
144 559 290 610 ἔγραψεν
319 556 489 606 Ἱστορίαν
520 553 705 599 καθολικὴν
732 556 765 591 ἐν
793 553 935 604 βιὸλίοις
954 551 1081 601 ὀγδοή-

45 632 149 657 κοντα
166 616 222 666 (ι),
237 630 296 653 και
313 630 370 652 του
389 613 480 664 [βίου
500 615 509 665 (
521 613 574 663 2)]
600 612 772 663 Καίσαρος
791 610 945 661 ἀγωγήν.
962 608 1081 652 Ουτως

46 677 74 714 δ’
94 675 278 722 ἠσπάσατο
303 673 403 711 αὐτὸν
427 675 581 722 Καῖσαρ,
603 674 647 713 ὡς
668 670 744 714 τοὺς
764 672 821 709 ὑπ’
839 672 969 709 ἐκείνου
989 684 1080 716 πεμ-

49 734 212 784 πομένους
227 735 442 774 πλακοῦντας
459 732 500 781 (3)
525 730 715 773 Νικολάους
729 731 834 767 αὐτὸν
860 730 990 768 καλεῖν.
1012 728 1082 766 Καὶ

86 843 228 884 (1)Ὀγδ
239 843 281 879 οή
293 853 356 873 κον
367 840 428 881 τα]
444 843 509 871 Iloc
520 840 631 871 falsum
643 844 700 871 est.
714 840 794 871 Vide
807 840 886 870 infra
911 857 951 862 —
965 839 1008 878 (2)
1022 841 1080 870 Vo-

46 900 114 921 ceni
142 891 209 930 βίου
236 889 426 926 tollendam,
446 888 511 918 sive
534 896 588 926 per
614 886 905 926 interpretationem
938 886 1003 916 sive
1027 894 1082 924 per

47 937 246 967 librariorum
267 934 408 965 fraudem
435 934 611 971 invectam,
636 934 742 963 censet
770 932 998 970 Bernhardyus.
1026 935 1081 962 As·

47 984 175 1014 sentior.
202 981 334 1020 Scripsit
356 989 430 1011 sane
452 979 600 1011 Nicolaus
623 988 686 1009 non
709 979 803 1009 modo
822 978 861 1009 de
887 978 1083 1009 institutione

47 1029 179 1060 Caesaris
197 1027 360 1067 (ἀγωγῇ),
386 1025 439 1057 sed
469 1025 564 1056 etiam
589 1024 627 1055 de
645 1025 739 1056 rebus
758 1033 836 1064 quas
853 1033 947 1062 regno
965 1025 1083 1063 potitus

47 1077 154 1106 Caesar
168 1075 199 1105 in
213 1077 283 1113 toga
297 1082 334 1104 ac
346 1081 419 1111 sago
437 1072 564 1110 gesserit
578 1071 628 1110 (v.
650 1071 688 1102 fr.
710 1075 763 1101 101
781 1079 848 1109 cap.
867 1072 967 1107 XIX).
988 1073 1082 1101 Porro

49 1122 222 1159 fragmento
249 1124 299 1151 ¹01
329 1119 538 1150 subscribitur
564 1131 570 1149 z
595 1118 687 1153 Τέλος
714 1121 766 1148 τοῦ
796 1118 886 1158 βίου
915 1117 1080 1156 Καίσαρος.

49 1167 129 1198 Hinc
154 1168 247 1207 igitur
274 1166 374 1205 colligi
398 1165 494 1204 possit
519 1164 676 1203 scripsisse
693 1164 819 1194 Suidam
839 1172 847 1194 ¹.
869 1165 927 1194 Καὶ
945 1164 996 1193 τὸν
1017 1164 1082 1203 βίον

51 1214 206 1253 Καίσαρος
219 1214 270 1243 καὶ
285 1214 338 1249 τὴν
353 1212 489 1251 ἀγωγήν,
501 1211 591 1241 sicuti
604 1211 707 1249 paullo
720 1212 787 1248 post
798 1210 906 1240 scribit
922 1222 929 1239 ι
944 1210 1016 1249 Περὶ
1028 1213 1081 1240 τοῦ

50 1261 128 1291 ἰδίου
147 1260 216 1300 βίου
235 1261 286 1290 καὶ
300 1263 353 1295 τῆς
368 1260 477 1288 ἑαυτοῦ
495 1258 627 1296 ἀγωγῆς.
647 1257 707 1287 Sed
721 1256 841 1295 longius
859 1257 918 1286 hoc
933 1264 950 1286 a
964 1256 1084 1286 traditis

50 1306 179 1337 recedit.
203 1308 270 1336 lnio
292 1305 403 1336 Suidas
418 1304 547 1334 titulum
564 1303 634 1333 libri
652 1312 770 1342 ponens
786 1304 940 1342 Καίσαρος
957 1302 1082 1340 ἀγωγή,

50 1361 107 1392 pro
126 1352 280 1391 Καίσαρος
298 1351 380 1391 βίος,
401 1350 557 1380 commisit
582 1348 668 1388 quod
683 1350 730 1379 est
746 1349 914 1388 saepissinie
935 1350 1082 1379 commis-

50 1408 140 1436 snm;
164 1407 277 1436 nempe
305 1397 414 1436 primae
434 1395 531 1435 partis
552 1395 785 1434 inscriptionem
806 1404 861 1434 pro
884 1395 1085 1433 inscriptione

51 1445 149 1476 totius
172 1445 275 1484 operis
303 1443 422 1474 attulit.
453 1445 632 1481 Utramque
657 1442 890 1480 inscriptionem
917 1442 1084 1472 conflatam

52 1491 147 1522 habes
167 1491 197 1521 in
214 1492 313 1521 altero
329 1490 423 1521 titulo
444 1502 451 1520 :
469 1490 541 1529 Περὶ
564 1492 619 1519 τοῦ
636 1488 713 1519 ἰδίου
729 1489 798 1528 βίου
821 1490 887 1519 κτλ.
909 1506 945 1510 —-
960 1489 1033 1518 Post
1052 1496 1083 1518 v.

52 1538 175 1576 ἀγωγὴν
199 1536 334 1567 Eudocia
357 1545 386 1575 p.
409 1539 467 1567 308
488 1545 494 1566 :
516 1536 665 1570 Φίλτατος
691 1535 824 1575 Καίσαρι
842 1535 1023 1574 Αὐγούστῳ.
1045 1551 1086 1556 -—

54 1584 97 1623 (3)
119 1582 399 1622 Πλακοῦντας]
429 1582 523 1620 vulgo
542 1581 702 1612 adduntur
727 1591 733 1611 :
760 1585 804 1621 τῷ
826 1582 974 1621 Καίσαρι,
992 1581 1085 1619 ἤγουν

56 1630 259 1669 μελιττούτας.
275 1629 437 1659 Glossema
453 1628 513 1658 hoc
528 1627 635 1658 deest
628 1636 660 1658 in
678 1627 799 1666 optimo
815 1627 922 1657 codice
936 1630 971 1657 Α.
992 1628 1036 1656 C4
1039 1628 1084 1656 te-

54 1685 123 1706 rum
137 1675 246 1706 eadem
261 1674 356 1704 habet
375 1674 548 1713 Hesychius
562 1674 661 1705 Miles.
678 1682 708 1713 p.
725 1676 775 1705 40.
792 1674 840 1704 Cf.
861 1674 991 1704 Photius
1006 1672 1084 1703 BibI

55 1722 125 1752 (od.
148 1724 231 1752 189:
248 1721 299 1755 Ἐξ
318 1721 353 1751 οὗ
379 1720 570 1759 (Νικολάου)
597 1722 648 1751 καὶ
669 1721 878 1751 πλακουντίων
901 1732 928 1750 τι
951 1725 974 1750 εἰ
979 1721 1028 1754 δος
1039 1720 1087 1755 ,ἂ

55 1769 200 1807 διέπεμπε
236 1767 385 1806 Καίσαρι,
418 1768 459 1801 εἰς
490 1768 578 1806 τιμὴν
613 1778 667 1796 του
696 1768 885 1805 δεξιουμένου
921 1768 1087 1802 Νικολάους

56 1815 72 1843 ὁ
85 1816 204 1852 Καῖσαρ
218 1813 372 1843 ἐκάλεσεν.
389 1813 547 1843 Palladius
562 1813 592 1842 in
605 1813 669 1843 Yit.
687 1813 815 1843 Abbatis
829 1813 973 1851 Apollon.
990 1816 1087 1844 [vico-

56 1861 128 1890 laos
150 1868 257 1898 paries
281 1861 450 1889 maximos
480 1860 588 1896 vocat,
615 1859 730 1889 citante
748 1859 883 1889 Casaub.
908 1859 947 1889 ad
974 1860 1086 1890 Athen.

57 1915 86 1945 p.
103 1910 175 1944 652,
192 1909 227 1935 Α.
250 1905 296 1935 Cf.
314 1904 539 1944 lsi4lor.0rigg.
555 1907 659 1942 XVII,
676 1907 723 1942 7‚1
744 1907 774 1935 et
791 1905 917 1936 Glossai·
945 1905 1026 1935 med.
1049 1905 1088 1935 la-

56 1953 112 1982 tin.
125 1961 150 1983 s.
166 1961 199 1982 v.
212 1953 317 1982 Panis
330 1951 498 1982 Nicolaus,
516 1951 699 1982 Enstathius
709 1951 746 1981 affl
760 1951 820 1982 O4l.
833 1963 865 1989 σ,
881 1961 910 1990 p.
930 1955 1017 1989 1834,
1028 1955 1065 1982 40
1080 1965 1086 1982 :

59 1999 116 2029 Καὶ
133 1998 202 2032 τοὺς
217 1997 385 2032 Νικολάους
404 1998 442 2027 τὰ
458 1998 634 2037 μηλίπηκτα
661 1998 695 2028 ἔκ
709 2009 786 2033 τινος
801 1999 966 2037 ὁμωνύμου
985 1999 1089 2038 ἀνδρὸς

57 2045 193 2085 εὑρόντος
209 2044 422 2083 παρακαλοῠσί
436 2055 511 2079 τινες
529 2045 589 2075 ἀπὸ
608 2045 822 2083 Ναυκρατίτου
842 2048 989 2083 σοφιστοῦ
1006 2046 1091 2084 ἕχον-

56 2102 103 2126 τες
112 2091 258 2130 ἀφορμήν.
271 2092 309 2121 At
322 2090 361 2121 4le
373 2091 521 2129 placentis
530 2091 749 2122 Nicolaisnthl
761 2091 847 2121 estin
861 2092 1024 2128 Athenae,
1037 2092 1090 2130 qui

59 2137 298 2169 N‘colainomen
307 2145 370 2167 non
378 2137 540 2176 placentis,
554 2137 605 2167 seil
621 2137 833 2176 palmularum
847 2137 1000 2168 fructibus
1015 2138 1091 2169 indi·

59 2186 126 2213 tum
140 2182 226 2218 dicit,
238 2182 323 2219 XIV,
338 2191 367 2221 p.
384 2186 456 2220 652,
469 2187 492 2212 Α
508 2196 514 2213 ι
529 2184 600 2222 Περὶ
614 2183 644 2213 δὲ
655 2187 715 2213 τῶν
727 2183 887 2213 Νικολάων
896 2185 1091 2223 καλουμένων

59 2230 201 2269 φοινίκων
212 2231 358 2259 τοσοῦτον
367 2230 436 2268 ὑμῖν
447 2230 541 2259 εἰπεῖν
555 2230 630 2269 ἐ’χω,
640 2233 699 2260 τῶν
711 2230 771 2260 ἀπὸ
779 2234 830 2266 τῆς
844 2230 949 2269 Συρίας
961 2242 1093 2271 καταγοι

60 2277 168 2316 μένων,
179 2276 223 2306 ὅτι
236 2275 346 2311 ταύτης
353 2278 404 2311 τῆς
412 2276 616 2315 προσηγορίας
623 2276 795 2312 ἠξιώθησαν
805 2277 864 2307 ὑπὸ
873 2280 926 2307 τοῦ
938 2278 1092 2308 &aaaron

61 2322 282 2362 αὐτοκράτορος
307 2320 422 2360 σφόδρα
438 2322 596 2361 χαίροντος
624 2325 668 2360 τῷ
687 2322 843 2361 βρώματι,
870 2323 1023 2354 Νικολάου
1039 2328 1093 2354 τοῦ

63 2369 271 2406 Δαμασκηνοῦ
283 2367 402 2407 ἑταίρου
417 2367 501 2402 ὄντος
517 2368 610 2407 αὐτῷ,
623 2369 674 2397 καὶ
689 2370 859 2407 πέμποντος
871 2369 1005 2405 φοίνικας
1021 2381 1092 2400 συν-

62 2416 152 2452 εχῶς.
170 2415 239 2444 Τῶν
256 2414 317 2443 ἀπὸ
336 2416 390 2443 τοῦ
411 2415 578 2453 περιπάτου
593 2414 617 2444 δ’
633 2415 675 2445 ὢν
693 2415 709 2444 ὁ
725 2415 874 2450 Νικόλαος
889 2416 939 2445 καὶ
957 2416 1093 2455 ἱστορίαν

63 2461 233 2500 συνέγραψε
249 2461 374 2497 πολλήν.
395 2460 582 2491 Plutarchus
595 2463 703 2500 Symp.
720 2463 807 2500 VIII,
824 2465 841 2492 4
861 2471 868 2492 z
888 2464 921 2492 1Ξί
936 2463 1008 2502 γὰρ,
1029 2464 1092 2493 ὠσ-

65 2515 119 2544 περ
139 2506 168 2535 ἐν
190 2506 282 2545 Συρίᾳ
299 2507 350 2536 καὶ
366 2506 395 2536 ἐν
414 2506 558 2545 Αἰγύπτῳ
581 2510 708 2547 παρεῖχε
727 2507 852 2546 (palma
872 2509 1022 2545 Gracia»)
1041 2511 1094 2546 τὴν

65 2552 193 2590 βάλανον
210 2553 277 2592 ὄψει
291 2564 322 2583 τε
340 2553 499 2592 Θεαμόιτων
515 2555 566 2583 καὶ
581 2554 742 2592 γλυκύτητι
759 2554 962 2593 τραγημάτων
974 2557 1095 2586 πάντων

63 2598 197 2635 ἥδιστον,
209 2600 264 2629 οὐκ
278 2600 313 2630 ἂν
325 2599 361 2637 ἦν
375 2600 475 2638 ἐ’-τερον
490 2601 573 2639 αὐτῷ
583 2601 797 2640 παραὸάλλειν.
808 2602 843 2631 ‘O
858 2605 930 2639 γοῦν
941 2603 1093 2641 βασιλεὺς,

64 2645 104 2678 ὥς
117 2655 220 2683 φασιν,
238 2645 401 2683 ἀγαπήσας
418 2646 617 2685 διαφερόντως
636 2657 687 2677 τον
705 2649 951 2685 Περιπατητικὸν
968 2649 1092 2687 φιλόσο-

65 2700 117 2728 φον
135 2691 287 2721 Νικόλαον
304 2692 415 2729 γλυκὺν
437 2692 510 2722 ὄντα
526 2695 569 2730 τῶ
585 2694 637 2728 ἦθε
625 2704 667 2730 ει,
691 2693 809 2731 ῥαδινον
824 2694 853 2723 δὲ
870 2698 913 2723 τῶ
937 2696 1025 2742 μήκει
1043 2699 1096 2725 τοῦ

65 2731 221 2770 σώματος,
237 2731 417 2761 διάπλεων
402 2733 432 2762 οὲ
447 2734 481 2763 τὸ
495 2733 660 2772 πρόσωπον
675 2733 954 2772 επιφοινίσσοντος
946 2736 1095 2775 ἐρυθήμα-

65 2787 132 2815 τος,
148 2777 202 2812 τὰς
219 2778 364 2831 μεγίστας
384 2779 435 2808 καὶ
458 2779 622 2813 κα))ίστας
644 2790 704 2809 των
727 2790 803 2818 φοινι
808 2791 863 2810 κοο
848 2780 985 2811 ραλοίνων
1006 2784 1096 2812 Νικο-

66 2822 153 2858 λάους
170 2823 329 2862 ὠνόμασε·
346 2825 397 2854 καὶ
425 2825 584 2864 μέχρι»νῡν
602 2826 697 2859 οὕτως
719 2826 930 2864 ὀνομάζονται,
953 2829 1027 2857 Haec
1044 2837 1099 2866 pel=

64 2867 182 2905 jocum.
203 2870 321 2900 PIInius
336 2872 374 2900 Il.
391 2872 426 2901 N.
442 2873 530 2908 XIII,
549 2873 595 2907 14,
611 2874 629 2901 9
652 2885 658 2901 -,
674 2873 829 2902 Siceiores
848 2874 883 2903 in
904 2873 964 2904 hoc
979 2882 1098 2912 qenere

68 2915 211 2952 Nic-olai,
228 2914 288 2945 sed
308 2915 537 2954 amplitudine.
554 2919 749 2956 proece‘puoe.
770 2919 860 2948 Plura
880 2928 910 2949 v.
930 2928 976 2958 ap.
994 2922 1099 2950 Meur-

67 2960 148 2990 sium
160 2960 198 2990 ad
214 2962 346 3000 Hesych.
365 2961 384 2991 I.
399 2962 418 2992 l.
430 2964 461 2992 et
476 2962 645 2993 Exercitat.
659 2963 730 2994 crit.
746 2965 785 3002 ΙΙ,
805 2969 856 3001 12;
874 2965 1098 3003 spanhemium

71 3008 116 3036 De
131 3015 189 3036 usu
204 3007 355 3038 numism.
371 3008 500 3040 Dissert.
518 3011 580 3047 lV;
601 3010 777 3040 Fabricium
794 3012 828 3041 Β.
845 3012 900 3041 Gr.
920 3013 975 3049 lIl,
990 3021 1019 3050 p.
1040 3016 1098 3043 :500

70 3053 120 3083 ed.
146 3053 233 3083 Harl.
261 3055 404 3093 corayus
429 3054 460 3085 in
481 3057 547 3086 not.
570 3056 608 3086 ad
628 3056 727 3086 Nicol.
746 3065 778 3095 p.
805 3062 876 3095 222,
894 3060 909 3087 4
928 3058 965 3088 ad
993 3058 1098 3089 suida}

73 3107 182 3129 vocem
198 3100 389 3135 πλακοῦντας
406 3102 537 3131 annotat
560 3102 627 3132 haee
655 3115 661 3132 :
687 3103 775 3133 Ἔστι
794 3103 883 3141 φάναι
898 3104 943 3134 ὅτι
966 3104 1099 3135 παλάθαι

74 3145 215 3183 φοινίκων
244 3145 323 3183 ἦσαν
349 3146 386 3176 τὰ
408 3147 589 3186 πεμπόμενα
611 3152 718 3187 σχῆμα
738 3149 865 3188 ἔχουσαι
887 3150 1098 3189 πλακούντων,

74 3191 134 3220 οἶαι
148 3192 200 3221 καὶ
216 3191 287 3231 παρ’
310 3193 381 3231 ἡμῖν
395 3193 454 3223 εἱσι
469 3197 519 3223 νῦν
533 3196 564 3225 αἱ
578 3198 639 3224 τῶν
656 3195 792 3234 ἰσχάδων
805 3195 950 3233 παλάθαι,
968 3207 1099 3236 προσεμ-

75 3239 166 3274 φερᾶς
188 3240 249 3272 τοῖς
276 3238 446 3269 πλακοῦσιν
463 3241 522 3270 ὑπὸ
546 3244 605 3271 τῶν
620 3245 761 3280 χωρικῶν
778 3242 1077 3281 κατασκευαζόμεναι
1090 3265 1097 3278 ,

1143 376 1296 426 διαμένει
1316 379 1414 414 τοῦτο
1439 377 1521 428 ἄχρι
1548 381 1608 424 τ’ἧς
1629 381 1791 430 σήμερον.
1819 378 1975 432 Ἔγραψε
1998 381 2054 418 καὶ
2083 382 2166 433 Περὶ

1141 437 1198 471 τοῦ
1219 435 1303 471 ἰδίου
1328 438 1401 484 βίου
1423 435 1481 471 καὶ
1501 437 1561 479 τῆς
1581 438 1702 474 ἑαυτοῦ
1721 440 1865 487 ἀγωγῆς.

1196 495 1313 539 Quem
1333 495 1505 528 Nicolaus
1519 496 1573 529 De
1591 497 1662 530 vita
1679 509 1741 530 sua
1761 498 1896 532 librum
1915 499 2171 545 conscripsisse

1143 552 1292 595 dicitur,
1316 551 1392 598 ejus
1409 551 1611 599 fragmenta
1633 555 1716 588 satis
1739 556 1858 601 ampla
1884 557 2051 602 praebent
2074 558 2171 592 Con-

1143 611 1363 644 stantiniana
1388 611 1569 656 Excerpta
1596 612 1650 645 De
1667 613 1864 647 virtutibus
1881 621 1916 648 et
1940 616 1993 648 De
2014 615 2171 658 insidiis,

1144 680 1307 713 quorum
1324 668 1385 702 illa
1409 668 1571 702 Valesius
1588 669 1677 702 olim
1699 669 1838 714 edidit,
1864 672 1939 705 lia‘c
1960 674 2172 719 nuperrime

1144 725 1329 760 Firminus
1347 724 1463 759 Didot
1483 736 1502 759 e
1519 725 1649 760 codIce
1668 725 1914 762 Escorialense
1933 728 2172 764 describenda

1145 783 1297 819 curavit.
1317 782 1484 828 Quorum
1503 784 1754 818 narrationem
1771 792 2032 832 excerptorum
2048 789 2175 833 paucis

1146 838 1504 886 comprehendentes
1529 840 1708 875 addemus
1732 842 1893 887 reliqua,
1922 855 2002 889 quae
2025 845 2174 880 aliunde

1145 896 1190 931 de
1208 905 1359 932 auctore
1380 904 1506 941 nostro
1530 906 1720 945 comperta
1740 899 1928 934 habemus.

1197 955 1370 989 Nicolaus
1392 957 1660 1003 Damascenus,
1681 957 1795 991 frater
1817 958 2000 993 Ptolemaei
2014 986 2022 1002 ,
2041 972 2174 1006 paren-

1146 1018 1194 1046 tes
1210 1012 1338 1046 habuit
1350 1012 1585 1048 Stratonicen
1597 1021 1633 1049 et
1649 1015 1896 1061 Antipatrum,
1911 1016 2031 1050 virum
2046 1018 2178 1063 opibus

1147 1076 1182 1103 et
1201 1070 1419 1104 auctoritate
1440 1071 1536 1106 inter
1551 1073 1646 1106 cives
1665 1073 1858 1119 insignem.
1879 1074 1992 1108 Natus
2013 1081 2064 1107 est
2081 1076 2176 1108 circu

1145 1140 1204 1164 an.
1233 1127 1279 1168 64
1303 1140 1335 1163 ιι.
1357 1128 1396 1163 C.
1415 1126 1476 1175 (*).
1492 1130 1585 1163 Nam
1605 1142 1681 1176 quo
1702 1137 1870 1176 tempore
1890 1143 1973 1165 cum
1995 1132 2175 1165 Archelao

1147 1185 1306 1219 Herodis
1324 1184 1400 1218 filio
1418 1187 1576 1221 Romam
1601 1187 1791 1234 profectus
1811 1195 1863 1222 est
1886 1187 1962 1235 (an.
1990 1193 2008 1230 ί.
2031 1202 2063 1223 a.
2087 1190 2128 1224 C.
2144 1189 2153 1236 )
2168 1217 2177 1234 ,

1149 1236 1188 1286 ἦν
1210 1240 1287 1290 περὶ
1309 1239 1333 1283 ξ’
1352 1240 1411 1286 ἔτη
1432 1243 1537 1291 (11.5
1518 1252 1639 1282 not.
1665 1243 1751 1292 22).
1772 1245 1867 1280 Puer
1887 1247 2033 1293 egregia
2053 1246 2180 1280 indole

1145 1299 1322 1346 praeditus
1341 1307 1539 1347 postquam
1564 1303 1843 1349 grammaticam
1864 1310 1899 1337 et
1924 1304 2098 1349 poeticen
2119 1303 2180 1337 di·-

1147 1361 1300 1404 dicerat,
1317 1373 1404 1395 mox
1423 1373 1459 1395 se
1477 1361 1662 1394 convertit
1672 1359 1718 1394 ad
1736 1360 1975 1407 rhetoricam,
1991 1362 2179 1406 musicam,

1148 1418 1357 1465 disciplinas
1372 1419 1667 1462 mathematicas,
1685 1418 1971 1465 philosophiam.
1995 1420 2098 1453 Hanc
2115 1421 2178 1454 etsi

1146 1477 1356 1511 universam
1375 1477 1590 1523 complexus
1611 1483 1684 1519 est,
1702 1489 1776 1522 prae
1797 1478 1928 1511 ceteris
1949 1484 2069 1511 tamen
2094 1479 2179 1512 Ari-

1147 1535 1301 1569 stoteliae
1314 1547 1350 1569 se
1361 1534 1538 1568 doctrinae
1549 1533 1706 1568 addixit.
1717 1535 1839 1579 Quare
1854 1535 1954 1581 apud
1966 1535 2181 1570 Athenaeum

1149 1594 1326 1639 appellari
1343 1593 1436 1627 solet
1455 1591 1752 1641 ὁπεριπατητικός
1775 1592 1839 1640 (fr.
1859 1606 1922 1638 77.
1944 1593 2004 1638 78.
2026 1606 2086 1640 79.
2112 1593 2179 1641 83)

1150 1652 1204 1685 vel
1230 1643 1275 1691 εἷς
1303 1648 1371 1685 ἀπὸ
1398 1652 1456 1686 τοῦ
1475 1648 1667 1699 περιπάτου
1691 1648 1883 1700 φιλοσόφων
1914 1651 1978 1699 (fr.
2006 1652 2068 1693 84.
2096 1652 2179 1698 89).

1150 1709 1407 1743 Eruditionem
1427 1709 1567 1743 variam
1586 1715 1767 1743 ornarunt
1781 1721 1912 1756 magna
1931 1711 1984 1744 vis
2004 1710 2183 1756 eloquen-

1152 1766 1208 1799 tiae
1221 1793 1230 1810 ,
1262 1766 1452 1812 ingenium
1475 1778 1682 1809 amoenum,
1714 1778 1837 1801 mores
1869 1768 2065 1814 elegantes,
2095 1768 2184 1812 Quae

1151 1835 1266 1868 quum
1279 1822 1655 1857 accommodatissima
1667 1823 1738 1857 sint
1749 1823 1795 1858 ad
1808 1824 2109 1859 consuetudinem
2121 1837 2185 1870 po-

1151 1881 1308 1914 tentium
1336 1881 1602 1925 instrumenta,
1637 1880 1735 1915 haud
1761 1882 1956 1915 minimum
1987 1883 2185 1917 contulisse

1152 1938 1339 1980 videntur,
1353 1944 1392 1971 ut
1408 1937 1568 1972 Herodis
1584 1937 1678 1984 regis
1691 1936 1751 1987 (**)
1767 1945 1802 1973 et
1813 1939 1966 1985 Augusti
1983 1939 2184 1985 imperato-

1154 1996 1201 2029 ris
1218 1995 1385 2030 favorem
1397 2002 1434 2030 et
1447 1996 1643 2029 amicitiam
1663 1997 1877 2030 conciliaret
1893 1996 1961 2030 sibi
1976 2004 2008 2031 et
2025 1996 2071 2030 ad
2085 2010 2186 2031 mor-

1154 2063 1229 2089 tem
1248 2067 1365 2101 usque
1387 2061 1636 2089 conservaret.
1656 2054 1816 2100 Quando
1837 2055 2026 2089 accesserit
2042 2055 2088 2089 ad
2111 2057 2187 2090 tle-

1153 2111 1298 2158 rodem,
1319 2112 1421 2157 cujus
1439 2109 1649 2161 ὑπογραφεὺς
1666 2112 1773 2146 fuisse
1792 2124 1811 2146 a
1831 2112 2072 2146 Constantino
2089 2114 2187 2147 Por-
2234 2118 2262 2129 ’”

1153 2171 1264 2216 phyr.
1286 2168 1359 2219 (De
1374 2170 1484 2204 them.
1503 2171 1534 2213 l,
1555 2170 1598 2213 33
1618 2170 1664 2206 fr.
1686 2183 1729 2214 71
1745 2170 1754 2217 )
1773 2170 1922 2211 dicitur,
1938 2182 2015 2203 non
2031 2176 2184 2206 constat.

1157 2230 1321 2263 Fortasse
1342 2229 1378 2261 in
1398 2228 1595 2262 amicitiam
1613 2226 1689 2272 ejus
1707 2227 1783 2272 jam
1798 2227 1862 2261 illo
1878 2228 1977 2261 venit
1998 2234 2185 2274 tempore,

1156 2298 1231 2332 quo
1254 2286 1422 2320 Herodes
1435 2313 1443 2329 ,
1470 2286 1624 2320 Galilaeae
1644 2285 1857 2331 praefectus,
1884 2297 1903 2319 ιι
1922 2285 2057 2319 Judaeis
2076 2298 2187 2320 accu-

1155 2357 1179 2378 sa
1183 2352 1270 2387 itus,
1300 2347 1400 2379 Dmm
1395 2356 1539 2387 ascum,
1558 2344 1734 2378 suadente
1754 2344 1950 2389 Hyrcano,
1973 2343 2108 2390 consur
2100 2352 2189 2378 ciat

1159 2403 1324 2449 (joseph.
1351 2405 1395 2439 A.
1413 2404 1449 2438 J.
1479 2403 1580 2445 XIV,
1607 2415 1693 2448 9⁷³
1675 2401 1734 2449 ).
1755 2403 1862 2435 Anno
1882 2414 1929 2435 20
1949 2413 1981 2435 a.
2005 2402 2044 2438 C.
2064 2414 2187 2436 xeisa—

1155 2459 1265 2494 batur
1280 2461 1450 2495 Antiochi
1457 2473 1498 2503 ze,
1512 2459 1577 2493 ubi
1591 2459 1720 2493 vidisse
1735 2471 1772 2493 se
1789 2459 1837 2492 ait
1854 2458 2037 2492 Indorum
2052 2459 2190 2505 legatos

1156 2517 1202 2550 ad
1218 2521 1424 2565 Augustum
1444 2516 1720 2564 proficiscentes
1739 2517 1802 2564 (sr.
1825 2529 1869 2563 91
1886 2517 1913 2564 ).
1935 2517 2188 2562 Quadriennio

1156 2583 1241 2620 post
1265 2576 1333 2621 (16
1359 2588 1393 2611 a.
1423 2576 1481 2623 C.)
1498 2603 1507 2619 ,
1531 2588 1645 2622 quum
1664 2574 1740 2620 jam
1767 2574 1861 2609 filios
1879 2575 2040 2626 habehat
2064 2575 2191 2609 Rhodi

1159 2634 1387 2680 (studiorum
1406 2646 1510 2668 causa
1525 2661 1534 2677 ,
1554 2640 1594 2668 ut
1611 2633 1780 2680 videtur)
1802 2639 2073 2667 commorantes
2086 2660 2095 2676 ,
2115 2634 2189 2667 He-

1156 2691 1288 2725 rodem
1308 2704 1432 2738 regem
1446 2719 1455 2737 ,
1477 2692 1524 2726 ad
1545 2693 1747 2738 Agrippam
1766 2692 1803 2725 in
1823 2692 1983 2727 Pontum
2003 2704 2039 2725 se
2059 2691 2189 2725 conse-

1156 2755 1313 2792 rentem,
1334 2749 1529 2783 comitatus
1543 2756 1608 2783 est.
1629 2750 1712 2794 Quo
1730 2749 1767 2782 in
1782 2749 1913 2783 itinere
1934 2748 1980 2783 de
1996 2749 2190 2783 Iliensibus

1156 2833 1208 2862 καὶ
1221 2833 1286 2867 οἵας
1297 2833 1331 2863 τὸ
1346 2833 1454 2869 πάλαι,
1466 2833 1547 2863 καθά
1560 2845 1633 2873 φησι
1645 2832 1838 2872 Θεόφραστος
1855 2833 1949 2872 (Περὶ
1965 2835 2076 2871 φυτῶν,
2090 2835 2126 2870 Δ,
2141 2833 2190 2870 γ),

1159 2878 1381 2913 κατεσκεύαζον
1414 2880 1441 2909 οἱ
1468 2880 1534 2918 περὶ
1562 2880 1615 2915 τὴν
1644 2880 1785 2915 Θηὸαΐδα
1809 2882 2039 2916 κατοικοῦντες,
2068 2880 2119 2909 τὸν
2137 2882 2190 2914 τῆς

1159 2925 1370 2962 κοκκυμηλέας
1384 2925 1499 2964 καρπὸν
1514 2925 1698 2964 ξηραίνοντες
1712 2926 1764 2955 καὶ
1778 2925 1829 2954 τὸν
1843 2929 1960 2964 πυρῆνα
1975 2925 2169 2963 ἐξαιροῦντες.

1200 2970 1242 3006 (*)
1258 2969 1390 2999 sevinus
1405 2969 1625 3006 (Iteclcerclzes
1641 2979 1701 3000 sur
1717 2970 1882 3001 Z'm‘scoz're
1902 2969 1943 3000 (le
1966 2970 2000 3000 la
2017 2971 2068 3000 vie
2084 2971 2116 2999 et
2133 2968 2189 2999 cies

1159 3023 1321 3053 oztvraqes
1337 3014 1377 3044 (le
1393 3015 1528 3045 Nic-olas
1548 3015 1587 3046 (Ie
1603 3018 1729 3046 Damas
1754 3016 1784 3045 in
1795 3015 1905 3046 ’Μόνη
1922 3015 1962 3046 de
1979 3014 2106 3046 l'Acacl.
2131 3016 2170 3044 VI
2182 3039 2190 3050 ,

1159 3069 1188 3098 p.
1209 3061 1289 3097 4843)
1307 3060 1472 3092 Nicolaum
1495 3070 1546 3091 an.
1567 3063 1604 3093 74
1619 3070 1648 3092 a.
1668 3063 1704 3092 C.
1727 3063 1837 3092 natum
1861 3069 1927 3092 esse
1941 3061 2089 3100 conjecit,
2109 3060 2190 3090 haud

1159 3106 1200 3136 ita
1215 3107 1303 3145 longe
1319 3115 1337 3136 a
1351 3115 1425 3136 vero
1439 3106 1599 3136 aberrans.

1202 3153 1259 3190 (**)
1274 3152 1427 3190 Josephus
1444 3155 1477 3182 Α.
1491 3155 1520 3183 J.
1537 3154 1636 3190 XVII,
1653 3157 1683 3190 5,
1696 3155 1712 3183 4
1732 3165 1739 3183 :
1755 3153 1847 3187 Φίλος
1861 3153 1903 3183 ὢν
1916 3155 1969 3182 τοῦ
1979 3152 2124 3192 βασιλέως
2139 3151 2188 3179 καὶ

1159 3197 1197 3227 τὰ
1215 3198 1313 3228 πάντα
1329 3198 1581 3236 συνδιαιτώμενος
1599 3199 1694 3238 αὐτῷ.
1714 3198 1800 3229 Idem
1823 3200 1892 3229 xv!
1905 3222 1913 3235 ,
1933 3201 1960 3235 7,
1989 3203 1995 3227 I
2021 3210 2026 3227 z
2044 3199 2110 3227 Ζῶν
2132 3197 2189 3234 γαρ

1159 3243 1187 3272 ἓν
1202 3247 1238 3283 τῇ
1257 3244 1395 3282 βασιλεία
1416 3245 1464 3273 καὶ
1484 3245 1581 3274 συνὼν
1600 3245 1682 3280 αὐτῷ
1701 3246 1761 3282 (τῷ
1778 3244 1927 3283 ’11ριῖιδῃ).
