2338 3765
969 173 1299 211 FRAGMENTA.

87 270 146 304 τοῦ
176 264 312 302 πάντων
342 277 394 300 σοι
425 261 677 302 υπακούσαντος
708 260 836 309 πατρὸς
863 274 919 295 και
945 273 983 294 το
1013 256 1113 307 μέρος

90 326 324 375 ἀφαιρεῖσθαι·
340 319 396 357 καὶ
416 319 451 356 ὃν
465 317 669 369 προσεποίου
686 317 754 359 τοῖς
773 316 882 365 λόγοις
902 314 1031 359 σώζειν,
1046 316 1114 355 τοῖς

89 381 196 432 ἔργοις
213 382 328 416 τοῦτον
349 377 512 429 ἀφανίσαι
530 377 652 421 ζητῶν,
670 390 728 411 και
745 373 792 423 μὴ
814 373 913 421 μόνον
935 372 1033 413 αὐτὸς
1051 386 1116 407 πο-

89 437 187 488 νηρὸς
205 435 472 484 καθιστάμενος,
495 432 583 470 ἀλλὰ
600 447 658 470 και
678 431 739 477 τὴν
762 431 891 482 μητέρα
907 433 952 466 ὡν
972 429 1117 470 ἐπενόεις

90 493 264 543 πιμπλὰς,
285 508 343 529 και
374 506 600 528 στασιοποιων
619 489 678 535 τὴν
707 489 835 526 εὔνοιαν
855 489 922 530 τοῖς
943 487 1116 536 ἀδελφοῖς,

90 551 150 591 καὶ
180 552 315 599 τολμῶν
350 548 463 598 θηρίον
496 549 683 584 ἀποκαλεῖν
721 546 776 583 τὸν
805 545 960 596 πατέρα,
996 559 1119 585 παντος

91 611 233 679 ἑρπετοῦ
259 605 506 657 χαλεπωτέραν
527 604 588 650 τὴν
618 604 768 641 διάνοιαν
788 601 1118 650 κατεσκευασμένος,

90 670 112 717 ᾑ
135 681 191 702 τον
212 665 336 702 ἐκεῖνον
357 664 406 700 ἰὸν
424 663 480 700 ἐπὶ
498 677 574 705 τους
593 661 878 711 συγγενεστάτους
894 660 953 697 καὶ
973 675 1047 701 τους
1065 658 1120 694 ἐπὶ

91 721 264 764 τοσούτοις
277 720 454 772 εὐεργέτας
479 720 721 770 παρεκάλεις
709 735 763 755 επι
781 717 996 767 συμμαχίαις
1016 715 1103 767 φυλ’
1083 731 1120 751 α-

93 796 174 826 κων,
189 779 247 817 καὶ
260 779 396 830 τέχναις
404 780 532 829 ἀνδρων
542 793 775 826 καιγυναικων
788 776 1020 828 φρασσόμενος
1034 772 1121 810 κατὰ

94 841 152 877 τοῦ
180 836 333 888 γέροντος
349 866 358 884 ,
385 835 502 886 ὥσπερ
530 837 590 872 οὐκ
616 834 783 886 ἀρκούσης
809 838 867 870 τοῦ
893 836 951 878 τῆς
977 830 1124 871 διανοίας

95 900 193 944 μῖσος
211 893 249 930 τὸ
274 897 494 943 ὑποικουροῦν
515 895 750 943 παραστῆσαι.
774 891 851 930 ,Καὶ
877 895 933 927 νῦν
960 889 1124 933 ἐλήλυθας

96 951 184 1002 μετὰ
201 951 367 1002 βασάνους
381 950 575 1001 ἐλευθέρων,
589 952 740 995 οἰκετων,
755 948 898 1000 ἀνδράσι
918 963 976 984 και
993 945 1124 995 γυναιξι

96 1007 152 1045 διὰ
171 1008 208 1045 σὲ
229 1008 470 1058 γεγονυίας,ιι
447 1042 452 1056 γ
447 1023 607 1053 ιιηνυσεις
624 1022 689 1044 των
704 1009 922 1056 συνωμοτῶν,
941 1004 1125 1054 ἀντιλέγειν

95 1068 138 1116 τῇ
160 1065 302 1115 ἀληθείᾳ
319 1065 486 1111 σπεύδιιῃν
505 1065 564 1102 καὶ
583 1064 682 1115 ουχὶ
678 1063 777 1101 ιιόνον
798 1079 854 1100 τον
871 1062 1003 1113 πατέρα
1025 1063 1125 1097 ἀναι-

98 1128 165 1175 ρεῖν
195 1122 471 1172 μεμελετηκως
458 1139 496 1159 εκ
517 1138 574 1159 του
605 1121 815 1169 ἀνθρωπείου
839 1121 934 1171 βίου,
966 1119 1040 1156 ἀλλ’
1060 1119 1125 1164 ἤδη

97 1180 156 1217 καὶ
181 1180 282 1229 νόμον
304 1180 394 1218 κατὰ
414 1195 472 1217 σου
493 1179 743 1230 γεγραμμένον,
766 1179 824 1215 καὶ
843 1178 904 1223 τὴν
928 1176 1050 1229 ἀρετὴν
1068 1181 1127 1214 τοι)

98 1238 257 1289 Οὐάρου,
277 1237 335 1275 καὶ
368 1242 424 1275 τοῦ
452 1238 583 1275 δικαίου
612 1237 673 1283 τὴν
702 1237 816 1289 φύσιν.
848 1236 968 1278 Οὕτως
998 1236 1062 1287 ἀρα
1086 1239 1127 1286 τῇ

99 1295 255 1346 ἀναιδείᾳ
275 1295 455 1341 πέποιθας,
475 1294 564 1332 ὥστε
585 1296 642 1332 καὶ
665 1294 905 1346 βασανίζεσθαι
935 1293 1053 1340 ἀξιοῖς,
1071 1294 1127 1331 καὶ

98 1353 231 1404 ψευδεῖς
254 1353 364 1402 λέγων
383 1352 443 1395 τὰς
464 1353 633 1403 βασάνους
656 1355 723 1389 τῶν
742 1351 1127 1404 προῧεὸασανισμένων,

103 1408 146 1446 ἵν’
167 1412 197 1447 οἱ
223 1409 283 1459 μὲν
306 1410 461 1461 ῥυόμενοί
486 1425 545 1447 σου
573 1410 629 1446 τὸν
647 1410 780 1462 πατέρα
799 1412 1046 1461 ἐκκρουσθῶσιν
1071 1413 1129 1446 τοῦ

99 1466 347 1513 ἠληθευκέναι,
370 1468 404 1504 αἱ
433 1465 467 1503 δὲ
495 1466 553 1504 σαὶ
583 1467 727 1517 βάσανοι
757 1468 881 1504 δοκῶσι
909 1466 1042 1505 πισταί.
1079 1468 1129 1504 Οὐ

103 1524 209 1576 ῥύσῃ,
228 1524 366 1576 Οὗάρε,
386 1524 442 1561 τὸν
465 1524 610 1575 βασιλέα
638 1529 698 1571 τῆς
729 1525 890 1575 ἐπηρείας
918 1527 982 1561 τῶν
1005 1540 1129 1574 συγγε-

101 1585 186 1628 νῶν;
205 1582 280 1619 οὐδὲ
297 1584 436 1625 ἀπολεῖς
451 1583 596 1633 πονηρὸν
615 1583 741 1633 θηρίον,
762 1585 815 1620 ἐπ’
837 1582 965 1634 ὀλέθρῳ
986 1582 1046 1632 μὲν
1064 1586 1129 1619 τῶν

104 1641 256 1691 ἀδελφῶν
276 1640 405 1677 εὔνοιαν
434 1640 725 1689 προσποιούμενον
748 1644 806 1677 τοῦ
832 1641 979 1691 πατρὸς,
997 1640 1074 1676 ἔνθα
1096 1640 1129 1676 δὲ

106 1697 224 1747 μέλλοι
244 1697 332 1734 κατὰ
353 1697 458 1746 μόνας
476 1696 609 1747 ταχέως
633 1697 834 1735 ἀποίσεσθαι
852 1697 914 1743 τὴν
938 1697 1127 1748 βασιλείαν,

105 1755 242 1791 πάντων
276 1756 369 1805 αὐτῷ
401 1754 683 1804 θανασιμώτατον
715 1754 1006 1806 ἀναφαινόμενον;
1038 1754 1132 1803 γνοὺς

106 1812 158 1851 ὅτι
177 1811 406 1862 πατροκτονία
426 1812 534 1849 κοινόν
555 1814 645 1849 ἐστιν
664 1812 817 1862 ἀδίκημα
845 1813 903 1849 καὶ
923 1816 984 1858 τῆς
1004 1828 1133 1864 φυσειης

106 1870 166 1907 καὶ
185 1874 243 1907 τοῦ
262 1870 353 1920 βίου,
370 1871 540 1918 πεφηνυῗα
562 1870 655 1907 οὐδὲν
674 1870 788 1916 ἥσσων
809 1871 849 1889 μ
865 1873 908 1912 ὡς
926 1886 984 1907 του
1008 1874 1045 1920 βε
1033 1870 1130 1907 ὅου-

106 1927 289 1976 λευμένου,
312 1943 370 1964 και
386 1930 403 1964 ὁ
420 1927 467 1976 μὴ
489 1928 640 1971 κολάζων
659 1930 767 1965 ἀδικεῖ
784 1928 843 1972 τὴν
861 1943 971 1979 φυσιν
988 1946 1003 1960 »

120 2004 123 2005 ⁷
161 1999 189 2023 6.
222 1984 421 2035 Προσετίθει
443 1985 477 2022 δε
501 1986 566 2031 ἤδη
589 1986 632 2022 τὰ
654 1989 712 2031 τῆς
734 1986 860 2036 μητρὸς
889 1985 1133 2035 Ἀντιπάτρου,

115 2041 226 2078 ὁπόσα
262 2042 344 2093 πρός
378 2058 469 2085 τινας
504 2047 543 2089 ἠν
580 2044 785 2095 κουφολογία
824 2043 1004 2094 γυναικείῳ
1045 2045 1136 2113 εἰρη-

111 2098 213 2148 μένα,
233 2099 394 2148 μαντείας
407 2116 442 2136 τε
459 2116 517 2137 και
534 2101 677 2142 θυσίας
663 2100 718 2137 επὶ
732 2117 780 2136 τω
800 2102 933 2151 βασιλεῖ
949 2100 1133 2150 γεγονυίας,

109 2156 168 2192 καὶ
193 2156 302 2192 ὁπόσα
333 2156 420 2205 μετὰ
445 2160 511 2194 τῶν
552 2157 703 2209 Φερώρα
730 2160 898 2207 γυναικῶν
927 2158 1138 2209 Ἀντιπάτρῳ

109 2213 280 2263 ἠσέλγητο
307 2214 393 2263 μετὰ
411 2214 499 2252 οἴνου
516 2215 573 2252 καὶ
593 2216 702 2264 λύμης
721 2217 904 2265 ἐρωτικῆς,
928 2218 993 2252 τῶν
1017 2232 1053 2252 τε
1081 2223 1138 2252 ἐα-

112 2271 223 2309 σάνων
239 2272 299 2314 τὰς
320 2273 514 2324 ἀνακρίσεις
531 2273 589 2310 καὶ
614 2273 723 2310 ὁπόσα
745 2276 940 2324 μαρτυριῶν
973 2274 1137 2323 ἐχόμενα·

111 2329 222 2367 πολλὰ
243 2329 276 2366 δὲ
296 2332 353 2367 καὶ
373 2334 520 2368 παντοῖα
540 2326 580 2377 ἦν
599 2333 642 2367 τὰ
660 2331 721 2380 μὲν
747 2331 1071 2383 προητοιμασμένα,
1098 2331 1139 2367 τὰ

114 2386 149 2424 δὲ
176 2387 259 2438 πρὸς
281 2391 339 2425 τοῦ
362 2388 460 2432 ὀξέως
486 2389 762 2440 ἀπαγγέλλεσθαί
785 2405 820 2426 τε
839 2389 896 2426 καὶ
919 2389 1140 2440 βεὸαιοῧσθαι

114 2445 348 2496 empnam-

575 2544 623 2591 95
654 2557 686 2579 a,

170 2649 274 2685 Idem
308 2651 427 2696 XVII,
455 2652 520 2699 9,6
554 2664 562 2688 ζ
597 2651 666 2689 Καὶ
697 2650 913 2701 Ἀντίπατρος
939 2651 999 2700 μὲν
1035 2651 1146 2688 τοιάδε

120 2705 241 2751 εἰπὼν,
270 2706 329 2743 καὶ
352 2706 535 2758 μαρτύρων
555 2708 796 2759 παραστάσεσι
814 2708 856 2745 τὰ
877 2709 1041 2760 εἰρημένα
1061 2725 1146 2760 κρα-

107 2762 304 2812 -τυνάμενος
323 2766 459 2807 πολλοῖς
479 2768 545 2802 τῶν
570 2769 756 2816 συγγενῶν,
776 2766 922 2803 παύεται
943 2771 1000 2804 τοῦ
1019 2767 1142 2817 λέγειν,

121 2820 313 2858 Ἀνίσταται
343 2822 377 2858 δὲ
404 2822 571 2864 Νικόλαος
598 2823 680 2873 ὑπὲρ
707 2824 893 2875 Ἀρχελάου
925 2825 983 2861 καὶ
1011 2824 1145 2874 ἔλεγεν,

121 2877 164 2914 τὰ
186 2878 246 2926 μὲν
274 2881 306 2916 ἐν
326 2882 375 2931 τῷ
405 2881 484 2932 ἱερῷ
507 2880 626 2931 γνώμῃ
655 2884 720 2918 τῶν
742 2883 956 2918 πεπονθότων
981 2883 1144 2925 ἀνατιθεὶς

123 2936 252 2984 μᾶλλον
272 2935 293 2981 ἢ
310 2936 444 2988 ἐξουσίᾳ
458 2942 515 2975 τοῦ
537 2938 740 2989 Ἀρχελάου·
758 2938 834 2982 τοὺς
852 2940 916 2990 γὰρ
935 2940 988 2976 ἐπὶ
1003 2941 1147 2977 τοιοῖσδε

124 2991 314 3042 ἄρχοντας,
347 2995 383 3030 οὗ
415 2995 514 3043 μόνον
543 2999 591 3045 τῷ
613 2998 688 3033 καθ’
722 2997 841 3040 αὐτοὺς
862 2998 1030 3048 ὑδρίζοντι
1059 2992 1147 3034 εἶναι

124 3049 310 3100 πονηροὺς,
350 3052 438 3088 ἀλλὰ
464 3053 522 3089 καὶ
553 3056 600 3103 τῷ
629 3055 852 3104 ἀναγκάζοντι
883 3057 927 3097 εἷς
959 3055 1021 3099 τὴν
1057 3055 1147 3104 ἀμυ-

2124 173 2197 205 425

1175 262 1239 291 tem
1252 270 1324 300 qua»
1337 262 1363 291 ei
1382 261 1518 292 restabat
1533 261 1571 291 de
1591 261 1720 300 imperio
1743 261 1899 298 auferres,
1921 261 1952 290 et
1967 258 2056 298 cujus
2075 266 2199 289 conser-

1175 324 1266 351 vator
1287 322 1429 352 volueras
1445 323 1521 361 diei,
1541 332 1613 353 eum
1634 323 1747 362 reipsa
1766 323 1925 353 conareris
1941 321 2115 352 interficere
2139 334 2145 352 ε
2165 330 2200 352 ac

1177 384 1265 422 quasi
1279 392 1341 413 non
1355 385 1429 414 satis
1442 386 1521 415 esset
1535 386 1631 415 temet
1645 386 1763 415 malum
1784 394 1851 415 esse
1862 409 1869 423 ,
1885 385 2017 415 matrem
2032 383 2125 414 etiam
2141 384 2204 414 tuis

1178 444 1319 482 pessimis
1341 445 1476 475 consiliis
1497 445 1679 485 implevisti,
1695 448 1726 477 et
1747 447 1875 477 fratrum
1890 446 2087 477 concordiam
2105 445 2203 477 disso-

1179 506 1277 537 ciasti.
1323 507 1426 545 Atque
1444 507 1564 545 putrem
1592 508 1686 537 leram
1704 508 1859 546 appellare
1875 516 1970 538 ausus
1986 516 2034 545 cs,
2063 507 2126 546 ipse
2141 514 2205 545 pes-

1180 569 1275 599 simos
1302 569 1460 607 serpentes
1488 577 1678 608 exsuperans
1712 570 1833 600 feritate
1868 570 1981 607 animi,
2018 568 2101 600 unde
2130 567 2206 599 illud

1180 630 1267 660 virus
1280 629 1310 660 in
1325 629 1485 668 proximos
1495 630 1644 668 sanguine
1657 632 1687 660 et
1698 632 1855 661 tantorum
1869 631 1924 661 tibi
1938 631 2091 661 bonorum
2103 631 2208 660 aucto·

1183 699 1231 721 res
1248 691 1280 721 in
1305 692 1452 730 promptu
1479 692 1576 729 esset,
1594 691 1706 729 stipato
1723 692 1892 730 satellitiis,
1919 693 2041 722 armato
2056 691 2207 729 astubus‚

1183 760 1240 782 nec
1258 752 1397 783 virorum
1411 753 1536 782 tantum
1553 751 1606 782 sed
1623 751 1716 781 etiam
1735 752 1900 782 mulierum
1918 752 2067 782 adversus
2083 759 2187 782 senem
2200 774 2209 789 ‚

1184 811 1270 849 quasi
1283 812 1357 841 tuus
1368 811 1419 841 illc
1433 809 1504 840 odio
1518 810 1583 840 tam
1600 809 1716 848 injusto
1728 810 1860 840 insessus
1870 810 1992 840 animus
2006 811 2042 839 ad
2056 808 2211 840 maleficia

1185 877 1247 898 non
1266 867 1431 898 sufficeret.
1450 867 1486 898 Et
1502 875 1587 896 nunc
1602 875 1751 905 apparere
1773 866 1824 896 hic
1839 867 1933 897 audes
1946 891 1954 905 ,
1976 868 2011 896 ut
2027 868 2097 905 post
2111 866 2213 896 tortos

1186 925 1344 963 homines,
1366 924 1496 963 llberos,
1516 932 1637 962 servos,
1652 925 1753 962 viros,
1778 924 1925 962 feminas,
1947 925 2034 954 tuam
2065 924 2157 954 unius
2173 923 2214 954 ob

1188 991 1315 1014 causam
1326 1007 1334 1021 ,
1350 983 1419 1021 post
1431 983 1479 1012 tot
1496 981 1612 1020 judicia
1626 990 1737 1012 eorum
1756 981 1809 1020 qui
1824 982 1927 1011 tecum
1942 981 2213 1019 conspiraverant,

1186 1041 1351 1072 veritatem
1367 1048 1526 1079 oppugnes
1550 1051 1557 1069 :
1578 1039 1666 1078 quasi
1680 1063 1688 1077 ,
1706 1038 1791 1077 quod
1814 1040 1933 1077 patrem
1957 1038 2049 1068 rebus
2072 1038 2216 1068 humanis

1187 1099 1313 1129 voluisti
1327 1098 1482 1134 eximere,
1499 1105 1610 1136 parum
1625 1097 1684 1135 sit,
1704 1096 1763 1127 nisi
1782 1095 1907 1134 insuper
1925 1097 2047 1126 evertas
2063 1096 2160 1134 legem
2185 1095 2216 1126 in

1188 1159 1219 1188 te
1233 1157 1394 1195 scriptam,
1410 1156 1442 1186 et
1455 1155 1530 1186 Vari
1547 1155 1729 1194 aequitatem
1746 1155 1776 1184 et
1790 1154 1887 1193 ipsam
1902 1153 2113 1191 vimjustitiae.
2131 1154 2217 1184 Itane

1190 1218 1252 1246 tuae
1270 1214 1401 1245 contidis
1423 1213 1562 1244 audaciae
1585 1214 1616 1243 et
1641 1211 1854 1250 confidentiae,
1884 1212 1920 1241 ut
1937 1211 2029 1241 etiam
2052 1211 2219 1241 tormentis

1189 1273 1390 1311 temetipsum
1411 1271 1521 1310 subjici
1546 1271 1624 1301 velis
1634 1269 1733 1308 „dum
1750 1269 1837 1308 prins
1859 1269 1972 1298 habitis
1994 1267 2220 1307 quaestionibus

1191 1331 1284 1361 fidem
1307 1329 1462 1368 detrahis,
1486 1330 1522 1358 ut
1542 1328 1585 1358 illi
1605 1327 1740 1364 scilicet,
1769 1327 1821 1366 qui
1839 1327 1959 1365 patrem
1984 1327 2073 1356 tuum
2099 1325 2219 1356 salvum

1192 1389 1383 1426 voluerunt,
1401 1387 1568 1417 mendaces
1584 1386 1770 1423 habeantur,
1790 1384 1851 1414 illis
1874 1392 1950 1414 vcro
1967 1383 2112 1414 credatur
2133 1391 2221 1422 quae-

1192 1447 1345 1478 stionibus
1357 1471 1365 1483 ,
1379 1454 1458 1485 quas
1476 1446 1511 1475 tu
1529 1444 1655 1475 rexisti?
1671 1443 1802 1479 Quando
1817 1451 1920 1481 regem
1937 1441 2084 1472 liberabis
2095 1466 2103 1480 ,
2121 1444 2221 1480 vare,

1193 1514 1210 1535 a
1227 1504 1530 1543 consanguineorum
1552 1502 1691 1541 injuriis?
1709 1500 1835 1541 quando
1851 1500 2028 1539 exstingues
2045 1501 2223 1539 portentum

1192 1562 1270 1593 illud
1288 1561 1422 1592 hominis
1435 1585 1443 1598 ‚
1467 1569 1540 1591 eum
1557 1559 1646 1597 dico,
1670 1558 1724 1597 qui
1741 1558 1772 1588 in
1794 1557 1925 1589 fratrum
1947 1556 2112 1595 perniciem
2130 1556 2226 1595 patris

1191 1629 1330 1651 amorem
1344 1618 1523 1656 simulavit,
1539 1626 1574 1647 ac
1587 1617 1710 1654 deinde,
1726 1625 1825 1655 quum
1837 1615 1923 1650 solus
1936 1614 2022 1645 brevi
2037 1623 2130 1652 regno
2147 1615 2226 1644 esset

1192 1685 1348 1723 potiturus
1367 1706 1375 1719 ‚
1399 1682 1461 1712 sata
1487 1683 1554 1719 ejus
1576 1682 1712 1710 maxime
1736 1678 1879 1709 omnium
1895 1676 2091 1717 praecipitare
2106 1678 2226 1711 voluit?

1193 1746 1258 1777 Scis
1277 1745 1390 1784 quippe
1420 1742 1619 1783 parricidium
1650 1750 1850 1772 communem
1876 1740 1908 1771 in
1937 1741 2111 1771 humanum
2131 1749 2227 1779 genus

1194 1802 1377 1831 universum
1395 1810 1461 1831 esse
1477 1800 1641 1838 injuriam,
1661 1800 1692 1830 et
1708 1800 1829 1829 naturae
1846 1799 1961 1837 pariter
1975 1807 2011 1828 ac
2031 1799 2104 1828 vitae
2124 1798 2225 1828 homi-

1194 1868 1272 1889 nnm
1290 1859 1436 1889 infestum
1448 1882 1456 1896 ‚
1475 1867 1533 1888 nec
1549 1858 1618 1888 ideo
1636 1857 1739 1887 minus
1757 1856 1789 1872 *³*
1806 1858 1840 1887 ut
1858 1858 1980 1887 tantum
1996 1856 2089 1886 modo
2109 1856 2226 1895 cogita-

1195 1924 1281 1960 tum;
1296 1923 1327 1953 et
1342 1922 1396 1960 qui
1415 1930 1477 1951 non
1495 1921 1602 1960 punit,
1616 1922 1738 1950 naturae
1754 1920 1811 1958 ipsi
1826 1920 1898 1950 facit
1917 1919 2073 1958 injuriam.
2091 1932 2106 1946 »

1238 1993 1266 2018 6.
1291 1987 1420 2018 Addidit
1435 1996 1529 2026 super
1546 1987 1615 2017 haec
1640 1986 1786 2017 Nicolaus
1813 1985 1959 2025 quaedam
1977 1994 1995 2016 a
2019 1986 2119 2016 matre
2142 1986 2227 2016 Anti-

1198 2059 1276 2099 patri
1297 2058 1441 2089 muliebri
1467 2057 1649 2097 garrulitate.
1668 2058 1768 2088 effusa
1781 2081 1789 2096 ,
1808 2057 1968 2088 consultos
1984 2058 2073 2088 vates
2094 2057 2125 2087 et
2142 2064 2230 2086 sacra

1199 2129 1297 2165 facta,
1311 2129 1428 2167 quibus
1445 2137 1497 2159 rex
1513 2128 1737 2166 devoveretur;
1757 2129 1786 2158 et
1805 2135 1874 2167 qnae
1892 2127 1925 2157 in
1945 2127 2091 2157 Pherorae
2112 2133 2227 2156 uxores

1201 2201 1362 2239 Antipater
1373 2201 1403 2231 in
1420 2202 1492 2231 vino
1506 2202 1601 2239 atque
1614 2201 1729 2230 amoris
1743 2201 1822 2231 aestu
1844 2202 1988 2239 proterve
2003 2201 2126 2230 fecerat.
2146 2201 2227 2230 Tum

1202 2280 1278 2302 vero
1293 2272 1424 2311 repetiit,
1438 2280 1509 2310 quae
1525 2272 1688 2302 tormentis
1701 2273 1732 2302 et
1745 2271 1929 2302 testimoniis
1943 2272 2103 2309 comperta
2120 2271 2207 2301 erant
2223 2283 2230 2300 ;

1205 2345 1305 2375 multa
1321 2345 1427 2374 autern
1449 2345 1481 2374 et
1496 2344 1582 2374 varia
1598 2345 1686 2374 erant
1710 2345 1824 2383 partim
1842 2351 1881 2374 ex
1904 2342 2173 2382 praemeditatione
2189 2342 2234 2372 in-

1205 2417 1308 2447 dicata
1322 2441 1330 2456 ‚
1347 2418 1460 2457 partim
1475 2426 1513 2448 ex
1531 2419 1671 2457 tempore
1687 2418 1718 2448 et
1741 2416 1871 2448 subinde
1885 2416 2062 2447 confirmari
2080 2417 2212 2455 reperta.

1670 2547 1714 2578 95
1742 2554 1773 2578 a.

1249 2652 1412 2691 Antipater
1432 2652 1506 2683 talia
1522 2652 1647 2682 locutus
1667 2651 1836 2690 multisque
1854 2659 1870 2681 e
1892 2650 2128 2689 consanguineis
2145 2650 2183 2681 ad
2200 2659 2238 2680 ea
2270 2673 2274 2676 >

1206 2719 1277 2749 quae
1290 2710 1414 2740 dixerat
1431 2709 1617 2739 testimoniis
1636 2710 1700 2740 suis
1719 2708 1873 2739 firmanda
1894 2708 2058 2747 adhibitis,
2079 2708 2172 2738 tinem
2187 2707 2233 2738 di-

1208 2767 1298 2798 cendi
1316 2767 1399 2798 tecit.
1417 2766 1560 2798 Surrexit
1582 2775 1658 2796 vero
1683 2766 1847 2804 Nicotaus,
1870 2765 1923 2804 qui
1947 2765 2089 2796 Archelai
2112 2774 2237 2796 causam

1206 2830 1284 2869 egit,
1314 2829 1472 2868 dixitque,
1488 2829 1538 2859 illa
1560 2828 1704 2868 quidem,
1730 2837 1800 2868 quae
1822 2829 1854 2858 in
1875 2829 1991 2867 templo
2008 2828 2112 2866 facta,
2134 2827 2233 2858 obsti-

1206 2887 1287 2917 natis
1321 2887 1425 2925 potius
1461 2894 1570 2916 eorum
1601 2886 1733 2923 animis,
1768 2886 1821 2925 qui
1856 2886 1934 2925 passi
1969 2886 2049 2923 sint,
2082 2885 2240 2924 imputans

1213 2953 1308 2983 quam
1322 2944 1464 2974 Archelai
1480 2943 1637 2982 potestati.
1653 2946 1731 2974 Nam
1752 2943 1827 2973 talia
1841 2944 2013 2982 coeptantes
2034 2951 2097 2973 non
2119 2951 2156 2973 eo
2170 2943 2238 2972 tan-

1206 3002 1274 3031 tum
1288 3002 1420 3039 injustos
1433 3009 1515 3038 esse,
1529 3001 1612 3040 quod
1628 3002 1806 3031 innocentes
1824 3002 1957 3039 vexent,
1977 3001 2029 3031 sed
2045 3001 2141 3031 etiam
2155 3000 2238 3038 quod

1207 3062 1291 3101 pacis
1307 3063 1337 3093 et
1353 3062 1434 3101 aequi
1451 3064 1591 3093 amantes
1613 3063 1643 3092 in
1658 3062 1810 3092 ultionem
1834 3062 2007 3100 impellant.
2036 3062 2101 3090 Hos
2126 3061 2230 3089 autem

168 3165 207 3193 95
225 3171 254 3194 a.
278 3165 447 3195 Interfecto
474 3166 655 3204 Antipatro,
681 3175 756 3197 mox
781 3167 948 3198 defunctus
966 3170 1012 3199 est
1030 3168 1185 3206 Herodes,
1208 3169 1262 3207 qui
1278 3168 1434 3207 secundo,
1453 3168 1538 3207 quod
1561 3169 1666 3208 paullo
1688 3171 1759 3199 ante
1776 3170 1910 3198 mortem
1936 3167 2118 3205 scripserat,

2147 3166 2238 3194 testa-

128 3209 234 3244 mento
247 3217 456 3241 successorem
474 3220 557 3250 regni
571 3213 775 3243 constituerat
797 3213 983 3243 Aichelaum
1009 3214 1118 3244 filium.
1145 3217 1175 3245 Is
1199 3216 1367 3254 antequam
1386 3217 1519 3246 Romam
1546 3216 1639 3254 pros!
1645 3216 1805 3253 meret—‚ur
1830 3216 1864 3245 ut
1886 3216 1990 3244 Caesar
2016 3213 2236 3242 testamentum

129 3253 226 3291 patris
244 3256 431 3286 auctoritate
445 3265 501 3286 sua
525 3257 743 3295 confirmaret,
770 3257 953 3288 Judmorum
970 3258 1153 3289 seditionem
1179 3261 1382 3299 compescuit.
1412 3261 1537 3291 διὶΙὶοεί
1555 3270 1654 3299 quum
1672 3261 1838 3299 postulatis
1862 3267 1970 3289 eorum
1989 3266 2048 3287 non
2072 3256 2236 3294 obtempe-

131 3299 234 3334 ratum
253 3301 348 3338 esset,
364 3300 432 3332 sesti
445 3302 585 3340 tempore
601 3299 784 3333 seditiosos
777 3312 808 3333 m
824 3304 894 3333 fano
908 3303 1188 3341 c‹i·tusl1abtbant‚
1208 3305 1349 3345 adeoque
1366 3314 1417 3335 st
1412 3315 1462 3343 021
1465 3306 1556 3336 ebant
1583 3307 1761 3343 insonum,
1780 3308 1812 3335 ut
1830 3305 1891 3334 vim
1911 3305 1938 3333 xi
1954 3302 2122 3334 Archelaus
2143 3302 2242 3340 repti-
