2338 3765
905 151 1250 202 FRAGMENTA„

13 243 51 278 ἐκ
67 243 125 286 τῆς
141 241 270 292 χώρας.
329 240 374 277 Οἱ
392 239 426 275 δὲ
448 237 671 290 ἀπορούμενοι
690 238 756 278 τοῖς
774 235 1039 285 συμέαίνουσιν,

13 298 186 340 ἀνελόντες
203 297 367 346 ἐκόμισαν
387 297 432 338 εἷς
451 294 633 333 Ἰἰτεωνόν.
655 293 861 342 Βουλόμενοι
881 293 915 329 δὲ
931 293 1042 343 λάθρᾳ

12 355 74 401 τὴν
95 354 206 407 ταφὴν
226 354 454 399 ποιήσασθαι,
475 352 751 389 καταθάπτουσιν
771 350 887 393 νυκτὸς
908 351 940 386 ἐν
962 351 1041 400 ἱερῷ

12 411 212 463 Δήμητρος,
233 410 461 457 ἀγνοήσαντες
475 409 530 445 τὸν
546 409 662 445 τόπον.
688 411 912 458 Καταφανοῦς
933 406 967 443 δὲ
985 422 1041 455 γε-

12 468 171 516 νομένου,
188 468 384 518 πέμψαντες
401 469 431 503 οἱ
451 467 507 502 τὸν
530 465 694 503 Ἐτεωνὸν
712 469 964 509 κατοικοῦντες,
985 465 1041 500 τὸν

13 525 85 562 Οεὸν
105 525 305 576 ἐπηρώτων,
322 524 353 561 τί
374 526 529 562 ποιῶσιν.
546 523 590 561 εΟ
611 523 645 559 δὲ
664 523 735 565 Θεὸς
751 517 855 569 εἶπεν,
874 521 921 570 μὴ
938 525 1041 558 κινεῖν

838 582 846 593 U
873 580 879 591 ἲ
908 582 922 592 ’ἱ
953 582 962 594 C

11 640 226 677 Οἰδιπόδειον
246 641 424 685 κληθῆναι.
454 658 467 671 »
489 641 542 677 Cf.
568 640 748 675 XVundcr.
775 640 821 674 ad
838 640 933 676 OEd.
961 641 1039 676 Col.

12 712 46 746 p.
71 712 114 733 10
127 713 135 743 ;
149 700 294 734 Mulier.
309 700 407 734 Min.
426 711 461 745 p.
480 698 553 733 228
567 705 601 732 et
617 711 709 740 212,
726 702 767 739 [ις
785 698 821 732 C.
840 699 1038 734 Hermann.

11 759 145 802 Qu'aest.
168 757 302 804 Olidip.
322 769 359 803 p.
377 757 440 803 69.
457 754 628 805 Ἀρίζηλος
648 756 795 791 allunde
810 768 885 789 nou
904 761 1023 789 notus.

513 839 547 870 7.

64 902 186 938 Schol.
202 901 311 938 Pind,
330 901 457 935 Isthm.
473 902 535 944 lv,
558 905 625 942 104
645 913 652 934 :
671 898 759 948 Περὶ
772 899 839 934 τῶν
853 897 1043 948 ἹΙρακλέος

10 957 142 993 παίδων
159 955 361 1006 Λυσίμαχός
377 954 461 1007 φησί
480 970 572 996 τινας
590 956 748 1006 ἱστορεῖν,
771 953 818 1001 μὴ
840 954 905 991 ὑπὸ
926 954 1041 1006 Ἱ1ρα-

15 1014 127 1060 κλέος,
146 1013 220 1050 ἀλλ’
238 1013 301 1050 ὑπό
317 1029 416 1049 τινων
434 1014 698 1064 δολοφονηθῆναι
718 1011 831 1055 ξένων.

64 1075 228 1108 Fortasse
239 1072 448 1118 Lysimachi
462 1084 601 1106 nomen
612 1072 700 1106 latet
713 1070 813 1117 apud
825 1071 941 1105 schol.
954 1072 1040 1107 Eur.

11 1131 140 1165 Phoeu.
175 1130 243 1172 13,
273 1131 338 1164 ubi
362 1131 438 1164 haee
465 1142 473 1166 :
503 1127 689 1177 Αἰγύπτιος
717 1126 924 1176 (Αἰγύστιος
949 1129 1037 1164 cod.

11 1188 143 1234 Timr„
159 1186 325 1235 Λίγυστος
344 1187 432 1222 cod.
453 1187 573 1234 Aug.)
593 1186 628 1222 δέ
644 1200 757 1235 φησιν,
772 1186 816 1226 ὡς
831 1186 868 1221 ἐκ
881 1189 1041 1235 χρησμοῦ

10 1244 88 1287 τοὺς
107 1246 232 1287 παῖδας
255 1244 401 1287 ἀκούσας
421 1246 491 1294 (sc.
514 1244 699 1292 Οἰδίπους)
719 1242 1040 1289 ἀλληλοκτονήσειν,

12 1301 148 1348 ἐξέθηκε
163 1301 220 1338 τὸν
243 1301 469 1347 Πολυνείκην,
486 1301 640 1352 Μήστωρ
662 1302 696 1338 δὲ
716 1301 926 1351 ἀμφοτέρους
946 1302 1041 1337 ἐκτε-

11 1362 121 1404 Οῆναι.
133 1361 190 1397 Ad
205 1374 284 1407 quae
300 1362 458 1395 Matthiae
484 1374 491 1394 ε
511 1377 524 1392 «
546 1363 680 1396 Verum
695 1359 802 1405 liujus
812 1360 1041 1407 grammatici

13 1419 70 1453 vel
95 1419 262 1454 historici
282 1431 418 1453 nomen
431 1446 441 1463 ,
462 1425 554 1466 puto
575 1420 684 1453 etiam
708 1419 896 1460 Memoris,
923 1418 1043 1464 ipsum

13 1476 300 1510 Valckenarium
320 1476 468 1510 latebat.
490 1475 678 1510 Fabricius
697 1476 738 1511 B.
761 1475 823 1511 Gr.
839 1476 892 1517 ΙΙ,
907 1486 946 1520 p.
967 1478 1039 1518 274

11 1545 82 1579 pro
121 1531 307 1581 Αἰγύπτιος
338 1533 536 1580 legendum
572 1533 826 1579 suspicabatur
856 1532 954 1579 AEgis
984 1533 1042 1566 vel

15 1591 135 1637 AEgias
157 1589 269 1638 [deb.
291 1588 426 1638 Agias].
449 1590 523 1626 Pro
554 1588 709 1639 Μήστωρ
734 1591 885 1625 Taurin.
910 1587 1043 1634 μυστή-

13 1661 94 1696 ριον.
120 1649 232 1682 Vere!
261 1664 275 1678 »
298 1649 407 1695 Agias
425 1649 568 1695 scripsit
581 1649 773 1696 Argolica,
790 1655 825 1683 et
842 1654 1043 1695 propterea

12 1706 134 1739 minus
154 1705 190 1739 h.
212 1706 236 1740 l.
260 1713 365 1752 aptus
394 1706 522 1740 homo.
548 1706 607 1741 Ad
631 1706 782 1741 traditas
800 1707 922 1740 literas
948 1718 1042 1752 pro-

11 1763 94 1809 pius
120 1763 246 1797 accedi
269 1770 389 1809 potest
417 1763 613 1798 scribendo
641 1762 834 1804 Λύσιππος.
862 1764 1043 1809 Lysippus

12 1820 164 1866 Epirota
177 1821 318 1866 scripsit
331 1819 362 1856 'A
371 1819 480 1855 σεὸῶν
492 1819 682 1868 κατάλογον
697 1819 829 1869 (501101.
844 1820 966 1866 Apoll.
982 1822 1041 1864 IV,

18 1877 129 1924 1093.
163 1877 219 1914 Cf.
246 1878 372 1915 Ebert.
403 1879 496 1914 Diss.
519 1879 589 1913 Sic.
617 1891 656 1924 p.
688 1890 756 1922 107
779 1890 830 1924 sq.
848 1876 877 1925 )‚
901 1878 939 1911 111
967 1890 1041 1924 quo

13 1934 150 1981 OEdipi
176 1936 315 1969 mentio
335 1948 411 1969 non
428 1936 565 1982 inepta.
583 1937 656 1970 Pro
682 1933 836 1983 Μήστωρ
854 1947 1042 1982 reponen-

14 1991 101 2037 dus,
117 1993 184 2026 nisi
204 1992 324 2036 fallor,
342 1991 507 2042 Νέστωρ,
526 2001 656 2028 auctor
671 1994 872 2042 Θεατρικῶν
888 1994 1041 2040 ὑπομνη-

14 2047 132 2096 μάτων
153 2048 210 2094 (V.
229 2051 331 2087 Voss,
347 2063 385 2098 p.
416 2049 526 2099 200).

505 2120 541 2157 8.

66 2188 190 2223 Schol.
207 2188 336 2234 EurIp.
358 2189 514 2235 Hippol.
540 2187 612 2229 545
633 2201 640 2222 :
663 2186 865 2236 Λυσίμαχος
886 2186 921 2222 δέ
940 2201 1041 2237 φησιν

14 2245 46 2280 ἐν
65 2249 133 2284 τοῖς
152 2243 343 2289 Θηὸαϊκοῖς
360 2243 579 2294 παραδόξοις,
598 2244 780 2292 τριάκοντα
802 2244 962 2293 ἀργυρίου
979 2243 1041 2279 τά·

15 2352 53 2381 Et
68 2360 166 2390 quum
181 2352 361 2382 clanculum
375 2352 519 2391 sepulcro
532 2353 666 2383 condere
682 2353 799 2384 vellent
809 2376 816 2389 ‚
830 2355 924 2383 noctu
943 2353 972 2382 in
985 2354 1044 2382 Ce-

16 2401 92 2431 reris
108 2401 196 2439 fauo,
212 2401 390 2440 ignorantes
406 2403 464 2432 loci
479 2404 679 2433 sanctitatem
690 2427 698 2441 ,
713 2404 936 2442 sepeliverunt.
953 2403 1044 2438 Quod

14 2452 68 2482 ubi
80 2452 268 2483 detexerunt
285 2453 395 2484 incolae
410 2455 532 2493 Eteoni,
546 2455 596 2485 dei
610 2456 772 2485 oraculum
786 2455 942 2493 adierunt,
958 2464 1045 2494 qure-

17 2505 119 2534 rentes
130 2504 204 2543 quid
219 2505 397 2536 faciendum
412 2507 502 2537 esset.
516 2507 571 2537 ille
582 2515 655 2537 vero
668 2507 837 2546 respondit,
849 2516 887 2537 ne
901 2507 969 2537 loco
980 2515 1046 2536 mo-

16 2556 125 2585 verent
137 2554 204 2585 deae
216 2556 401 2594 supplicem.
417 2558 527 2595 ltaque
540 2557 593 2588 1110
609 2558 677 2588 1000
691 2557 936 2597 sepultusjacet.
955 2570 968 2584 υ
986 2559 1045 2587 Fa-

16 2614 91 2636 num
106 2615 180 2636 vero
193 2606 404 2646 OEdipodeum
417 2609 521 2638 vocari
535 2608 632 2639 addit.

512 2663 544 2693 7.

57 2713 146 2749 Quod
168 2713 282 2743 liberos
305 2714 448 2745 Herculis
462 2715 593 2754 attinet,
611 2724 664 2746 eos
679 2716 820 2746 nonnulli
832 2740 839 2754 ,
860 2717 1046 2755 Lysimacho

16 2763 95 2793 teste
105 2786 114 2800 ,
128 2772 190 2793 non
212 2763 252 2793 ab
267 2765 401 2795 Hercule
417 2766 536 2797 occisos
546 2789 554 2803 ,
570 2766 623 2797 sed
637 2775 654 2796 a
669 2767 838 2805 peregrinis
857 2767 1045 2806 quibusdam

17 2813 89 2844 dolo
103 2816 229 2845 necatos
240 2823 306 2845 esse
318 2817 455 2846 narrant.

516 2871 549 2901 8.

59 2920 263 2959 Lysimachus
279 2921 309 2951 in
322 2922 483 2954 'Thebanis
502 2924 673 2955 paradoxis
689 2925 732 2955 ait
751 2926 920 2956 Herculem
937 2929 1046 2958 eontra

20 2971 238 3002 OEchalienses
251 2973 483 3011 expeditionem
500 2975 670 3014 suscepisse
680 2999 688 3014 ,
703 2976 787 3014 quod
802 2976 832 3006 hi
854 2977 980 3016 triginta
994 2986 1044 3008 ar-

0 3023 1 3030 *
19 3023 101 3061 genti
118 3023 232 3054 talenta
248 3024 340 3063 lphiti
355 3025 450 3057 caedis
463 3027 614 3057 mulctam
635 3028 853 3067 postulassent.

471 3087 514 3125 (8
540 3087 593 3126 a.)

288 3161 485 3201 URBlUM
515 3165 772 3203 ORlGlNES.

62 3235 200 3267 Ducibus
217 3238 270 3276 qui
291 3248 363 3270 cum
388 3242 534 3281 Polynice
554 3246 641 3275 erant
661 3245 918 3284 convivantibus,
940 3246 1044 3285 aquila

1070 1891 1076 2122 Ι

2047 157 2120 188 337

1103 238 1210 274 λαντα
1238 237 1468 274 ἀπαιτούντων
1498 241 1586 287 (τῶν
1618 237 1811 288 ΟἱΛαλιὲοΝ
1839 238 1906 285 sc.)
1935 236 2052 282 ποινὴν
2074 238 2129 273 ἐπὶ

1103 292 1244 344 Ἰφίτῳ,
1269 293 1373 335 οὕτως
1390 295 1442 330 ἐπ’
1463 295 1582 337 αὐτοὺς
1603 294 1777 345 Ἡρακλέα
1797 297 2016 343 στρατεῦσαι.

1145 349 1363 399 παραδόξοις]
1378 351 1574 401 παραδόξ(ι1ς
1584 355 1726 390 welch.
1738 355 1840 398 (ffel.
1856 366 1890 400 p.
1903 366 1922 387 9,
1934 366 1943 386 1
1955 366 1989 397 7,
2001 352 2129 389 11330.

1102 408 1157 444 Cf.
1182 409 1369 445 llerodor.
1392 410 1436 445 l'r.
1456 410 1515 445 33.

1564 483 1603 531 (8
1625 485 1677 531 a.)

1490 574 1713 622 (ΚἸἸΣΕΙΣ
1739 576 1749 622 )

1156 668 1340 702 Plutarch.
1357 668 1489 703 Parall.
1509 668 1598 701 111111.
1616 680 1647 702 r.
1671 667 1692 700 6
1712 679 1719 700 ;
1740 667 1820 702 Τῶν
1838 665 1911 713 ἅμα
1935 664 2132 703 Πολυνείκει

1102 723 1346 774 εὐωχουμένων
1370 723 1541 773 λοχαγῶν,
1568 722 1664 764 ἀετὸς
1686 722 1864 764 καταπτὰς
1883 722 1920 758 τὸ
1938 723 2133 774 Ἀμφιάρεω

1102 781 1273 818 ἐδάστασε
1294 780 1372 831 δόρυ
1399 782 1443 821 εἷς
1465 779 1545 831 ὕψος
1574 779 1632 816 καὶ
1656 779 1767 816 εἴασε·
1796 779 1832 815 τὸ
1856 778 1889 815 δὲ
1906 780 2013 828 παγὲν
2034 781 2066 815 ἐν
2087 783 2131 830 γῇ

1104 840 1211 891 δάφνη
1225 839 1366 889 ἐγένετο.
1381 841 1435 888 Ἰᾔ
1450 839 1477 874 δ’
1488 837 1650 889 ὑστεραίᾳ
1667 837 1921 886 πολεμούντων,
1938 840 2013 874 κατ’
2027 839 2133 875 ἐκεῖνο

1102 897 1314 941 >carendo-05
1343 896 1556 947 Ἀμφιάρεως
1586 898 1634 945 τῷ
1662 895 1808 945 ἅρματι,
1840 894 1916 930 ἔνθα
1950 899 2006 931 νῦν
2037 895 2135 937 πόλις

1101 954 1216 1006 ’Άρμα
1233 955 1406 990 καλεῖται·
1420 956 1464 995 ὡς
1475 952 1691 1004 Τρισίμαχος
1708 953 1719 1001 (
1734 951 2082 1002 1111111Λυσίμαχοςῖ)
2100 955 2133 989 ἐν

1101 1012 1205 1063 τρίτῳ
1222 1011 1392 1050 Κτίσεων.

1511 1098 1645 1136 ΝΟΣΤ
1649 1098 1711 1134 01.

1415 1200 1443 1232 Ε
1472 1198 1618 1233 LIBRO
1648 1197 1815 1233 PRIMO.

1596 1304 1631 1337 9.

1154 1379 1280 1413 Scliol.
1304 1379 1411 1415 Piud.
1435 1379 1541 1425 Pyth.
1565 1380 1607 1422 V,
1634 1376 1704 1412 108
1728 1389 1736 1413 :
1760 1374 1847 1425 Περὶ
1875 1376 1934 1418 τῆς
1954 1375 1998 1415 εἷς
2020 1373 2136 1423 Κυρή-

1102 1450 1161 1479 νην
1175 1435 1316 1486 ἀιρίξεως
1329 1437 1394 1471 τῶν
1409 1434 1653 1484 Ἀντηνοριδῶν
1668 1433 1871 1482 Λυσίμαχος
1883 1433 1916 1468 ἐν
1929 1431 2054 1482 πρώτῳ
2068 1434 2135 1467 τῶν

1102 1492 1246 1530 Νόστων
1262 1494 1408 1542 ςιστορεῖ,
1429 1492 1511 1543 παρ’
1531 1491 1679 1540 Ἄμνακι
1705 1490 1977 1539 (ἈκαμνάκειΡ)
2001 1489 2137 1538 βασιλεῖ

1102 1550 1240 1588 Λιὲύων
1254 1549 1373 1592 αὐτοὺς
1384 1548 1568 1601 ᾠκηκέναι,
1585 1548 1631 1597 μὴ
1652 1549 1873 1599 βουλομένους
1888 1547 2052 1584 συνοικεῖν
2067 1552 2135 1588 τοῖς

1102 1609 1139 1645 τὸ
1157 1608 1264 1645 Ἴλιον
1283 1607 1536 1658 πεπορθηκόσι,
1555 1607 1613 1643 καὶ
1629 1607 1680 1643 ὅτι
1696 1606 1832 1644 ἔκτισαν
1852 1606 2008 1656 (ἔκτισεν
2024 1605 2134 1652 00(1.)

1104 1667 1176 1715 μεθ’
1190 1666 1306 1703 ἱκανὸν
1324 1666 1444 1716 χρόνον
1462 1665 1517 1702 τὸν
1536 1664 1662 1713 μεταξὺ
1680 1664 1836 1713 Κυρήνης
1853 1664 1911 1700 καὶ
1931 1666 1988 1708 τῆς
2005 1661 2134 1699 Θαλάσ-

1103 1741 1163 1770 σης
1181 1725 1335 1771 κείμενον
1355 1724 1457 1776 λόφον
1480 1723 1721 1773 Ἀντηνοριδῶν
1741 1721 2022 1770 ἐπικεκλημένον.

1156 1787 1300 1819 Tzetzes
1327 1784 1375 1817 ad
1394 1786 1485 1829 Lyc.
1509 1782 1582 1827 874
1610 1795 1618 1816 ε
1643 1780 1843 1830 Λυσίμαχος
1869 1781 1902 1815 ἐν
1923 1779 2048 1831 πρώτῳ
2067 1784 2135 1817 τῶν

1103 1841 1245 1879 Νόστων
1263 1839 1351 1876 οὕτω
1372 1855 1444 1880 πως
1463 1839 1573 1888 λέγει·
1594 1856 1608 1871 «
1627 1840 1797 1883 Γλαῦκος,
1820 1836 1993 1885 Ἀκάμας,
2015 1837 2138 1875 Ἱππό-

1101 1900 1222 1948 λοχος,
1242 1899 1272 1934 οἱ
1293 1896 1544 1947 Ἀντηνορίδαι,
1565 1898 1648 1946 παρ’
1671 1895 1877 1944 Ἀκαμνάκει
1908 1896 2043 1944 βασιλεῖ
2070 1898 2137 1934 Λι-

1104 1956 1192 1992 ἐῗύων
1222 1955 1374 2005 ᾤκησαν,
1399 1953 1445 2002 μὴ
1468 1953 1667 2004 βουλόμενοι
1693 1955 1859 1990 συνοικεῖν
1879 1958 1947 1994 τοῖς
1975 1952 2013 1988 τὸ
2030 1950 2136 1991 Ἴλιον

1103 2012 1325 2064 πορθήσασιν,
1342 2011 1374 2048 οἳ
1390 2013 1463 2060 μεθ’
1480 2011 1596 2048 ἱκανὸν
1613 2010 1731 2062 χρόνον
1751 2010 1806 2047 τὸν
1831 2009 1956 2058 μεταξὺ
1978 2010 2138 2060 Κυρήνης

1102 2072 1159 2108 καὶ
1178 2074 1237 2113 τῆς
1257 2070 1431 2113 θαλάσσης
1447 2069 1687 2118 Ἀντηνοριδῶν
1699 2068 1801 2115 λόφον
1819 2068 1955 2105 ἔκτισαν
1972 2068 2029 2104 καὶ
2044 2067 2137 2118 ᾤκη-

1102 2144 1202 2165 σαν.»
1215 2150 1263 2154 ——
1275 2126 1497 2176 Ἀκαμνάκει]
1514 2129 1655 2162 Mulier.
1668 2140 1687 2162 e
1698 2127 1810 2163 codd.
1827 2126 1950 2162 Viteb.
1967 2138 2036 2172 pro
2051 2134 2136 2173 vgta

1102 2186 1262 2232 ἀμνάκει.
1281 2208 1325 2213 -
1347 2183 1571 2234 Λυσίμαχος]
1587 2186 1636 2219 sic
1653 2185 1799 2219 Mulier.
1822 2196 1840 2218 e
1859 2183 1970 2218 codd.
1993 2183 2137 2230 Viteb.;

1102 2246 1189 2279 olim
1212 2242 1419 2291 Σύμμαχος.

1108 2351 1242 2381 demisit.
1266 2353 1307 2381 Ea
1332 2352 1422 2381 tei-rec
1446 2350 1542 2380 intixa
1564 2350 1594 2379 in
1620 2350 1744 2379 laurum
1764 2351 1810 2379 est
1829 2351 1962 2379 mutata.
1984 2348 2137 2378 Postridie

1104 2403 1252 2442 proelium
1280 2411 1379 2441 quum
1404 2402 1666 2439 committeretur,
1690 2410 1726 2431 00
1749 2401 1818 2431 1000
1849 2399 2053 2438 Amphiaraus
2075 2408 2136 2429 una

1105 2463 1177 2484 011111
1194 2463 1290 2483 curru
1308 2455 1390 2483 terra
1410 2453 1541 2483 haustus
1563 2454 1628 2490 est,
1649 2452 1702 2481 uhi
1727 2453 1845 2482 Harma
1868 2451 2038 2488 (Currus)
2063 2451 2138 2480 urbs

1104 2513 1189 2534 nunc
1206 2506 1262 2534 est.
1280 2505 1330 2535 Sic
1345 2503 1564 2543 Lysimachus
1579 2502 1673 2532 tertio
1688 2505 1730 2533 De
1744 2501 1870 2531 urbium
1884 2500 2055 2539 orginihus.

1446 2589 1805 2627 REVERSlONES.

1603 2674 1636 2705 9.

1147 2735 1354 2766 Antenoridas
1370 2736 1514 2774 Cyrenen
1531 2733 1734 2764 advenientes
1748 2731 1951 2771 Lysimachus
1972 2730 2136 2761 R-eversio-

1105 2796 1180 2818 num
1195 2787 1274 2818 libro
1288 2787 1389 2826 primo
1406 2787 1514 2816 narrat
1527 2785 1609 2825 apud
1627 2788 1799 2816 Amnacem
1817 2782 2067 2822 (Acammzcem)
2082 2781 2133 2812 Li-

1105 2838 1200 2877 byum
1222 2846 1324 2876 regem
1344 2837 1517 2874 habitasse,
1544 2836 1686 2866 nolentes
1711 2834 1899 2868 commorari
1918 2841 1992 2863 cum
2019 2832 2056 2862 iis
2080 2832 2135 2871 qui

1107 2889 1200 2919 ilium
1217 2888 1418 2925 evertissent,
1436 2896 1473 2917 ac
1497 2887 1567 2926 post
1583 2886 1743 2925 aliquanto
1764 2884 1914 2924 temporis
1930 2883 2053 2914 colonia
2069 2883 2132 2913 sre-

1104 2942 1270 2979 quentasse
1294 2939 1404 2969 collem
1422 2938 1503 2969 inter
1519 2940 1663 2977 Cyrenen
1681 2939 1777 2977 atque
1799 2945 1886 2967 mare
1901 2936 1996 2966 situm
2007 2959 2015 2973 ,
2030 2934 2082 2974 qui
2096 2934 2135 2965 de

1104 2990 1177 3029 ipsis
1190 2989 1454 3020 Antenoridarum
1468 2989 1556 3019 collis
1571 2988 1761 3027 appellatur.
2150 3027 2154 3030 ῃ

1145 3041 1348 3080 Lysimachus
1362 3041 1441 3072 libro
1460 3040 1561 3079 primo
1585 3040 1812 3071 Reversionum
1828 3039 1871 3069 ita
1887 3037 1994 3069 scribit
2011 3050 2017 3068 :
2036 3037 2131 3067 Glau-

1105 3101 1172 3130 cus,
1184 3096 1333 3130 Acamas,
1346 3092 1575 3131 Hippolochus,
1593 3090 1793 3123 Antenoridae
1804 3114 1812 3128 ,
1827 3089 1909 3129 apud
1924 3091 2131 3119 Acamnacem

1105 3153 1207 3183 regem
1225 3144 1425 3181 habitarunt,
1442 3143 1526 3183 quod
1543 3143 1662 3174 nollent
1678 3151 1740 3172 una
1764 3142 1905 3172 habitare
1929 3149 2001 3170 cum
2025 3140 2061 3169 iis
2076 3138 2129 3177 qui

1105 3195 1196 3226 ilium
1225 3196 1425 3232 evertissent,
1452 3202 1568 3233 eosque
1595 3194 1755 3232 aliquanto
1788 3193 1857 3232 post
1886 3192 1966 3221 inter
1986 3192 2128 3228 Cyrenen

1104 3247 1199 3284 atque
1210 3254 1295 3276 mare
1306 3245 1400 3276 sitnm
1412 3245 1522 3275 00110111
1532 3244 1792 3276 Antenoridaruin
1804 3241 2013 3273 exmduicassc
2025 3239 2128 3277 ibique

21 3284 168 3318 devolans
185 3288 306 3321 hastam
321 3293 499 3332 Amphiarai
517 3297 637 3334 raptam
652 3296 681 3326 in
695 3296 828 3327 sublime
842 3297 958 3334 evexit,
974 3297 1045 3327 inde
1072 3284 1077 3322 l
1103 3297 1189 3328 sodes
1205 3297 1316 3328 fixisse.

162 3351 343 3376 FRAGuEN‘m
365 3357 487 3379 ulsTon.
512 3359 564 3380 Gn.
586 3368 613 3372 -
631 3360 699 3381 vot.
725 3361 766 3381 lll.

1957 3352 1991 3373 ’λζ’
