2289 3728
69 180 140 211 ¹38

63 259 175 295 πάλαι
187 256 277 306 μὲν
261 270 300 299 ην
317 254 437 302 σεμνὸν
456 253 513 288 καὶ
530 252 632 301 ιερόν
654 249 821 297 Πολέμων
833 264 911 297 γουν
928 271 978 276 —
995 251 1012 285 ὁ
1026 247 1092 285 εἴτε

67 313 230 363 Σάμιος*
212 330 233 358 -Γ,
248 311 429 351 Σικυώνιος
445 308 506 345 εἴτ’
522 307 695 351 ΑΟηναιος
708 305 956 354 ὀνομαζόμενος
967 305 1092 356 χαίρει,

65 389 109 414 ως
139 374 157 408 ὃ
182 368 365 420 Mobeni-mc
393 364 622 417 Ηρακλείδης
657 363 748 413 λέγει
778 364 1094 414 καταριθμούμενος

66 428 166 466 αὐτὸν
187 427 244 465 καὶ
262 427 322 462 ἀπ’
341 424 453 460 ἄλλων
469 423 601 459 πόλεων
613 437 620 444 ·
641 423 842 458 ἐπεκαλεῖτο
861 421 896 458 δὲ
917 421 975 459 καὶ
1004 423 1094 466 Στη-

66 486 231 530 λοκόπας,
253 487 297 525 ὡς
315 482 493 533 Ἡρόδικος
506 484 523 518 ὁ
541 479 749 530 Κρατήτειος
767 479 882 529 εἴρηκε
899 503 950 507 —
962 480 1096 531 γράψας

66 545 144 594 περὶ
173 541 372 592 παρασίτων
400 539 501 591 φησὶν
531 538 652 580 οὕτως·
687 555 700 570 α
734 537 786 575 Τὸ
816 541 873 574 τοῦ
903 537 1094 588 παρασίτου

66 602 172 649 ὄνομα
191 616 248 636 νυν
269 599 330 647 μὲν
351 597 467 641 ἄδοξόν
488 599 583 642 ἐστι,
607 595 702 647 παρὰ
720 595 754 632 δὲ
777 601 845 638 τοῖς
866 595 1021 646 ἀργαίοις
1040 597 1094 631 εὓ-

69 660 227 709 ρίσκομεν
243 657 299 694 τὸν
309 654 497 706 παράσιτον
514 654 603 706 ἱερόν
620 669 651 690 τι
667 669 788 713 χρτμα
803 655 861 690 καὶ
873 656 920 689 τιΝ)
935 652 1097 689 συνθοίνι)

67 716 271 766 παρόμοιον.
293 714 355 752 Ἐν
381 712 593 762 Κυνοσάργει
614 711 676 761 μὲν
697 715 753 748 οὐν
777 712 810 747 ἐν
831 713 879 747 τιΝ)
900 693 1097 761 Ἱ1ρακλὲείι)

69 773 155 817 στη)
148 788 179 817 η
201 771 249 813 τίς
268 773 370 816 ἐστιν,
387 772 420 806 ἐν
435 774 455 820 ἦ
473 770 659 821 ψήφισμα
654 769 714 805 μὲν
734 768 968 812 immadem),
985 782 1097 818 γραμ-

71 846 196 879 ματευς
215 830 250 866 δὲ
281 828 452 880 Στέφανος
471 828 703 866 Θουκυδίοου·
731 826 867 874 λέγεται
888 825 916 861 δ’
947 840 979 861 εν
1006 826 1069 861 αὐτ
1072 827 1098 859 (Ν)

69 887 146 938 περὶ
165 890 226 932 τ’ῆς
245 884 474 936 προσηγορίας
493 884 618 926 ου’τως·
639 903 654 916 «
672 883 762 921 Τὰ
745 882 780 920 οὲ
800 881 966 931 ἐπιμήνια
993 881 1099 917 θυετιι)

69 949 87 982 ὁ
102 947 170 996 ἱερε
174 961 209 987 υς
232 942 318 992 μετὰ
337 945 404 979 τ(Ν)ν
428 941 643 992 παρασίτων.
667 943 713 977 Οι
736 940 771 976 δὲ
790 939 974 990 παράσιτοι
993 937 1098 974 ἔστων

70 1005 109 1040 ἐκ
125 1004 192 1040 τῶν
209 1003 312 1039 νόθων
331 1000 391 1037 καὶ
411 1002 476 1036 τῶν
497 999 622 1036 τούτων
641 1012 772 1034 παιοων
788 996 877 1034 κατὰ
893 995 936 1033 τὰ
953 995 1097 1046 πάτρια,

69 1060 137 1102 ⁰0<
154 1059 180 1096 δ
203 1058 244 1096 ἂν
262 1057 308 1107 μὴ
330 1058 387 1094 θέλ
381 1074 411 1107 ῃ
429 1062 643 1107 παρασιτεῖν,
665 1055 829 1104 εἰσαγέτω
849 1070 908 1090 και
926 1068 1004 1103 περι
1023 1053 1101 1089 τού-

71 1128 138 1149 των
156 1114 202 1154 εἷς
221 1111 258 1148 τὸ
277 1109 509 1160 δικαστήριον.
529 1127 542 1140 ›
561 1108 656 1145 Ἐν
639 1108 673 1144 οὲ
692 1110 760 1148 τοῖς
779 1105 920 1156 κυροεσι
936 1108 1004 1147 τοῖς
1023 1120 1102 1174 περι

73 1172 139 1206 τῶν
157 1170 360 1214 Δηλιαστῶν
377 1167 480 1208 ου’τως
495 1164 710 1217 γέγραπται·
726 1183 740 1196 α
763 1164 833 1201 Και
852 1179 901 1200 τι)
918 1177 1046 1214 κηρυκε
1064 1177 1102 1199 εκ

73 1243 130 1264 του
152 1225 266 1274 γένους
285 1227 350 1262 τῶν
373 1239 530 1274 κηρυκων
551 1238 610 1259 του
629 1225 689 1267 τ-Νης
711 1220 992 1283 μυστηριώτιοος.
1015 1220 1103 1257 Τού-

73 1294 150 1322 τους
177 1278 211 1315 ὃε
231 1282 431 1327 παρασιτεῖν
454 1279 486 1313 ἐν
509 1277 557 1312 τιΝ)
587 1275 706 1325 Δηλίῳ
733 1272 899 1311 ἐνιαυτόν.
916 1291 931 1305 »
987 1272 1086 1310 ἘνΝ
1069 1272 1102 1308 οὲ

74 1336 269 1380 Παλληνίδι
286 1340 354 1376 τοῖς
374 1332 620 1381 αναθημασιν’
606 1331 856 1382 επιγέγραπται
874 1330 973 1367 τάδε·
988 1349 1001 1363 ιι
1023 1328 1105 1380 Ἄρ-

73 1408 190 1444 χοντες
210 1392 268 1429 καὶ
287 1392 471 1441 παράσιτοι
498 1389 658 1426 ἀνέθεσαν
685 1391 715 1426 οἱ
736 1389 792 1426 ἐπὶ
813 1388 1020 1439 Πυθοδώρου
1040 1387 1102 1439 ἄρ·

74 1466 194 1502 χοντος
214 1448 481 1500 στεφανιι)Θε’ντες
501 1450 618 1499 χρυσῷ
636 1447 794 1498 στεφάνῳ
820 1446 876 1484 ἐπὶ
894 1446 1037 1498 Διφίλης
1054 1448 1106 1482 ἱε-

75 1509 177 1561 ρείας.
198 1508 234 1526 m
254 1507 449 1558 Παράσιτοι
465 1506 648 1548 Ἐπίλυκος
665 1505 857 1555 Στραττίου
874 1504 1105 1555 Γαργήττιος,

77 1568 249 1618 Περικλῆς
273 1565 497 1615 Περικλείτου
525 1564 687 1609 Πιτθεύς,
706 1565 854 1614 Χαρῖνος
881 1563 1108 1613 Δημοχάρους

77 1624 300 1674 Γαργήττιος.
337 1642 351 1655 υ
381 1625 454 1661 Κάν
479 1626 546 1664 τοῖς
568 1626 626 1658 τοῦ
650 1621 817 1672 βασιλέως
842 1621 877 1657 δὲ
903 1620 1017 1668 νόμοις
1047 1620 1108 1670 γέ-

75 1697 251 1734 γραπται·
272 1700 284 1713 «
306 1680 396 1718 Ούειν
415 1683 463 1732 τῷ
481 1680 670 1718 Ἀπόλλωνι
689 1679 764 1721 τοὺς
785 1678 976 1729 Ἀχαρνέων
996 1693 1108 1730 παρα-

78 1740 201 1781 σίτους.
226 1757 240 1771 υ
480 1748 483 1750 ’

134 1797 325 1848 Παράσιτοι
346 1797 452 1833 ἔστων
473 1797 510 1832 ἐκ
539 1797 632 1840 τῶν]
655 1797 801 1831 codices
827 1810 865 1832 π.
899 1793 956 1830 ἕνα
982 1795 1049 1829 τῶν
1073 1794 1109 1829 ἐκ

79 1858 163 1901 τῶν;
184 1858 346 1891 correxit
373 1857 502 1892 Meicr.
535 1857 590 1890 De
612 1855 721 1889 bouis
741 1855 863 1889 damn.
890 1867 927 1900 p.
953 1853 1020 1898 75,
1046 1854 1111 1888 ubi

79 1915 176 1949 vide.
202 1936 250 1940 —
281 1916 335 1948 De
366 1913 532 1948 Deliastis
562 1925 596 1948 v.
629 1913 757 1948 Meier.
793 1914 848 1946 De
881 1912 1008 1959 gentil.
1033 1913 1108 1945 Att.

78 1986 117 2019 p.
141 1971 200 2007 51.
234 1988 247 2002 (ι
280 1973 361 2018 Ipsa
382 1969 495 2004 verba
522 1971 627 2016 legis,
650 1970 832 2004 Prcllerus
851 1971 918 2013 ait,
938 1969 1112 2004 videntur

82 2030 262 2079 particula
284 2041 357 2063 esse
379 2029 536 2075 catalogi
555 2040 704 2070 eorum,
730 2028 793 2073 qui
810 2028 848 2060 in
865 2027 979 2073 epulis
1004 2026 1114 2060 sacris

83 2089 118 2121 in
140 2087 247 2121 Delio
267 2086 400 2120 habitis
418 2085 577 2131 publicis
592 2085 798 2131 sumptibus
818 2084 1032 2126 coenabant,
1055 2084 1113 2116 in-

85 2154 137 2180 ter
157 2156 250 2190 quos
269 2150 373 2177 erant
391 2144 498 2177 etiam
519 2144 673 2189 Ceryces
689 2143 878 2177 Eleusinii.
899 2142 1027 2189 Epulae
1047 2153 1115 2175 au—

82 2210 155 2236 tem
175 2202 244 2235 illae
266 2214 375 2235 sacrae
395 2200 600 2245 conjunctae
623 2207 747 2243 erant,
776 2200 923 2246 opinor,
954 2211 1038 2233 cum
1057 2210 1114 2232 sa-

83 2258 229 2294 crificiis
245 2260 283 2293 in
302 2260 409 2293 Delio
425 2258 675 2304 Marathonio,
691 2270 805 2303 quum
825 2258 964 2291 theoria
983 2257 1114 2291 Delum

84 2318 307 2360 mitteretur,
327 2317 396 2350 rite
418 2316 588 2362 peractis.
609 2315 663 2351 Cf.
690 2316 904 2352 Philochor.
930 2315 997 2363 (fr.
1023 2314 1112 2361 158)

84 2387 142 2420 ap.
160 2375 273 2409 schol.
293 2373 388 2409 OEd.
406 2374 484 2408 Col.
508 2377 618 2418 1047,
638 2386 749 2420 quem
763 2374 887 2408 locum
907 2373 1116 2407 emendavit

84 2434 212 2468 Meier.
236 2435 291 2467 De
312 2433 463 2466 theoriis
482 2445 519 2478 p.
539 2433 586 2466 X.
611 2448 625 2463 »
653 2430 708 2466 ἐπὶ
725 2430 892 2481 Διφίλης]
921 2433 1047 2468 Meter.
1070 2431 1116 2466 dc

84 2491 214 2537 gentil.
240 2503 280 2536 p.
306 2490 351 2531 43
382 2497 417 2523 et
437 2490 610 2533 Preller.;
643 2488 698 2524 ἐπὶ
719 2489 753 2524 δὲ
772 2489 877 2538 φυλῆς
906 2489 1038 2533 codd.;
1062 2487 1117 2524 ἐπὶ

87 2547 116 2582 δ’
147 2546 332 2597 Ἐριφύλης
360 2548 566 2583 Casaubon.
598 2569 649 2573 —
681 2545 864 2587 Ἐπίλυκος
896 2545 1087 2596 Στραττίου
1106 2546 1117 2595 ]

88 2605 259 2648 Preller.‚
280 2602 363 2640 Ἔπ.
396 2603 637 2652 Λυκοστράτου
659 2606 786 2641 Meier.
808 2606 833 2642 l.
863 2606 904 2649 l.;
930 2604 986 2640 ἐπὶ
1009 2609 1116 2642 Λυκο-

88 2659 234 2710 στράτου
256 2662 368 2695 codd.
388 2683 438 2688 —-
455 2664 542 2708 Quae
561 2663 734 2710 deinceps
761 2664 966 2698 afferuntur
988 2677 1007 2698 c
1030 2665 1120 2710 logi--

90 2771 327 2809 cognominatus
338 2780 412 2801 vcro
425 2772 517 2801 etiarn
530 2772 711 2811 Stolocopas
724 2775 800 2809 crat,
813 2775 849 2803 ut
865 2773 1034 2803 Herodicus
1047 2775 1123 2803 Cra—

89 2821 185 2852 tetius
202 2821 297 2851 tradit
314 2834 320 2851 z
344 2822 471 2852 rotomo
492 2823 596 2861 igitur,
618 2823 671 2853 ubi
689 2823 727 2853 dc
750 2824 897 2854 Parasitis
912 2825 1037 2862 scribit,
1055 2825 1121 2854 turc

90 2872 185 2902 dicit:
209 2885 223 2898 »
246 2873 375 2902 Parasiti
396 2882 510 2903 nomen
533 2883 617 2904 nunc.
638 2874 766 2913 quidem
789 2874 922 2913 ignobile
949 2877 1013 2914 est,
1037 2875 1119 2914 apud

92 2926 217 2954 veteres
241 2932 316 2953 vero
350 2925 523 2963 reperimus
550 2927 745 2964 parasitum,
772 2936 896 2957 sacrum
927 2926 1062 2966 aliquid,
1085 2936 1122 2958 ac

93 2975 155 3005 t'erc
171 2974 251 3004 idem
266 2983 337 3004 cuin
355 2975 498 3005 conviva.
518 2978 551 3006 Iu
569 2978 744 3016 Cynosarge
758 2977 902 3016 quidem,
925 2978 954 3008 in
979 2979 1123 3009 Herculis¹

94 3025 233 3064 templo,
252 3026 297 3055 cst
320 3026 468 3055 columna
494 3026 658 3065 quaedam,
676 3028 725 3057 cui
754 3029 936 3067 inscriptum
959 3029 1121 3060 decretum

94 3075 261 3106 Alcibiadis
273 3099 281 3113 ‚
305 3076 405 3105 scriba
421 3076 578 3114 Stvphano
597 3078 790 3116 Thucydidis
813 3079 965 3115 (Mclesiae
982 3080 1001 3109 f.
1015 3081 1023 3118 J
1039 3080 1121 3118 tilio;

93 3135 157 3165 quo
174 3126 202 3155 in
217 3125 342 3156 decreto
357 3126 394 3155 dc
415 3128 471 3156 ista
488 3127 741 3158 ‹ln-nominatione
756 3129 822 3159 hacc
839 3130 985 3167 leguntur
1005 3142 1011 3159 :
1033 3133 1120 3161 Men·

94 3180 193 3208 struo
209 3176 424 3215 sacrasacz'lo
437 3177 593 3207 sacerdos
603 3185 676 3208 eum
685 3181 862 3217 parasitis.
879 3182 1030 3210 Parasiti
1045 3189 1122 3211 vero

95 3237 137 3259 eat
148 3229 257 3259 nothis
272 3231 303 3258 (Ἰ
311 3237 353 3258 cx
361 3228 570 3264 llorumfiliis
580 3230 753 3269 eliquatur
768 3234 986 3270 »iae-epatrio.
1001 3235 1033 3261 Si
1047 3235 1122 3272 quis

95 3281 241 3318 parasiti
265 3279 376 3318 officio
410 3279 507 3318 smmi
538 3283 768 3315 recusaverit,
802 3282 930 3320 reserat
953 3282 1121 3323 [sacerdos]

96 3332 197 3360 ctiam
220 3329 259 3361 dv
281 3330 342 3362 Ιιοι·
363 3330 583 3367 adjudicant
610 3333 799 3363 concilium.
826 3335 858 3362 111
880 3333 1035 3372 Cyrbibus
1050 3343 1122 3364 vero

851 163 1137 201 POLEMONtS
1167 162 1379 200 lLlE'NSiS

1154 252 1220 285 bus
1233 248 1398 300 βασιλέως
1411 251 1485 283 sive
1498 250 1590 296 regis
1605 261 1792 283 sacrorum
1803 249 1928 294 paullo
1948 249 2039 283 iufra
2056 249 2180 285 denno

1154 315 1394 356 apponuntur
1420 320 1463 342 ex
1484 309 1628 343 Cratete
1649 306 1681 341 ἐν
1716 303 1860 355 δευτέρῳ
1881 304 2033 350 Ἀττικῆς
2064 307 2161 343 διαλέ

1154 380 1248 401 κτου.
1263 365 1408 401 Etenim
1420 372 1504 412 post
1515 365 1620 402 allata
1632 364 1730 411 apud
1741 365 1949 398 Athenaeum
1958 373 2180 411 sequuntur:

1155 425 1257 458 locus
1275 425 1440 459 Clearchi
1459 422 1522 473 (fr.
1546 422 1607 469 1),
1636 422 1796 457 Atthidis
1820 422 1975 456 Clidemi
2007 421 2074 470 (fr.
2100 423 2182 471 11),

1155 483 1383 516 Themisonis
1402 483 1435 517 ἐν
1459 479 1670 527 Παλληνίδι,
1694 481 1891 526 Inscriptio
1911 481 2006 515 stelae
2027 482 2065 515 in
2083 483 2185 517 Ana-

1157 551 1223 573 ceo
1235 567 1243 583 ‚
1276 540 1378 574 locus
1415 540 1567 574 Cratetis
1602 538 1717 572 modo
1753 538 1940 584 laudatus,
1975 538 2186 576 Philochori

1159 597 1226 639 (fr.
1249 596 1358 643 156),
1374 598 1578 632 Aristotelis
1591 598 1628 630 in
1641 597 1849 631 Atheniens.
1867 598 1960 642 ch.
1981 593 2048 644 (fr.
2071 600 2116 641 [⁵7
2128 594 2184 644 b).

1157 653 1246 696 Quae
1264 656 1387 689 omnia
1405 655 1615 688 Polemonis
1631 666 1704 688 esse
1721 655 1904 688 Prellerus
1917 661 2056 696 censet3
2072 654 2186 689 idem-

1159 724 1230 757 que
1249 713 1357 746 etiam
1384 724 1464 758 quae
1484 712 1658 757 deinceps
1677 712 1850 758 leguntur
1872 711 1918 745 de
1944 712 2092 757 parasiti
2121 725 2191 746 no·—

1160 770 1259 803 tione
1276 776 1411 803 mutata
1427 770 1622 803 maximam
1634 776 1777 815 partem
1793 781 1812 803 e
1830 769 2032 804 Polemone
2046 768 2191 805 fluxisse

1159 827 1372 873 suspicatur.
1383 826 1493 871 Quod
1505 832 1684 872 quatenus
1695 838 1825 859 verum
1839 826 1896 869 sit,
1913 825 2064 861 difficile
2078 827 2192 862 dictu.

1160 885 1207 917 At
1223 895 1301 916 non
1325 883 1436 917 video
1457 896 1523 917 cnr
1542 884 1618 929 ipse
1638 883 1791 916 Polemo
1813 883 1968 919 Cratetis
1994 884 2120 918 locum
2137 884 2194 918 bis

1160 942 1384 987 apposuerit.
1402 942 1530 987 Neque
1545 949 1597 976 est
1611 953 1677 975 cur
1693 941 1922 985 Clearchum,
1940 953 2051 987 quem
2069 943 2195 988 quavis

1162 1000 1354 1033 occasione
1377 999 1668 1045 Dipnosophista
1687 997 1834 1041 laudat,
1854 999 1925 1033 hoc
1945 1000 2030 1034 loco
2045 999 2091 1034 ab
2111 1000 2191 1046 ipso

1162 1057 1340 1091 Athenaeo
1359 1058 1511 1091 citatum
1531 1068 1604 1091 esse
1623 1063 1792 1103 negetur.

1219 1160 1334 1196 ΠΕΡΙ
1367 1159 1471 1196 ΤΩΝ
1502 1160 1636 1195 KATA
1669 1158 1855 1195 ΠΟΑῘΞΙΣ
1887 1159 2130 1197 ΕΠΠῬΑΜ-

1591 1229 1625 1264 M
1633 1228 1778 1266 ATQN.

1219 1335 1433 1370 Pitumnus
1448 1346 1455 1366 :
1476 1349 1488 1361 «
1505 1330 1783 1381 Ἐπιγράμματα
1794 1334 2015 1379 plerumque
2028 1333 2198 1369 diceban-

1167 1397 1227 1424 tur
1248 1403 1328 1437 quae
1347 1391 1512 1424 versibus
1529 1398 1716 1437 conceptae
1734 1398 1838 1425 erant
1855 1392 2124 1438 inscriptiones,
2138 1405 2201 1427 ne-

1168 1461 1239 1494 que
1257 1456 1379 1483 tamen
1395 1460 1471 1482 non
1492 1461 1573 1495 quae
1594 1449 1756 1495 pedestri
1775 1450 1962 1493 oratione,
1979 1462 2015 1486 v,
2041 1450 2143 1485 Suid.
2160 1463 2197 1485 v.

1168 1504 1418 1554 Ἐπίγραμμα·
1433 1503 1545 1541 πάντα
1566 1504 1824 1556 ἐπιγραφόμενα
1839 1521 1930 1551 τισι,
1947 1505 2010 1542 κᾶν
2027 1505 2074 1554 μὴ
2094 1508 2126 1543 ἐν
2144 1507 2201 1555 με’-

1168 1578 1258 1614 τροις
1286 1562 1471 1612 εἰρημένα,
1503 1564 1752 1614 ἐπιγράμματα
1781 1563 1935 1614 λέγεται·
1963 1565 2099 1600 deinde
2127 1579 2203 1600 non

1170 1623 1290 1655 solum
1306 1622 1584 1668 inscriptiones,
1604 1635 1734 1657 verum
1756 1623 1935 1669 quicquid
1960 1624 2125 1659 versibus
2147 1625 2204 1659 vel

1168 1692 1278 1726 prosa
1297 1681 1466 1717 oratione
1489 1687 1711 1728 conceptum
1730 1688 1827 1720 erat,
1851 1681 1897 1717 ef.
1920 1681 2036 1717 Bekk.
2060 1682 2201 1718 Anccd.

1169 1751 1209 1786 p.
1235 1738 1323 1779 260,
1348 1750 1366 1782 7
1389 1750 1397 1772 :
1420 1738 1450 1772 οἱ
1467 1737 1562 1779 πεζοὶ
1582 1737 1640 1773 καὶ
1660 1737 1824 1787 ἔμμετροι
1845 1736 1937 1787 λόγοι
1958 1738 2205 1787 ἐπιγράμματα

1175 1796 1379 1838 καλοῦνται,
1393 1794 1481 1832 coll.
1502 1796 1690 1830 Plutarch.
1704 1796 1797 1831 Adv.
1808 1797 1950 1830 Stoicos
1963 1809 1993 1831 c.
2015 1809 2027 1830 1
2038 1801 2056 1837 4
2069 1808 2077 1832 :
2090 1793 2207 1844 ὥσπερ

1172 1851 1236 1901 γὰρ
1253 1853 1286 1887 αἱ
1307 1850 1621 1902 κ(ι)μ(;)δίαι,φησὶν
1643 1852 1934 1900 (Chrysippus),
1955 1852 2203 1902 ἐπιγράμματα

1174 1909 1292 1958 γελοῖα
1313 1908 1480 1959 φέρουσιν,
1502 1908 1522 1945 ἃ
1544 1911 1619 1946 καθ’
1641 1908 1746 1946 ἑαυτὰ
1770 1909 1831 1957 μέν
1852 1910 1923 1946 ἐστι
1949 1911 2084 1961 φαῦλα,
2102 1913 2151 1961 τῷ
2172 1910 2207 1947 δὲ

1175 1967 1244 2018 ὅλῳ
1265 1967 1434 2015 ποιήματι
1453 1967 1554 2017 χάριν
1574 1967 1649 2004 τινὰ
1671 1967 1893 2017 προστίθησιν
1916 1969 1991 2005 κτλ.
2006 1997 2015 2014 ,
2039 1970 2208 2016 inprimis

1175 2026 1269 2061 illud
1294 2027 1416 2073 poesis
1440 2030 1574 2073 gemis,
1598 2026 1701 2072 quod
1722 2039 1820 2061 nunc
1836 2027 2074 2073 peculiariter
2092 2038 2207 2061 voca—

1174 2098 1255 2119 mus
1281 2086 1556 2132 epiglannnata.
1585 2086 1666 2119 Jam
1690 2086 1841 2119 Polemo
1859 2086 1992 2149 piocul
2021 2085 2136 2119 dubio
2161 2085 2209 2120 de

1177 2143 1480 2190 inscriptionibus
1509 2144 1600 2189 egit3
1632 2143 1696 2177 sed
1727 2150 1870 2189 posset
1899 2143 1927 2176 si
1959 2143 2056 2177 solus
2082 2143 2208 2178 titulus

1177 2208 1353 2243 exstaiet,
1385 2200 1549 2234 dubitari
1581 2208 1727 2235 utrasne
1758 2201 2015 2246 inscriptiones
2046 2201 2206 2243 dixerit,

1177 2267 1303 2293 utrum
1321 2259 1445 2292 titulos
1460 2258 1632 2304 publicos
1649 2271 1696 2292 an
1717 2270 1839 2293 versus
1855 2258 2074 2304 sepulcrales
2087 2259 2209 2292 aliisve

1178 2319 1260 2351 vitae
1277 2317 1428 2363 privatee
1458 2317 1707 2350 monumentis
1740 2317 1950 2363 insculptos
1984 2317 2028 2350 Et
2056 2316 2204 2350 videtur

1184 2375 1381 2411 Boeckhius
1398 2374 1551 2420 quidem
1566 2387 1642 2408 non
1662 2375 1781 2408 solum
1802 2370 1943 2409 Ἀττικὰ
1961 2371 2208 2422 ἐπιγράμματα

1179 2433 1408 2476 ΡΙΛΙΟΟῙῙΟΓῙ,
1422 2432 1485 2466 sed
1501 2433 1607 2466 etiam
1619 2433 1695 2466 haec
1710 2433 1823 2466 nostri
1840 2444 1910 2478 pro
1928 2432 2040 2465 titulis
2053 2431 2209 2478 publicis

1178 2491 1364 2534 habuisse,
1384 2503 1417 2525 v.
1452 2490 1565 2536 Corp.
1599 2492 1712 2526 Inscr
1735 2479 2206 2535 x01.1‚p1'aef.p.VII‚

1184 2549 1221 2584 U
1219 2549 1273 2582 θεῖ)
1274 2561 1303 2580 ι·
1317 2550 1388 2582 (len
1408 2549 1505 2582 Plan
1522 2548 1801 2582 (l‹›1·Attl2f.s1l<.·s
1821 2546 1991 2582 Philocle.
2014 2559 2052 2593 p.
2071 2546 2116 2592 3·
2146 2546 2209 2580 sed

1180 2613 1266 2640 exst
1269 2613 1319 2639 int
1338 2606 1370 2639 fr
1373 2605 1680 2652 agmenta‚u11dc
1697 2606 1780 2639 satis
1797 2612 1894 2639 rzectl
1914 2603 2124 2650 conjectura
2144 2616 2210 2637 co·-

1180 2671 1393 2711 gnoscatur‚
1411 2634 1563 2712 ἔμμετρά
1583 2669 1721 2697 tantum
1736 2659 1998 2711 ἐπιγράμματα,
2018 2673 2133 2707 caque
2148 2672 2209 2708 pe-

1181 2773 1246 2803 sive
1271 2773 1301 2802 in
1322 2772 1437 2803 tabulis
1458 2773 1560 2811 legum
1583 2772 1621 2802 ‹lc
1647 2772 1789 2802 Detiastis
1812 2771 1869 2809 (de
1886 2770 2004 2801 theoris
2025 2770 2078 2809 qui
2096 2769 2210 2801 Delum

1181 2822 1410 2861 mittebantur)
1430 2823 1581 2860 tatarum,
1597 2823 1627 2852 in
1649 2823 1733 2852 bunc
1750 2822 1877 2852 moduni
1894 2821 2040 2852 scribitur
2059 2833 2065 2851 z
2085 2822 2128 2852 Et
2143 2819 2210 2851 duo

1183 2876 1317 2913 Geryo-es
1337 2876 1517 2913 (praecones
1532 2874 1629 2912 sacri)
1647 2882 1689 2904 ex
1703 2881 1823 2912 uenere
1844 2874 2026 2911 Corycum,
2040 2879 2083 2902 ex
2098 2879 2137 2901 ca
2152 2871 2207 2908 fa-

1180 2927 1282 2957 milia
1303 2915 1380 2966 qu'ae
1402 2928 1641 2965 mysteriorum
1657 2927 1767 2957 sacris
1788 2926 1962 2964 operatur.
1986 2926 2052 2955 Hos
2079 2926 2209 2963 oportet

1178 2981 1414 3018 parasitorum
1433 2977 1688 3017 munet-esuum
1714 2980 1749 3008 tn
1766 2978 1897 3008 Deliaco
1921 2976 2044 3015 templo
2067 2983 2129 3015 per
2143 2984 2207 3006 an-

1181 3037 1274 3059 num.
1293 3032 1327 3060 Iu
1347 3028 1504 3060 Paltenidc
1529 3029 1579 3067 (in
1603 3029 1720 3068 templo
1745 3028 1893 3059 Minervae
1910 3026 2098 3057 Pallenensis
2114 3045 2155 3052 -
2175 3035 2206 3056 v.

1182 3079 1330 3110 uerodot.
1345 3082 1355 3110 1
1368 3104 1376 3117 ,
1393 3084 1431 3110 62
1442 3103 1450 3117 ,
1463 3079 1570 3118 Eurip.
1584 3078 1738 3110 Heracliti.
1755 3081 1814 3109 349
1824 3079 1904 3108 —ut
1917 3077 2040 3107 videtur
2051 3076 2061 3114 )
2073 3075 2209 3107 donariis

1181 3130 1327 3169 inscripta
1342 3129 1487 3169 leguntur
1501 3130 1568 3160 haic
1590 3139 1597 3159 :
1614 3129 1795 3160 Archontes
1809 3135 1987 3159 sacrorum
2006 3129 2037 3157 cc
2055 3128 2207 3166 parasiti

1181 3180 1386 3211 dedicarunt
1397 3204 1405 3218 ,
1424 3183 1484 3220 quei
1500 3180 1562 3211 sub
1580 3179 1771 3219 Pythodoro
1786 3179 1949 3210 archonte
1962 3185 2085 3208 corona
2099 3185 2207 3208 aurea

1181 3234 1332 3262 coronale*
1353 3234 1453 3269 sunt,
1472 3231 1659 3263 sacerdotio
1668 3230 1836 3270 sun-(sente
1857 3230 1997 3269 Diphilo
2013 3240 2022 3260 :
2041 3228 2202 3268 [archon-

1183 3284 1243 3323 tes]
1257 3284 1287 3298 **
1299 3286 1331 3313 et
1341 3286 1488 3323 parasiti
1498 3284 1654 3323 lz'pitycus
1669 3284 1804 3313 Strattii
1815 3282 1847 3320 s.
1869 3283 2065 3321 Garqettius
2077 3305 2085 3319 ,
2104 3282 2202 3311 Peri-

1181 3336 1244 3365 cles
1272 3336 1428 3365 Perit-leti
1456 3335 1480 3367 ν’.
1506 3334 1705 3370 ΡΗΙΙιιήςὶς,
1731 3333 1904 3364 ctam-imm
1935 3331 2148 3364 Democharis
2168 3334 2201 3367 J.
