2338 3765
968 148 1298 190 FRAGMENTA.
2118 167 2192 200 435

76 247 143 285 τοῖς
153 244 210 279 τοῦ
225 240 464 292 ἀνῃρημένου
449 255 488 276 συ
492 254 587 290 γγενε
575 238 642 283 ’σι,
655 238 688 275 ὃν
702 239 735 274 δε
741 253 825 287 ιπρι
829 253 893 275 )τον
906 245 1043 276 σκοπεῖν
1058 240 1100 289 (7)

75 300 166 342 ὅπως
193 299 429 350 διαφεύξεται·
453 299 490 334 οὐ
524 297 646 347 μικρὰν
679 296 744 347 γὰρ
777 300 863 332 εἰναι
892 297 1013 348 μερίδα
1042 298 1103 342 τὴν

75 361 140 395 τῶν
158 357 326 408 σφαγέων,
343 370 374 393 οι
390 371 463 396 τους
487 354 689 405 lxatoapoqe
677 353 855 390 ελαύνουσί
873 369 909 390 τε
929 354 988 390 καὶ
1006 355 1103 390 ἀναι-

76 419 183 466 ροῦσι.
200 417 319 452 Ταυτα
340 413 525 450 ἀκούσαντε
530 428 562 481 ς,
578 427 611 448 εν
625 412 742 462 πολλω
762 410 925 461 00p660')
909 426 1008 457 ησαν,
1023 411 1102 460 με’λ-

74 475 167 509 λοντε
156 488 186 513 ες
213 470 290 508 ὅσον
321 470 416 507 οὔπω
443 469 649 513 δειπνήσειν.
680 468 782 518 Ἰαγὺ
804 469 832 504 δ
865 471 886 513 ἡ
913 483 1010 518 φημη
1043 469 1100 505 καὶ

73 535 140 571 τοῖς
160 528 223 572 ἔξω
251 527 429 578 διήγγελλε
450 526 508 563 καὶ
528 528 580 562 ἀν’
609 526 746 562 ἅπασαν
776 525 891 577 ἐφοίτα
917 524 976 570 τὴν
1003 526 1100 563 πόλιν

73 586 231 637 τάκριὸὲς
249 585 308 633 μὲν
329 587 366 621 οὐ
385 585 533 630 δηλοῦσα
545 614 553 629 ,
570 584 621 620 ὅτι
640 584 754 632 μέντοι
772 583 877 619 κακόν
895 599 927 619 τι
945 583 1033 631 μέγα
1049 583 1099 630 εἴη

73 641 358 694 προσπεπτωκός.
422 640 601 691 Συνῄεσαν
631 644 710 690 γοῦν
741 639 861 677 πολλοὶ
884 640 961 691 περὶ
992 640 1099 691 ἄκραν

73 700 220 752 ἑσπέραν
236 699 294 737 σὺν
309 698 396 750 φωτὶ
411 701 478 734 τῶν
493 697 637 749 πρώτων
653 697 949 748 Ἀπολλωνιατῶν,
964 698 1101 734 διαπυν-

72 755 249 807 Οανόμενοι
270 759 326 794 ὑπ’
347 756 476 798 εὐνοίας
494 754 515 792 ὅ
530 772 562 792 τι
581 756 631 801 εἴη
648 755 686 792 τὸ
705 758 748 805 ἧγ
752 755 857 804 γελαέ
859 771 925 792 νον.
943 757 1101 793 Βουλευο-

73 815 164 865 με’νι)
182 815 216 852 δὲ
236 814 388 865 Καίσαρι
403 813 490 864 μετὰ
502 829 566 850 των
582 813 686 864 φίλων
700 812 789 855 ἔδοξε
803 815 929 864 χρῆναι
945 827 1013 854 τοις
1026 814 1098 849 ἐπι-

72 888 294 924 φανεστατοις
312 873 482 918 δηλῶσαι,
496 887 534 908 το
553 871 714 916 πλῆθος
697 870 730 907 οὲ
750 871 860 907 αποπε
866 886 889 906 11.
891 872 1020 921 ψασΟαι
1042 870 1070 922 (3
1055 873 1098 912 sl.

75 929 143 968 Καὶ
165 929 238 966 ἐπεὶ
264 933 373 966 ταῦτα
393 927 557 980 ἔπραξαν,
590 928 686 978 μόλις
707 927 768 976 μὲν
789 907 939 973 ἀπῆλθεν
963 929 980 963 ὃ
999 927 1099 977 ὄχλος

72 987 218 1030 πεισθεὶς
233 987 298 1024 ὑπὸ
313 989 380 1023 τῶν
398 985 561 1037 πρώτων,
579 985 695 1037 καιρὸν
713 985 741 1021 δ’
756 984 854 1035 ἔσχεν
871 985 1009 1035 Καῖσαρ
1021 984 1099 1035 περὶ

71 1047 137 1082 τῶν
160 1043 247 1082 ὅλων
271 1043 520 1094 βουλεύσασθαι
551 1042 638 1092 μετὰ
657 1045 723 1080 τῶν
755 1043 874 1093 φίλων,
894 1042 1010 1093 πόρρω
1039 1045 1099 1088 τῆς

72 1102 189 1145 νυκτὸς
207 1102 273 1148 ἤδη
295 1101 529 1147 διεληλυΟυίας
542 1130 553 1150 ,
574 1100 594 1137 ὅ
611 1116 643 1136 τι
662 1100 819 1145 ποιητέον
840 1099 912 1148 εἴη,
933 1100 990 1136 καὶ
1010 1100 1101 1143 ὅπως

70 1159 235 1210 χρηστέον
252 1160 320 1202 τοῖς
338 1159 550 1211 πράγμασιν,
572 1159 710 1203 Πολλῆς
724 1157 758 1194 δὲ
777 1156 928 1208 σκέψεως
948 1157 988 1207 (9)
1004 1173 1099 1206 γενο-

70 1216 194 1265 μένης,
209 1218 238 1254 oi
257 1217 318 1266 μὲν
335 1217 509 1268 παρῄνουν
527 1218 592 1252 τῶν
609 1215 714 1266 φίλων
730 1214 786 1252 ἐπὶ
799 1214 836 1251 τὸ
855 1217 887 1251 ἐν
902 1215 1098 1265 Μακεδονίᾳ

72 1274 267 1325 στράτευμα
284 1280 424 1325 χωρεῖν,
438 1274 454 1311 ὃ
466 1272 772 1325 προεξεπέπεμπτο
788 1272 845 1324 (ιο)
864 1272 920 1309 ἐπὶ
934 1271 990 1308 τὸν
1009 1274 1100 1322 Παρ-

72 1330 164 1368 θικὸν
180 1332 329 1380 πόλεμον
344 1333 480 1381 (ἡγεῖτο
497 1330 525 1366 δ’
539 1330 642 1366 αὐτοῦ
660 1330 723 1379 (11)
741 1331 883 1379 Μάρκος
897 1328 1055 1377 Αἰμίλιος
1070 1331 1098 1377 ),

71 1389 129 1426 καὶ
150 1388 209 1426 σὺν
236 1390 329 1440 αὐτῷ
355 1388 450 1434 ἥκειν
467 1390 660 1439 τάσφαλοῦς
680 1386 792 1424 ἕνεκεν
813 1389 858 1429 εἷς
878 1386 1023 1436 εΡώμην
1044 1386 1100 1424 ἐπὶ

72 1445 204 1494 ἄμυναν
218 1448 284 1482 τῶν
298 1446 465 1498 σφαγέων·
481 1445 666 1496 ὑπάρξειν(
673 1447 715 1493 12)
730 1444 763 1481 δὲ
776 1444 922 1487 καὶτους
936 1445 1086 1496 στρατιώ

71 1519 131 1545 τας
146 1503 202 1540 ὑπ’
218 1504 347 1546 εὐνοίας
362 1507 421 1549 τῆς
439 1518 522 1554 προς
534 1505 660 1540 εκεῖνον
678 1518 746 1545 τοις
763 1502 1001 1553 *ἀχθομένους
1016 1501 1099 1552 (13)·

72 1561 364 1611 προσγενήσεσθαι
398 1562 432 1598 δὲ
467 1576 526 1598 και
561 1560 617 1597 τὸν
650 1560 718 1597 ἀπὸ
750 1576 806 1598 του
836 1559 954 1602 παιδὸς
989 1564 1099 1596 οἶκτον

71 1618 225 1670 ὂφΟεντος
238 1635 286 1669 tt)
306 1622 457 1671 στρατῶ.
480 1618 583 1656 'Atta
601 1634 711 1655 ταυτα
730 1633 879 1669 ουσχερη
900 1618 1102 1668 ὑπεφαίνετο

71 1677 167 1728 ἀνδρὶ
183 1678 306 1727 κομιδῆ
322 1677 387 1729 νέῳ
401 1677 458 1714 καὶ
480 1677 583 1726 μείζω
598 1676 620 1722 ἢ
640 1676 730 1714 κατὰ
752 1676 811 1721 τὴν
832 1680 1008 1727 παροῦσαν
1026 1676 1102 1720 ἡλι-

71 1733 149 1771 κίαν
163 1750 198 1771 τε
209 1734 268 1771 καὶ
284 1735 456 1785 ἀπειρίαν,
471 1734 584 1776 ἄλλως
594 1750 629 1771 τε
644 1736 702 1771 καὶ
723 1735 850 1778 ἀδήλου
865 1734 914 1770 ἔτι
928 1732 1028 1778 οὔσης
1043 1734 1100 1782 (14)

70 1794 131 1837 τῆς
164 1794 231 1829 τῶν
262 1793 399 1829 πολλῶν
438 1791 604 1839 διανοίας,
635 1791 693 1829 καὶ
730 1793 866 1828 πολλῶν
901 1791 1101 1841 ἐφεστώτων

71 1851 217 1901 ἐχθρῶν.
237 1851 313 1887 Οὐκ
333 1849 466 1900 ἐκράτει
479 1844 535 1886 οὖν
555 1849 615 1894 ἥδε
630 1852 651 1894 ἡ
671 1848 807 1898 γνώμη.
822 1848 977 1899 Τιμωροί
991 1863 1026 1883 τε
1040 1849 1100 1897 (15)

72 1906 209 1944 ἔσεσθαι
230 1907 382 1958 Καίσαρι
403 1906 616 1958 προσεδόκων
654 1907 708 1956 (16)
731 1905 762 1943 οἳ
794 1921 853 1943 και
873 1908 992 1949 ζωντος
1013 1905 1102 1950 ἀπη-

70 1965 175 2000 λαυον
204 1967 264 2008 τῆς
288 1962 415 2027 τύχης,
434 1962 479 2004 ε’ίς
495 1979 530 2000 τε
560 1962 667 2014 ἀρχὰς
697 1963 755 1999 καὶ
786 1965 932 2000 πλουτον
961 1962 1017 1998 υπ’
1038 1964 1102 1999 αὐ-

70 2030 129 2052 του
148 2014 357 2066 προηγμένοι
377 2016 503 2066 δωρεάς
531 2030 568 2052 τε
598 2031 639 2063 μ
627 2015 751 2064 εγάλας
777 2014 931 2084 ἔχοντες,
953 2030 1011 2051 και
1030 2013 1102 2056 οἵας

71 2074 139 2110 ουδ’
161 2073 242 2124 ὄναρ
262 2072 427 2118 ἤλπισαν.
453 2072 623 2110 ”Αλλων
607 2072 642 2109 οὲ
660 2073 749 2109 ἄλλα
764 2071 1034 2124 παραινούντων,
1058 2073 1103 2114 ὣς

73 2129 115 2166 ἂν
132 2131 165 2166 ἐν
187 2130 350 2171 ἀσκόποις
369 2129 427 2167 καὶ
446 2129 606 2178 &stativs
585 2145 678 2175 ητοις
696 2130 899 2181 πράγμασι,
921 2129 1102 2180 κράτιστον

72 2191 157 2223 εἰναι
178 2187 286 2224 ἐδόκει
312 2187 464 2239 Καίσαρι
488 2187 550 2233 τὴν
568 2188 653 2238 ὑπὲρ
673 2203 740 2224 των
765 2188 851 2224 ὅλων
872 2186 995 2238 βουλην
1017 2188 1101 2223 ἀνα-

72 2243 274 2281 ὅαλέσΟαι”
253 2260 336 2296 otXpt
352 2260 390 2282 αν
405 2248 472 2287 τοῖς
486 2245 644 2297 καὶγήρα
657 2245 716 2282 καὶ
731 2244 890 2296 φρονήσει
906 2260 1002 2296 οιαφε
996 2243 1101 2295 ’ρουσι

71 2303 137 2338 τῶν
152 2301 257 2352 φίλων
275 2302 445 2352 συμμίξας
463 2303 642 2345 κοινωνοὺς
666 2303 849 2348 ποιήσαιτο
869 2306 929 2348 τῆς
945 2302 1098 2352 γνώμης.

72 2356 213 2402 ”Εδοξεν
230 2354 285 2396 οὖν
307 2361 373 2396 δεῖν
389 2359 504 2411 ἠρέμα
521 2360 610 2412 ἔχειν
627 2360 685 2398 καὶ
707 2362 753 2403 εἷς
775 2360 918 2409 Ῥώμην
941 2360 1101 2410 βαδίζειν,

72 2415 234 2466 πρότερον
255 2416 283 2453 δ’
305 2417 339 2453 ἐν
358 2417 492 2469 Ἰταλίᾳ
512 2417 690 2467 γενόμενον
710 2419 837 2468 γνῶναι
856 2416 899 2454 τὰ
931 2417 1018 2467 μετὰ
1039 2416 1101 2462 τὴν

74 2472 249 2524 Καίσαρος
274 2473 433 2520 τελευτὴν
456 2475 715 2524 ἐπισυμῧάντα,
743 2475 802 2512 καὶ
831 2475 918 2525 μετὰ
937 2477 1003 2512 τῶν
1032 2477 1102 2512 ἐκεῖ

73 2530 322 2580 βουλεύσασθαι
337 2533 415 2584 περὶ
429 2535 494 2570 τῶν
511 2532 614 2573 ὅλων.

123 2590 240 2626 XVII.
261 2589 330 2627 Καὶ
350 2592 380 2626 οἳ
398 2589 458 2640 μὲν
474 2589 558 2641 πρὸς
578 2590 634 2627 τὸν
658 2591 767 2628 πλοῖιν
787 2589 1100 2641 παρεσκευάζοντο·

73 2644 285 2697 Ἀλέξανδρος
304 2647 344 2696 (1)
375 2647 409 2684 δὲ
427 2647 682 2696 ὑποτιμώμενος
701 2647 738 2685 τό
759 2663 794 2684 τε
819 2651 926 2699 γῆρας
954 2647 1012 2684 καὶ
1038 2646 1099 2692 τὴν

73 2702 247 2740 ἀσθένειαν
275 2706 321 2746 εἷς
344 2704 406 2751 τὴν
433 2705 604 2756 πατρίδα,
628 2705 667 2742 τὸ
692 2705 897 2756 Πέργαμον,
923 2704 1101 2742 ἀπελύετο.

72 2759 344 2798 Ἀπολλωνιᾶται
370 2762 404 2799 δὲ
428 2762 656 2814 ἀθροισθέντες
686 2762 767 2814 ἄχρι
788 2763 849 2811 μέν
869 2779 957 2805 τινος
970 2761 1101 2800 ἐδέοντο

73 2818 249 2870 Καίσαρος
269 2819 333 2856 ὑπὸ
347 2820 582 2871 φιλοστοργίας
597 2820 708 2868 μένειν
723 2820 818 2871 παρὰ
833 2826 929 2872 σφᾶς*
944 2820 1099 2871 παρέξειν

73 2875 138 2928 γὰρ
149 2877 242 2927 αὐτῷ
255 2875 316 2922 τὴν
326 2877 424 2913 πόλιν
439 2879 483 2919 εἷς
497 2877 555 2915 ὅτι
569 2878 738 2928 βούλεται,
749 2878 814 2914 ὑπό
824 2894 859 2914 τε
873 2881 932 2922 τ’ἧς
945 2878 1027 2928 πρὸς
1042 2879 1101 2914 αὐ-

73 2932 128 2969 τὸν
150 2932 277 2977 εὐνοίας
292 2933 424 2980 καὶτῆς
442 2935 525 2986 πρὸς
545 2935 602 2972 τὸν
619 2934 803 2981 τεθνηκότα
824 2935 996 2977 εὐσεὸείας
1010 2949 1018 2959 ·
1042 2935 1101 2972 καὶ

1164 243 1268 273 onmia
1291 245 1369 275 esset
1386 244 1620 284 dispiciendum.
1644 248 1732 278 lland
1752 250 1833 279 enim
1854 257 1981 289 parvam
2002 259 2067 281 esse
2088 251 2195 282 sactio-

1165 311 1237 332 nem
1263 312 1504 344 percussorum,
1531 307 1585 346 qui
1612 310 1804 339 necessarios
1832 310 1963 341 Ca·saris
1988 311 2107 349 pulsuri
2135 312 2196 343 sint

1164 363 1213 394 vel
1226 364 1428 396 interfecturi.
1443 369 1520 403 Quae
1534 378 1632 408 quum
1644 370 1826 409 audiissent,
1840 380 1877 402 eo
1889 372 1953 411 ipso
1966 372 2027 402 sere
2039 373 2194 411 tempore,

1163 431 1228 461 qno
1250 423 1315 460 jam
1342 426 1523 457 accubitum
1550 429 1624 459 ituri
1648 432 1756 469 erant,
1775 440 1898 461 summa
1915 441 1968 462 eos
1986 432 2100 463 invasit
2116 441 2191 462 con-

1163 483 1324 513 sternatio,
1344 486 1387 514 Ac
1400 486 1564 516 confestim
1580 488 1661 518 sama
1678 489 1721 519 rei
1737 489 1775 519 ad
1793 492 1916 519 exteros
1938 499 2064 530 quoque
2088 500 2196 529 perve-

1163 541 1230 581 nit,
1254 543 1419 581 totamque
1446 545 1618 583 pervadens
1647 547 1756 578 urbem
1781 549 1921 579 certioris
1944 549 2072 588 quidem
2099 549 2194 587 nibil,

1163 605 1304 636 attamen
1324 614 1468 645 magnam
1494 608 1644 639 accidisse
1668 610 1880 642 calamitatem
1905 612 2082 643 nuntiabat.
2107 614 2194 643 Con-

1162 665 1383 704 grediebantnr
1411 666 1517 706 itaque
1539 668 1716 708 complures
1740 680 1863 703 summa
1885 673 1950 711 jam
1970 683 2097 713 vespere
2119 684 2192 706 cum

1162 728 1282 759 facibus
1296 730 1471 768 primorum
1483 731 1764 772 Apolloniatarum,
1776 735 1816 765 ob
1830 735 2079 768 benevolentiam
2092 738 2195 769 scisci-

1163 791 1264 820 tantes
1278 791 1427 829 quidnam
1442 794 1522 822 esset
1538 793 1731 824 nuntiatum.
1748 796 1939 828 Deliberanti
1959 800 2065 829 autem
2079 800 2195 830 Casari

1161 863 1235 885 cum
1259 853 1367 884 amicis
1396 854 1532 893 placuit,
1552 856 1586 885 ut
1607 857 1783 894 praecipuos
1807 859 2018 897 Apolloniatas
2043 862 2192 892 certiores

1164 916 1296 954 faceret,
1312 916 1464 955 reliquam
1483 917 1719 948 multitudinem
1740 927 1772 949 re
1789 920 1901 951 insecta
1917 921 2100 953 dimitteret.
2123 925 2194 959 Quo

1162 979 1244 1010 facto
1261 978 1314 1008 vix
1330 978 1457 1009 tandem
1476 988 1494 1009 a
1510 979 1701 1019 principibus
1718 989 1884 1020 persuasus
1900 985 2032 1023 populns
2051 985 2196 1022 recessit,

1161 1040 1256 1078 atque
1274 1039 1372 1069 multa
1383 1039 1447 1078 jam
1465 1041 1558 1070 nocte
1575 1041 1676 1071 otium
1690 1043 1794 1072 Caesar
1811 1044 1922 1074 nactus
1937 1046 1983 1074 est
1996 1054 2068 1076 cum
2085 1046 2194 1076 amicis

1161 1099 1353 1130 deliberandi
1379 1099 1455 1139 quid
1477 1100 1657 1131 faciendum
1683 1102 1715 1132 et
1738 1101 1898 1140 quomodo
1923 1103 2016 1135 rebus
2039 1105 2191 1135 utendum

1161 1163 1250 1192 esset.
1266 1162 1468 1192 instituentes
1481 1161 1574 1201 igitur
1587 1162 1869 1194 considerationem
1884 1165 2105 1204 multifariam,
2121 1175 2196 1197 non-

1160 1224 1238 1254 nulli
1251 1223 1444 1263 suadebant,
1463 1225 1497 1254 ut
1511 1224 1543 1254 in
1556 1224 1773 1255 Macedoniam
1790 1226 1830 1256 ad
1844 1228 2018 1258 exercitum
2033 1237 2065 1258 se
2080 1230 2197 1259 conser-

1162 1286 1227 1322 ret,
1250 1285 1304 1323 qui
1321 1287 1425 1315 Marco
1442 1284 1569 1316 AEmilio
1595 1285 1676 1316 duce
1699 1285 1739 1316 ad
1765 1286 1883 1318 bellum
1908 1288 2088 1319 Parthicum
2116 1299 2197 1328 prae-

1161 1346 1275 1376 missus
1302 1347 1388 1384 erat,
1417 1354 1519 1385 eoque
1551 1346 1729 1377 securitatis
1751 1355 1845 1378 cansa
1875 1351 2036 1388 assumpto
2065 1351 2197 1380 Romam

1161 1407 1200 1437 ad
1211 1406 1332 1438 caedem
1347 1407 1558 1438 ulciscendam
1573 1408 1836 1448 proficisceretur.
1862 1409 1977 1441 Milites
2001 1419 2058 1450 pro
2081 1420 2138 1441 sua
2164 1412 2195 1442 in

1161 1469 1191 1498 J.
1208 1469 1364 1498 Caesarem
1387 1468 1606 1499 benevolentia
1622 1469 1862 1508 percussoribus
1878 1470 1944 1501 sore
1960 1470 2108 1510 infestos3
2136 1472 2198 1502 linc

1162 1538 1358 1561 accessuram
1375 1530 1680 1561 commiserationem
1692 1539 1788 1570 qnam
1802 1531 1886 1563 tilius
1898 1532 1938 1563 ab
1957 1533 2097 1564 exercitu
2121 1542 2197 1564 con-

1161 1593 1288 1630 spectus
1301 1591 1493 1622 excitaturus
1503 1591 1554 1622 sit.
1570 1592 1611 1622 At
1623 1591 1690 1622 baec
1701 1591 1839 1623 difficilia
1851 1602 1918 1624 esse
1930 1594 2116 1625 videbantur
2128 1595 2197 1625 viro

1163 1651 1334 1682 admodum
1346 1651 1454 1691 juveni
1468 1675 1477 1690 ,
1491 1660 1528 1682 ac
1541 1653 1662 1692 majora
1675 1662 1772 1692 quam
1789 1662 1846 1693 pro
1860 1656 2006 1694 praesenti
2023 1656 2090 1694 ejus
2104 1659 2197 1688 aetate

1162 1722 1334 1752 rerumque
1363 1713 1538 1754 imperitia,
1556 1714 1729 1753 praesertim
1750 1723 1849 1753 quum
1871 1714 1910 1745 de
1928 1715 2139 1747 multitudinis
2153 1718 2196 1747 as-

1163 1776 1298 1806 sectione
1313 1774 1470 1805 nihildum
1485 1776 1682 1814 compertum
1703 1774 1831 1805 haberet
1843 1799 1852 1814 ‚
1874 1775 2029 1815 multique
2045 1776 2197 1808 instarent

1163 1837 1290 1868 inimici.
1301 1837 1376 1867 llaec
1386 1837 1479 1876 igitur
1486 1837 1639 1869 sententia
1647 1845 1710 1868 non
1722 1837 1861 1876 pervicit.
1872 1838 2055 1878 Ultoresque
2065 1839 2197 1870 Caesaris

1163 1897 1229 1928 fore
1245 1898 1469 1937 exspectabant
1489 1906 1542 1929 eos
1563 1906 1689 1936 omnes,
1706 1898 1760 1937 qui
1781 1898 1915 1929 viventis
1929 1898 2032 1929 adbuc
2052 1900 2195 1931 frueban-

1163 1960 1216 1990 tur
1238 1959 1363 1990 fortuna
1375 1983 1384 1999 ‚
1402 1959 1441 1990 ad
1456 1959 1624 1999 dignitates
1638 1961 1669 1990 et
1682 1959 1807 1991 divitias
1821 1960 1860 1991 ab
1877 1968 1915 1991 eo
1933 1961 2073 2000 provecti
2087 1962 2197 1993 tantis-

1162 2028 1224 2059 que
1241 2020 1393 2051 cumulati
1412 2020 1521 2059 donis,
1537 2022 1655 2060 quanta
1674 2028 1713 2050 ne
1735 2020 1767 2051 in
1782 2021 1910 2052 somniis
1931 2021 2057 2061 quidem
2077 2031 2196 2061 speras·

1161 2084 1243 2114 sent.
1260 2083 1337 2114 Aliis
1353 2091 1427 2114 vero
1441 2082 1501 2114 alia
1513 2082 1733 2121 suadentibus,
1747 2084 1792 2114 uti
1806 2083 1842 2114 fit
1865 2084 1897 2114 in
1913 2084 2081 2124 inopinatis
2103 2084 2196 2115 rebus

1163 2147 1194 2176 et
1220 2146 1417 2185 improvisis,
1446 2146 1713 2177 consultissimum
1733 2146 1851 2178 Caesari
1870 2146 2048 2185 videbatur,
2070 2147 2196 2177 differre

1161 2212 1200 2243 de
1217 2220 1342 2243 summa
1358 2219 1391 2242 re
1407 2211 1573 2242 consilium
1591 2220 1692 2250 usque
1714 2210 1791 2242 dum
1807 2208 1924 2242 amicos
1940 2212 1981 2242 ob
2001 2214 2195 2243 senectutem

1161 2277 1192 2308 et
1205 2275 1405 2316 prudentiam
1419 2275 1632 2314 suspiciendos
1645 2276 1835 2307 conveniens
1847 2276 1949 2306 socios
1963 2275 2194 2307 deliberationis

1163 2345 1220 2376 sibi
1245 2345 1416 2385 adJ'ungere
1432 2346 1545 2385 posset.
1571 2344 1700 2377 Interim
1723 2345 1861 2384 quietem
1885 2353 1976 2384 agere
1995 2344 2113 2384 placuit
2135 2346 2195 2375 Ro·

1163 2419 1310 2450 mamque
1324 2409 1478 2450 proticisci
1490 2434 1498 2448 ,
1512 2410 1598 2449 prius
1611 2418 1685 2441 vero
1704 2409 1735 2440 in
1751 2409 1840 2440 ltalia
1860 2409 2022 2448 explorare
2044 2418 2116 2448 quae
2138 2418 2190 2440 ne·

1162 2482 1229 2504 cem
1243 2473 1376 2505 Caesaris
1389 2474 1495 2504 secuta
1505 2473 1567 2504 sint
1575 2496 1584 2512 ,
1599 2473 1631 2503 et
1644 2481 1718 2503 cnm
1731 2471 1931 2503 versantibus
1944 2471 1987 2502 ibi
2000 2471 2110 2502 amicis
2120 2479 2195 2502 con-

1161 2536 1230 2567 silia
1246 2536 1491 2567 communicare.

1203 2601 1301 2631 XVII.
1321 2601 1427 2631 Caesar
1440 2600 1535 2640 igitur
1547 2599 1678 2639 ejusque
1694 2598 1768 2630 socii
1782 2598 1822 2629 ad
1843 2598 2073 2638 navigationem
2088 2599 2194 2629 accin-

1161 2658 1325 2698 gebantur.
1341 2658 1520 2690 Alexander
1536 2659 1731 2689 senectutem
1744 2658 1776 2688 et
1794 2656 2007 2688 infirmitatem
2020 2656 2195 2696 praetexens

1162 2719 1348 2757 Pergamum
1368 2716 1398 2747 in
1417 2716 1548 2755 patriam
1562 2716 1722 2746 abscessit.
1744 2715 1951 2755 Apolloniatae
1965 2714 2122 2754 congressi
2136 2714 2193 2745 ali-

1161 2775 1344 2815 quantisper
1372 2776 1549 2812 Caesarem‚
1575 2782 1674 2813 quum
1692 2774 1895 2804 veliementer
1921 2773 2081 2810 amarent,
2105 2780 2193 2811 roga-

1162 2833 1256 2871 bant,
1271 2835 1306 2864 ut
1319 2833 1462 2863 maneret
1476 2831 1560 2871 apud
1575 2841 1626 2870 se3
1647 2840 1722 2862 nam
1738 2831 1849 2862 urbem
1866 2839 1898 2861 se
1914 2831 1952 2861 ad
1969 2830 2194 2870 quodcumque

1161 2887 1257 2917 vellet
1281 2886 1470 2925 praebituros
1491 2885 1532 2915 ob
1554 2893 1643 2915 suam
1666 2886 1734 2915 tum
1760 2885 1791 2914 in
1815 2884 1919 2923 ipsum
1942 2883 2194 2914 benevolentiam

1162 2941 1230 2971 tum
1245 2949 1317 2980 erga
1331 2941 1493 2970 mortuum
1508 2939 1675 2978 pietatem3
1693 2939 1851 2978 simulque
1873 2937 2047 2968 consultius
2063 2937 2128 2968 fore
2141 2937 2190 2967 di-

75 3059 150 3088 ·-7.
164 3057 345 3098 σκοπεῖν]
359 3062 502 3089 σκοπτεῖν
516 3059 586 3089 cod.
597 3079 636 3084 --
648 3062 676 3089 8.
692 3060 738 3090 ἀπ
748 3061 886 3098 οπὲμῴ.
900 3059 910 3099 ]
925 3060 1095 3099 αὐτοπέμψ.
1112 3059 1182 3089 cod.
1194 3061 1270 3089 ——9.
1288 3058 1432 3097 σκέψεω
1442 3057 1475 3097 ς]
1487 3058 1629 3095 σκήψεως
1640 3057 1710 3087 cod.
1722 3077 1761 3083 -
1776 3062 1823 3088 10.
1838 3058 2066 3097 προεξέπεμπτο
2078 3055 2187 3085 codex.

74 3119 115 3126 —
137 3106 184 3135 11.
199 3106 301 3144 ἡγεῖτο
318 3104 344 3135 δ’
362 3105 400 3135 αὖ
417 3106 527 3136 codex.
544 3107 688 3136 AEmilius
703 3107 756 3136 ille
769 3106 985 3145 intelligendus
1002 3106 1126 3136 videtur
1141 3107 1183 3136 M.
1199 3104 1343 3135 AEmilius
1357 3107 1511 3142 Scaurus,
1528 3113 1622 3142 quem
1642 3104 1808 3143 Pompeius
1821 3103 1955 3134 dictator
1969 3103 2063 3133 exilio
2077 3101 2190 3131 multa-

74 3151 170 3180 verat.
183 3167 223 3172 —-
239 3155 285 3180 12.
302 3150 502 3191 ὑπάρξειν]
522 3151 666 3191 ὑπάρχειν
687 3151 757 3182 cod.
784 3156 886 3182 -13,
900 3154 979 3186 τοῖς
992 3152 1008 3166 *

1030 3151 1133 3191 ἀχθ.]
1156 3153 1217 3185 τοῖς
1239 3150 1416 3190 ἀχθομένοις
1430 3149 1500 3180 cod.
1519 3150 1582 3180 Nisi
1599 3150 1690 3180 scrib.
1706 3151 1833 3184 τούτοις.
1849 3168 1888 3172 ——
1909 3152 1955 3180 14.
1975 3149 2028 3178 ἔτι
2052 3145 2188 3183 οὔσης]

75 3196 216 3232 ἐπιούσης
239 3196 349 3228 codex.
370 3216 409 3222 -
426 3202 473 3227 15.
493 3200 571 3228 Ante
584 3197 710 3237 τιμωροί
724 3208 755 3227 τε
775 3198 879 3236 aliqua
892 3198 1005 3228 omissa
1019 3206 1085 3227 esse
1101 3196 1260 3233 videntur,
1275 3195 1390 3234 quibus
1403 3195 1500 3226 altera
1514 3196 1666 3226 sententia
1679 3195 1949 3226 introducebatur.
1964 3211 2002 3214 -
2022 3197 2066 3223 16,
2081 3202 2189 3231 προσ-

76 3253 90 3272 ε
99 3243 114 3272 δ
122 3242 138 3272 ὁ
149 3253 167 3272 κ
175 3253 200 3272 ω
209 3241 243 3282 ν]
261 3243 458 3282 προσεδόκων
479 3254 510 3274 τε
533 3243 610 3273 cod«
615 3252 644 3273 x.

115 3290 213 3319 xvn.
242 3293 266 3319 1.
292 3288 549 3328 Ἀὶέξανδρος]
578 3289 788 3319 Alexandrum
816 3289 894 3319 inter
913 3288 1042 3328 Augusti
1061 3288 1267 3328 praeceptoies
1291 3295 1342 3317 me
1366 3286 1466 3325 legere
1492 3295 1554 3317 non
1579 3286 1720 3317 memini.
1748 3286 1784 3316 Ni
1803 3285 1904 3323 fallor,
1927 3293 1983 3323 pro
2012 3280 2188 3313 Alexandro

2021 3360 2062 3381 >3.
