2289 3728
109 178 182 209 230

814 164 1112 202 ALEXANDRI
1140 161 1510 201 POLYHISTORIS

102 256 338 304 συναγαγόντα
358 255 468 296 πεζῶν
486 251 546 300 μὲν
571 250 827 299 ὂκτωκαιδέκα,
856 250 988 287 ἱππέων
1007 249 1042 294 δὲ
1060 266 1128 298 μυ-
1157 276 1164 295 ,
1192 265 1258 297 μης
1284 248 1401 298 βιὸλία
1426 246 1538 285 πέντε.
1568 246 1630 284 Ἔν
1649 245 1779 288 τούτοις
1803 244 1895 295 λέγει
1918 247 1963 287 ὡς
1983 244 2066 294 γυνὴ
2083 244 2220 295 γέγονεν

103 315 219 365 ριάδας
238 310 450 357 δώδεκα,καὶ
467 309 604 358 [πεζῶν]
619 307 760 359 ἅρματα
779 308 896 359 μυρία,
910 311 1047 359 πρῶτον
1069 307 1130 356 μὲν

101 371 160 416 τὴν
184 370 395 420 Σαμαρεῖτιν
427 366 751 418 καταστρέψασθαι,
774 366 833 403 καὶ
853 366 1044 404 Γαλιλαίαν
1074 365 1132 402 καὶ

102 428 313 466 Σκυθόπολιν
334 425 393 463 καὶ
409 424 485 467 τοὺς
501 426 534 461 ἐν
557 427 599 475 τῇ
618 423 817 462 Γαλαδίτιδι
837 425 1011 466 οἰκοῦντας
1040 423 1132 461 Ἰου-

103 485 234 527 δαίους·
253 479 345 526 αὖθις
366 482 400 520 δὲ
422 482 465 520 τὰ
486 481 711 534 Ἱεροσόλυμα
733 481 968 532 παραλαόεῖν,
994 480 1053 517 καὶ
1075 478 1132 514 τὸν

102 543 275 581 Ἰουδαίων
294 541 438 593 βασιλέα
456 539 645 591 Ἰωναχεὶμ
665 542 855 590 ζωγρῆσαι·
877 539 933 575 τὸν
955 538 990 575 δὲ
1007 536 1134 589 χρυσὸν

103 602 159 638 τὸν
181 603 213 638 ἐν
234 603 282 651 τῷ
310 601 390 651 ἱερῷ
410 597 469 636 καὶ
504 597 649 649 ἄργυρον
682 597 741 634 καὶ
770 596 900 646 χαλκὸν
936 595 1136 638 ἐκλέξαντας

104 661 149 701 εἰς
170 658 359 695 Βαὸυλῶνα
379 657 603 701 ἀποστεῖλαι,
629 655 732 707 χωρὶς
750 658 809 700 τῆς
826 654 974 691 κιὸωτοῧ
992 652 1051 690 καὶ
1068 654 1133 688 τῶν

103 717 136 752 ἐν
152 718 238 763 αὐτῆ
255 717 396 752 πλακῶν
411 730 418 737 ·
436 713 564 758 ταύτην
584 713 618 750 δὲ
634 712 691 750 τὸν
709 712 880 763 Ἱερεμίαν
898 715 1100 761 κατασχεῖν.
1122 726 1136 740 υ

565 805 610 842 24
642 812 674 834 a.

157 887 336 922 Eusebius
350 888 389 922 P.
407 887 448 922 E.
469 886 518 929 X,
541 898 584 919 1o
596 912 605 928 ‚
620 897 658 931 p.
676 884 764 931 489,
780 895 824 918 ex
837 882 1001 917 Africani
1017 881 1138 916 Chro—

107 946 320 993 nograpliiae
342 945 440 979 libro
461 945 517 978 ΙΙΙ
545 956 552 977 :
575 940 657 978 Ἀπὸ
676 940 852 989 Ὠγύγου,
875 940 926 989 ἐφ’
948 932 986 974 οἷ
1003 936 1139 987 γέγονεν

106 1005 124 1039 ὃ
139 1002 245 1051 μέγας
261 1000 319 1038 καὶ
334 1004 464 1052 πρῶτος
480 1002 513 1037 ἐν
529 1002 570 1049 τῇ
588 999 725 1049 Ἀττικῇ
741 995 998 1044 κατακλυσμὸς,
1015 998 1140 1046 Φορω·

107 1060 189 1102 νέως
217 1058 376 1110 Ἀργείων
405 1057 658 1108 βασιλεύοντος,
689 1059 734 1098 ὡς
754 1054 972 1095 Ἀκουσίλαος
995 1055 1140 1103 ἱστορεῖ,

110 1117 214 1168 μέχρι
229 1116 368 1168 πρώτης
388 1115 628 1164 Ὀλυμπιάδος
648 1114 706 1160 ἔτη
730 1113 911 1160 συνάγεται
931 1111 1028 1161 χίλια
1050 1110 1138 1147 εἴκο-

109 1192 172 1214 σιν.
188 1178 310 1214 Ταῦτα
327 1175 392 1225 γὰρ
408 1176 437 1210 οἱ
455 1174 497 1210 τὰ
512 1172 695 1218 Ἀθηναίων
711 1175 921 1223 ἱστοροῦντες
936 1168 1142 1210 “Ελλάνικο’ς

108 1251 145 1271 τε
165 1234 223 1271 καὶ
253 1233 447 1283 Φιλόχορος
479 1233 509 1268 οἱ
540 1230 600 1273 τὰς
629 1230 797 1275 Ἀτθίδας,
828 1228 861 1266 οἵ
890 1244 926 1265 τε
956 1227 999 1264 τὰ
1030 1226 1142 1278 Σύρια

112 1292 262 1341 Κάστωρ
294 1290 352 1326 καὶ
387 1289 523 1331 Θάλλος
555 1288 613 1325 καὶ
644 1288 832 1339 Διόδωρος,
854 1284 1073 1335 Ἀλέξανδρός
1106 1299 1143 1320 τε

110 1352 127 1386 ὁ
149 1348 370 1398 Πολυΐστωρ,
394 1347 452 1383 καί
476 1362 562 1388 τινες
588 1349 653 1383 τῶν
678 1347 752 1382 καθ’
783 1348 876 1394 ἡμᾶς
904 1342 1143 1394 ἁκριῧέστερον

110 1405 328 1454 ἐμνήσθησαν
346 1404 404 1442 καὶ
420 1406 485 1441 τῶν
505 1405 665 1441 Ἀττικῶν
687 1402 863 1439 ἁπάντων.

162 1465 296 1501 Justin.
317 1466 471 1510 Martyr.
502 1464 693 1499 Cohortat.
718 1461 764 1496 ad
793 1462 939 1497 Graecos
958 1472 998 1506 p.
1029 1471 1090 1505 ιο,
1114 1461 1145 1493 Α

112 1522 170 1558 ed.
192 1522 307 1559 Paris.
334 1521 430 1556 1615
449 1522 515 1557 sol.
537 1535 544 1556 :
567 1519 637 1557 Καὶ
655 1521 684 1556 οἱ
702 1518 744 1555 τὰ
766 1517 949 1562 Ἀθηναίων
970 1518 1144 1566 ἱστοροῦν-

111 1594 186 1625 τες,
219 1578 424 1621 ςΕλλάνικός
452 1594 488 1615 τε
516 1578 574 1614 καὶ
599 1576 811 1627 (Ι)ιλο’χορος,
834 1577 863 1612 οἱ
894 1574 953 1616 τὰς
972 1574 1146 1618 Ἀτθίδας,

113 1637 261 1687 Κάστωρ
274 1637 308 1674 δὲ
328 1637 386 1674 καὶ
400 1636 538 1677 Θάλλος
553 1636 610 1672 καὶ
623 1635 836 1685 Ἀλέξανδρος
854 1636 870 1669 ὁ
888 1630 1143 1683 Πολυίστωρ,...

111 1698 156 1738 ὡς
174 1695 303 1746 σφόδρα
320 1694 465 1745 ἀρχαίου
487 1693 544 1730 καὶ
563 1695 710 1729 παλαιοῦ
730 1694 795 1728 τῶν
820 1691 998 1728 Ἰουδαίων
1017 1689 1144 1742 ἄρχον-

111 1769 166 1796 τος
186 1753 361 1794 Μωῦσέως
381 1753 584 1801 μέμνηνται.

167 1815 265 1848 Num
283 1819 382 1847 recte
400 1813 437 1847 h.
462 1812 486 1845 l.
510 1810 752 1857 Polyhistoris
766 1809 883 1843 nostri
903 1808 1042 1842 mentio
1060 1806 1144 1851 fiat,

115 1870 278 1905 dubitari
296 1877 436 1917 potest,
453 1875 651 1916 propterca
667 1867 771 1913 quod
790 1866 938 1901 aliunde
952 1864 1149 1911 probabile

113 1928 154 1963 fit
172 1936 308 1963 temere
320 1929 342 1962 h
352 1957 359 1964 .
378 1929 400 1962 l.
417 1927 598 1962 cumulari
611 1926 889 1961 notissimorum
902 1924 1053 1958 nomina
1067 1923 1150 1957 scri-

113 1994 265 2033 ptorum
277 2014 286 2030 ,
305 1987 369 2032 qui
387 1986 433 2020 de
456 1985 592 2032 Ogygis
605 1991 709 2018 aetate
724 1984 876 2017 minime
893 1983 988 2017 inter
1005 1994 1038 2016 se
1056 1993 1148 2015 con-

113 2046 284 2081 sentiant.
304 2044 360 2080 Cf.
377 2051 458 2079 not.
475 2043 522 2078 ad
541 2043 699 2078 Castoris
718 2042 763 2076 fr.
792 2040 851 2077 15.

333 2125 543 2162 ῙΤΑΛῙΚΛ
577 2123 718 2172 [ΠΕΡΙ
751 2120 952 2169 ΡΩΜΗΣ]

430 2204 467 2239 ἐν
491 2201 682 2253 βιὲλίοις
705 2200 841 2237 πέντε.

608 2278 669 2313 25.

173 2368 302 2403 Suidas
320 2381 354 2402 V.
379 2364 605 2413 Ἀλέξανδρος.
621 2362 868 2412 Συνέγραψε...
890 2361 948 2397 καὶ
962 2361 1048 2412 Περὶ
1061 2360 1151 2398 Ῥώ-

1191 306 1362 357 Ἱίὅραία,
1381 304 1500 344 Μωσὼ
1512 334 1521 352 ,
1536 300 1576 350 ἧς
1596 305 1666 341 ἐστι
1681 304 1894 354 σύγγραμμα
1908 306 1926 340 ὃ
1941 303 2025 355 παρ’
2045 303 2223 355 Ὲὸραίοις

1192 365 1307 414 νόμος.
1330 365 1467 400 Eadem
1487 365 1623 412 repetit
1643 364 1774 399 Suidas
1791 376 1828 399 v,
1849 360 1984 399 Μωσώ.

1245 424 1320 458 Nisi
1334 423 1456 468 fallor,
1472 423 1576 456 Moso
1595 422 1729 456 mulier
1742 420 1893 468 legifera
1907 421 2089 467 originem
2114 420 2224 455 debet

1194 481 1340 527 Sibyllae
1370 480 1532 515 Judaicae
1556 479 1704 528 (Sabbo
1730 479 1789 513 vel
1808 478 2015 513 Sabbetlzen
2043 478 2224 526 vocant),

1195 551 1309 585 quam
1327 551 1443 584 quum
1469 538 1625 573 eandem
1654 549 1739 571 cum
1756 536 1960 582 Babylonia
1982 535 1991 581 (
2012 537 2138 570 Berosi
2164 535 2189 570 f.
2215 533 2224 585 )

1195 609 1290 642 esse,
1309 597 1404 630 hanc
1419 608 1505 631 vero
1522 595 1676 632 Cumam
1691 595 1729 628 in
1742 594 1886 629 Italiam
1896 594 2035 628 venisse
2053 593 2177 627 dicant
2192 599 2229 627 et

1197 666 1281 687 cum
1297 653 1462 690 Cumana
1481 653 1620 699 Sibylla
1635 650 1844 686 confudisse
1856 650 2051 685 videantur
2071 649 2226 697 (Justin.

1196 712 1349 757 Martyr.
1371 710 1467 745 Adv.
1489 710 1555 746 Gr.
1580 722 1610 744 c.
1632 708 1702 753 38,
1730 708 1859 743 Suidas
1876 721 1913 742 V.
1939 705 2110 743 Σίὸυλλα.
2142 707 2227 743 Vid.

1198 769 1324 802 Bcrosi
1351 768 1398 802 fr.
1435 766 1657 814 introduct.)
1672 793 1681 810 ,
1716 767 1935 813 intelligitur
1966 765 2160 812 quomodo
2193 765 2232 799 in

1198 827 1334 861 Italicis
1355 825 1366 874 (
1386 838 1473 860 nam
1496 826 1573 860 haec
1601 823 1819 872 significavit
1840 824 1969 858 Suidas
1993 823 2117 858 verbis
2144 820 2232 872 Περὶ

1199 882 1354 932 Ῥώμης)
1370 883 1581 919 Alexander
1591 884 1819 917 mentionem
1830 881 1859 927 ej
1866 894 1906 916 us
1917 882 2036 916 facere
2048 882 2228 928 potuerit.

1199 943 1317 988 Quem
1332 942 1444 976 dehis
1455 949 1645 976 auctorem
1655 941 1864 975 exhibuerit
1873 941 2032 986 scriptor
2044 940 2232 973 variorum

1199 1001 1395 1035 sententias
1412 1011 1614 1046 congerere
1634 999 1762 1033 solitus
1784 1010 1862 1032 non
1880 998 2008 1043 liquet.
2028 998 2121 1031 Mira
2135 1009 2234 1043 quae·

1201 1058 1286 1093 dam
1312 1058 1455 1092 disserit
1486 1058 1617 1092 Cruice
1654 1057 1705 1090 De
1724 1056 1878 1103 loseplzi
1894 1055 1980 1102 fide
2010 1063 2080 1092 etc.
2105 1067 2142 1101 p.
2170 1055 2231 1090 28.

1201 1117 1356 1164 Rumpf.
1378 1118 1419 1150 in
1438 1116 1759 1152 Connnentatione
1775 1117 1831 1150 De
1848 1115 1952 1150 Alex.
1976 1115 2119 1160 putavit
2137 1114 2236 1160 apud

1203 1175 1355 1210 Suidam
1382 1181 1466 1209 ante
1498 1187 1532 1209 v.
1567 1173 1600 1208 ἐν
1630 1170 1761 1214 τούτοις
1792 1172 1969 1208 excidisse
2008 1173 2237 1206 mentionem

1204 1235 1326 1280 operis
1343 1234 1399 1267 De
1417 1233 1522 1266 rebus
1538 1233 1765 1268 ,Παῖτοι-[ιω.
1787 1232 1870 1265 Dion
1900 1230 2027 1266 credo.
2051 1231 2237 1265 Sententia

1203 1291 1265 1326 illa
1286 1291 1332 1326 de
1347 1292 1452 1325 Moso
1467 1292 1622 1326 muliere
1636 1292 1728 1325 inira
1743 1290 1839 1325 soret
1852 1291 1890 1324 in
1906 1290 2072 1324 Historia
2084 1289 2238 1323 Judaeo·-

1204 1363 1305 1395 rum,
1328 1362 1439 1396 quam
1456 1362 1475 1384 e
1489 1350 1626 1384 Judaeis
1641 1350 1800 1384 maxime
1811 1348 2055 1395 scriptoribus
2072 1348 2134 1382 etsi
2147 1360 2237 1393 grae-

1206 1408 1422 1443 cissantibus
1442 1408 1652 1443 Alexander
1669 1406 1863 1451 conflavit3
1884 1408 2005 1441 minus
2023 1405 2181 1440 offendit
2201 1407 2238 1439 in

1205 1469 1420 1503 Italicorum
1441 1475 1615 1511 auctore,
1640 1467 1706 1513 qui
1728 1466 1813 1500 data
1830 1466 2022 1500 occasione
2040 1476 2119 1499 eam
2139 1470 2237 1498 attu—

1206 1527 1302 1563 lerit.

1690 1576 1752 1613 26.

1259 1652 1444 1688 Plutarch.
1462 1651 1594 1688 Parall.
1612 1652 1703 1688 min.
1722 1664 1754 1687 c.
1774 1655 1821 1692 40
1840 1664 1848 1685 :
1864 1646 1991 1691 Ἄννιος
2009 1648 2058 1697 δὲ,
2077 1648 2241 1686 Τούσκων

1212 1708 1393 1759 βασιλεὺς,
1414 1708 1503 1758 ἔχων
1525 1707 1694 1759 θυγατέρα
1717 1707 1899 1758 εὔμορφον,
1923 1706 2072 1755 τοῦνομα
2095 1706 2242 1752 Σαλίαν,

1208 1766 1374 1818 παρθένον
1403 1766 1531 1817 ἐτήρει.
1555 1765 1712 1811 Κάθητος
1740 1766 1768 1802 δ’
1794 1767 1831 1802 ἐκ
1859 1768 1926 1802 τῶν
1952 1764 2134 1813 ἐπισήμων
2163 1763 2244 1801 ἰδὼν

1209 1825 1270 1870 τὴν
1292 1823 1461 1875 παρθένον
1481 1823 1684 1869 παίζουσαν,
1701 1822 1834 1870 ἠράσθη
1847 1853 1856 1869 ,
1876 1822 1935 1860 καὶ
1956 1822 2005 1872 μὴ
2038 1821 2167 1872 στέγων
2187 1822 2243 1859 τὸν

1209 1883 1341 1934 ἔρωτα,
1361 1882 1497 1933 ἥρπασε
1512 1881 1568 1918 καὶ
1588 1876 1670 1929 ἦγεν
1690 1882 1735 1924 εἷς
1752 1880 1910 1930 <Ρώμην.
1929 1880 1973 1919 ‘O
1991 1879 2027 1918 δὲ
2047 1879 2162 1930 πατὴρ
2176 1882 2246 1917 ἐπι·

1210 1940 1330 1984 διώξας
1347 1941 1404 1977 καὶ
1420 1939 1467 1989 μὴ
1489 1938 1671 1976 συλλαὸὼν
1689 1938 1798 1985 ἥλατο
1812 1941 1858 1982 εἷς
1877 1939 1931 1976 τὸν
1951 1938 2165 1989 Παρεούσιον
2184 1954 2245 1975 πο-

1208 1999 1330 2048 ταμὸν,
1349 1998 1382 2041 ὃς
1402 1998 1539 2037 Ἀννίων
1562 1997 1814 2047 μετωνομάσθη
1830 2010 1839 2019 ·
1862 2001 1904 2048 τῇ
1932 1996 1968 2035 δὲ
1989 1997 2105 2049 Σαλίᾳ
2125 2011 2245 2047 συγγε-

1209 2057 1350 2115 νόμενος
1379 2057 1535 2103 Κάθητος
1547 2087 1556 2105 ,
1580 2055 1768 2101 ἐποιήσατο
1784 2058 1932 2094 Λατῖνον
1949 2055 2009 2093 καὶ
2027 2056 2168 2100 Σάλιον,
2190 2056 2246 2106 ἀφ’

1210 2118 1257 2152 ὧν
1283 2116 1313 2152 οἱ
1338 2114 1572 2164 εὐγενέστατοι
1600 2116 1750 2162 κατῆγον
1777 2113 1815 2150 τὸ
1833 2113 1945 2163 γένος,
1966 2116 2010 2156 ὡς
2038 2113 2245 2164 Ἀριστείδης

1212 2172 1381 2218 Μιλήσιος
1398 2172 1455 2209 καὶ
1476 2172 1691 2223 ’Ἀλέξανδρος
1710 2174 1727 2208 ὁ
1748 2170 1953 2222 Πολυΐστωρ
1971 2173 2004 2208 ἐν
2025 2171 2129 2221 τρίτῳ
2153 2170 2245 2208 Ἰτα-

1211 2233 1328 2269 λικῶν.

1695 2296 1756 2329 27.

1266 2364 1412 2398 Servius
1428 2363 1474 2397 ad
1491 2364 1618 2410 Virgil.
1642 2363 1724 2399 AEn.
1746 2363 1854 2406 VIII,
1873 2362 1946 2403 430
1968 2375 1975 2396 :
1997 2362 2106 2406 Quod
2123 2363 2246 2395 Livias

121 2475 464 2507 laditidemincolentes
471 2472 640 2510 delevisse3
652 2480 726 2501 mox
741 2479 815 2501 vero
830 2473 894 2509 ipsa
906 2479 1033 2509 quoquc
1048 2471 1154 2500 Hiero-

120 2529 262 2567 solyma,
278 2525 542 2563 Joachimnmque
558 2531 661 2562 regem
677 2522 785 2552 vivum
803 2521 921 2560 cepisse
932 2545 940 2559 ,
954 2523 985 2551 et
1002 2520 1153 2559 quidquid

123 2579 153 2609 in
169 2578 288 2618 templo
301 2577 369 2608 auri
380 2600 388 2614 ‚
402 2575 519 2615 argenti
534 2575 667 2612 aerisque
682 2573 739 2603 suit
749 2597 757 2611 ‚
774 2572 951 2603 detractum
964 2571 1155 2610 Babylonem

123 2630 264 2668 misisse,
283 2630 511 2668 praeterarcam
526 2627 556 2656 et
573 2624 707 2655 inclusas
723 2624 754 2654 in
768 2632 805 2653 ea
820 2623 942 2653 tabulas
956 2632 963 2652 z
981 2622 1154 2652 hancenim

123 2690 218 2721 penes
235 2679 423 2712 Hieremiam
438 2676 631 2708 remansisse.
653 2687 667 2702 »

592 2730 634 2761 24
660 2737 691 2761 a.

168 2789 215 2821 Ab
228 2791 343 2827 Ogyge,
354 2787 413 2818 sub
424 2795 486 2825 quo
501 2793 649 2823 magnum
666 2783 742 2814 illud
757 2783 788 2813 ct
801 2782 938 2821 primum
952 2780 1064 2811 accidit
1076 2779 1158 2809 dilu-

130 2842 218 2871 vium
232 2840 416 2878 (Phoroneo
435 2836 518 2876 apud
538 2836 669 2875 Argivos
683 2835 832 2873 regnante
845 2856 853 2871 ‚
866 2834 901 2864 ut
915 2831 1079 2863 Acusilaus
1091 2839 1158 2861 nar-

129 2894 217 2931 rat),
235 2899 335 2930 usque
347 2890 385 2920 ad
401 2883 534 2929 primam
548 2886 768 2926 Olympiadem
785 2885 856 2916 anni
873 2884 1063 2923 colliguntur
1076 2882 1160 2912 mille

131 2946 162 2975 et
180 2943 298 2981 viginti.
315 2942 365 2973 Sic
382 2942 465 2972 enim
480 2941 626 2971 statuunt
644 2939 696 2978 qui
716 2948 763 2969 res
780 2936 1017 2969 Atheniensium
1032 2936 1161 2965 narrant

131 2994 314 3026 Hellanicus
327 2996 358 3023 et
372 2992 578 3023 Philochorus
594 2990 759 3021 Atthidum
772 2990 917 3019 auctores
927 3011 935 3026 ‚
950 2989 982 3018 ct
997 2986 1051 3025 qui
1069 2989 1160 3024 Assy·

132 3045 215 3075 riaca
228 3051 432 3082 composuere
448 3043 559 3073 Castor
573 3043 604 3072 ct
616 3041 756 3078 'l'hallus‚
773 3039 929 3071 Diodorus
941 3039 972 3068 et
985 3036 1162 3068 Alexander

133 3095 324 3134 polyhistor,
337 3093 429 3123 etalii
443 3092 570 3131 quidam
586 3093 690 3122 nostra
704 3092 795 3121 atate
807 3090 958 3127 viventes,
971 3088 1024 3128 qui
1036 3096 1100 3118 rem
1112 3087 1161 3117 vcl

133 3146 245 3178 Atticis
258 3144 404 3176 omnibus
420 3143 598 3173 accuratius
612 3142 813 3173 definierunt.

175 3197 237 3234 Qui
263 3194 499 3226 Atheniensium
525 3193 684 3223 historiam
710 3192 901 3231 scripserunt
927 3189 1108 3221 Hellanicus
1132 3190 1163 3217 et

135 3247 358 3283 Philochorus,
385 3244 550 3275 Atthidum
576 3246 738 3280 auctores9
765 3244 796 3273 ct
821 3243 972 3280 prmterea
997 3241 1107 3271 Castor
1133 3241 1164 3269 et

137 3298 309 3331 Alexander
328 3296 539 3335 l’olyhistor...
556 3296 589 3324 nt
604 3295 774 3333 pervetusti
790 3295 817 3323 et
837 3292 1041 3331 antiquissimi
1060 3290 1164 3321 memi-

139 3361 210 3382 nere
221 3350 312 3381 Mosis
326 3348 413 3379 ducis
427 3347 620 3378 Jmtwurum.

1475 2473 1541 2509 DE
1571 2472 1731 2510 REBUS
1760 2471 1987 2509 lTALlClS.

1701 2572 1759 2603 25.

1255 2653 1429 2684 Alexander
1444 2653 1566 2692 scripsit
1580 2654 1673 2683 etiam
1688 2655 1734 2684 Dc
1747 2654 1846 2683 Roma
1859 2651 1954 2682 libros
1968 2651 2120 2690 quinque,
2134 2649 2163 2679 in
2177 2647 2243 2688 qui·

1214 2706 1273 2736 bus
1288 2705 1365 2735 dicit
1385 2705 1549 2735 Heln-want
1568 2704 1660 2734 fuisse
1677 2704 1841 2734 mulierem
1853 2727 1862 2742 ,
1883 2705 1970 2734 Moso
1989 2701 2133 2739 nomine,
2156 2699 2247 2738 eujus

1213 2757 1339 2797 scriptio
1353 2756 1393 2787 sit
1413 2758 1476 2787 Lex
1492 2756 1712 2787 Hebraeorum.

1697 2842 1754 2873 26.

1257 2927 1379 2957 Annius
1391 2950 1399 2965 ,
1414 2928 1620 2956 Etruscorum
1639 2933 1712 2963 rex,
1729 2932 1829 2963 quum
1849 2923 1979 2953 haberet
1993 2921 2088 2951 tiliam
2110 2918 2244 2958 eleganti

1217 2979 1316 3008 forma
1342 2978 1470 3015 Saliam,
1494 2977 1647 3016 virginem
1664 2984 1733 3006 eam
1757 2973 1938 3005 custodivit.
1970 2972 2121 3003 Cathetus
2137 2973 2244 3001 autem

1217 3030 1308 3068 primi
1326 3029 1460 3060 nominis
1479 3029 1575 3059 homo
1594 3036 1693 3067 quum
1711 3025 1874 3056 ludentem
1888 3033 1957 3055 eam
1975 3023 2121 3060 vidisset,
2139 3028 2247 3051 amore.

1217 3084 1328 3122 captus
1344 3084 1440 3120 atquc
1459 3082 1562 3112 victus
1573 3080 1695 3119 rapuit,
1712 3081 1907 3116 Romamque
1923 3074 2068 3106 abduxit.
2093 3075 2182 3104 Pater
2195 3072 2245 3102 in-

1217 3136 1344 3164 secutus
1365 3142 1465 3172 quum
1489 3140 1551 3162 non
1574 3130 1832 3168 consequeretur,
1850 3127 1881 3157 in
1905 3125 2087 3157 Pareusium
2114 3122 2246 3160 llnvium

1220 3194 1252 3215 se
1269 3184 1417 3223 conjecit,
1441 3183 1495 3222 qui
1512 3182 1552 3212 ab
1571 3191 1609 3212 eo
1631 3181 1736 3211 dictus
1758 3180 1804 3210 est
1824 3178 1914 3209 Anio.
1945 3176 2097 3208 Cathetus
2121 3183 2138 3204 e
2163 3173 2246 3204 Salia

1219 3236 1364 3267 Latinum
1381 3243 1419 3265 ac
1442 3233 1561 3265 Salium
1584 3231 1782 3272 procreavit,
1811 3228 2076 3260 nobilissimarum
2098 3225 2244 3256 auctores

1220 3287 1445 3326 prosapiarum.
1465 3286 1540 3316 llaec
1551 3282 1701 3315 Aristides
1723 3280 1863 3313 Milesius
1878 3280 1909 3310 et
1923 3277 2099 3310 Alexander
2119 3274 2244 3314 Polyhi—

1220 3342 1283 3370 stoi*
1301 3339 1393 3369 tertio
1414 3336 1607 3368 Italicorum.
