2338 3765
94 183 171 214 682

93 259 219 298 ἄστεως
240 255 382 293 τοιόνδε·
405 252 542 294 σανίδας
569 251 721 300 μεγάλας
741 250 852 300 ὀρθίας
872 249 1116 301 προστησάμε-

92 331 140 353 νοι
159 317 234 352 καθ’
253 313 315 351 ὅτι
336 312 477 361 ἔμελλον
498 311 528 347 οἱ
545 308 687 345 ἐναντίοι
704 307 912 353 ποιήσασθαι
933 306 994 353 τὴν
1014 322 1118 357 προσ-

92 371 227 422 αγωγὴν
250 374 317 408 τῶν
340 370 505 419 μηχανῶν
520 396 530 415 ,
553 366 591 416 (5)
610 366 667 403 καὶ
697 360 740 402 αὖ
770 365 935 416 ἐγκάρσιαι
956 364 1039 408 ξύλα
1060 364 1119 401 καὶ

93 430 186 480 ἰκρία
213 428 351 470 ταύταις
379 424 664 476 παραπήξαντες,
691 423 810 473 μέσαις
827 425 946 466 αὐταῖς
964 422 1119 460 ἐτεκταί-

92 503 187 525 νοντο
218 486 375 538 θυρίδας,
406 483 483 521 ὅσον
513 485 559 525 εἰς
591 481 762 532 ὑποδοχὴν
795 481 913 531 ἀνδρὸς
945 480 1006 526 τὴν
1039 479 1121 531 ἄχρι

93 546 250 598 στέρνου,
267 548 312 587 ὡς
328 542 556 594 ὑπερέχοντας
579 542 691 578 αὐτῶν
712 539 802 577 κατὰ
824 539 905 591 ὕψος
933 540 971 576 ἐκ
993 538 1121 588 μετεώ-

575 599 615 650 (6)
641 598 854 644 Ποιήσαντες
884 596 919 634 δὲ
946 600 1056 634 ταῦτα
1084 596 1123 632 ἐκ

96 662 266 712 μετεώρου
283 660 444 698 καθίεσαν
463 660 631 709 ἁρτῶντες
654 656 770 707 κύκλῳ
791 654 989 706 ἐφεστρίδας
1007 669 1044 690 τε
1065 654 1123 690 καὶ

95 621 152 656 ρου
188 605 276 654 ἔχειν
307 602 517 651 ἀμύνασθαι.

95 721 180 765 νάκη
194 750 202 766 ,
223 722 266 762 ὡς
287 719 326 756 ἂν
350 718 392 755 τὰ
413 721 553 754 τοιαῦτα
573 714 807 767 προὸλήματα
835 713 923 763 μήτε
954 712 1122 764 εὔφλεκτα

95 778 146 824 εἴη
167 778 224 814 καὶ
249 780 291 828 τῇ
319 775 512 821 ἁπαλότητι
532 775 642 811 αὐτῶν
672 770 813 822 κατέχοι
829 770 873 807 τὰ
899 769 1125 822 προσπηγνύ-

96 850 200 883 μενα,
221 835 281 871 οὐκ
307 833 553 870 ἀντικόπτοντα
581 834 623 882 τῇ
647 829 704 880 βία
729 831 878 879 πληγῆς.
936 828 1125 876 Γενομένης

96 893 132 929 δὲ
150 892 268 943 πείρας
288 892 343 928 ἐπὶ
360 889 490 933 τούτοις
511 889 716 939 ἑκατέρωθεν
737 887 794 924 καὶ
813 887 928 936 μάχης
946 891 1125 937 κρατερᾶς,

966 944 973 955 ι
1021 943 1068 957 ‚m
1094 943 1107 955 a

95 952 139 992 ὡς
165 950 337 1000 ἄπρακτος
365 943 405 995 ἦν
425 948 492 990 τοῖς
521 945 668 988 Σκύθαις
689 948 710 991 ἡ
738 944 895 997 διατριὸὴ
920 959 978 981 και
997 959 1072 982 ουοε
1093 959 1126 980 εν

97 1005 288 1059 προύχώρει
303 1007 348 1048 εἷς
364 1005 502 1048 ἐλπίδας
514 1034 523 1050 ,
538 1003 745 1055 ἀνεχώρουν.

578 1107 642 1145 24.

151 1187 239 1220 Exc.
259 1187 314 1220 De
333 1185 443 1232 legat.
466 1196 502 1231 p.
529 1196 541 1218 1
555 1195 585 1217 1.
610 1182 657 1217 ed
677 1182 855 1218 Niebuhr.
875 1182 994 1215 Bonn.
1018 1191 1026 1216 :
1046 1178 1129 1216 “Ort

99 1240 312 1292 Αὖρηλιανὸς
335 1239 425 1278 κατὰ
442 1239 563 1291 κράτος
581 1239 722 1284 νικήσας
739 1237 815 1280 τοὺς
834 1237 1065 1287 Ἰουθούγγους
1083 1237 1127 1285 (Ἴ

101 1297 254 1345 Σκύθας,
289 1298 347 1336 καὶ
368 1297 458 1335 κατὰ
478 1297 538 1342 τὴν
562 1299 619 1333 τοῦ
651 1294 787 1347 Ἴστρου
807 1294 992 1346 περαίωσιν
1013 1296 1045 1338 ἐς
1070 1295 1130 1340 τὴν

100 1355 277 1408 ἀποφυγὴν
302 1354 446 1398 πολλοὺς
471 1355 597 1391 τούτων
632 1353 781 1399 ἀνελὼν,
810 1355 840 1390 οἱ
868 1353 1065 1401 λειπόμενοι
1096 1354 1129 1395 ἐς

103 1414 250 1456 σπονδὰς
270 1408 352 1459 ἧκον
372 1412 429 1450 καὶ
448 1411 630 1463 πρεσῧείαν
659 1411 866 1449 ἐστείλαντο.
892 1409 964 1456 Τὴν
983 1410 1017 1447 δὲ
1035 1410 1132 1455 αἴτη-

101 1488 153 1509 σιν
173 1475 233 1518 τῆς
253 1471 386 1522 εἰρήνης
409 1471 515 1508 ἐδόκει
536 1469 584 1519 μὴ
617 1469 676 1506 σὺν
704 1471 752 1521 τῷ
783 1468 869 1518 ἄγαν
899 1469 1049 1519 περιδεεῖ
1074 1468 1132 1505 καὶ

102 1530 388 1579 καταπεπληγότι
407 1531 444 1566 ἐκ
464 1532 523 1574 τῆς
541 1528 646 1573 ἥττης
663 1528 850 1572 ποιεῖσθαι,
867 1529 911 1568 ὡς
927 1525 967 1562 ἂν
985 1526 1134 1576 ὑπάρχοι

988 1582 1029 1634 ρὰ
1044 1583 1133 1621 ‘Pm-

103 1646 214 1695 μαίων
233 1649 254 1690 ἦ
277 1645 431 1695 ἀποδοχὴ
446 1673 454 1689 ,
477 1643 524 1692 μὴ
541 1646 571 1686 ἐς
590 1643 630 1680 τὸ
650 1641 742 1685 ἀδεὲς
756 1641 868 1692 πάντῃ
886 1644 952 1678 τῶν
973 1641 1134 1678 ἐναντίων

102 1703 376 1752 καθισταμένων.
409 1702 453 1740 ‘O
474 1701 507 1738 δὲ
523 1701 708 1751 (Ρωμαίων
740 1699 899 1751 βασιλεὺς
922 1699 1134 1751 Αύρηλιανος

102 1588 199 1640 σφίσι
212 1587 269 1624 καὶ
285 1591 349 1624 τῶν
364 1586 507 1638 πρόσθεν
524 1586 714 1637 φοιτώντων
729 1584 919 1635 χρημάτων
933 1599 982 1620 πα

145 1813 175 1838 6.
186 1807 290 1838 Verba
304 1807 488 1847 ἀρτῶντες,..
504 1806 650 1845 εὔφλεκτα
668 1805 731 1843 εἰη,
745 1813 807 1835 non
826 1804 988 1835 nominato
1007 1804 1138 1835 auctore

103 1854 232 1886 exhibet
245 1853 356 1885 suidas
370 1863 400 1883 v.
413 1853 588 1893 ἐφεστρίδες.
606 1855 666 1883 Pro
683 1853 756 1892 μήτε
775 1851 885 1882 Suidas
905 1850 1023 1890 praebet
1044 1851 1096 1890 μή.

144 1901 184 1941 (*)
203 1902 228 1932 E
257 1901 398 1939 Dexippo
424 1899 562 1930 hauserit
585 1898 698 1930 suidas
715 1908 722 1929 :
745 1898 840 1929 Ἰουθ
853 1900 893 1928 οῦ
906 1908 1012 1936 γγοι,
1042 1898 1138 1937 ὄνομα

105 1949 215 1983 ἔθνους.
233 1960 248 1975 u
264 1949 301 1978 Οἱ
316 1948 346 1978 δὲ
363 1947 588 1986 ἑπεραιὼσαντο
601 1946 653 1976 τὸν
667 1946 797 1985 Ἴστρον,
810 1945 924 1976 δόντων
945 1946 1081 1977 ἑκόντων
1099 1946 1139 1976 εἷ-

107 2007 154 2026 ναι
167 1996 220 2029 τὴν
232 1995 330 2025 δίοδον
347 1993 550 2032 Ἰουθούγγων
566 1993 645 2032 ἔχθει
662 1995 707 2027 τῷ
723 1993 796 2026 πρὸς
812 1992 997 2031 Ῥωμαίους.
1021 2005 1036 2019 n

107 2095 187 2124 eturi
211 2095 314 2125 hostes
328 2094 440 2125 essent.
467 2093 508 2132 (5)
523 2093 579 2124 His
599 2094 745 2132 deinceps
768 2094 963 2123 transversas
984 2093 1089 2124 trabes
1108 2095 1139 2123 et

109 2146 229 2178 tabulas
245 2146 458 2186 applicarunt,
473 2145 504 2176 in
526 2145 635 2176 mediis
651 2146 757 2176 autem
778 2145 920 2175 fecerunt
934 2145 1056 2183 ostiola,
1073 2145 1140 2183 ejus

110 2198 350 2237 magnitudinis,
374 2198 409 2228 ut
423 2197 524 2227 virum
546 2204 645 2235 usque
664 2195 703 2225 ad
722 2197 829 2235 pectus
842 2195 985 2234 excipere
1002 2197 1138 2235 possent.

112 2251 178 2279 lloc
205 2249 296 2287 igitur
314 2248 406 2278 modo
429 2248 522 2278 altius
544 2256 639 2286 quam
656 2247 759 2277 hostes
773 2247 882 2285 positis
896 2256 912 2277 e
926 2246 1051 2277 sublimi
1067 2256 1140 2286 pro-

112 2309 249 2339 pugnare
263 2300 385 2330 licebat.
403 2300 446 2337 (6)
472 2300 625 2329 Praeterea
643 2306 683 2328 ex
699 2298 764 2328 alto
780 2297 932 2328 demisere
956 2299 987 2328 et
1010 2298 1142 2328 eircum-

112 2353 194 2383 eirca
208 2353 372 2391 alligarunt
386 2352 483 2382 cilicia
495 2353 589 2389 atque
603 2351 718 2381 vellera
732 2373 740 2387 ‚
754 2350 869 2389 quippe
883 2350 1056 2387 eujusmodi
1072 2359 1142 2380 mu-

115 2405 255 2435 nimenta
268 2406 299 2434 et
316 2404 511 2434 inssanimatu
534 2402 672 2433 difficilia
697 2403 798 2432 essent
815 2404 844 2432 et
863 2402 993 2433 mollitie
1007 2410 1064 2432 sua
1078 2401 1142 2432 vim

116 2456 267 2486 illisorum
300 2455 505 2495 infringerent
531 2463 633 2493 neque
657 2463 692 2484 ea
716 2455 959 2493 repercuterent.
980 2455 1051 2484 Post
1076 2453 1144 2483 haic

116 2516 213 2545 quum
232 2507 391 2546 utrimque
406 2506 448 2536 rei
460 2505 632 2545 periculum
650 2505 797 2535 facientes
811 2505 1143 2543 pugnassentstremie,

117 2558 243 2597 Scythae
269 2567 342 2589 vero
369 2566 496 2596 operam
517 2559 549 2587 et
575 2559 698 2596 tempus
715 2556 829 2586 frustra
854 2555 1069 2595 impenderent
1089 2564 1146 2585 nee

118 2609 291 2649 quidquam
306 2619 346 2640 ex
367 2611 442 2640 voto
467 2609 503 2640 iis
518 2608 719 2648 procederet,
744 2608 847 2638 soluta
869 2607 1031 2638 obsidione
1044 2608 1147 2638 hostes

118 2658 274 2693 abieru'nt.

605 2713 663 2745 24.

164 2770 336 2808 imperator
350 2767 536 2799 Aurelianus
551 2767 560 2806 (
576 2776 626 2798 an.
645 2770 701 2798 270
726 2775 755 2807 p.
774 2767 828 2805 C.)
848 2775 946 2806 quum
968 2766 1147 2805 Jutbungos

121 2821 253 2861 Scythas
265 2820 330 2851 acie
341 2819 520 2858 devicisset,
531 2821 561 2850 et
571 2820 684 2849 multos
695 2828 803 2849 eorum
814 2819 843 2849 in
859 2819 922 2858 ipso
937 2818 1004 2849 istri
1018 2818 1149 2857 trajectu

124 2873 276 2910 fugientes
294 2870 512 2908 interemisset,
533 2870 643 2908 reliqui
665 2869 782 2900 bellum
803 2869 918 2900 findere
936 2869 1024 2899 {inire
1042 2869 1149 2899 volue-

125 2926 198 2954 vunt
209 2947 217 2961 ‚
232 2925 262 2954 et
279 2923 395 2961 legatos
409 2924 570 2952 miserunt.
590 2924 697 2960 Neque
711 2924 815 2952 tamen
835 2930 906 2952 cum
926 2922 1022 2952 nimio
1039 2922 1152 2952 timore

126 2976 285 3014 nimiaque
308 2974 554 3014 perturbatione,
571 2974 658 3012 quasi
679 2973 767 3004 clade
790 2983 844 3003 sua
867 2974 1015 3013 perculsis
1042 2983 1151 3013 pacem

125 3027 183 3057 sibi
204 3024 368 3065 petendam
385 3033 450 3055 esse
471 3024 640 3059 ducebant,
669 3033 707 3053 ne
722 3025 856 3062 trilmto,
883 3025 967 3063 quod
985 3026 1075 3055 antea
1094 3027 1153 3056 Ro-

126 3078 207 3108 mani
233 3076 421 3116 penderant,
438 3075 578 3106 hostibus
589 3075 628 3105 ab
641 3076 724 3105 omui
746 3078 830 3105 metu
853 3076 981 3113 solutis,
1002 3076 1031 3106 in
1049 3078 1152 3115 poste-

127 3138 196 3159 rum
224 3128 432 3167 privarentur.
452 3126 510 3157 Sed
529 3128 741 3156 Romanorum
762 3126 930 3164 imperator
954 3127 1152 3165 Aurelianus,

130 3182 164 3210 ut
177 3180 409 3218 Jutlmngorum
422 3179 538 3217 legatos
551 3177 710 3208 advenisse
730 3178 893 3215 intellexit,
904 3187 1002 3217 (μιιιιιι
1013 3178 1153 3217 dixisset,

128 3241 160 3261 se
174 3239 248 3261 eum
269 3230 317 3260 his
338 3229 485 3269 postridie
499 3231 645 3259 acturum
662 3228 700 3259 de
721 3229 779 3266 bis,
799 3238 933 3267 quorum
956 3238 1049 3259 eausa
1063 3230 1154 3267 legati

128 3283 295 3319 venerant,
319 3281 496 3320 hujusmodi
514 3281 655 3312 hostibus
679 3280 972 3318 terrorisiujiciendi
986 3281 1082 3318 aratia
1100 3282 1156 3311 mi-

130 3335 219 3368 litnm
239 3333 336 3365 aciem
351 3333 494 3364 condicta
505 3332 554 3364 die
571 3334 722 3371 tanquam
735 3331 772 3362 ad
785 3340 918 3371 pugnam
941 3331 1095 3362 instruxit.
1116 3334 1152 3362 Ut

845 164 1045 203 mixwl‘l
1079 163 1177 203 A’sll
1189 161 1410 200 ENlliNSlS

1180 250 1225 290 ὡς
1246 249 1386 285 ἐπύθετο
1411 245 1598 298 ἀφιγμένην
1622 244 1684 289 τὴν
1708 243 1930 294 Ἰουθούγγων
1958 243 2154 294 πρεσὸείαν,
2180 246 2212 288 ἐς

1180 306 1240 351 τὴν
1264 305 1441 355 ὑστεραίαν
1460 303 1571 355 φήσας
1589 304 1794 353 χρηματιεῒν
1813 301 1892 353 περὶ
1917 295 1964 339 ῶν
1981 302 2124 351 ἥκουσι,
2144 302 2211 340 διέ-

1181 379 1282 400 ταττε
1299 362 1374 405 τοὺς
1392 360 1604 413 στρατιώτας
1629 362 1674 403 ὡς
1690 362 1722 402 ἐς
1738 360 1870 411 μάχην,
1888 359 2082 405 ἐκπλήξεως
2099 359 2212 398 εἵνεκα

1181 424 1249 458 τῶν
1268 420 1439 457 ἐναντίων.
1495 419 1597 457 Ἐπεὶ
1618 418 1654 455 δὲ
1676 419 1789 460 καλῶς
1815 412 1904 469 εἶχεν
1932 420 2025 469 αὐτῷ
2050 422 2072 464 ἡ
2093 418 2210 455 διακό-

1184 494 1329 527 σμησις,
1358 478 1414 515 ἐπὶ
1442 479 1573 528 ὑψηλοῦ
1605 476 1760 526 βήματος
1787 476 1955 528 μετέωρος
1984 476 2131 527 βέὸηκε,
2156 477 2213 514 καὶ

1184 536 1368 588 ἁλουργίδα
1388 535 1571 585 ἀμπέχων,
1586 532 1647 580 τὴν
1668 540 1783 572 πᾶσαν
1810 534 1902 577 τάξιν
1921 535 2027 570 ἐποίει
2046 535 2131 585 ἀμφ’
2155 535 2213 570 αὖ·

1184 594 1238 631 τὸν
1264 594 1434 642 μονοειδῆ.
1460 592 1731 644 Παρεστήσαντο
1752 592 1786 630 δὲ
1806 592 1865 630 καὶ
1885 594 1951 629 τῶν
1975 593 2008 629 ἔν
2026 591 2117 629 τέλει
2142 591 2214 629 ὅσοι

1185 651 1292 702 ἀρχάς
1316 666 1408 692 τινας
1425 649 1737 700 ἐπιτετραμμένοι,
1767 649 1966 699 σύμπαντες
1992 651 2049 702 ἀφ’
2078 649 2211 689 ἵππων.

1188 709 1340 747 Κατόπιν
1371 708 1404 745 δὲ
1436 707 1604 758 βασιλέως
1631 706 1674 744 τὰ
1694 707 1835 756 σήματα
1868 702 1909 753 ἦν
1939 710 2000 752 τῆς
2034 708 2213 745 ἐπιλέκτου

1186 772 1364 818 στρατιᾶς·
1385 764 1428 801 τὰ
1449 765 1484 801 δέ
1503 767 1586 802 εἰσιν
1608 765 1700 802 ἀετοὶ
1719 766 1843 816 χρυσοῖ
1869 765 1927 802 καὶ
1957 765 2082 808 εἰκόνες
2111 766 2215 817 βασί-

1185 827 1268 861 λειοι
1291 823 1350 860 καὶ
1375 822 1616 874 στρατοπέδων
1644 823 1830 872 κατάλογοι
1860 823 2043 874 γράμμασι
2074 829 2215 874 χρυσοῖς

1188 881 1408 930 δηλούμενοι·
1435 880 1456 917 ἃ
1473 879 1514 926 δὴ
1536 879 1723 930 σύμπαντα
1744 881 1982 930 ἀνατεταμένα
2007 881 2217 933 προύφαίνε-

1188 955 1226 977 το
1244 939 1301 976 ἐπὶ
1321 939 1447 982 ξυστῶν
1465 939 1732 990 ἦργυρωμένων.
1751 938 1834 977 Ἐπὶ
1858 938 1893 976 δὲ
1906 938 2036 982 τούτοις
2055 933 2120 976 ὧδε
2145 941 2218 977 δια-

1189 1002 1407 1046 κοσμηθεῖσιν
1425 996 1656 1047 Ἰουθούγγους
1682 996 1775 1042 ἠξίου
1803 997 2029 1048 [παρελθεῖν].
2061 997 2153 1040 Τοὺς
2183 999 2218 1035 δὲ

1190 1054 1315 1100 συνέὸη
1337 1054 1586 1104 θαμὸήσασθαι
1606 1054 1736 1097 ἰδόντας
1760 1057 1819 1093 καὶ
1837 1056 1892 1092 ἐπὶ
1909 1054 1996 1093 πολὺ
2017 1058 2097 1106 σιγῇ
2113 1055 2217 1107 ἔχειν.

1190 1114 1291 1152 Ἐπεὶ
1315 1113 1350 1150 δέ
1379 1128 1494 1165 σφισιν
1517 1115 1554 1151 ἐκ
1572 1117 1630 1151 τοῦ
1655 1114 1822 1164 βασιλέως
1843 1113 1994 1158 ἀπεδόθη
2015 1113 2138 1165 λέγειν,
2165 1114 2220 1151 διά

1190 1187 1275 1214 τινος
1285 1171 1456 1223 ἑρμηνέως
1470 1171 1588 1216 ἔλεξαν
1601 1172 1713 1209 τοιάδε
1727 1188 1734 1196 ·
1750 1190 1763 1205 α
1777 1171 1867 1210 Οὔτε
1881 1175 1923 1224 τῇ
1938 1172 1994 1209 ἐπὶ
2007 1176 2126 1223 καιροῦ
2136 1187 2222 1219 συμ-

1193 1230 1285 1280 ὅάσῃ
1313 1231 1535 1283 κακοπραγία
1552 1233 1650 1280 ἡμῶν
1667 1230 1762 1282 παρὰ
1782 1230 1819 1268 τὸ
1843 1230 1929 1273 εἰκὸς
1954 1230 2222 1281 καταπεπληγό-

1192 1302 1265 1335 τες,
1302 1286 1379 1324 οὕτε
1404 1288 1579 1337 δυνάμεως
1609 1289 1726 1330 ἐνδεῶς
1761 1287 1894 1338 ἔχοντες
1919 1287 1941 1333 ἢ
1971 1287 2030 1325 καὶ
2062 1288 2222 1337 πολέμων

1194 1344 1326 1395 ἄπειροι
1361 1345 1625 1392 καθεστηκότες,
1655 1346 1827 1388 ἀσθενείας
1857 1345 2040 1396 εὐπρεπείᾳ
2068 1345 2158 1382 κατὰ
2186 1345 2224 1382 τὸ

1194 1404 1278 1451 ἡμῖν
1309 1404 1420 1445 αὐτοῖς
1441 1403 1554 1451 μόνοις
1574 1403 1744 1455 συμφέρον
1772 1405 1803 1446 ἐς
1833 1403 1894 1448 τὴν
1919 1403 2053 1454 εἰρήνην
2077 1402 2223 1440 σπεύδο-

1198 1475 1276 1507 μεν·
1298 1461 1385 1497 αλλὰ
1406 1461 1557 1512 περίεστι
1576 1462 1636 1509 μὲν
1653 1463 1734 1507 ἡμῖν
1752 1465 1912 1499 τοσοῦτον
1936 1465 1995 1506 τῆς
2017 1463 2050 1498 ἐν
2071 1467 2139 1504 τοῖς
2158 1476 2224 1497 πο-

1194 1518 1309 1566 λέμοις
1337 1520 1534 1569 περιουσίας
1567 1520 1715 1563 πλήθους
1743 1519 1854 1557 εἵνεκα
1885 1520 1942 1557 καὶ
1972 1519 2108 1570 ἰσχύος,
2139 1519 2227 1556 ὥστε

1201 1575 1297 1626 μέρει
1326 1577 1498 1628 ἐλαχίστῳ
1532 1577 1591 1619 τὰς
1623 1578 1705 1629 πρὸς
1724 1577 1850 1629 Ἴστρῳ
1883 1579 1998 1620 πόλεις
2033 1578 2228 1620 ἐπελθόντες

1197 1633 1345 1670 Ἰταλίαν
1386 1638 1506 1685 μικροῦ
1545 1641 1661 1672 πᾶσαν
1693 1635 1964 1686 κατειλήφαμεν,
1998 1637 2132 1686 ἱππικῷ
2167 1634 2228 1683 μὲν

1198 1690 1463 1740 στρατεύσαντες
1489 1693 1520 1733 ἐς
1544 1692 1711 1743 μυριάδας
1732 1693 1773 1739 δ’,
1791 1693 1849 1729 καὶ
1866 1692 1993 1729 τούτων
2015 1694 2052 1729 οὐ
2075 1692 2227 1741 μιγάδων

1200 1749 1276 1786 οὐδὲ
1302 1751 1463 1796 ἀσθενῶν,
1493 1750 1583 1787 ἀλλὰ
1605 1750 1829 1800 Ἰουθούγγων
1850 1753 2027 1802 καθαρῶς,
2054 1745 2100 1788 ῶν
2126 1749 2230 1793 πολὺς

1202 1810 1253 1859 ἐφ’
1272 1809 1475 1860 ἱππομαχίᾳ
1501 1809 1610 1857 λόγος.
1641 1809 1785 1847 Ἀσπίδα
1817 1809 1851 1846 δὲ
1881 1808 2008 1859 ἄγομεν
2044 1809 2230 1846 διπλασίαν

1200 1865 1372 1915 δυνάμεως
1385 1870 1444 1912 τῆς
1462 1869 1625 1914 ἱππικῆς,
1643 1869 1711 1905 οὐδ’
1728 1870 1762 1904 ἐν
1780 1866 1909 1910 τούτοις
1924 1873 1999 1911 ταῖς
2019 1867 2143 1920 ἑτέρων
2157 1869 2232 1905 ἐπι-

1202 1923 1325 1973 μιξίαις
1343 1926 1596 1969 ἐπισκιάζοντες
1610 1930 1667 1962 τοῦ
1686 1926 1848 1977 σφετέρου
1870 1929 2016 1977 στρατοῦ
2031 1926 2069 1963 τὸ
2087 1927 2232 1962 ἀναντα-

1201 1982 1376 2031 γώνιστον.
1393 1980 1560 2034 ”Εχοντες
1583 1984 1618 2021 δὲ
1636 1984 1694 2021 καὶ
1713 1983 1802 2022 οὕτω
1819 1987 2043 2036 παρασκευῆς
2065 1984 2233 2035 διακρίνε-

1200 2094 1244 2125 illi
1262 2097 1345 2126 recte
1355 2104 1387 2126 se
1403 2096 1519 2127 havere
1534 2096 1599 2127 visa
1612 2097 1660 2127 est
1669 2096 1826 2127 exereitus
1839 2095 2019 2134 dispositio,
2044 2094 2144 2125 altum
2162 2103 2233 2133 sug-

1201 2148 1322 2185 gestum
1350 2147 1513 2186 sublimis,
1535 2156 1674 2187 purpura
1698 2147 1845 2186 indutus,
1871 2148 2023 2186 ascendit,
2056 2150 2087 2179 et
2108 2154 2234 2177 onmem

1202 2198 1389 2237 exereitum,
1407 2198 1461 2238 qui
1480 2198 1583 2238 ipsum
1605 2199 1849 2237 circumstabat,
1876 2199 1907 2229 in
1925 2200 2058 2229 sormam
2072 2199 2156 2229 lunae
2171 2196 2234 2228 dis-

1203 2250 1316 2288 posuit.
1341 2250 1480 2281 Aderant
1494 2253 1525 2281 et
1543 2260 1578 2281 ex
1599 2251 1664 2288 bis,
1681 2251 1733 2290 qui
1754 2251 1784 2281 in
1807 2251 1949 2282 exercitu
1975 2251 2106 2290 imperia
2120 2250 2237 2281 habue-

1204 2304 1285 2341 rant,
1301 2312 1410 2333 omnes
1422 2303 1461 2333 ab
1474 2303 1573 2342 equis.
1589 2306 1614 2334 Α
1628 2305 1714 2342 tergo
1728 2304 1924 2342 imperatoris
1937 2305 2027 2334 erant
2041 2303 2126 2342 signa
2140 2300 2235 2332 coad-

1205 2356 1290 2385 unati
1308 2356 1474 2387 exercitus.
1494 2358 1566 2386 {laec
1585 2364 1659 2386 vero
1680 2358 1768 2386 erant
1786 2356 1900 2394 aquilae
1918 2363 2022 2385 aureae
2039 2357 2069 2385 et
2089 2353 2237 2393 imagines

1205 2406 1448 2445 imperatorum,
1484 2408 1515 2437 et
1540 2416 1649 2437 eorum
1680 2407 1732 2445 qui
1759 2406 1879 2437 militiae
1911 2406 2039 2436 nomina
2065 2405 2213 2435 dederant
2227 2428 2235 2441 ,

1205 2457 1337 2495 catalogi
1352 2459 1383 2488 et
1399 2457 1667 2494 enumerationes,
1691 2458 1793 2487 aureis
1812 2457 1922 2487 litteris
1943 2456 2134 2495 perscriptae.
2160 2457 2239 2491 Quae

1206 2507 1311 2538 omnia
1333 2509 1487 2547 explicata
1503 2510 1535 2539 et
1558 2508 1672 2539 illustri
1693 2509 1761 2539 loco
1784 2508 1882 2547 posita
1899 2508 1930 2538 in
1957 2507 2052 2538 hastis
2071 2506 2240 2545 argentatis

1207 2560 1375 2598 conspicua
1391 2562 1491 2591 erant.
1508 2560 1561 2591 llis
1577 2561 1619 2590 ita
1637 2560 1818 2599 praeparatis
1831 2560 2010 2599 Jutlmngos
2019 2559 2110 2598 jussit
2123 2557 2238 2589 adesse.

1208 2612 1249 2641 Ut
1277 2611 1344 2641 llaec
1369 2610 1532 2649 viderunt,
1559 2611 1767 2650 obstupefacti
1792 2611 1885 2650 longo
1912 2612 2054 2650 tempore
2080 2608 2239 2640 silentium

1210 2664 1391 2694 tenuerunt.
1447 2664 1617 2702 Postquam
1631 2663 1670 2693 ab
1685 2663 1873 2702 imperatore
1893 2663 1952 2694 illis
1965 2661 2087 2693 dicendi
2109 2661 2240 2692 facultas

1209 2714 1281 2745 data
1295 2716 1352 2751 est,
1367 2715 1411 2745 ita
1432 2723 1486 2754 per
1501 2715 1702 2754 interpretem
1718 2714 1814 2744 locuti
1828 2715 1902 2744 sunt
1918 2726 1925 2744 :
1941 2726 1955 2739 α
1971 2715 2079 2752 Neque
2094 2712 2169 2751 quia
2185 2710 2241 2742 ad-

1211 2775 1299 2797 versa
1321 2767 1463 2805 fortuna,
1483 2775 1555 2805 quae
1572 2766 1732 2797 nobishoc
1746 2768 1888 2805 tempore
1910 2765 2060 2804 contigit,
2074 2765 2157 2795 ultra
2172 2771 2240 2795 mo-

1210 2818 1286 2848 dum
1302 2819 1423 2848 animos
1441 2819 1563 2848 nostros
1575 2817 1689 2855 abjecit
1705 2817 1736 2847 et
1758 2816 1910 2855 perculit,
1931 2818 1986 2846 aut
2002 2815 2076 2854 quia
2103 2812 2242 2847 destituti

1211 2870 1308 2909 copiis
1321 2871 1351 2901 et
1367 2869 1487 2900 viribus
1503 2878 1630 2908 sumus,
1645 2870 1698 2899 aut
1722 2869 1764 2899 rei
1782 2868 1926 2899 militaris
1939 2867 2092 2906 imperiti,
2110 2863 2241 2896 infirmi-

1212 2923 1307 2952 tatem
1322 2922 1460 2952 nostram
1474 2921 1605 2952 lionesto
1620 2922 1774 2960 praetextu
1790 2920 1939 2958 tegentes,
1955 2926 2057 2957 neque
2070 2916 2242 2956 quidquam

1214 2973 1270 3003 nisi
1288 2973 1457 3003 utilitatem
1478 2974 1615 3002 nostram
1630 2972 1824 3010 spectantes,
1851 2969 1888 3000 ad
1912 2977 2020 3008 pacem
2049 2967 2242 2999 festinamus.

1214 3023 1272 3054 Sed
1290 3024 1399 3054 multae
1416 3023 1506 3054 nobis
1521 3023 1625 3053 adbuc
1639 3023 1808 3061 suppetunt
1821 3019 1860 3051 ad
1877 3020 1993 3050 belluni
2007 3017 2176 3057 gerendum
2202 3016 2244 3047 sa-

1214 3075 1363 3114 conates,
1380 3075 1444 3105 sive
1469 3073 1672 3105 multitudine
1688 3073 1823 3102 militum
1835 3095 1843 3109 ,
1868 3071 1933 3101 sive
1949 3069 2069 3100 viribus
2084 3077 2163 3108 opus
2184 3068 2241 3098 est.

1216 3128 1292 3156 Nam
1306 3127 1337 3156 et
1352 3125 1480 3156 minima
1497 3125 1594 3156 nostri
1615 3126 1703 3164 parte
1718 3123 1810 3154 urbes
1823 3122 1862 3153 ad
1882 3123 1994 3152 istrum
2008 3120 2082 3152 sitas
2094 3117 2244 3150 invaden-

1216 3180 1278 3214 tes,
1302 3186 1414 3216 parum
1437 3176 1538 3208 abfuit
1560 3176 1635 3215 quin
1660 3183 1787 3206 omnem
1812 3173 1932 3204 ltaliam
1952 3172 2137 3211 ceperimus.
2164 3172 2243 3207 Qua·

1216 3230 1357 3267 draginta
1373 3229 1514 3268 equitum
1533 3228 1630 3259 millia
1646 3228 1675 3258 in
1693 3235 1829 3267 pugnam
1847 3225 2028 3263 educimus,
2043 3232 2115 3263 quoe
2130 3231 2191 3253 non
2207 3229 2243 3251 ex

1217 3281 1364 3311 convenis
1379 3281 1434 3310 aut
1450 3279 1677 3315 imbecillibus,
1688 3278 1741 3309 scd
1755 3286 1792 3308 ex
1811 3275 1980 3315 Jutlmngis
1994 3284 2070 3314 pure
2091 3273 2243 3307 constant,

1217 3340 1352 3370 quorum
1368 3331 1397 3361 in
1413 3331 1546 3369 equestri
1565 3329 1675 3368 pru-lio
1687 3337 1796 3366 magna
1812 3329 1892 3358 sama
1908 3329 1964 3358 est.
1981 3325 2123 3356 Peditum
2141 3325 2243 3355 autem
