2289 3728
115 184 133 212 2
147 183 181 211 Η)

157 256 279 301 cyrill.
312 254 403 289 adv.
430 254 564 288 Julian.
598 252 645 286 lx
664 278 672 294 ,
700 263 735 297 p.
765 250 861 285 133:
888 247 1031 298 Ἱστορεῖ
1051 251 1128 296 γοῦν

107 312 316 360 Ἀλέξανδρος
337 312 353 345 ὁ
371 309 512 352 ἐπίκλην
534 304 738 357 Πολυΐστωρ
755 307 789 342 ἐν
815 309 863 357 τῷ
878 305 955 356 περὶ
976 308 1129 353 {loom-,10-

106 372 208 418 ρικῶν
228 367 411 415 συμῧόλων
429 365 595 415 Ἀσσυρίῳ
611 364 648 400 τὸ
668 364 761 413 γένος
780 363 850 400 ὄντι
871 365 920 414 τῷ
940 364 1037 412 Ζάρα
1055 378 1127 413 φοι·

820 162 1111 201 ALEXANDRI
1144 161 1510 199 POLYHISTORIS

1196 262 1280 288 σεως
1295 279 1303 294 ‚
1327 248 1360 282 ἐν
1384 247 1448 297 βίῳ
1474 247 1506 282 δ’
1533 245 1643 296 ἀρχὴν
1665 248 1845 294 τελευτῆς,
1873 249 1905 282 ἐν
1935 249 2002 297 ζωῇ
2023 247 2057 284 δὲ
2089 249 2218 299 γένεσιν

1196 308 1335 356 φθορᾶς.
1355 306 1416 353 (⁸33)
1438 303 1505 340 Καὶ
1522 303 1614 345 θεοὺς
1633 302 1693 351 μὲν
1718 304 1886 352 δαιμόνων
1905 311 2090 357 προτιμᾶν,
2106 308 2219 359 ἥρωας

1193 363 1219 398 δ’
1237 362 1440 412 ἀνθρώπιον,
1457 362 1641 411 ἀνθρώπων
1658 361 1691 397 δὲ
1705 362 1854 410 μάλιστα
1866 363 1942 404 τοὺς
1954 364 2083 412 γονέας.
2098 365 2218 411 Ἀλλή-

105 429 206 471 τῆσαι
222 426 278 462 τὸν
303 423 521 474 Πυθαγόραν.
543 425 710 459 Fortasse
736 424 810 457 haec
832 430 971 469 partem
991 422 1130 456 cousti—
1160 405 1164 465 l
1193 421 1262 462 λοις
1281 421 1308 456 0'
1329 421 1476 467 ὁμιλεῖν,
1497 421 1542 461 ὡς
1566 419 1643 461 τοὺς
1663 419 1726 467 μὲν
1757 420 1871 470 φίλους
1889 421 2027 472 ἐχθροὺς
2047 422 2094 469 μὴ
2116 427 2219 470 ποιῆ-

105 492 254 520 tuerunt
272 486 393 532 operis
409 483 605 530 sequentis.

314 567 622 604 ΦΙΛΟΣΟΦΩΝ

156 653 377 699 polyhistori
397 664 488 699 opus
502 652 632 686 tribuit
654 651 818 695 Jonsffls,
843 663 881 696 p.
906 648 999 692 2383
1018 656 1130 690 recte,

105 717 209 757 puto.
231 711 376 745 Vossius
404 710 566 744 incertus
588 710 703 743 haeret
731 721 820 742 num
841 708 983 742 Milesio
1002 713 1130 740 nostro

663 564 918 602 ΔΙΑΔΟΧΑΙ.

103 781 148 802 au
175 768 334 814 Ephesio
365 768 410 801 sit
433 767 722 810 vindicandum3
756 766 947 800 Reinesius
976 765 1131 810 assignat

103 827 208 862 Alex.
237 826 397 872 AEgiensi
413 852 421 867 ,
446 825 710 871 peripatetico,
738 823 957 870 praeceptori
977 823 1134 857 Neronis

104 884 160 930 (v.
181 883 284 917 Suid.
305 896 340 921 v.
362 880 574 931 Ἀλέξανδρος
594 879 766 930 Αἰγαῖος).
786 881 952 915 Brandis.
982 891 1133 926 quoque

106 942 236 976 Gesclz.
253 942 288 974 d.
308 941 408 975 Phil.
426 940 503 986 Lp.
526 939 567 973 31
582 967 591 983 ,
609 947 645 973 et
661 939 808 985 Rumpf.
828 951 865 985 p.
889 950 949 985 17,
969 938 1130 972 Alexan—

103 999 212 1033 drum
232 997 504 1046 l’olyhistorem
524 998 745 1045 intelligunt.

573 1083 658 1131 139.

159 1173 265 1218 Diog.
285 1174 328 1208 L.
359 1173 389 1215 Ι,
416 1171 486 1206 116
512 1184 519 1205 :
550 1170 770 1219 Φερεκύδης,
804 1167 956 1213 Dotem,
990 1166 1132 1217 Σύριος,

103 1228 191 1265 καθά
213 1244 313 1279 φησιν
330 1227 545 1277 Ἀλέξανδρος
576 1228 609 1263 ἕν
628 1226 831 1276 Διαδοχαῖς,
860 1228 1035 1263 Πιττακοῦ
1057 1226 1131 1260 δια-

105 1285 224 1331 κήκοε.

581 1359 665 1396 140.

154 1441 257 1476 Idem
275 1442 377 1485 VIII,
397 1453 444 1476 22
465 1452 474 1477 τ
494 1438 642 1489 Λέγεται
662 1444 861 1490 παρεγγυᾶν
878 1437 977 1475 αὐτὸν
997 1438 1133 1488 (Πυθα·

104 1498 225 1549 γόραν)
242 1497 404 1535 ἑκάστοτε
421 1503 489 1540 τοῖς
504 1501 674 1546 μαθηταῖς
688 1497 768 1534 τάδε
783 1497 891 1546 λέγειν
906 1498 950 1539 εἰς
968 1496 1023 1533 τὸν
1042 1490 1131 1533 οἷκον

103 1559 243 1594 εἰσιοῦσι
256 1585 266 1605 ,

186 1632 235 1666 Πῆ
252 1630 406 1670 παρέὸην;
421 1629 450 1660 τί
467 1629 492 1660 δ’
507 1629 591 1670 ἔρεξα
604 1639 613 1667 ;
627 1628 655 1659 τί
674 1640 724 1669 μοι
736 1629 801 1660 δέον
816 1629 872 1660 οὐκ
885 1627 1044 1665 ἐτελέσθη;

105 1693 246 1745 Σφάγιά
270 1708 306 1729 τε
340 1693 424 1735 θεοῖς
451 1692 653 1744 προσφέρειν
683 1691 843 1740 κωλύειν,
880 1690 982 1740 μόνον
1011 1691 1045 1727 δὲ
1075 1690 1131 1727 τὸν

107 1751 320 1799 ἀναίμακτον
344 1750 458 1800 βωμὸν
490 1752 706 1801 προσκυνεῖν.
730 1748 823 1793 Μηδ’
858 1748 999 1797 ὀμνύναι
1020 1747 1131 1790 θεούς·

988 1806 1079 1848 Τούς
1099 1821 1133 1842 τε

103 1866 353 1917 πρεσῧυτέρους
377 1871 499 1913 τιμᾶν,
524 1864 562 1901 τὸ
585 1865 844 1916 προηγούμενον
872 1866 920 1914 τῷ
948 1862 1061 1913 χρόνῳ
1081 1878 1135 1899 τι-

105 1810 223 1845 ἀσκεῖν
247 1807 311 1858 γὰρ
333 1808 432 1844 αὑτὸν
452 1808 518 1844 δεῖν
538 1807 730 1850 ἀξιόπιστον
755 1805 932 1858 παρέχειν.

105 1925 268 1975 μιώτερον
295 1922 521 1974 ἡγουμένους·
540 1924 585 1966 ὡς
614 1925 647 1960 ἐν
669 1922 788 1974 κόσμῳ
810 1920 869 1971 μὲν
888 1921 1057 1967 ἀνατολὴν
1077 1920 1132 1958 δύ-

141 2034 321 2066 Alexander
335 2035 384 2065 cui
399 2034 603 2073 polyhistoris
617 2043 792 2073 cognomen
817 2034 848 2064 in
860 2034 940 2064 libro
957 2033 996 2064 de
1015 2033 1134 2072 Pytha-

102 2087 214 2125 goricis
226 2087 376 2126 symbolis
389 2087 433 2118 ait
446 2087 657 2127 Pythagoram
675 2089 754 2118 Zara
763 2109 772 2125 ,
785 2085 909 2126 Assyrio
924 2093 1034 2125 genere
1047 2107 1055 2123 ,
1070 2092 1138 2114 ma-

105 2139 201 2178 gistro
213 2148 306 2170 usum
320 2148 398 2170 esse.

196 2213 626 2252 PHILOSOPHORUM
661 2212 1039 2252 SUCCESSlONES.

579 2299 659 2331 139.

145 2368 357 2408 Pherecydes,
382 2368 495 2408 Babyis
509 2369 612 2407 silius,
629 2369 754 2408 Syrius,
779 2371 813 2401 ut
837 2370 880 2401 ait
906 2367 1082 2399 Alexander
1106 2366 1137 2397 in

104 2420 377 2458 successionibus,
399 2419 512 2450 Pittaci
526 2419 651 2449 auditor
666 2420 735 2450 suit.

575 2474 659 2504 140.

147 2528 258 2558 Fertur
277 2526 466 2565 Pythagoras
490 2526 660 2565 discipulos
687 2527 857 2558 admonere
881 2527 992 2558 solitus
1019 2528 1055 2558 ut
1080 2527 1138 2558 ista

105 2577 245 2617 quotidie
258 2585 357 2615 quum
380 2576 510 2607 domum
529 2577 774 2615 ingrederentur,
793 2577 954 2616 dicerent,

176 2640 246 2671 Qum
261 2638 375 2673 lapsus?
389 2645 454 2672 quse
467 2636 599 2673 perfeci?
610 2646 674 2674 quae
686 2639 784 2667 dehita
798 2640 903 2667 omisi?

105 2695 382 2726 Cruentashostias
394 2695 452 2726 diis
462 2696 567 2727 offerri
580 2696 780 2736 prohibebat,
792 2698 953 2737 solamque
966 2707 1052 2729 aram
1066 2707 1137 2737 quae

107 2749 187 2778 esset
205 2747 271 2777 sine
287 2748 435 2787 sanguine
452 2748 659 2780 adorandam.
705 2749 852 2788 Dejerare
866 2750 974 2781 itidem
991 2759 1046 2790 per
1064 2750 1139 2781 deos

108 2799 236 2830 vetabat
252 2812 258 2829 :
279 2808 439 2838 quemque
456 2799 540 2829 enim
564 2799 594 2829 id
612 2800 752 2831 studiose
767 2809 878 2832 curare
893 2802 1038 2840 oportere
1053 2802 1088 2832 ut
1106 2810 1139 2832 se

109 2849 211 2888 ipsum
229 2850 291 2880 side
315 2850 445 2889 dignum
476 2851 614 2888 praestet.
646 2852 778 2890 Majores
807 2852 1024 2890 honorandos,
1053 2852 1138 2891 quod

111 2901 254 2939 tempore
265 2900 455 2939 praecederet
469 2900 684 2933 honorabilius
697 2903 950 2933 existimantibus
963 2917 969 2933 ·.
983 2903 1137 2942 quemad-

110 2951 240 2982 modum
257 2951 419 2981 inmundo
437 2960 549 2983 occasu
567 2954 693 2992 ortum,
714 2954 746 2984 in
765 2954 826 2984 vita
841 2955 1031 2993 principium
1057 2955 1137 2994 sine,

110 3003 142 3034 in
158 3003 289 3033 vivendo
302 3003 533 3042 generationem
553 3005 694 3036 interitu.
714 3006 778 3045 (23)
794 3009 876 3037 Deos
895 3007 1024 3046 quidem
1049 3007 1138 3037 semi·

115 3056 182 3086 deis
202 3055 232 3086 in
250 3055 368 3087 honore
380 3056 608 3096 praeferendos,
628 3057 808 3089 hominihus
823 3060 930 3090 autem
945 3059 1054 3089 heroas
1065 3082 1073 3097 ‚
1089 3067 1141 3098 pa-

111 3107 214 3136 rentes
227 3115 303 3137 vero
328 3107 507 3137 hominibus
524 3108 646 3138 ceteris.
666 3108 803 3139 lnviccm
817 3118 852 3140 ea
870 3110 991 3140 ratione
1010 3118 1138 3140 conver-

111 3156 267 3194 sandum,
291 3157 392 3188 utine
416 3167 456 3188 ex
481 3158 590 3188 amicis
615 3159 776 3198 inimicos,
803 3169 915 3191 verum
940 3169 979 3190 ex
1006 3161 1139 3192 inimicis

111 3209 229 3239 amicos
255 3209 417 3240 faciamus.
452 3210 679 3249 Propriumque
706 3211 782 3241 nihil
814 3212 1042 3243 arbitrandum.
1067 3214 1140 3252 Legi

112 3259 330 3298 opitulandum
355 3270 362 3291 :
388 3260 605 3291 insectandum
627 3261 780 3301 quidquid
806 3263 1134 3301 legibusadversatur.

113 3311 220 3342 Mitem
243 3312 387 3343 arborem
405 3321 467 3343 non
485 3314 747 3353 corrumpendam
766 3323 823 3345 nec
841 3314 1036 3355 laidendauu
1055 3325 1091 3347 ae
1103 3322 1141 3347 ne

1193 493 1274 526 σαι,
1298 477 1377 519 τοὺς
1394 479 1422 514 δ’
1441 476 1578 527 ἐχθροὺς
1593 476 1706 528 φίλους
1723 478 1946 528 ἐργάσασθαι.
1973 477 2080 517 Ἴδιόν
2097 497 2132 517 τε
2151 498 2217 530 μη-

1194 536 1247 572 δὲν
1269 538 1439 585 ἡγεῖσθαι.
1496 534 1605 586 Νόμῳ
1622 536 1766 585 βοηθεῖν,
1785 536 1908 587 ἀνομία
1928 538 2101 586 πολεμεῖν·
2119 540 2220 589 φυτὸν

1193 593 1320 642 ἥμερον
1349 591 1435 640 μήτε
1455 591 1580 643 φθίνειν
1602 592 1689 641 μήτε
1717 594 1883 640 σίνεσθαι,
1910 593 1998 630 ἀλλὰ
2027 595 2113 641 μηδὲ
2134 598 2218 647 ζῷον

1193 649 1210 686 ὃ
1231 650 1278 698 μὴ
1302 649 1446 699 βλάπτει
1477 648 1682 699 ἀνθρώπους.
1742 651 1836 687 Αἰδῶ
1857 650 1914 687 καὶ
1937 652 2118 689 εὖλάῧειαν
2135 648 2220 691 εἶναι

1195 708 1282 758 μήτε
1314 707 1437 757 γέλωτι
1468 706 1673 755 κατέχεσθαι
1706 708 1792 754 μήτε
1825 709 2093 758 σκυθρωπάζειν.
2123 711 2220 749 (Di-:6-

1193 781 1262 814 γειν
1281 766 1416 814 σαρκῶν
1436 763 1666 811 πλεονασμὸν,
1687 765 1881 814 ὁδοιπορίης
1898 766 2010 803 ἄνεσιν
2025 767 2083 803 καὶ
2100 768 2221 805 ἐπίτα-

1195 838 1246 859 σιν
1262 822 1457 868 ποιεῒσθαι,
1481 820 1621 870 μνήμην
1641 822 1772 870 ἀσκεῖν,
1800 824 1834 859 ἐν
1855 824 1939 874 ὀργῇ
1959 823 2046 873 μήτε
2063 841 2094 861 τι
2114 826 2222 875 λέγειν

1195 880 1281 929 μήτε
1298 878 1478 929 πράσσειν,
1688 878 1748 930 (οὐ)
1766 885 1884 916 πᾶσαν
1901 887 2017 930 τιμᾶν,
2042 883 2221 933 (24)”ῷδαῒς

1194 941 1343 989 χρῆσθαι
1362 936 1445 987 πρὸς
1460 936 1568 986 λύραν
1586 935 1681 988 ὕμνῳ
1701 952 1736 973 τε

1499 878 1664 926 μαντικὴν

1758 940 1841 975 θεῶν
1861 939 1918 974 καὶ
1938 940 2066 990 ἀνδρῶν
2087 943 2222 990 ἀγαθῶν

1197 996 1334 1044 εὔλογον
1371 994 1473 1045 χάριν
1512 994 1618 1044 ἔχειν.
1675 997 1754 1032 Τῶν
1795 995 1830 1032 δὲ
1857 996 1998 1045 κυάμων
2031 998 2222 1049 ἀπέχεσθαι

1195 1052 1251 1089 διὰ
1286 1052 1324 1088 τὸ
1354 1051 1610 1100 πνευματώδεις
1643 1051 1741 1094 ὄντας
1780 1053 1931 1101 μάλιστα
1968 1055 2123 1106 μετέχειν
2163 1060 2222 1094 τοῦ

1193 1112 1363 1161 ψυχικοῦ·
1391 1110 1449 1146 καὶ
1477 1109 1588 1152 ἄλλως
1619 1110 1855 1162 κοσμιωτέρας
1881 1112 2133 1162 ἀπεργάζεσθαι
2164 1114 2223 1157 τὰς

1192 1167 1377 1218 γαστέρας,
1411 1166 1459 1216 μὴ
1488 1168 1786 1219 παραληφθέντας,
1845 1169 1916 1206 Καὶ
1947 1169 2002 1206 διὰ
2030 1175 2130 1209 τοῦτο
2163 1173 2221 1209 καὶ

1192 1226 1253 1268 τὰς
1272 1227 1347 1262 καθ’
1371 1225 1492 1267 ὕπνους
1513 1225 1703 1276 φαντασίας
1730 1226 1823 1268 λείας
1843 1227 1901 1263 καὶ
1926 1227 2118 1279 ἀταράχους
2138 1231 2223 1267 ἀπο-

1194 1286 1316 1323 τελεῖν.
1374 1283 1470 1329 Φησὶ
1490 1283 1517 1320 δ’
1537 1286 1554 1320 ὁ
1572 1284 1788 1335 Ἀλέξανδρος
1805 1286 1838 1321 ἐν
1853 1291 1926 1327 ταῖς
1945 1288 2011 1322 τῶν
2029 1287 2222 1339 φιλοσόφων

1193 1343 1380 1392 Διαδοχαῖς
1406 1341 1464 1378 καὶ
1485 1344 1593 1378 ταῦτα
1613 1341 1792 1393 εὑρηκέναι
1816 1344 1848 1379 εἶν
1870 1344 2121 1394 Πυθαγορικοῖς
2142 1347 2223 1381 ὑπο-

1194 1399 1381 1448 μνήμασιν.
1436 1399 1499 1448 (25)
1520 1399 1643 1450 Ἀρχὴν
1666 1400 1727 1448 μὲν
1757 1399 1916 1436 ἁπάντων
1940 1401 2094 1450 μονάδα·
2123 1403 2160 1439 ἐκ
2187 1402 2221 1439 δὲ

1192 1461 1252 1503 τῆς
1278 1457 1422 1506 μονάδος
1453 1457 1608 1508 ἀόριστον
1639 1458 1745 1494 δυάδα
1772 1460 1816 1500 ὡς
1845 1458 1884 1494 ἂν
1912 1459 1994 1504 ὕλην
2024 1462 2066 1510 τῇ
2102 1460 2225 1508 μονάδι

1196 1515 1295 1567 αἰτίῳ
1312 1515 1381 1552 ὄντι
1401 1517 1606 1561 ὑποστῆναι·
1627 1517 1664 1551 ἐκ
1680 1515 1795 1560 δὲ’τῆς
1810 1516 1954 1564 μονάδος
1970 1517 2029 1553 καὶ
2050 1520 2110 1562 τῆς
2130 1518 2224 1568 ἀορί-

1198 1590 1277 1613 στου
1308 1574 1427 1616 δυάδος
1458 1573 1534 1616 τοὺς
1565 1574 1746 1625 ἀριθμούς·
1771 1576 1808 1611 ἐκ
1840 1574 1874 1611 δὲ
1903 1577 1969 1612 τῶν
2003 1577 2154 1624 ἀριθμῶν
2183 1576 2225 1613 τὰ

1195 1638 1339 1682 σημεῖα·
1357 1635 1395 1670 ἐκ
1414 1631 1448 1669 δὲ
1468 1632 1595 1669 τούτων
1615 1632 1676 1674 τὰς
1697 1631 1859 1683 γραμμὰς
1873 1662 1882 1677 ,
1905 1633 1937 1676 ἐξ
1953 1628 1998 1670 ὧν
2016 1633 2059 1670 τὰ
2078 1634 2222 1671 ἐπίπεδα

1194 1691 1378 1740 σχήματα·
1397 1691 1434 1727 ἐκ
1452 1689 1486 1726 δὲ
1501 1691 1569 1726 τῶν
1591 1689 1759 1726 ἐπιπέδων
1781 1689 1824 1726 τὰ
1842 1689 1963 1740 στερεὰ
1984 1690 2170 1740 σχήματα·
2185 1692 2222 1728 ἐκ

1196 1748 1230 1784 δὲ
1253 1748 1380 1785 τούτων
1408 1746 1452 1784 τὰ
1481 1746 1630 1792 αἰσθητὰ
1656 1747 1822 1796 σώματα,
1844 1742 1890 1785 ὧν
1919 1747 1977 1784 καὶ
2004 1748 2047 1784 τὰ
2070 1752 2223 1799 στοιχεῖα

1197 1801 1282 1842 εἶναι
1301 1805 1468 1855 τέτταρα,
1485 1808 1576 1856 πῦρ,
1598 1804 1700 1855 ὕδωρ,
1720 1808 1796 1855 γῆν,
1819 1805 1923 1857 ἀέρα·
1943 1806 2171 1852 μεταὲάλλειν
2189 1808 2223 1843 δὲ

1197 1862 1256 1899 καὶ
1276 1862 1460 1913 τρέπεσθαι
1477 1862 1518 1899 δι’
1542 1862 1643 1911 ὅλων,
1665 1863 1723 1899 καὶ
1744 1862 1895 1912 γίνεσθαι
1915 1862 1948 1906 ἐξ
1966 1865 2076 1900 αὐτῶν
2097 1863 2225 1912 κόσμον

1199 1920 1368 1971 ἔμψυχον,
1397 1920 1524 1971 νοερὸν,
1555 1921 1775 1972 σφαιροειδῆ,
1811 1920 1918 1969 μέσην
1946 1919 2146 1971 περιέχοντα
2165 1921 2225 1967 τὴν

1196 2032 1312 2062 animal
1333 2032 1461 2071 quidem
1482 2032 1566 2071 quod
1594 2032 1774 2062 hominibus
1796 2040 1859 2062 non
1875 2033 1997 2062 noceat.
2018 2032 2174 2063 pudorem
2194 2034 2226 2064 et

1197 2085 1420 2115 verecundiam
1440 2085 1471 2115 in
1486 2094 1522 2115 eo
1536 2085 1722 2122 consistere,
1736 2085 1773 2115 ut
1786 2093 1890 2124 neque
1911 2085 2041 2115 effusius
2059 2084 2158 2115 rideas
2174 2093 2226 2115 ne-

1197 2145 1258 2176 que
1276 2137 1431 2167 severiore
1445 2137 1486 2167 sis
1500 2137 1604 2170 vultu.
1623 2136 1815 2175 Fugiendam
1835 2137 1937 2167 carnis
1950 2137 2141 2176 superfluam
2155 2137 2225 2176 pin-

1196 2187 1372 2226 guedinenu
1385 2188 1531 2218 itinerum
1540 2188 1772 2218 contentionem
1786 2188 1965 2218 remissione
1975 2188 2225 2227 temperandam,

1197 2240 1404 2269 exercendam
1429 2240 1634 2275 memoriam,
1652 2240 1732 2270 irato
1757 2241 1862 2270 animo
1885 2240 1961 2270 nihil
1985 2242 2043 2270 aut
2058 2240 2225 2284 dicendum

1196 2293 1251 2322 aut
1268 2292 1463 2329 faciendum3
1480 2292 1706 2323 divinationem
1717 2293 1726 2330 (
1737 2291 1818 2330 non)
1831 2292 2226 2331 quamcunquehonoran-

1196 2342 1288 2381 dam;
1316 2342 1382 2381 (24)
1399 2342 1543 2373 cantibus
1562 2343 1600 2373 ad
1625 2343 1722 2382 lyram
1748 2342 1901 2373 utendum
1917 2342 2073 2381 laudeque
2094 2342 2226 2373 deorum

1196 2394 1401 2432 virorumque
1418 2393 1635 2432 praestantium
1652 2393 1827 2424 habendam
1846 2401 1952 2423 veram
1966 2393 2112 2431 gratiam.
2127 2396 2226 2425 Porro

1197 2444 1341 2474 labarum
1364 2452 1422 2474 usu
1443 2444 1666 2482 interdicebat,
1678 2444 1753 2483 quia
1766 2443 1843 2474 flatu
1856 2444 1985 2482 repleta¹
2005 2444 2143 2474 maxime
2157 2444 2225 2474 ani·

1197 2495 1314 2524 matam
1327 2496 1473 2525 naturam
1487 2495 1700 2532 continerent,
1712 2503 1748 2525 ac
1765 2496 1916 2534 praeterea
1931 2496 2057 2525 ventres
2068 2495 2134 2525 lieri
2155 2504 2226 2525 mo-

1196 2545 1344 2576 destiores
1360 2546 1401 2584 (ι’.
1421 2554 1448 2576 e.
1467 2547 1613 2584 crepitus
1628 2553 1694 2576 non
1703 2544 1821 2584 fieri),
1837 2545 1862 2576 si
1878 2544 1919 2575 ab
1936 2546 1971 2576 iis
1988 2545 2198 2577 abstineretur
2216 2556 2223 2576 :

1196 2598 1289 2636 atque
1302 2606 1338 2628 co
1352 2597 1445 2627 etiam
1459 2606 1530 2636 qum
1546 2597 1576 2627 in
1590 2598 1708 2628 somnis
1722 2597 1906 2635 contingunt
1923 2597 2071 2636 imagines
2089 2597 2173 2628 leves
2189 2606 2226 2628 ac

1196 2648 1434 2687 perturbatione
1459 2656 1574 2678 vacuas
1590 2648 1709 2687 perfici.
1736 2648 1843 2679 Refert
1866 2649 1973 2679 autem
1993 2647 2170 2680 Alexander
2193 2649 2224 2679 in

1196 2699 1453 2730 successionibus
1475 2699 1736 2738 philosophorum
1762 2699 1793 2729 et
1818 2698 1879 2729 ista
1904 2707 1937 2729 se
1956 2698 1987 2729 in
2014 2698 2226 2737 Pythagoricis

1197 2750 1438 2781 Commentariis
1469 2750 1630 2789 reperisse.
1677 2749 1741 2787 (25)
1776 2749 1969 2788 Principium
1998 2750 2137 2779 omnium
2160 2758 2226 2780 esse

1198 2801 1370 2839 unitatem;
1386 2810 1479 2840 porro
1490 2810 1529 2832 cx
1543 2800 1664 2832 unitate
1680 2800 1834 2831 infinitam
1849 2799 2032 2831 dualitatem
2047 2799 2143 2830 veluti
2158 2809 2224 2830 ina-

1196 2852 1307 2882 teriam
1329 2852 1450 2882 auctori
1475 2852 1587 2883 unitati
1606 2852 1779 2891 subiectam
1803 2860 1888 2890 esse;
1908 2860 1947 2881 ex
1966 2851 2086 2882 unitate
2107 2859 2182 2881 vero
2194 2852 2226 2882 et

1196 2903 1317 2934 intinita
1330 2904 1483 2934 dualitate
1510 2912 1658 2934 numeros
1680 2903 1782 2942 gigni,
1797 2911 1837 2934 ex
1863 2903 2004 2933 numeris
2025 2903 2161 2942 puncta,
2185 2912 2223 2933 ex

1197 2955 1322 2993 punctis
1338 2955 1436 2985 lineas
1447 2979 1456 2993 ,
1470 2963 1510 2985 ex
1525 2954 1641 2994 quibus
1655 2954 1758 2993 planae
1769 2954 1877 2992 figurae
1894 2955 2054 2992 constent;
2069 2962 2107 2984 ex
2122 2953 2223 2993 planis

1197 3009 1302 3038 autem
1319 3007 1434 3037 solidas
1447 3006 1560 3046 figuras
1572 3031 1580 3045 ,
1601 3015 1640 3038 ex
1656 3006 1772 3046 quibus
1784 3006 1860 3036 item
1881 3005 1940 3036 sub
1959 3014 2085 3036 sensum
2108 3005 2224 3036 caden-

1197 3060 1241 3090 tia
1260 3059 1429 3091 consistere
1441 3068 1590 3099 corpora,
1604 3067 1741 3099 quorum
1751 3059 1782 3089 et
1799 3059 1949 3097 quattuor
1971 3058 2126 3088 elementa
2139 3066 2224 3096 esse,

1198 3110 1312 3149 ignem,
1333 3119 1466 3150 aquam,
1484 3112 1602 3141 terram
1614 3133 1623 3148 ,
1640 3118 1762 3148 aerem,
1779 3117 1850 3148 quae
1863 3117 1918 3147 per
1936 3107 2040 3138 omnia
2053 3116 2085 3138 se
2102 3109 2225 3139 mutent

1198 3171 1235 3190 ac
1250 3163 1390 3199 vertant,
1412 3170 1449 3191 ex
1467 3161 1582 3200 quibus
1600 3160 1667 3191 fieri
1692 3159 1846 3190 mundum
1866 3159 2060 3196 animatum,
2078 3158 2223 3198 intelligi-⁴

1200 3213 1312 3251 bilem,
1336 3213 1508 3244 rotundum
1520 3237 1529 3252 ,
1547 3213 1682 3244 mediam
1701 3213 1816 3242 terram
1834 3211 2046 3241 continentem
2059 3234 2066 3248 ,
2084 3218 2180 3249 quam
2195 3211 2225 3240 et

1200 3265 1297 3304 ipsam
1329 3264 1497 3295 rotundam
1523 3273 1589 3295 esse
1621 3266 1653 3295 et
1683 3263 1842 3302 globosam
1873 3271 1910 3292 ac
1930 3262 2048 3292 circum
2082 3261 2223 3292 habitari.

1201 3317 1266 3356 (26)
1291 3319 1365 3348 Esse
1382 3325 1456 3347 vero
1470 3316 1564 3348 etiam
1590 3315 1770 3355 antipodas,
1786 3315 1901 3354 quibus
1920 3321 2045 3345 summa
2061 3321 2127 3344 esse
2151 3320 2224 3352 qum
