2289 3728
58 190 106 224 92

56 281 114 303 του
128 264 262 302 πιστόν.
283 263 324 301 Ἐ
328 279 377 313 γω
397 261 430 298 δὲ
450 275 562 310 φημι
557 274 617 295 μεν
632 257 699 294 δεῖν
721 257 782 293 οὐκ
806 258 838 294 ἐν
860 272 972 328 μικρι)
989 270 1096 308 προσ·

58 323 296 373 λαμὸάνεσθαι
328 320 389 365 τὴν
417 334 474 356 του
502 316 724 368 συγγραφέως
749 315 877 360 πίστιν,
905 316 965 352 οὐκ
996 315 1096 351 αὐτο-

58 384 140 428 τελῆ
171 381 205 418 δὲ
228 380 369 430 κρίνειν·
390 377 428 414 τὸ
449 375 484 413 δὲ
511 377 628 412 πλεῖον
655 372 688 416 ἐξ
709 373 820 410 αὐτῶν
843 375 910 410 τῶν
929 372 1096 424 πραγμά-

58 456 126 477 των
156 441 326 476 ποιεῖσθαι
356 450 433 477 τους
465 434 762 483 ἀναγινώσκοντας
791 430 851 474 τὰς
879 430 1094 480 δοκιμασίας.

59 500 111 537 Οὐ
128 513 195 547 μην
219 494 308 532 ἀλλὰ
328 493 462 530 καὶτοῦ
490 506 528 541 γε
547 489 734 539 Ῥωμαίων
761 488 820 526 καὶ
850 487 1096 539 Καρχηδονίων

61 558 210 604 πολέμου
233 553 310 603 (τὴν
335 552 401 604 γὰρ
420 550 637 603 παρέκὸασιν
663 550 813 586 ἐντεῦθεν
834 546 1093 595 ἐποιησάμεθα)

59 614 235 663 νομιστέον
252 610 392 663 πρώτην
419 611 480 659 μὲν
506 608 619 646 αἰτίαν
648 606 822 657 γεγονέναι
847 605 903 642 τὸν
931 604 1094 652 Ἀμίλκου

59 672 180 721 θυμὸν,
199 673 257 708 τοῦ
277 670 398 721 Βάρκα
417 667 479 718 μὲν
496 666 787 714 ἐπικαλουμένου,
804 665 933 734 πατρὸς
951 662 986 699 δὲ
1005 660 1096 698 κατὰ

60 730 159 782 φύσιν
177 727 327 766 Ἀννίῦου
347 726 537 777 γεγονότος.
568 725 721 766 Ἐκεινος
739 722 828 774 γὰρ,
858 723 922 771 οὐχ
941 719 1098 765 ἡττηθεις

59 791 107 825 τῶ
134 787 212 860 περ).
233 785 395 828 Σικελίας
421 783 566 836 πολέμι)
590 785 632 832 τῇ
656 784 769 834 ψυχῆ,
790 797 838 816 τω
858 794 968 816 οοκειν
999 777 1100 819 αὐτὸς

60 862 121 896 μεν
143 845 289 898 ἀκέραια
311 842 595 903 διατετηρηκέναι
613 841 655 878 τὰ
672 856 750 890 περι
764 854 820 876 τον
835 837 974 888 Ἔρυκα
995 851 1100 887 στρα-

59 905 187 943 τόπεδα
207 909 282 946 ταῖς
302 904 424 954 ὁρμαῖς
442 903 494 950 ἐφ’
512 905 558 938 ὡν
588 899 688 941 αὐτος
707 902 763 944 ἠν,
786 896 841 933 διὰ
866 895 901 932 δὲ
920 893 983 940 τὴν
1003 895 1037 930 ἐν
1057 896 1098 944 τῇ

61 961 240 1014 ναυμαχία
259 963 325 998 τῶν
355 957 600 1011 Καρχηδονίων
623 961 730 1002 ἧτταν
748 960 816 997 τοῖς
835 957 964 1003 καιροῖς
984 949 1097 997 εἴκων,

61 1022 271 1065 πεποιῆσθαι
285 1017 344 1060 τὰς
361 1019 531 1062 συνθήκας
543 1045 553 1064 ,
570 1014 686 1064 ἔμενεν
708 1012 764 1049 ἐπι
780 1015 840 1057 τῆς
854 1013 971 1061 ὀργῆς,
987 1023 1100 1060 τηρων

62 1079 115 1115 ἀεὶ
140 1078 224 1130 πρὸς
243 1076 410 1116 ἐπίθεσιν.
436 1077 478 1114 Εἰ
510 1073 570 1123 μὲν
590 1076 646 1110 οὖν
673 1071 720 1120 μὴ
741 1070 779 1107 τὸ
798 1069 877 1120 περὶ
896 1083 973 1110 τους
993 1066 1103 1110 ξένους

63 1136 194 1186 ἐγένετο
219 1135 350 1185 κίνημα
375 1140 444 1176 τοῖς
472 1130 742 1182 Καργηοονίοις,
772 1127 894 1170 εὐθέως
923 1125 963 1163 ἂν
991 1125 1100 1169 ἄλλην

65 1198 175 1246 ἀργὴν
199 1196 345 1231 ἐποιεῖτο
370 1192 429 1229 καὶ
456 1187 679 1240 παρασκευὴν
698 1185 928 1237 πραγμάτων,
949 1184 1027 1221 ὅσον
1044 1185 1100 1221 ἐπ’

63 1253 194 1303 insin..)
221 1248 529 1302 Προκαταληφθεὶς
559 1245 594 1283 δὲ
618 1246 692 1288 ταῖς
713 1243 887 1296 ἐμφυλίοις
913 1247 1102 1294 ταραγαῖς,

65 1312 98 1347 ἐν
120 1325 249 1352 τουτοις
270 1325 329 1346 και
352 1323 430 1358 περι
452 1321 578 1348 ταυτας
604 1303 761 1355 διέτριὸε
768 1302 829 1344 τὰς
847 1300 1001 1353 πράξεις.

556 1412 612 1446 19.

119 1497 245 1531 Livius
272 1494 408 1538 XXII,
431 1505 449 1538 7
474 1503 483 1529 ε
510 1493 600 1526 Hoec
619 1499 673 1526 est
694 1488 829 1525 nobilis
847 1490 901 1523 ad
922 1490 1104 1524 'Ii-asime-

65 1567 149 1590 num
170 1566 302 1602 pugna
322 1560 430 1601 atque
459 1555 554 1586 inter
570 1562 718 1598 paucus
749 1556 951 1583 memorata
976 1546 1106 1594 populi

64 1616 221 1651 Romani
251 1612 390 1648 clades.
413 1610 633 1657 Quincleciln
660 1608 784 1641 millia
802 1608 1045 1640 Romanorum
1068 1606 1106 1637 in

68 1676 151 1707 acie
178 1683 279 1705 coesa
305 1678 409 1712 suut,·
456 1670 579 1703 decem
609 1669 729 1702 millia
761 1676 891 1713 spuma
912 1662 991 1710 sug
993 1675 1017 1697 [ι
1041 1674 1110 1710 per

69 1742 212 1767 (mutem
234 1730 420 1764 Etruriam
435 1728 587 1761 ditersis
605 1726 792 1760 Itineribus
813 1724 935 1758 urbem
949 1725 1105 1770 pedet-‚e

71 1790 181 1824 Mille
214 1790 405 1835 quingenti
436 1785 593 1820 hostium
629 1788 664 1818 in
696 1787 775 1818 acie
786 1809 797 1825 ‚
841 1783 947 1816 multi
981 1788 1110 1827 postea

68 1851 249 1893 utrimque
273 1858 322 1880 ex·
341 1844 552 1879 vulneribus
570 1846 729 1891 periere.
757 1842 959 1889 Multaepleoe
990 1838 1111 1873 caedes

71 1910 250 1952 utrimque
258 1902 373 1948 sacta
393 1903 552 1937 traditur
578 1902 626 1935 ab
645 1902 743 1936 aliis.
765 1901 845 1946 Ego
861 1906 1109 1946 proeterquam

71 1964 169 2011 quod
186 1962 286 1996 nihil
303 1961 471 1995 haustum
490 1972 538 1994 ex
554 1972 655 1994 vano
678 1960 816 2001 velim,
838 1970 907 2005 quo
925 1959 1036 1990 ninus
1055 1958 1110 1989 in·

70 2019 342 2066 cliuantserme
361 2020 587 2054 scrlbemium
614 2021 750 2062 animi,
782 2017 965 2059 Fabium,
984 2025 1110 2061 oequa·

73 2084 143 2116 lem
161 2080 380 2115 temvorr'bus
396 2078 545 2124 hujusce
560 2078 647 2112 belli
655 2105 663 2120 ,
683 2079 911 2124 potissimum
929 2081 1111 2108 auctorem

71 2139 200 2174 habui.

85 2490 725 2503 ...—.—.—-—--—---—-—--—

79 2531 196 2569 gitant,
220 2530 251 2560 et
273 2531 447 2560 Romanum
470 2528 648 2557 senatorem
666 2525 777 2561 fuisse,
798 2522 951 2563 quidquid
965 2522 1004 2553 ab
1018 2531 1055 2553 eo
1069 2521 1116 2552 di-

79 2584 166 2613 ctum
180 2583 244 2619 est,
257 2590 313 2620 pro
330 2579 391 2610 side
407 2578 501 2618 digno
515 2577 658 2617 protinus
671 2575 837 2615 arripiunt.
853 2578 916 2614 ligo
935 2583 1009 2605 vero
1024 2573 1119 2604 fidem

80 2633 147 2671 ejus
163 2631 340 2671 scriptoris,
355 2630 438 2660 sicut
460 2628 589 2659 minime
604 2626 832 2666 aspernandam
852 2634 982 2664 censeo,
1000 2625 1042 2655 ita
1056 2634 1118 2655 non

81 2684 159 2715 tanti
177 2685 261 2713 certe
276 2680 466 2719 faciendam,
479 2681 514 2710 ut
524 2678 679 2718 judicium
693 2678 819 2709 lectoris
832 2679 925 2708 unice
939 2676 1032 2707 velim
1046 2676 1118 2707 inde

81 2735 217 2775 pendere
234 2747 240 2765 ι
258 2733 311 2765 sed
329 2742 369 2764 ex
390 2732 483 2763 rebus
494 2731 599 2771 potius
612 2730 703 2769 ipsis,
721 2730 988 2769 qunenarrantur,
1005 2728 1119 2758 sacien-

83 2786 158 2816 dum
177 2785 332 2824 judicium
355 2784 436 2814 dico.
461 2783 631 2814 Enimvero
654 2781 726 2811 belli
747 2779 841 2816 hujus
857 2781 1073 2810 Romanorum
1089 2780 1121 2810 et

82 2836 386 2875 carthaginiensium
405 2836 500 2875 (nam
523 2833 594 2864 inde
613 2830 723 2864 sumus
738 2832 887 2871 digressi)
910 2831 1010 2871 prima
1027 2839 1120 2862 causa

83 2888 202 2918 censeri
221 2887 331 2925 debet,
350 2887 396 2917 ira
416 2885 597 2923 Amilcaris,
613 2884 667 2923 qui
683 2885 779 2915 Barca
799 2885 845 2914 est
859 2882 1099 2922 cognominatus
1111 2907 1119 2921 ‚

87 2939 209 2978 luitque
233 2938 415 2968 Hannibalis
429 2939 518 2976 pater
540 2936 701 2966 naturalis.
721 2935 779 2966 llic
795 2934 897 2973 enim,
912 2936 983 2973 post
1001 2934 1120 2964 bellum

86 2990 126 3020 de
140 2989 243 3021 Sicilia
258 2989 411 3018 invictum
425 2988 566 3018 aniumm
590 2986 742 3025 retinens,
757 2985 843 3025 quod
866 2985 969 3024 copias
981 3008 989 3023 ‚
1007 2979 1122 3024 quibus

86 3042 125 3072 ad
151 3044 283 3080 Erycem
304 3041 489 3080 praefuerat,
512 3040 646 3077 integras
669 3039 843 3076 illaesasque
859 3039 1120 3075 conservaverat,

87 3093 196 3124 eadem
211 3101 318 3123 secum
333 3091 485 3130 agitantes
498 3090 626 3121 consilia
641 3098 648 3119 :
663 3090 735 3119 utut
748 3089 874 3127 propter
890 3088 1009 3118 cladem
1025 3087 1121 3118 mari-

87 3145 165 3177 timo
179 3144 289 3184 proelio
306 3145 469 3182 acceptam
485 3150 503 3172 a
518 3140 844 3179 Carthaginiensibus,
858 3139 1053 3178 temporibus
1069 3148 1122 3169 ce-

88 3197 187 3234 dens,
207 3204 317 3235 pacem
342 3194 477 3231 secerat;
493 3193 571 3222 iram
590 3193 697 3222 tamen
717 3190 891 3229 coquebat,
908 3190 1064 3220 occasioni
1083 3190 1122 3219 ad

90 3247 208 3279 bellum
221 3244 418 3276 inserendum
433 3252 556 3282 semper
566 3242 715 3272 intentus.
729 3243 838 3280 ltaque
848 3264 855 3278 ‚
868 3240 925 3271 nisi
939 3242 1026 3270 motu
1039 3249 1122 3271 mer-

91 3297 289 3329 rcnariorum
307 3294 446 3334 impediti
466 3292 736 3330 Carthaginienses
750 3292 898 3329 fuissent,
922 3292 1008 3322 nulla
1025 3291 1121 3322 inter-

91 3350 189 3388 pcsita
208 3356 293 3379 mora
311 3355 430 3378 novum
448 3345 564 3386 bellum
582 3343 684 3375 denuo
701 3345 778 3375 essct
803 3352 950 3382 exorsus)
969 3344 1122 3382 quantum

701 173 878 221 QUINTI
908 173 970 210 ET
998 171 1222 210 NUMERII
1253 170 1520 210 FABIORUM

1368 279 1581 315 NUMERII
1609 277 1740 313 FAB11
1769 277 1987 313 PICTORIS

1557 335 1789 372 ANNALES.

1646 423 1706 446 20.

1210 488 1339 523 Cicero
1359 489 1414 522 De
1431 487 1546 524 divin.
1568 487 1585 521 Ι
1598 514 1609 535 ,
1635 498 1679 520 21
1703 492 1798 521 extr.
1823 497 1831 519 :
1854 485 1936 519 Sint
1953 485 2035 519 lzoec
2051 490 2194 521 somnia

1150 544 1373 591 fabularum
1402 558 1413 579 :
1435 545 1564 592 hisque
1592 545 1820 591 adjungatur
1842 547 1954 578 etiam
1975 546 2108 578 AEneoe
2136 556 2193 580 so-

1159 607 1316 646 mnium,
1337 605 1436 651 quod
1452 607 1488 637 in.
1505 604 1673 638 Numerit'
1690 603 1799 637 Fabii
1816 603 1971 636 Pictoris
1986 600 2196 637 Annalibus

1159 663 1337 706 ejusmodi
1357 670 1431 705 est,
1459 670 1497 696 ut
1522 664 1646 696 onmia
1669 673 1754 708 quoe
1773 660 1821 694 ab
1850 662 1971 694 AEuea
1985 668 2091 706 gesta
2114 668 2198 695 sunt

1159 732 1314 766 quoeque
1331 721 1389 754 illi
1417 721 1631 754 occulerunt
1657 717 1878 765 eafuerint‚
1902 731 1987 765 quoe
2012 721 2048 752 ei
2070 730 2196 752 secun·

1159 778 1244 812 dum
1261 782 1416 824 quietem
1434 782 1518 812 νίζε-α
1536 785 1632 813 sunt.

1214 836 1267 870 Ex
1284 836 1464 870 Numerio
1485 836 1598 882 igitur
1617 845 1682 868 sua
1696 833 1810 868 habet
1826 832 2029 869 Diodorus.

1648 921 1711 945 21.

1216 985 1375 1022 Diodor.
1397 986 1482 1031 VII,
1506 984 1569 1031 3‚3
1602 984 1678 1032 (ap.
1703 983 1862 1030 Syneell.
1884 995 1923 1030 p,
1954 986 2039 1029 194³
2062 982 2199 1020 Euseb.

1162 1057 1202 1090 p,
1228 1045 1320 1086 210)
1344 1057 1352 1078 :
1383 1041 1457 1087 Τὴν
1477 1041 1507 1078 δ’
1528 1041 1638 1092 ἀρχὴν
1673 1039 1912 1088 διαδεξάμενος
1932 1038 2106 1081 Ἀσκάνιος
2133 1038 2202 1081 υἱὸς

1163 1100 1294 1137 ἔκτισεν
1313 1097 1443 1137 ”Amana
1466 1097 1529 1144 τὴν
1559 1102 1616 1134 νῦν
1636 1095 1856 1143 καλουμένην
1883 1096 2035 1146 Λόγγαν,
2054 1096 2096 1142 ἢν
2116 1095 2203 1133 ὠνό-

1164 1173 1271 1206 μασεν
1294 1157 1363 1194 ἀπὸ
1383 1160 1443 1194 τοῦ
1463 1159 1621 1205 ποταμοῦ
1641 1159 1699 1192 τοῦ
1722 1154 1799 1192 τότε
1819 1152 1880 1204 μὲν
1908 1154 2015 1192 Ἀλὸᾶ
2031 1153 2203 1204 καλουμέ-

1163 1231 1240 1262 νου,
1259 1219 1315 1252 νῦν
1335 1214 1370 1252 δὲ
1390 1213 1565 1266 Τιὸέρεως
1581 1213 1845 1263 ὀνομαζομένου.
1864 1212 1951 1264 Περὶ
1969 1211 2003 1249 δὲ
2021 1215 2081 1258 τῆς
2096 1228 2202 1263 προσ-

1163 1273 1303 1324 ηγορίας
1338 1272 1466 1318 ταύτης
1500 1271 1636 1314 Φάὸιος
1677 1274 1693 1308 ὁ
1736 1269 1796 1313 τὰς
1836 1270 2024 1320 Ῥωμαίων
2065 1270 2204 1321 πράξεις

1167 1331 1368 1383 ἀναγράψας
1397 1330 1509 1373 ἄλλως
1539 1329 1831 1401 μεμυθολόγηκεν
1860 1329 1958 1374 Φησὶ
1987 1328 2053 1380 γὰρ
2084 1329 2205 1366 Αἰνεία

1165 1390 1322 1442 γενέσθαι
1341 1389 1469 1440 λόγιον,
1493 1388 1686 1439 τετράπουν
1717 1389 1811 1424 αὐτι)
1839 1390 1928 1432 καθη
1931 1386 2104 1460 ‘f'io'afeoe'’
2123 1386 2206 1439 πρὸς

1167 1448 1276 1486 κτίσιν
1295 1447 1445 1490 πόλεως·
1469 1445 1652 1497 μέλλοντος
1672 1447 1701 1483 δ’
1721 1447 1824 1483 αὐτου
1845 1444 1933 1482 θύειν
1956 1448 1992 1482 ὃν
2015 1445 2134 1496 ἔγκυον
2157 1460 2206 1481 τω

1167 1507 1329 1558 χρώματι
1348 1504 1522 1550 λευκὴν,’
1508 1520 1664 1556 εκουγειν
1686 1506 1724 1541 ἐκ
1740 1506 1807 1540 τῶν
1822 1505 1960 1554 χειρῶν,
1976 1518 2035 1539 και
2056 1503 2205 1553 διωχθῆ-

1169 1580 1223 1602 ναι
1243 1564 1328 1616 πρός
1347 1580 1422 1601 τινα
1439 1563 1553 1611 λόφον,
1570 1562 1654 1614 πρὸς
1670 1562 1705 1600 ὃν
1719 1564 1943 1611 κομισθεῖσαν
1960 1560 2115 1597 τεκεῖν«λ’
2133 1560 2207 1611 χοί-

1171 1639 1259 1674 ρους.
1278 1622 1347 1661 Τὸν
1364 1621 1399 1659 δὲ
1420 1621 1560 1660 Αἰνείαν
1580 1620 1618 1657 τό
1637 1636 1674 1658 τε
1691 1619 1883 1670 παράδοξον
1900 1617 2130 1667 θαυμάσαντα
2149 1618 2208 1656 καὶ

1169 1681 1207 1719 τὸ
1235 1680 1348 1731 λόγιον
1377 1678 1625 1730 ἀνανεούμενον
1659 1680 1879 1731 ἐπιχειρῆσαι
1910 1676 1970 1728 μὲν
1996 1677 2124 1715 οἷκίσαι
2149 1676 2207 1714 τὸν

1170 1739 1287 1786 τόπον,
1307 1737 1422 1777 ἰδόντα
1444 1738 1479 1776 δὲ
1501 1738 1591 1776 κατὰ
1615 1738 1672 1775 τὸν
1688 1737 1794 1775 ὕπνον
1812 1737 1889 1789 ὄψιν
1909 1737 2059 1786 ἐναργῶς
2079 1736 2208 1772 ’διακω-

1170 1798 1322 1835 λύουσαν
1355 1797 1416 1834 καὶ
1455 1795 1759 1845 συμὸουλεύουσαν
1794 1794 1882 1843 μετὰ
1912 1794 1943 1831 λ’
1979 1792 2038 1838 ἔτη
2072 1794 2209 1837 κτίζειν,

1172 1855 1320 1907 ὅσοσπερ
1340 1857 1358 1892 ὃ
1381 1857 1448 1892 τῶν
1473 1852 1662 1905 τεχθέντων
1684 1852 1826 1905 ἀριθμὸς
1851 1846 1906 1898 ἦν,
1930 1853 2124 1897 ἀποστῆναι
2149 1853 2210 1896 τῆς

1173 1914 1378 1966 προθέσεως.

1227 1974 1280 2009 Cf.
1314 1974 1471 2020 Dionys.
1496 1972 1578 2008 Hal.
1596 1973 1629 2018 Ι,
1653 1969 1713 2015 56,
1732 1971 1798 2005 ubi
1817 1970 2017 2005 Numerius
2033 1969 2130 2003 inter
2148 1980 2211 2003 eos

1175 2031 1458 2079 intelligendus,
1489 2034 1583 2076 quos
1611 2029 1735 2064 verbis
1771 2026 1878 2077 ἕτεροι
1918 2027 1953 2062 δὲ
1985 2026 2210 2072 introducit,

1173 2096 1348 2124 monente
1368 2089 1568 2123 Klausenio
1589 2089 1727 2121 AEnear
1746 2099 1782 2121 u.
1799 2087 1860 2121 dle
1883 2086 2057 2128 Peltatam,
2089 2083 2187 2125 1840
2201 2110 2213 2128 ‚

1175 2156 1266 2185 tom.
1284 2149 1340 2192 ΙΙ,
1358 2160 1396 2194 p.
1421 2146 1512 2193 596,
1533 2152 1614 2180 not.
1643 2157 1749 2181 1021.

1576 2286 1816 2302 ψ

1179 2520 1308 2560 quidem
1320 2520 1350 2550 in
1362 2520 1427 2559 ipso
1442 2520 1532 2550 soret.
1545 2522 1648 2558 Nunc,
1660 2519 1808 2550 intestina
1820 2519 1972 2550 seditione
1982 2520 2216 2559 p1·a‘2ventus,in

1180 2573 1273 2604 rebus
1283 2573 1392 2612 patriae
1406 2572 1631 2611 componendis
1641 2573 1770 2602 coactus
1783 2573 1830 2602 est
1841 2580 1875 2602 se
1887 2580 2052 2611 occupare.

1666 2626 1725 2656 21.

1221 2676 1376 2708 Successit
1389 2675 1472 2706 tilius
1485 2675 1647 2713 Ascanius,
1663 2674 1838 2714 urbemque
1848 2674 1988 2706 condidit
1999 2674 2122 2714 Albam,
2138 2676 2218 2706 Lon-

1179 2736 1249 2767 gam
1267 2735 1351 2758 nunc
1373 2727 1508 2765 dictam,
1532 2726 1583 2756 eui
1600 2725 1639 2756 de
1660 2726 1738 2756 Alba
1755 2725 1901 2764 flumine,
1918 2725 1972 2765 qui
1992 2734 2076 2756 nunc
2098 2725 2219 2757 Tiberis

1181 2779 1326 2815 vocatur,
1348 2786 1464 2808 nomeu
1482 2776 1607 2807 indidit.
1651 2778 1697 2808 De
1717 2776 1898 2816 hujusmodi
1915 2785 1990 2807 vero
2011 2776 2219 2816 appellatione

1180 2831 1311 2867 Fabius,
1325 2830 1380 2869 qui
1401 2838 1450 2861 res
1466 2838 1484 2860 a
1501 2829 1648 2860 Romanis
1660 2830 1763 2869 gestas
1780 2829 1879 2860 literis
1893 2829 2105 2868 consignavit,
2125 2829 2216 2860 sabu-

1181 2883 1243 2913 lam
1260 2882 1352 2912 aliam
1367 2881 1515 2921 prodidit.
1533 2882 1650 2912 Datum
1667 2880 1814 2912 videlicet
1826 2883 1933 2912 AEneae
1946 2881 2110 2912 oraculum
2125 2881 2219 2912 tuisse

1181 2933 1220 2964 de
1235 2933 1395 2964 animante
1414 2928 1636 2972 quadrupede,
1659 2940 1732 2971 quae
1749 2931 1922 2963 condendae
1937 2931 2024 2962 urbis
2036 2931 2103 2963 dux
2126 2931 2215 2963 soret.

1181 2988 1252 3016 ι111111
1266 2994 1367 3024 quum
1384 2994 1472 3016 sacra
1487 2985 1628 3015 facturus
1643 2985 1769 3023 suisset,
1791 2984 1898 3014 foetam
1915 2992 2003 3015 suem
2026 2984 2098 3015 albo
2114 2984 2219 3015 colore

1181 3035 1326 3066 manibus
1342 3035 1546 3066 sacrificantis
1559 3035 1695 3074 elapsam
1717 3034 1748 3065 in
1771 3034 1884 3065 collem
1901 3034 2060 3073 quendam
2077 3043 2112 3065 se
2130 3043 2216 3066 rece-

1182 3086 1273 3126 pisse,
1287 3085 1392 3124 ibique
1406 3085 1561 3125 peperisse
1572 3085 1635 3124 trig,
1626 3085 1701 3116 inta
1712 3085 1875 3124 porcellos.
1893 3086 2023 3116 AEnearn
2035 3087 2216 3124 portentum

1182 3138 1212 3168 id
1233 3138 1402 3176 miratum,
1420 3139 1452 3168 et.
1473 3137 1592 3168 oraculi
1610 3145 1792 3176 responsum
1809 3139 1916 3167 mente
1939 3137 2216 3176 xotventem,u1-
2265 3155 2267 3157 ·

1182 3189 1253 3219 bem
1271 3188 1387 3219 ibidem
1405 3188 1464 3218 loci
1478 3190 1641 3219 exstruere
1657 3188 1802 3218 molitum
1828 3196 1894 3218 esse
1919 3200 1925 3218 ε
1944 3187 2057 3219 vidisse
2072 3197 2148 3219 vero
2164 3197 2218 3226 per

1182 3240 1319 3279 quietem
1330 3240 1501 3277 somnium,
1512 3249 1577 3278 quo
1590 3239 1761 3270 clarissime
1775 3239 1953 3277 vetabatur,
1967 3240 2218 3281 monebaturquc

1183 3293 1248 3330 post
1264 3301 1364 3321 annos
1376 3292 1512 3330 triginta,
1527 3293 1605 3330 quot
1617 3300 1748 3321 numero
1762 3292 1888 3330 porcelli
1903 3294 2002 3330 erant,
2014 3292 2125 3324 urbem
2139 3301 2197 3324 con
2206 3311 2214 3314 -

1183 3343 1275 3382 dore,
1292 3346 1387 3382 atque
1403 3345 1443 3374 ita
1459 3344 1498 3374 ab
1516 3344 1640 3383 incepto
1658 3343 1820 3375 ‹tostius-tn
