2289 3728
978 93 1304 134 FRAGMENTA.

66 185 128 235 ἔφη
143 183 160 202 *
185 181 285 232 πρὸ[[ς
302 179 490 231 ἀπόδειἮΞιν
506 179 655 229 ἱστορίας
673 180 691 214 ὁ
707 179 771 213 ἀνα
786 177 799 192 ”
815 176 829 191 *
846 177 864 195 ⁴‘

64 242 95 291 γ’
113 241 151 278 οὗ
175 238 344 286 νοθεύετε,
371 236 562 288 προκείσθω
580 238 639 280 τῆς
658 235 766 275 αἰτίας
794 235 828 271 ἐν
856 236 957 285 κοινῷ
984 241 1088 271 πᾶσιν

64 302 85 345 ἡ
102 297 282 343 ζήτησις...
311 296 397 345 μηδὲ
425 298 523 342 ἡμεῖς
547 292 608 338 τὴν
629 292 798 335 Νεάνθους
816 293 849 328 ἐν
875 292 969 335 ἐνίοις
993 292 1087 342 εὐχέ-

64 370 154 407 ρειαν
181 354 398 404 ἀποδράσεως
417 350 629 399 ποιησόμεθα
655 349 838 401 πρόφασιν.
862 353 1005 386 Locum
1033 353 1087 386 la-

63 426 241 451 cunosum
255 412 342 447 dedi
355 424 400 446 ex
415 410 825 446 recensione‘Diibneri.
844 410 1061 455 Scripserim
1077 422 1084 443 :

61 469 154 508 οὐδὲν
174 468 235 519 μὲν
261 462 318 504 οὖν
344 467 408 518 ἔφη
428 466 511 517 πρὸς
543 464 710 508 ἀπόδειξιν
738 467 806 503 ἱστ.
840 466 857 500 ὁ
890 463 1087 516 ἀναγράψας

61 526 177 572 αὐτήν,
198 527 237 562 id
253 526 357 573 quod
375 527 415 560 in
430 526 549 560 latinis
569 525 744 572 expressi.

543 614 605 650 33.

109 693 247 728 Plinius
261 693 308 726 Η.
331 691 375 726 N.
393 690 499 733 VIII,
522 689 567 730 34
593 701 600 723 :
624 687 816 724 Euanthes
833 686 1081 737 (Nearztlzes),

59 755 151 786 inter
167 757 329 784 auctores
351 749 507 782 Groecioe
526 760 597 781 non
620 754 775 793 spretus,
800 746 912 780 tradit
925 747 1088 780 Arcades

56 805 227 849 scribere,
251 819 299 840 ex
318 814 426 852 gente
451 805 566 839 Anthi
585 805 773 849 enjusdam
785 830 796 846 ‚
818 812 911 838 sorte
917 802 1087 848 farnih'oe

60 867 204 906 lectum,
229 865 281 898 ad
293 871 463 909 stagnum
487 863 670 909 quoddam
696 864 855 907 regionis
877 865 954 906 ejus
981 862 1079 904 (luci,

57 925 254 968 vestituque
282 924 319 954 in
348 932 478 966 quercu
501 931 671 966 suspenso
698 926 943 960 transnatare,
982 926 1089 965 atque

26 991 30 995 “
57 982 156 1015 abire
185 983 222 1013 in
250 980 417 1021 deserta,
449 977 775 1024 transfigurarique
800 979 838 1010 ιή
870 977 1011 1022 lupum,
1053 984 1087 1010 et

59 1050 138 1072 cum
156 1040 285 1071 ceteris
305 1035 463 1081 ejzzsdem
490 1038 633 1081 generis
653 1036 869 1080 congregari
886 1046 958 1080 per
975 1046 1090 1068 annos

57 1109 192 1132 novem.
216 1096 295 1141 Quo
316 1099 352 1129 in
369 1103 526 1140 tempore
535 1097 568 1127 si
578 1093 770 1128 lzominese
783 1093 1015 1137 abstinuerit,
1032 1106 1087 1127 re-

57 1159 148 1192 verti
163 1156 216 1189 ad
227 1155 321 1188 idem
337 1161 522 1200 stagnum,
538 1160 575 1185 et
583 1163 690 1198 quum
711 1151 992 1186 transnataverit
1004 1149 1087 1197 effi-

54 1217 152 1260 giem
173 1216 334 1259 recipere
344 1237 354 1253 ,
373 1212 623 1257 adpristimtm
641 1209 804 1243 habitum
819 1210 948 1243 zalde'to
964 1222 1088 1243 novem

56 1282 231 1306 annorum
247 1273 359 1303 semo.
376 1270 426 1303 Id
437 1280 573 1315 quoque
590 1268 727 1301 Fabius
739 1294 748 1311 ,
763 1268 917 1301 eandem
932 1270 1089 1313 recipere

57 1336 208 1363 vestem.
229 1328 367 1360 Allilwn
387 1334 443 1360 esc
457 1339 525 1372 quo
532 1326 711 1372 procedat
731 1326 862 1360 Graeca
879 1325 1086 1361 credulitas.

62 1386 207 1419 Nullum
240 1392 315 1418 tam
341 1384 530 1430 impudens
564 1384 793 1417 mendacium
821 1390 894 1424 est,
930 1390 971 1416 ut
1003 1390 1089 1416 teste

56 1451 194 1477 careat.
207 1442 321 1477 ‘Confi
342 1443 494 1477 Pausan.
513 1441 622 1488 VIII,
646 1453 665 1474 2
686 1452 768 1487 sqq.
791 1440 918 1486 ibique
935 1440 1086 1486 interpr.

524 1525 619 1576 (34.)

109 1604 234 1639 Schol.
255 1603 378 1649 Apoll.
399 1602 471 1638 Rh.
499 1603 536 1649 1,
561 1601 656 1636 1063
685 1614 693 1635 ε
717 1599 759 1637 Ὁ
783 1599 844 1648 μὲν
867 1598 1089 1642 Ἀπολλώνιος

55 1659 220 1710 νεόγαμον
237 1659 293 1696 τὸν
315 1658 462 1702 Κύζικον
486 1655 561 1711 [καὶ
581 1657 728 1707 δίπαιδα]
745 1659 893 1707 ἱστορεῖ,
911 1657 1087 1709 Εὐφορίων

56 1717 91 1753 δὲ
107 1718 140 1753 ἐν
156 1716 400 1767 Ἀπολλοδώρῳ
415 1715 645 1765 μελλόγαμον,
661 1716 722 1760 τὴν
741 1715 775 1751 δὲ
792 1715 940 1760 Κλείτην
955 1718 964 1763 (
977 1716 1037 1760 τὴν
1053 1715 1087 1752 δὲ

55 1773 208 1823 γαμετὴν
235 1776 334 1821 conj.
360 1775 501 1822 Mein.)
522 1774 558 1809 οὐ
586 1770 749 1823 Μέροπος
780 1772 871 1822 λέγει
901 1772 1087 1824 θυγατέρα,

54 1835 221 1882 Θρῇσσαν
238 1832 247 1883 (
262 1832 439 1881 Λάρισσαν
458 1845 501 1867 ex
517 1833 714 1867 Parthenio
732 1834 837 1868 Erot.
857 1845 890 1868 e.
910 1832 958 1874 64
974 1833 1085 1867 scrib.

54 1892 212 1927 Meinek.
239 1891 286 1926 ad
303 1891 467 1938 Euphor.
484 1903 521 1937 p.
540 1890 587 1924 60
602 1890 613 1938 )
645 1887 679 1925 δὲ
696 1888 757 1933 τὴν
784 1888 963 1927 Πιάσου...
980 1888 1087 1926 Εὐάν-

57 1951 115 1993 θης
143 1947 365 1997 (Νεάνθηςὲ)
400 1945 434 1983 δὲ
468 1947 502 1982 ἐν
534 1953 601 1989 τοῖς
639 1947 802 1988 Μυθικοῖς
831 1952 1006 1997 συμφωνεῖ
1040 1949 1088 1999 τῷ

56 2005 287 2056 Ἀπολλωνίῳ.
980 2050 983 2053 ἢ

106 2065 227 2100 Verba
243 2062 301 2099 καὶ
323 2061 453 2099 ἄπαιδα
471 2062 714 2110 oinittit'cod.
740 2064 934 2100 Parisinus.
952 2065 1082 2109 Neque

57 2122 103 2157 de
121 2123 188 2158 hac
208 2135 247 2158 re
268 2124 400 2158 Noster
425 2135 508 2157 cuin
537 2122 740 2168 Apollonio
761 2123 943 2156 consentit
965 2134 972 2155 :
998 2134 1082 2156 narn

57 2182 181 2227 paullo
200 2188 284 2227 post
301 2181 494 2215 scholiasta
512 2180 589 2214 haec
612 2192 621 2214 z
638 2177 785 2229 Ἱστορεῖ
803 2177 837 2214 δὲ
861 2177 1086 2219 Ἀπολλώνιος

59 2290 168 2329 fuisse,
184 2292 219 2320 ut
241 2298 405 2329 nunquam
419 2289 516 2320 choro
539 2289 636 2328 ipsius
656 2289 786 2319 ultimus
802 2289 891 2319 locus
912 2293 1087 2327 assignare-

57 2343 120 2372 tur.
138 2342 233 2382 [Nihil
248 2342 375 2382 quidem
393 2341 431 2372 ad
452 2341 724 2372 confirmationem
750 2341 885 2372 historiae
906 2344 1017 2372 aiictor
1038 2343 1087 2372 at-

58 2392 160 2433 tulit3]
174 2393 221 2424 sin
236 2402 309 2424 vero
324 2393 382 2423 hoc
395 2394 496 2432 certe,
511 2392 595 2431 quod
609 2393 729 2431 posuit,
741 2401 804 2422 non
818 2394 853 2422 ut
866 2392 978 2422 salsum
993 2401 1087 2431 repu-

57 2443 166 2483 diatis,
180 2442 338 2483 proposita
354 2444 393 2475 sit
407 2444 438 2474 iu
453 2443 591 2475 medium
614 2443 759 2474 omnibus
776 2452 877 2473 causae
890 2443 1087 2483 indagatio...

58 2502 159 2534 neque
175 2504 231 2526 nos
246 2495 394 2526 Neanthis
406 2495 436 2525 in
450 2494 607 2525 nonnullis
617 2494 712 2532 rebus
726 2494 888 2525 levitatem
902 2503 1089 2534 usurpemus

59 2555 114 2587 pro
126 2547 375 2587 subterfugiendi
387 2547 632 2587 disputationem
648 2548 822 2579 occasione.

538 2609 594 2640 34.

99 2668 279 2707 Apollonius
299 2668 449 2707 Cyzicum
462 2668 551 2699 brevi
570 2669 638 2707 post
654 2668 791 2707 nuptias,
811 2667 995 2707 Euphorion
1014 2676 1087 2698 vero

59 2717 90 2748 in
108 2718 293 2757 Apollodoro
307 2727 382 2749 mox
395 2719 627 2749 celebraturum
644 2720 769 2758 nuptias
790 2718 975 2749 occubuisse
999 2717 1085 2748 dicit.

61 2768 143 2799 ldem
158 2769 338 2809 Euphorion
352 2769 536 2808 desponsam
551 2769 685 2807 puellam
699 2777 762 2799 non
777 2769 879 2800 Cliten
899 2777 1002 2807 neque
1021 2770 1087 2798 Me-

61 2820 142 2858 ropis
170 2819 282 2859 filiam,
303 2819 357 2850 sed
374 2820 548 2858 Larissam,
573 2819 653 2850 Piasi
679 2819 775 2849 tiliam
794 2819 907 2850 dicit...
929 2819 1089 2850 Euantlics

62 2869 251 2909 (Neantlzes)
269 2871 300 2900 in
313 2871 459 2909 Mythicis
475 2880 548 2901 cum
568 2870 757 2910 Apollodoro
772 2871 856 2902 facit.

57 2962 60 2964 Ι
100 2921 282 2960 Apollonius
306 2922 350 2952 ait
375 2922 525 2960 Cyzicum
552 2921 717 2961 improlem
739 2921 904 2960 cecidisse,
930 2922 1088 2952 Euantlies

61 2972 255 3012 (Neanmes)
274 2982 349 3004 vero
367 2973 465 3004 lilium
483 2974 539 3013 ipsi
557 2973 775 3011 cognominem
804 2973 948 3004 habuisse
967 2974 1085 3004 narrat.

104 3024 259 3055 {inanthes
270 3024 461 3064 (Neamlzes)
479 3026 509 3055 et
523 3024 692 3055 Deilochus
704 3026 834 3054 narrant
847 3024 948 3055 Cliten
961 3033 1088 3064 suspen-

61 3073 111 3105 dio
122 3075 218 3105 vitam
232 3075 347 3106 finiisse
357 3099 365 3114 ,
385 3077 481 3114 atque
495 3076 613 3106 sontem
632 3074 727 3106 Clites
741 3074 846 3114 Cyzici
862 3083 939 3106 esse.

542 3136 598 3167 35.

103 3195 232 3227 Veneris
243 3196 414 3227 Meretricis
428 3196 580 3235 templum
595 3196 641 3226 est
654 3195 737 3234 apud
751 3194 933 3235 Abydenos,
948 3197 982 3226 ut
999 3197 1086 3226 Pam-

63 3245 166 3284 philus
188 3247 242 3278 ait.
274 3260 288 3273 «
313 3249 418 3284 Quum
446 3247 529 3279 enirn
554 3247 722 3285 servitute,
750 3246 868 3286 inquit,
895 3248 1088 3285 premeretur

2127 105 2168 137 ¹1

868 204 875 211 .
897 178 925 213 εἷ
942 176 977 213 δὲ
990 178 1088 214 τοῦτό
1137 179 1287 217 ’ἄτεκνον
1309 181 1364 217 τὸν
1383 181 1530 233 Κύζικον
1551 183 1760 234 ἀνῃρῆσθαι,
1775 181 1931 228 Εὐάνθης
1953 184 2174 234 (Νεανθηςῖ)

1150 236 1184 272 δὲ
1202 238 1386 286 ἐσχηκέναι
1405 239 1488 290 φησὶ
1508 240 1614 276 παῖδα
1632 241 1812 290 ὁμώνυμον
1830 242 1953 292 ἑαυτῷ.

1202 296 1315 339 Idem,
1332 298 1367 340 I,
1395 297 1489 332 1065
1505 311 1513 332 :
1534 296 1688 342 Εὐάνθης
1703 298 1712 349 (
1729 298 1899 348 Νεάνθης)
1919 297 1954 335 δὲ
1975 298 2034 335 καὶ
2051 297 2177 345 Δηίλο-

1149 364 1207 399 χος
1219 352 1425 400 ἱστοροῦσιν,
1440 350 1489 388 ὅτι
1507 353 1718 402 ἀπήγξατοὴ
1737 355 1885 401 Κλείτη,
1905 355 1964 392 καὶ
1981 353 2031 391 ὅτι
2051 359 2072 401 ἡ
2093 357 2177 392 ταύ-

1151 422 1210 451 της
1241 407 1349 457 κρήνη
1383 409 1416 443 ἐν
1441 410 1590 460 Κυζίκῳ.
1616 413 1667 447 Cf.
1696 414 1854 449 Deiochi
1880 415 2010 462 fragm.
2038 419 2057 455 4
2083 423 2119 450 et
2140 429 2175 460 7.

1150 466 1308 501 Meinek.
1343 466 1389 499 ad
1422 468 1587 512 Euphor.
1610 482 1649 514 p.
1676 472 1720 505 61
1748 472 1952 506 Euanthen]
1980 472 2180 507 scholiastae

1148 530 1297 569 poetam
1318 524 1462 570 epicum
1483 536 1555 559 csse
1573 528 1774 572 suspiratur
1791 542 1901 575 quem
1922 529 2047 563 laudat
2070 531 2180 566 Athe-

1149 589 1248 614 naeus
1265 582 1330 615 VII
1343 607 1353 624 ‚
1372 593 1411 627 p.
1429 582 1517 627 296.
1536 583 1740 617 Neanthem
1767 588 1931 632 agnoscit
1949 587 2179 633 Marquardt.

1149 638 1368 684 Quanquam
1412 638 1603 673 offendere
1642 648 1761 685 potest
1795 642 1935 678 fabulas
1968 645 2180 691 Cyzicenas,

1151 708 1240 741 quas
1265 697 1303 729 in
1330 696 1534 730 Annalibus
1560 697 1732 732 omittere
1760 700 1821 733 vix
1849 707 2015 746 poterat,
2046 703 2179 737 iterum

1150 754 1188 787 in
1208 754 1279 788 hoc
1300 754 1397 788 libro
1419 755 1601 800 expositas
1618 766 1704 789 esse.

1637 838 1700 877 35.

1202 931 1397 966 Athenaeus
1410 932 1524 975 XIII,
1542 944 1581 978 p.
1602 930 1692 979 572,
1711 933 1740 967 E
1761 945 1768 966 :
1788 931 1923 983 Πόρνης
1937 933 1971 969 δὲ
1989 933 2182 985 Ἀφροδίτης

1150 985 1240 1037 ἱερόν
1259 988 1331 1023 ἔστι
1354 986 1451 1037 παρὰ
1468 986 1681 1034 Ἀὅυδηνοῗς,
1702 987 1746 1030 ὥς
1771 1003 1854 1039 φησι
1881 989 2076 1041 Πάμφιλος.
2105 996 2181 1031 Κα-

1149 1045 1335 1095 τεχομένης
1349 1044 1416 1096 γὰρ
1436 1048 1495 1090 τῆς
1511 1045 1642 1088 πόλεως
1659 1046 1813 1097 δουλείᾳ,
1833 1046 1910 1088 τοὺς
1927 1051 2087 1099 φρουροὺς
2106 1050 2181 1093 τοὺς

1151 1104 1184 1139 ἐν
1205 1103 1290 1154 αὐτῇ
1308 1118 1390 1140 ποτε
1407 1102 1592 1149 θύσαντας,
1610 1106 1654 1145 ὡς
1670 1106 1796 1155 ἱστορεῖ
1813 1104 1989 1149 Κλεάνθης
2009 1107 2051 1155 (1.
2071 1108 2181 1144 Νεάν-

1150 1159 1231 1211 θης)
1254 1161 1287 1196 ἐν
1306 1166 1374 1203 τοῖς
1395 1163 1576 1206 Μυθικοῖς,
1596 1160 1654 1197 καὶ
1672 1161 1896 1210 μεθυσθέντας
1916 1163 2052 1213 ἑταίρας
2067 1164 2183 1201 πλείο-

1151 1233 1209 1259 νας
1244 1217 1469 1268 προσλαέεῒν,
1502 1213 1549 1255 ὧν
1588 1218 1682 1267 μίαν,
1718 1220 2034 1268 κατακοιμηθέντας
2065 1220 2183 1263 αὐτοὺς

1152 1276 1302 1323 ἰδοῦσαν,
1326 1275 1533 1325 ἀνελομένην
1561 1276 1622 1318 τὰς
1642 1277 1732 1319 κλεῖς
1751 1277 1864 1314 καὶτὸ
1899 1283 2010 1329 τεῖχος
2032 1280 2181 1330 §nefia-

1151 1347 1226 1377 σαν,
1245 1335 1453 1383 ἀπαγγεῖλαι
1466 1339 1535 1376 τοῖς
1548 1334 1756 1379 'Moe-moze
1818 1334 1907 1377 Τοὺς
1923 1336 1952 1371 δ’
1970 1337 2092 1373 αὐτίκα
2111 1338 2183 1385 μεθ’

1150 1389 1264 1427 ὅπλων
1282 1390 1506 1441 ἀφικομένους
1528 1392 1658 1428 ἀνελεῖν
1682 1391 1742 1441 μὲν
1768 1391 1844 1435 τοὺς
1859 1393 2013 1444 φύλακας
2027 1423 2036 1441 ,
2055 1394 2183 1444 κρατή-

1152 1462 1277 1491 σαντας
1298 1448 1332 1485 δὲ
1355 1451 1421 1485 τῶν
1447 1452 1571 1499 τειχῶν
1597 1449 1656 1486 καὶ
1684 1449 1882 1500 γενομένους
1908 1453 2100 1501 ἐγκρατεῖς,
2125 1455 2184 1496 τ’ἧς

1151 1506 1341 1558 ἐλευθερίας
1364 1507 1574 1558 χαριστήρια
1596 1511 1635 1557 τῇ
1656 1507 1764 1558 πόρνῃ
1792 1508 2033 1555 ἀποδιδόντας,
2062 1509 2184 1560 Ἀφρο·

1152 1563 1244 1610 δίτης
1264 1563 1398 1615 Πόρνης
1416 1564 1494 1601 ναὸν
1515 1564 1728 1616 ἱδρύσασθαι.

1635 1646 1696 1683 36.

1205 1721 1329 1756 Schol.
1352 1723 1432 1757 vat.
1460 1729 1496 1756 et
1522 1723 1675 1768 Neapol.
1701 1722 1739 1755 in
1761 1721 1890 1769 Eurip.
1926 1723 2064 1760 Troad.
2099 1724 2147 1771 89
2172 1738 2180 1759 :

1160 1775 1341 1827 Καφηρεὺς
1361 1776 1395 1813 δὲ
1414 1777 1623 1828 ἀκρωτήριον
1642 1777 1809 1826 Εὐὸοίας,
1837 1778 1964 1826 μεταξὺ
1994 1780 2183 1830 (ἀντικρὺῖ)

1150 1836 1415 1884 Kampmann.)
1428 1834 1576 1885 Σκύρου.
1587 1835 1739 1880 Νεάνθης
1751 1835 1784 1872 δὲ
1794 1839 1810 1872 ὁ
1820 1836 2009 1882 Κυζικηνὸς
2021 1837 2183 1889 Καθηρέα

1156 1891 1258 1928 αὐτόν
1277 1906 1359 1943 φησι
1381 1892 1544 1943 πρότερον
1565 1894 1766 1937 κεκλῆσθαι·
1788 1888 1873 1929 εἶναι
1893 1893 1958 1944 γὰρ
1979 1895 2050 1930 ἐκεῖ
2067 1895 2182 1945 βωμὸν

1151 1949 1196 1990 εἷς
1215 1947 1251 1985 ὃν
1277 1947 1420 1991 Εὖὸοεῖς
1439 1951 1680 2001 καθαιρόμενοι
1700 1948 1808 1987 ἔθυον.
1836 1950 1966 2001 Χρόνου
1990 1950 2025 1988 δὲ
2046 1952 2181 2002 προϊόν-

1150 2021 1204 2047 τος
1220 2006 1402 2057 Καφηρεὺς
1418 2007 1544 2053 ἐκλήθη
1562 2007 1866 2059 παραφθειράντων
1880 2010 1947 2045 τῶν
1964 2008 2181 2045 ἐνοικούντων

1150 2062 1211 2108 τὴν
1241 2063 1344 2106 λέξιν.
1380 2064 1467 2114 Περὶ
1487 2068 1584 2101 τοῦτο
1613 2065 1647 2101 δὲ
1678 2066 1708 2100 οἱ
1731 2066 1885 2101 πλεῖστοι
1904 2067 1971 2102 τῶν
1999 2065 2179 2110 Ἑλλήνων

1151 2120 1239 2158 κατὰ
1259 2121 1315 2157 τὸν
1337 2120 1511 2158 ἀπόπλουν
1533 2122 1776 2173 διεφθάρησαν.
1800 2124 1941 2170 Quodsi
1959 2125 2035 2159 haee
2057 2125 2103 2160 ad
2131 2126 2182 2159 li-

1152 2181 1239 2215 bros
1264 2179 1351 2230 Περὶ
1376 2179 1520 2216 τελετῶν
1542 2182 1673 2216 referri
1698 2183 1868 2228 mavelis,
1888 2183 2179 2230 nihil¹resrag01z

1148 2290 1296 2329 Abydus,
1323 2290 1468 2321 custodes
1495 2291 1582 2322 urbis
1611 2290 1799 2330 aliquando,
1826 2293 1861 2321 ut
1886 2293 1992 2322 narrat
2015 2287 2182 2322 Cleanthes

1149 2341 1344 2380 (Seanllzcs)
1368 2342 1400 2372 in
1423 2342 1584 2381 Mythicis‚
1599 2343 1726 2381 peracto
1748 2341 1899 2372 sacrificio
1921 2342 1994 2372 vino
2019 2342 2178 2381 madIdos,

1148 2394 1326 2424 meretrices
1349 2393 1525 2425 adscivisse.
1552 2396 1669 2425 Earum
1691 2402 1805 2432 unam,
1822 2402 1933 2424 somno
1960 2394 2077 2433 sopitos
2103 2403 2180 2425 con-

1147 2445 1312 2484 spicatam,
1327 2445 1423 2484 raptis
1435 2445 1578 2476 clavibus
1593 2454 1721 2475 murum
1738 2445 1964 2477 transcendisse
1981 2447 2012 2476 et
2023 2445 2179 2485 Abydenis

1149 2505 1214 2527 rem
1231 2496 1436 2527 renuntiasse.
1456 2497 1529 2528 Illos
1550 2497 1643 2536 igitur
1658 2497 1801 2536 protinus
1821 2497 1998 2528 advenissse
2022 2498 2178 2536 armatos,

1147 2549 1178 2578 et
1190 2548 1300 2578 occisis
1318 2547 1502 2581 custodibus
1514 2557 1605 2578 muro
1619 2549 1751 2587 potitos,
1770 2549 1942 2579 restaurata
1960 2548 2069 2587 patriae
2082 2548 2178 2578 liber-

1147 2602 1229 2639 tate,
1247 2600 1362 2639 gratias
1380 2602 1415 2631 ut
1428 2600 1583 2632 meretrici
1598 2600 1781 2639 redderent,
1795 2601 1909 2632 Veneri
1926 2600 2082 2631 Meretrici
2095 2601 2176 2631 tem-

1148 2652 1234 2691 plum
1249 2652 1405 2686 statuisse.
1423 2666 1437 2679 n

1631 2723 1686 2755 36.

1190 2798 1372 2838 Caphereus
1385 2823 1393 2837 ,
1416 2798 1545 2829 Euboeae
1564 2797 1815 2837 promontorium
1838 2806 1855 2828 e
1871 2796 1995 2836 regione
2014 2797 2100 2835 Scyri
2117 2796 2174 2827 ins.

1146 2850 1262 2889 situm,
1281 2851 1438 2882 Neanthes
1456 2850 1630 2890 Cyzicenus
1648 2850 1733 2889 prius
1756 2849 1963 2881 Catlearcum
1982 2849 2058 2879 dicit
2078 2857 2173 2878 voca-

1146 2904 1214 2934 tum
1227 2911 1308 2938 esse;
1322 2903 1468 2934 videlicet
1481 2911 1568 2933 aram
1582 2896 1625 2933 ibi
1639 2904 1762 2933 exstare
1771 2926 1779 2939 ‚
1796 2902 1825 2932 in
1839 2910 1902 2940 qua
1915 2901 2103 2932 Euboeenses
2114 2900 2175 2930 lus-

1146 2957 1264 2986 trantes
1288 2964 1322 2986 se
1345 2955 1605 2995 (καθαιρόμενοι)
1631 2962 1719 2985 sacra
1743 2955 1845 2985 facere
1868 2954 2015 2984 solerent.
2043 2954 2173 2990 Progre-

1145 3006 1251 3037 dieute
1277 3008 1384 3037 autem
1410 2993 1553 3045 teinpore
1583 3005 1775 3036 vocabulum
1798 3005 1838 3035 ab
1862 3003 1972 3035 incolis
1989 3003 2173 3041 corruptum

1146 3057 1259 3088 abiisse
1275 3057 1306 3087 in
1332 3054 1560 3097 Caplmreum.
1579 3057 1672 3088 Circa
1698 3056 1757 3086 hoc
1783 3054 2031 3095 promontorium
2049 3051 2172 3092 plurimi

1146 3110 1333 3140 Craecorum
1355 3110 1448 3149 Troja
1475 3109 1606 3140 domum
1634 3108 1858 3146 redeuntium,
1883 3105 2044 3145 naufragio
2070 3103 2171 3143 perieo

1146 3157 1231 3186 runt.
