2338 3765
623 313 668 347 3ο

189 398 301 445 Diog.
323 399 364 432 L.
391 398 454 441 IV,
477 395 521 437 54
538 423 546 439 ,
567 396 613 431 de
642 398 757 432 Bione
777 398 1034 444 Borysthenita
1055 412 1063 433 ε
1100 398 1170 436 Καὶ

138 452 276 504 ὕστερόν
291 468 374 490 ποτε
392 452 550 502 ἐμπεσὼν
568 453 612 494 εἷς
629 453 742 502 νόσον,
761 455 806 496 ὡς
819 452 966 505 ἔφασκον
983 456 1013 491 οἱ
1026 456 1060 492 ἐν
1077 457 1170 494 Χαλ-

138 512 206 548 κίδι
219 532 271 539 -
286 510 402 547 αὐτόθι
416 509 482 560 γὰρ
499 510 557 547 καὶ
572 510 781 562 κατέστρεψε
801 534 851 539 -—
865 511 1038 563 περίαπτα
1052 513 1170 550 λαὲεῗν

137 568 277 613 ἐπείσθη
294 567 352 604 καὶ
368 566 634 617 μεταγινώσκειν
655 569 707 620 ἐφ’
725 563 771 610 οἷς
791 569 1057 617 ἐπλημμέλησεν
1074 572 1119 612 εἷς
1134 570 1172 607 τὸ

137 629 237 665 θεῖον.
259 626 400 677 Ἀπορίᾳ
417 625 451 662 δὲ
471 625 530 662 καὶ
549 627 616 662 τῶν
634 626 910 674 νοσοκομούντων
932 628 1046 670 δεινῶς
1072 628 1173 665 διετί-

137 687 232 730 θετο,
251 683 312 726 ἕως
339 683 523 733 Ἀντίγονος
543 685 636 735 αὐτῷ
665 684 723 721 δύο
750 684 958 735 θεράποντας
978 686 1170 723 ἀπέστειλε.

140 741 209 779 Καὶ
229 741 407 787 ἠκολούθει
424 756 462 791 γε
483 742 576 794 αὐτῷ
594 744 627 779 ἐν
657 742 797 795 φορείῳ,
819 744 906 781 καθά
934 759 1017 795 φησι
1037 744 1172 782 (Dotem-

139 802 226 849 ρῒνος
245 801 278 836 ἐν
301 800 514 852 Παντοδαπῇ
536 799 683 853 ἱστορία.

629 882 689 917 31.

192 962 296 997 Idem
315 964 376 1007 IV,
393 962 457 1007 63,
476 963 523 998 de
541 963 729 999 Carneade
748 974 756 1000 :
774 955 884 1003 Οὗτός
900 976 982 997 ποτε
1001 960 1172 1012 Μέντορος

139 1022 198 1056 τοῦ
220 1020 362 1057 Βιθυνοῦ
383 1022 537 1068 μαθητοῦ
555 1020 647 1062 ὄντος
667 1019 725 1056 καὶ
742 1019 824 1070 παρ’
841 1018 942 1055 αὐτὸν
963 1018 1111 1060 ἐλθόντος
1128 1021 1174 1061 εἷς

139 1076 200 1123 τὴν
218 1077 408 1128 διατριῧὴν,
428 1081 473 1119 ὡς
493 1078 611 1128 ἐπείρα
633 1079 735 1115 αὐτοῦ
756 1077 816 1123 τὴν
839 1076 1022 1121 παλλακὴν
1046 1079 1063 1113 ὁ
1081 1076 1173 1114 Μέν-

139 1150 221 1185 τωρ,
239 1135 328 1172 καθά
343 1150 426 1186 φησι
444 1136 649 1186 Φαδωρῖνος
666 1137 700 1172 ἐν
716 1136 928 1186 Παντοδαπῇ
946 1134 1092 1186 ἱστορίᾳ,
1119 1149 1175 1183 με-

139 1191 221 1236 ταξὺ
237 1194 347 1243 λέγων
365 1192 568 1245 παρῴδησεν
590 1195 636 1234 εἷς
653 1193 764 1230 αὐτόν·

220 1273 373 1304 Πωλεῖταί
390 1285 433 1309 τις
447 1274 533 1313 δεῦρο
546 1274 641 1314 γέρων
656 1274 737 1308 ἅλιος
753 1274 901 1313 νημερτὴς
911 1297 919 1311 ,

220 1322 349 1359 Μέντορι
363 1320 516 1359 εἰδόμενος
533 1321 608 1360 ἠμὲν
623 1321 714 1359 δέμας
728 1321 780 1356 ἠδὲ
797 1321 849 1350 καὶ
868 1320 973 1356 αὐδήν·

219 1370 326 1397 τοῦτον
343 1368 455 1407 σχολῆς
470 1368 554 1403 τῆσδ’
569 1367 787 1406 ἐκκεκηρῦχθαι
801 1367 880 1405 λέγω
892 1374 899 1381 ·

140 1435 199 1472 καὶ
219 1435 254 1478 ὃς
273 1435 424 1477 ἀναστὰς
445 1435 507 1485 ἔφη
520 1451 527 1457 ·

224 1517 262 1545 Οἱ
278 1515 330 1554 μὲν
343 1515 524 1553 ἐκήρυσσον,
539 1515 584 1545 τοὶ
602 1514 627 1544 δ’
640 1514 795 1554 ἠγείροντο
809 1513 879 1553 μάλ’
891 1514 970 1544 ὦκα.

628 1590 689 1624 32.

194 1660 299 1695 Idem
314 1663 357 1704 V,
380 1673 441 1705 77,
461 1660 507 1695 de
524 1660 714 1695 Demetrio
729 1657 906 1693 Phalereo
925 1671 932 1693 :
952 1654 1177 1694 Ἐπιὲουλευ-

141 1716 206 1759 θεὶς
222 1716 287 1768 γὰρ
307 1716 373 1753 ὑπό
388 1731 486 1753 τινων
504 1716 600 1761 δίκην
621 1715 765 1752 θανάτου
786 1716 823 1752 οὐ
844 1714 965 1764 παρὼν
982 1708 1105 1766 ὦφλεν.
1125 1716 1178 1753 Οὐ

142 1774 209 1824 μὴν
231 1773 428 1825 ἐκυρίευσαν
449 1776 507 1811 τοῦ
528 1773 687 1822 σώματος
702 1774 825 1818 αὐτοῦ,
844 1771 934 1809 ἀλλὰ
950 1772 1006 1809 τὸν
1025 1772 1074 1809 ἰὸν
1089 1771 1179 1817 ἀπή-

143 1849 241 1884 ρυγον
262 1834 309 1875 εἷς
336 1832 393 1869 τὸν
424 1832 570 1882 χαλκὸν,
599 1831 886 1873 κατασπάσαντες
918 1831 1021 1868 αὐτοῦ
1043 1829 1104 1873 τὰς
1128 1832 1180 1867 εἰ-

141 1891 242 1932 κόνας
259 1890 317 1927 καὶ
337 1889 397 1932 τὰς
417 1887 478 1937 μὲν
500 1889 728 1938 ἀποδόμενοι,
751 1888 811 1931 τὰς
831 1887 866 1925 δὲ
885 1888 1101 1939 βυθίσαντες,
1120 1887 1181 1930 τὰς

142 1948 177 1984 δὲ
205 1947 462 1998 κατακόψαντες
482 1948 528 1989 εἷς
548 1946 688 1995 ἀμίδας·
714 1946 852 1996 λέγεται
881 1945 946 1997 γὰρ
976 1946 1034 1982 καὶ
1062 1948 1176 1983 τοῦτο.

142 2004 218 2044 Μία
238 2004 273 2042 δὲ
293 2005 380 2055 μόνη
398 2003 543 2048 σώζεται
560 2005 594 2041 ἐν
612 2004 810 2055 ἀκροπόλει.
834 2003 1042 2054 Φαὸωρῒνος
1060 2003 1095 2040 δέ
1113 2019 1178 2054 φη-

928 216 1172 255 FAVORINI
1204 216 1553 255 ARELATENSIS

1231 317 1283 339 σιν
1310 304 1344 340 ἐν
1371 303 1585 353 Παντοδαπῇ
1601 301 1734 352 ἱστορίᾳ
1766 305 1864 340 τοῦτο
1895 304 2036 348 ποιῇσαι
2066 303 2143 346 τοὺς
2167 302 2264 350 Ἀθη-

1230 359 1343 402 ναίους
1374 359 1574 411 Δημητρίου
1601 358 1826 402 κελεύσαντος
1855 363 1916 398 τοῦ
1941 360 2124 411 βασιλέως.
2157 360 2264 398 Ἀλλὰ

1232 417 1289 454 καὶ
1312 419 1360 470 τῷ
1378 417 1443 454 ἔτει
1462 421 1522 463 τῇς
1541 419 1650 468 ἀρχῇς
1679 418 1784 455 αὐτοῦ
1812 417 2012 471 ἐπέγραψαν
2034 418 2196 466 ἀνομίας,
2220 419 2266 461 ὡς

1232 475 1452 527 Φαόωρῖνος.

1723 562 1784 600 33.

1284 650 1388 685 Idem
1405 650 1472 694 IX,
1491 650 1553 692 34,
1569 649 1616 684 de
1631 650 1850 685 Democrito
1867 661 1875 687 z
1893 648 2098 700 Φαόωρῑνος
2113 648 2148 686 δέ
2164 665 2266 700 φησιν

1233 709 1266 744 ἐν
1293 706 1506 756 Παντοδαπῇ
1534 705 1667 757 ἱστορίᾳ
1693 705 1805 756 λέγειν
1831 705 2046 758 Δημόκριτον
2066 707 2145 759 περὶ
2170 707 2269 745 Ἀνα-

1235 765 1374 815 ξαγόρου
1391 766 1435 806 ὡς
1456 765 1517 801 οὐκ
1539 763 1659 809 εἴησαν
1677 765 1780 801 αὐτοῦ
1800 766 1835 801 αἱ
1855 763 1950 808 δόξαι
1965 763 2004 801 αἵ
2020 780 2056 802 τε
2076 764 2154 816 περὶ
2171 765 2269 810 ἡλίου

1233 822 1292 858 καὶ
1320 821 1483 868 σελήνης,
1509 821 1586 858 ἀλλ’
1617 822 1783 872 ἀρχαῖαι,
1815 821 1870 859 τὸν
1897 821 1926 859 δ’
1953 824 2163 875 ὑφῃρῆσθαι·
2196 824 2270 860 δια-

1235 879 1346 928 σύρειν
1373 879 1403 914 τ’
1433 879 1534 915 αὐτοῦ
1563 878 1606 915 τὰ
1638 878 1717 930 περὶ
1749 882 1810 925 τῇς
1842 879 2102 928 διακοσμήσεως
2124 879 2183 917 καὶ
2210 884 2270 918 τοῦ

1234 940 1308 983 νοῦ,
1331 937 1459 987 ἐχθρῶς
1486 935 1609 987 ἔχοντα
1629 936 1712 988 πρὸς
1733 936 1834 974 αὐτὸν
1865 936 1916 974 ὅτι
1937 936 1978 984 δὴ
2003 937 2051 987 μὴ
2072 937 2272 989 προσήκατο

1235 994 1349 1034 αὐτόν.

1724 1077 1784 1119 34.

1288 1157 1393 1192 Idem
1415 1158 1482 1201 VI,
1517 1155 1580 1200 25,
1611 1156 1658 1191 de
1687 1157 1855 1204 Diogene
1884 1156 2023 1203 Cynico
2056 1169 2064 1190 :
2095 1154 2166 1192 Καί
2190 1170 2272 1193 ποτε

1236 1212 1409 1250 Πλάτωνα
1426 1214 1459 1249 ἐν
1475 1212 1600 1264 δείπνῳ
1619 1213 1801 1249 πολυτελεῖ
1816 1211 2034 1257 κατανοήσας
2054 1212 2157 1255 ἐλάας
2177 1213 2271 1264 ἁψά-

1236 1285 1349 1319 μενον,
1365 1288 1378 1304 «
1401 1272 1466 1317 Τί,
1488 1271 1603 1322 φησὶν,
1625 1273 1641 1307 ὃ
1660 1270 1761 1322 σοφὸς
1781 1272 1826 1312 εἰς
1847 1270 2006 1309 Σικελίαν
2035 1270 2187 1314 πλεύσας
2205 1273 2271 1308 τῶν

1235 1331 1411 1379 τραπεζῶν
1434 1329 1563 1367 τούτων
1588 1329 1707 1379 χάριν,
1728 1332 1785 1366 νῦν
1805 1328 2068 1380 παρακειμένων
2098 1330 2159 1366 οὐκ
2185 1331 2273 1366 ἀπο-

1236 1385 1368 1431 λαύεις;
1391 1404 1406 1419 «
1431 1386 1500 1423 Καὶ
1516 1385 1571 1435 ὃς,
1592 1404 1606 1419 »
1625 1386 1729 1424 Ἀλλὰ
1745 1386 1786 1432 νὴ
1804 1386 1880 1428 τοὺς
1900 1387 2010 1433 θεοὺς,
2027 1386 2133 1438 φησὶ,
2155 1385 2273 1437 Διόγε-

1236 1458 1308 1492 νες,
1327 1445 1427 1481 κάκεῖ
1445 1443 1488 1480 τὰ
1507 1443 1619 1481 πολλὰ
1642 1445 1726 1495 πρὸς
1747 1444 1850 1487 ἐλάας
1866 1444 1924 1482 καὶ
1944 1444 1987 1481 τὰ
2006 1448 2147 1482 τοιαῦτα
2167 1445 2273 1494 ἐγινό-

1237 1516 1318 1547 μην.
1350 1518 1365 1533 ²»
1397 1500 1441 1539 ‘O
1472 1501 1527 1546 δὲ,
1551 1519 1565 1535 «
1587 1501 1632 1539 Τί
1667 1497 1723 1539 οὖν
1744 1502 1813 1539 ἔδει
1841 1503 1938 1539 πλεῖν
1962 1504 2007 1544 εἰς
2028 1501 2273 1552 Συρακούσας;

1236 1557 1257 1603 ἢ
1287 1557 1362 1595 τότε
1398 1561 1418 1604 ἡ
1454 1558 1590 1604 Ἀττικὴ
1623 1559 1684 1596 οὐκ
1710 1559 1825 1611 ἔφερεν
1856 1558 1981 1606 ἐλάας;
2017 1578 2032 1593 »
2068 1559 2274 1610 Φοιῧωρῒνος

1237 1615 1274 1652 δέ
1307 1631 1409 1667 φησιν
1445 1617 1479 1653 ἐν
1517 1617 1731 1667 Παντοδαπῇ
1764 1617 1897 1669 ἱστορίᾳ
1920 1617 2138 1669 Ἀρίστιππον
2168 1618 2272 1654 εἰπεῖν

1237 1688 1348 1711 τουτο.

1728 1745 1789 1783 35.

1292 1831 1396 1866 Idem
1415 1833 1485 1875 VI,
1508 1831 1552 1876 73
1567 1859 1577 1875 ‚
1600 1831 1647 1867 de
1665 1831 1799 1867 eodem
1819 1843 1828 1869 z
1850 1829 1970 1876 Μηδέν
1989 1845 2024 1866 τε
2044 1829 2169 1866 ἄτοπον
2187 1824 2273 1866 εἶναι

1239 1887 1272 1931 ἐξ
1292 1889 1384 1939 ἱεροῦ
1410 1904 1443 1924 τι
1469 1888 1588 1926 λαὸεῒν
1609 1886 1630 1933 ἢ
1653 1890 1720 1926 τῶν
1738 1888 1833 1940 ζῴων
1856 1888 1944 1932 τινὸς
1963 1887 2170 1939 γεύσασθαι·
2193 1889 2275 1937 μηδ’

1240 1945 1374 1983 ἀνόσιον
1395 1940 1482 1983 εἶναι
1499 1945 1613 1983 τὸηκαὶ
1629 1948 1698 1983 τῶν
1722 1946 1941 1998 ἀνθρωπείων
1969 1947 2076 1997 κρεῶν
2098 1945 2274 1997 ἅψασθαι,

1239 2007 1285 2046 ὡς
1315 2005 1416 2049 δῆλον
1450 2005 1488 2041 ἐκ
1508 2006 1575 2041 τῶν
1600 2003 1788 2055 ἀλλοτρίων
1810 2006 1904 2041 ἐθῶν·
1927 2003 1986 2040 καὶ
2007 2005 2055 2055 τῷ
2077 2004 2165 2054 ὀρθῷ
2186 2002 2277 2054 λόγῳ

186 2175 349 2205 Postremo
366 2173 443 2204 Bion
459 2173 601 2204 incidens
617 2173 649 2204 in
665 2173 782 2204 malam
797 2172 1025 2211 valetudinem,
1040 2174 1076 2203 ut
1089 2172 1178 2204 ‹lixe-

151 2226 225 2256 runt
241 2225 399 2264 quierant
424 2225 456 2255 in
471 2224 621 2256 Chalcide
640 2243 681 2250 -
700 2224 763 2254 illic
780 2224 862 2255 enim
876 2225 907 2255 et
919 2224 997 2255 obiit
1010 2242 1048 2250 —-
1064 2223 1179 2263 ligatu-

148 2285 198 2306 ras
216 2277 374 2314 suscipere
394 2275 542 2306 inductus
558 2276 604 2306 est
621 2277 652 2307 et
669 2275 885 2314 poenitentiam
910 2283 1001 2313 agere
1019 2282 1114 2313 super
1133 2274 1181 2304 his

147 2337 220 2366 quae
240 2328 386 2366 peccarat
403 2327 433 2357 iu
453 2329 568 2358 Deum.
589 2329 707 2358 Eorum
724 2334 800 2357 vero
822 2325 927 2365 inopia
939 2325 993 2364 qui
1017 2325 1179 2356 infirmum

147 2380 295 2409 curarent
313 2379 345 2409 et
367 2378 507 2409 foverent
523 2377 590 2408 dire
616 2377 773 2408 eruciatus
792 2377 858 2414 est,
885 2375 986 2406 donec
1008 2376 1182 2415 Antigonus

147 2429 226 2459 duos
245 2429 288 2459 illi
309 2429 442 2459 famulos
458 2429 552 2459 misit.
571 2429 768 2466 Secutusque
784 2429 832 2458 est
850 2435 924 2458 eum
944 2427 975 2457 in
995 2427 1127 2466 lectica,
1145 2429 1182 2458 ut

150 2480 324 2510 Favorinus
337 2479 433 2510 tradit
446 2479 478 2510 in
494 2479 667 2518 omnigena
682 2477 821 2508 historia.

631 2533 689 2563 31.

191 2587 368 2617 Carneades
381 2586 563 2625 aliquando,
581 2595 680 2625 quum
695 2587 818 2616 Mentor
839 2585 993 2624 Bithynus
1011 2585 1183 2625 discipulus

151 2640 244 2677 atquo
259 2638 383 2668 auditor
405 2637 547 2676 pellicem
565 2637 660 2676 ipsius
673 2638 840 2675 tentasset,
856 2638 891 2668 ut
906 2637 1078 2668 Favorinus
1089 2637 1184 2668 refert

152 2689 183 2719 in
204 2689 379 2726 omnigena
400 2688 538 2725 historia,
557 2688 637 2719 inter
654 2687 822 2718 dicendum
842 2688 872 2718 in
895 2688 983 2718 illum
1007 2690 1181 2719 Mentorem

152 2739 195 2769 sic
206 2738 329 2777 jocatus
339 2740 386 2769 est
401 2752 408 2770 :

190 2806 324 2833 Tetricus
336 2806 383 2833 hic
396 2805 514 2840 quidam
525 2808 659 2832 versatur
672 2805 833 2833 hunnineio
847 2809 876 2833 et
893 2806 971 2833 idem

190 2859 281 2879 vanus
299 2852 433 2885 inersque
446 2858 543 2881 senex,
555 2858 606 2885 par
623 2851 746 2877 Mentori
762 2851 891 2877 membra
906 2851 1108 2886 lmluelamque
1123 2862 1129 2877 ι

225 2896 434 2928 Extermiuato,
446 2903 560 2931 sua-co,
575 2898 675 2922 nostra
689 2895 768 2923 hune
781 2904 816 2923 ex
829 2896 936 2924 schola.

157 2951 197 2981 At
211 2949 260 2980 ille
274 2948 424 2979 continuo
438 2956 609 2987 exsurgens
623 2947 727 2978 intulit
745 2958 752 2977 ;

227 3008 382 3033 l‘raecones
398 3004 526 3032 clamant
541 3012 546 3029 :
563 3003 671 3030 conciti
690 3004 825 3038 protinus
845 3004 893 3031 illi.

648 3063 704 3093 32.

198 3112 377 3145 Demetrius
399 3112 567 3143 Phalereus
581 3120 597 3141 a
619 3111 777 3142 nonnullis
791 3112 1026 3143 circumventus
1045 3112 1184 3151 insidiis,

158 3167 270 3197 absens
283 3165 393 3204 capitis
411 3165 580 3195 damnatus
593 3166 648 3194 est.
666 3166 774 3202 Neque
795 3166 898 3194 tamen
915 3165 1017 3204 ipsum
1042 3174 1186 3204 compre-

160 3217 295 3248 hendere
311 3217 501 3256 potuerunt,
517 3215 570 3246 sed
591 3215 676 3245 virus
701 3223 793 3244 suum
809 3215 839 3244 in
853 3224 916 3244 fera
935 3218 1143 3246 eminuerunt
1157 3217 1188 3246 et

159 3270 297 3305 statuas,
317 3276 395 3306 quas
411 3266 548 3305 dejectas
567 3266 681 3304 partim
697 3265 922 3302 vemlideruut,
937 3266 1012 3295 alias
1032 3275 1186 3297 suunuer-

160 3321 269 3349 svrunt
282 3344 289 3357 ‚
305 3320 442 3357 aliasque
458 3318 673 3348 ‹Joullawrunt
690 3318 717 3347 iu
732 3318 883 3347 ruatulas:
903 3326 974 3347 nam
990 3318 1048 3347 hoe
1063 3327 1189 3357 quoque

163 3371 272 3400 tritur.
303 3372 370 3401 Una
389 3372 494 3401 autem
513 3369 577 3400 solu
603 3370 724 3399 servata
743 3370 786 3399 cst
806 3368 835 3398 iu
851 3377 929 3399 auce.
949 3369 1066 3399 Fecisse
1083 3372 1189 3400 aulem

1243 2116 1302 2147 hoc
1318 2116 1524 2147 Athenienses
1539 2115 1838 2155 Demetriojubente
1860 2124 1948 2155 rege,
1963 2115 2139 2146 Favorinus
2165 2115 2277 2144 auctor

1242 2169 1288 2199 est
1304 2168 1337 2199 in
1357 2169 1534 2208 omnigena
1546 2168 1688 2199 historia.
1732 2168 1789 2199 Sed
1802 2168 1897 2199 etiam
1912 2175 2031 2198 annum
2045 2190 2053 2205 ,
2068 2175 2133 2205 quo
2148 2165 2274 2197 Archon

1241 2219 1318 2256 suit,
1346 2219 1473 2259 ἀνομίας
1500 2219 1690 2259 (illeqitimi
1713 2219 1871 2259 imperii)
1899 2218 2026 2249 nomine
2058 2216 2276 2256 appellarunt,

1244 2271 1374 2301 auctore
1395 2270 1563 2303 Favorino.

1283 2386 1389 2417 Refert
1404 2386 1578 2417 Favorinus
1598 2385 1630 2416 in
1644 2384 1836 2416 omnimoda
1850 2383 1980 2415 historia
2006 2381 2223 2413 Democritum
2237 2381 2277 2412 de

1244 2439 1428 2475 Anaxagora
1450 2435 1576 2474 dixisse,
1600 2444 1663 2466 non
1687 2434 1770 2465 illius
1788 2443 1873 2473 esse,
1891 2442 1964 2473 qnae
1988 2433 2057 2472 ejus
2074 2433 2225 2463 dicuntur
2240 2431 2280 2463 de

1244 2487 1309 2518 sole
1326 2495 1363 2517 ae
1384 2486 1460 2517 luna
1472 2486 1635 2526 opiniones
1646 2509 1655 2525 ‚
1672 2494 1783 2516 verum
1805 2485 1859 2515 illo
1883 2484 2094 2523 antiquiores,
2111 2483 2277 2522 ipsumque

1244 2537 1301 2569 sibi
1318 2546 1354 2569 ea
1374 2537 1511 2569 furatum
1526 2545 1593 2568 esse
1610 2549 1616 2567 :
1638 2545 1766 2576 carpere
1779 2536 1854 2566 item
1869 2543 1940 2574 quae
1951 2534 2003 2565 ille
2017 2533 2056 2564 de
2070 2533 2177 2564 mundi
2191 2541 2275 2564 com·

1243 2589 1396 2629 positione
1410 2591 1441 2620 et
1455 2590 1559 2619 mente
1577 2587 1724 2626 dixisset,
1741 2587 1854 2617 infesto
1876 2586 2027 2617 adversus
2043 2585 2132 2616 illum
2149 2584 2257 2615 animo
2268 2607 2277 2622 ,

1244 2640 1328 2680 quod
1345 2639 1464 2671 seilicet
1477 2639 1580 2679 ipsum
1591 2647 1653 2669 non
1672 2638 1849 2677 recepisset.

1731 2693 1786 2724 34.

1285 2755 1456 2794 DiogeneS,
1473 2762 1572 2794 quum
1599 2753 1728 2784 vidisset
1753 2750 1923 2791 aliquando
1948 2750 2111 2782 Platonem
2135 2748 2167 2780 in
2193 2748 2280 2778 lauto

1245 2807 1391 2837 convivio
1404 2805 1495 2836 olivis
1511 2807 1687 2835 vescentem
1699 2827 1707 2841 ,
1728 2803 1810 2839 Quid
1825 2826 1833 2841 ,
1851 2802 1971 2841 inquit,
1991 2801 2112 2840 sapiens
2128 2800 2176 2831 vir
2189 2799 2219 2830 in
2234 2799 2278 2829 Si-

1247 2858 1350 2887 ciliam
1383 2855 1563 2895 hujusmodi
1592 2863 1771 2885 uwnsarum
1801 2853 1900 2893 gratia
1925 2852 2103 2892 profectum,
2130 2850 2279 2890 appositis

1247 2908 1340 2938 modo
1354 2916 1416 2938 uon
1435 2907 1565 2937 frueris?
1587 2907 1624 2937 iet
1641 2906 1693 2936 ille
1705 2929 1714 2943 ‚
1733 2906 1771 2936 At
1786 2905 1908 2942 hercle,
1927 2903 2046 2942 inquit,
2062 2902 2214 2940 Diogenes
2225 2925 2233 2939 ‚
2248 2901 2280 2931 et

1246 2958 1309 2988 illic
1329 2957 1405 2988 olcis
1429 2959 1460 2987 et
1488 2956 1615 2995 reliquis
1636 2955 1790 2994 ejusmodi
1812 2953 2021 2993 utplurimum
2036 2952 2194 2983 vescebar.
2241 2951 2280 2981 iet

1247 3009 1297 3039 ille
1308 3033 1316 3047 ‚
1332 3007 1415 3045 Quid
1430 3007 1534 3047 igitur,
1549 3007 1649 3046 inquit
1660 3031 1668 3044 ,
1686 3009 1858 3045 Syracusas
1876 3005 2021 3042 navigare
2038 3002 2223 3042 oportebat?
2237 3009 2278 3031 an

1247 3061 1323 3090 tunc
1338 3059 1439 3090 Attica
1462 3059 1545 3089 oleas
1567 3066 1629 3087 non
1645 3057 1784 3087 serebat?
1801 3056 1973 3086 bavai-inus
1990 3054 2020 3084 in
2039 3053 2211 3092 Oumigena
2232 3052 2278 3082 hi-
2326 3079 2330 3084 .

1246 3110 1342 3141 storia
1360 3109 1551 3148 Aristippum
1569 3109 1628 3139 hoc
1637 3108 1752 3139 dixisse
1766 3106 1872 3137 tradit.

1735 3162 1791 3193 35.

1290 3217 1440 3255 Diogenes
1459 3216 1534 3246 nihil
1555 3224 1620 3246 esse
1642 3214 1784 3254 iniquum
1810 3213 1889 3243 dixit
1914 3220 1952 3242 ex
1976 3210 2094 3250 templo
2119 3209 2278 3249 quippiam
2327 3214 2330 3230 1

1249 3269 1371 3297 auferre
1391 3268 1445 3297 aut
1459 3266 1593 3305 quodvis
1606 3267 1731 3303 gustare
1746 3264 1859 3294 animal
1877 3273 1883 3292 :
1901 3270 2002 3300 neque
2023 3261 2108 3291 nefas
2131 3268 2197 3290 esse
2220 3260 2279 3289 hu-

1250 3319 1350 3348 manis
1362 3318 1442 3347 vesci
1459 3317 1621 3352 carnibus,
1641 3316 1734 3355 idque
1747 3325 1785 3345 ex
1801 3314 2032 3354 peregrinarum
2047 3311 2185 3349 gentium
2203 3319 2278 3339 eon-
2328 3322 2330 3326 ·

1251 3369 1415 3400 suetudine
1435 3368 1553 3406 liquere
1570 3377 1575 3397 :
1596 3368 1689 3406 atque
1705 3368 1790 3397 recta
1814 3365 1933 3396 rationo
1957 3363 2061 3394 onmia
2077 3362 2107 3392 iu
2135 3360 2280 3392 omnihus
2317 3388 2322 3402 ἢ,
