2338 3765
920 125 1248 163 FRAGMENTA.

33 211 156 248 λασσία
173 214 213 259 τῆ
232 212 359 261 Τάρσῳ
375 212 430 248 καὶ
449 212 614 262 Ζεφυρίῳ·
634 211 703 248 ἔστι
721 211 755 248 δὲ
773 211 900 260 κτίσμα
917 211 1053 261 Ἀγχιά-

31 271 91 314 λης
110 272 170 314 τῆς
188 269 342 308 Ἰαπετοῦ
362 270 542 321 θυγατρὸς,
573 272 617 313 ὡς
646 270 869 320 Ἀθηνόδωρος
891 269 976 320 Περὶ
998 272 1055 313 τῆς

32 328 133 364 αὐτοῦ
153 327 312 378 πατρίδος
336 329 486 379 γράφων,
511 328 569 364 καὶ
589 327 787 378 παρατιθεὶς
805 328 974 377 Διόδωρον
999 326 1056 363 τὸν

31 386 272 434 γραμματικὸν
294 389 539 435 συμφωνοῦντα
564 385 772 435 Πτολεμαίῳ
794 387 940 436 βασιλεῖ.
963 402 977 418 ἰ
996 384 1053 423 Γί-

31 458 123 479 νεται
150 444 178 480 δ’
197 443 351 481 Ἰαπετοῦ
373 443 523 494 Θυγάτηρ
544 443 731 495 Ἀγχιάλη,
754 443 812 481 καὶ
835 443 938 487 κτίζει
958 442 1056 480 πόλιν

32 499 216 550 Ἀγχιάλην
244 501 371 552 [πρὸς]
397 501 580 552 Ἀγχιαλέα
602 502 658 538 τὸν
678 502 929 553 παρακείμενον
949 517 1055 538 ποτα-

32 556 104 605 μόν.
129 559 234 610 Γεννᾷ
255 559 286 595 δ’
300 559 369 596 υἱὸν
389 559 533 605 Κύδνον,
554 560 610 611 ἀφ’
632 554 669 596 οῦ
690 561 843 609 ποταμὸς
864 559 990 601 Κύδνος
1022 561 1055 596 ἐν

30 616 176 667 Ταρσῷ·
202 619 219 653 ὁ
239 615 274 653 δὲ
299 616 425 659 Κύδνος
449 617 519 653 υἱὸν
546 617 733 668 Παρθένιον
749 648 759 665 ,
785 620 841 669 ἀφ’
863 612 899 655 οἷ
919 621 939 663 ἡ
961 618 1057 661 πόλις

31 674 278 722 μετωνομάσθη
292 675 475 724 Παρθενία.
491 676 753 720 Μεταπεσόντος
764 676 798 714 δὲ
809 680 866 714 τοῦ
876 676 1054 725 ὀνόματος,

30 731 168 780 Τάρσος
185 732 327 777 ἐκλήθη.
351 750 365 765 »

81 790 218 825 Eadem
236 803 279 826 ex
295 798 399 838 parte
416 793 454 826 in
467 805 529 827 sua
551 796 774 842 transcripsit
787 795 994 830 Eustathius
1009 794 1057 829 ad

30 848 179 894 Dionys.
197 861 231 884 v.
252 849 297 894 87
305 848 337 884 5.
352 851 520 897 Vulgaris
538 852 688 886 traditio
702 879 711 894 ,
727 864 771 886 ex
789 864 859 898 qua
875 853 1005 886 Tarsus
1021 858 1057 886 et

29 906 204 940 Anchiale
221 919 240 941 a
257 907 520 954 Sardanapallo
536 922 611 943 uno
624 917 660 944 et
674 910 807 944 eodem
823 910 882 944 die
897 909 1055 944 conditae

29 963 215 1007 struatur,
243 966 429 1000 notissima
450 974 514 1005 est.
548 969 579 1002 A
600 968 733 1003 Graecis
753 967 941 1003 conditam
962 968 1055 1001 Tar-

27 1032 105 1053 sum
123 1021 256 1055 Strabo
277 1034 428 1069 quoque
449 1023 559 1071 dicit,
580 1026 651 1059 alio
673 1032 791 1060 tamen
809 1025 924 1060 modo
945 1031 1055 1071 atque

29 1078 302 1116 Athenodorus.
324 1078 478 1129 Τάρσος,
506 1083 577 1129 ait,
606 1080 734 1129 κτίσμα
760 1083 826 1118 τῶν
850 1079 938 1130 μετὰ
970 1083 1055 1130 Τρι-

27 1133 199 1183 πτολέμου
222 1136 462 1182 πλανηθέντων
490 1137 645 1188 Ἀργείων
670 1138 760 1175 κατὰ
789 1138 928 1184 ζήτησιν
952 1138 1051 1180 Ἰοῦς.

27 1193 73 1227 (tf
96 1195 221 1241 Steph.
242 1197 327 1242 Byz.
352 1210 383 1230 v.
399 1195 543 1246 Τάρσος.
565 1200 645 1232 Jam
667 1212 781 1245 quum
802 1200 934 1234 Strabo
955 1199 1053 1233 bene

28 1258 146 1286 nosset
163 1253 278 1287 libros
300 1254 532 1290 Athenodori
553 1256 734 1291 Sandonis
754 1256 840 1300 filii,
862 1257 921 1291 hic
941 1257 969 1291 si
994 1257 1055 1291 illa

27 1310 204 1344 retulisset
235 1323 315 1357 qua?
349 1313 554 1359 Stephanus
585 1314 717 1358 tradit,
750 1315 971 1350 Strabonem
1007 1327 1048 1350 ea

27 1376 404 1404 commemoraturum
438 1371 544 1406 fuisse
576 1373 780 1419 suspiceris.
818 1374 1056 1419 Quapropter

27 1426 139 1460 alium
154 1428 364 1463 Tarsensem
378 1429 663 1465 Athenodorum
678 1443 697 1465 a
712 1431 898 1477 Stephano
914 1431 1055 1465 laudari

27 1497 102 1518 non
131 1485 377 1532 improbabile
403 1494 470 1524 est.
500 1488 688 1524 Diodorus
715 1490 775 1523 ille
798 1490 1056 1536 grammaticus

29 1542 104 1588 ipse
121 1555 285 1590 quoque,
304 1552 410 1591 puto,
430 1547 611 1581 Tarsensis
623 1553 686 1591 est,
702 1548 761 1581 ille
775 1548 925 1590 scilicet,
945 1559 1055 1593 quem

27 1600 158 1635 Strabo
181 1613 218 1647 p.
241 1601 334 1646 876,
367 1604 462 1638 inter
482 1604 600 1639 claros
619 1604 695 1649 ejus
718 1605 819 1639 urbis
839 1605 934 1639 cives
953 1618 1055 1639 com·

27 1666 220 1696 memorat.
245 1660 284 1695 ln
304 1663 500 1707 postremis
519 1664 726 1709 scripserim
757 1663 815 1712 ἀφ’
845 1656 884 1698 οὗ
912 1664 932 1705 ἦ
959 1662 1056 1703 πόλις

28 1714 154 1760 ἐκλήθη
171 1717 219 1754 Π.
245 1717 505 1760 Μεταπεσόντος
525 1720 555 1754 δ.
579 1735 611 1757 τ.
632 1720 680 1758 ὂν.
699 1722 740 1758 Τ.
760 1719 1024 1767 μετωνομάσθη.

297 1816 428 1853 ΠΡΟΣ
455 1818 761 1854 ΟΚΤΑΟΥΙΑΝ,

525 1911 557 1932 2.

79 1984 265 2018 Plutarch.

29 2039 179 2076 Μούκιον
212 2042 297 2087 ὁμοῦ
325 2054 357 2075 τι
387 2040 524 2075 πάντων
554 2055 612 2076 και
646 2040 818 2077 Σκαιόλαν
849 2039 1055 2084 καλουντων,

27 2097 251 2143 Ἀθηνόδωρος
274 2099 349 2133 ov

31 2155 203 2205 Καίσαρος
225 2153 371 2205 ἀδελφὴν
392 2154 449 2190 καὶ
467 2154 649 2206 Ὀψίγονον
668 2155 865 2203 ὠνομάσθαι
886 2154 999 2205 φησίν.

298 1984 487 2030 Poplicola
518 1998 547 2018 c.
584 1997 624 2028 17
659 1996 666 2019 :

321 2097 498 2139 άνδωνος
529 2099 562 2134 ἐν
589 2113 637 2133 τιι)
659 2097 741 2147 πρὸς
763 2097 970 2135 ”οκταουίάν
992 2096 1055 2142 τὴν

27 2261 174 2292 Anchiale
190 2262 256 2299 est,
273 2269 343 2299 quae
358 2259 466 2290 urbem
484 2260 590 2290 condit
608 2260 776 2290 Anchialen
793 2259 831 2290 ad
849 2260 1051 2291 Anchialeum

28 2312 158 2342 lluvium
171 2311 275 2342 sitam.
296 2312 408 2342 Filium
424 2311 532 2341 habuit
546 2311 692 2350 Cydnum
706 2335 714 2349 ‚
733 2320 750 2341 a
768 2320 831 2349 qno
843 2311 970 2349 Cydnus
993 2310 1052 2340 tlu-

29 2363 95 2393 iins
108 2365 238 2394 Tarsum
261 2362 444 2393 interfluens
462 2362 643 2392 nominatus
661 2365 718 2393 est.
737 2362 865 2401 Cydnus
888 2362 986 2391 lilium
1000 2370 1052 2400 ge-

28 2414 95 2444 nnit
113 2413 332 2452 Parthenium,
358 2422 375 2442 a
395 2421 458 2451 quo
476 2413 550 2443 urbs
576 2413 742 2443 Parthenia
771 2414 882 2443 vocata
901 2414 964 2450 est,
983 2421 1054 2451 quae

27 2463 138 2495 deinde
151 2465 273 2494 mutato
289 2464 414 2494 nomine
427 2463 581 2503 appellata
594 2466 640 2494 est
659 2466 784 2495 Tarsus.
808 2478 820 2489 υ

525 2540 556 2570 2.

356 2622 421 2658 AD
450 2621 724 2658 OCTAVIAM.

70 2707 219 2744 Notium,
260 2715 354 2744 quem
380 2715 488 2736 omnes
514 2707 576 2736 sere
611 2707 783 2737 Sca-volam
816 2709 1052 2746 cognominant,

29 2758 246 2788 Athenodorus
263 2757 415 2788 Sandonis
436 2757 517 2786 tilius
534 2757 564 2787 in
590 2758 626 2787 iis
647 2767 717 2796 qua·
735 2759 773 2788 ad
798 2760 963 2789 Octaviam
991 2764 1051 2790 Au-

28 2809 107 2847 gusti
145 2817 283 2839 sororem
314 2808 456 2846 scripsit,
489 2808 581 2838 etiam
613 2810 804 2847 Opsigonum
840 2809 959 2839 dictum
991 2819 1056 2840 esse

29 2869 47 2899 p
65 2860 142 2891 odit.

525 2914 557 2943 3.

71 2976 187 3013 Regnat
203 2976 301 3005 Petrae
318 2983 439 3013 semper
454 2974 566 3013 aliquis
582 2984 598 3005 e
611 2975 690 3014 regia
709 2977 803 3014 stirpe
814 3000 822 3013 ,
839 2985 893 3006 rex
907 2985 981 3006 vero
993 2977 1055 3016 ipse.

29 3025 166 3064 al²qnem
182 3035 222 3055 ex
234 3025 392 3056 sodalibus
404 3049 412 3064 ‚
428 3026 479 3065 qni
496 3026 589 3056 frater
605 3030 744 3064 vocatur,
759 3029 936 3057 curatorem
949 3027 1052 3058 habet.

33 3076 162 3115 Legibus
175 3076 344 3106 admodum
368 3076 456 3107 bonis
472 3077 674 3115 gubernatur.
696 3077 915 3108 Athenodorus
927 3078 1054 3117 quidem

32 3127 251 3166 philosophus,
278 3127 392 3157 sodalis
420 3129 537 3158 noster.
564 3127 646 3166 apud
672 3130 794 3157 Peraeos
823 3131 1054 3165 commoratus,

33 3187 106 3207 cum
124 3178 328 3208 admiratione
345 3179 491 3208 narrabat
505 3202 513 3215 ‚
528 3178 643 3207 multos
659 3187 690 3207 se
701 3187 800 3216 ‹pmm
816 3180 973 3209 Romanos
987 3181 1054 3209 tum

32 3229 108 3259 alios
125 3229 300 3268 peregrinos
316 3230 355 3259 ibi
375 3230 527 3259 invenisse
541 3255 548 3268 ‚
567 3238 603 3259 ac
629 3230 805 3268 peregrinos
826 3231 954 3268 quidem
974 3240 1055 3270 saepe

35 3281 167 3312 turenses
178 3282 245 3312 lites
260 3284 336 3312 inter
351 3291 382 3311 se
396 3284 488 3320 atque
502 3281 651 3312 adversus
664 3282 821 3320 indigenas
840 3292 852 3312 i
863 3283 951 3313 idissc
965 3292 1053 3314 excr-

2069 140 2139 169 4⁸7

1614 233 1646 269 3.

1170 308 1301 340 Strabo
1317 310 1413 352 xil,
1428 323 1461 356 p.
1475 324 1560 357 779,
1578 312 1622 346 ιΙιΙ
1640 314 1741 347 Petra
1758 314 2012 348 Nabataeorum
2030 315 2141 350 urbe:

1122 362 1344 399 Ιίασιλεύεται
1376 364 1437 412 μὲν
1467 362 1523 402 οὖν
1560 369 1633 415 (sc.
1664 371 1684 413 ἡ
1719 368 1858 418 Πέτρα)
1890 369 1955 406 ὑπό
1982 385 2067 411 τινος
2094 371 2144 406 ἀεὶ

1116 420 1183 454 τῶν
1207 420 1245 455 ἐκ
1263 422 1320 456 τοῦ
1342 422 1519 470 βασιλικοῦ
1543 423 1674 472 γένους
1697 425 1768 476 ἔχει
1791 426 1818 462 δ’
1839 429 1855 462 ὃ
1884 426 2041 475 βασιλευς
2070 429 2144 464 ἐτι-ι’-

1117 491 1253 526 τροπον,
1270 479 1336 513 τῶν
1355 477 1498 529 ἑταίρων
1519 480 1594 516 τινὰ
1610 482 1819 531 καλούμενον
1838 484 1994 535 ἀδελφόν·
2015 485 2144 536 σφόδρα

1119 534 1150 569 δ’
1179 534 1383 582 εὖνομειται.
1461 538 1487 574 l
1492 537 1646 585 ενόμενος
1665 543 1743 588 γοῦν
1765 541 1859 591 παρὰ
1881 544 1949 583 τοῖς
1968 542 2145 593 Πετραίοις

1118 589 1362 641 Ἀθηνόδωρος,
1390 593 1476 643 ἀνὴρ
1505 594 1684 667 φιλόσρφος
1712 612 1770 633 και
1797 598 1878 644 ἡμῖν
1899 601 2045 650 ἑταῖρος,
2072 600 2144 645 διη-

1117 653 1207 697 γεῖτο
1221 649 1420 698 θαυμάζων.
1438 652 1560 702 Εὑρεῖν
1578 651 1643 703 γὰρ
1659 655 1908 702 ἐπιδημοῦντας
1922 655 1984 705 ἔφη
2000 657 2144 699 πολλους

1119 721 1186 742 των
1208 705 1408 755 Ῥωμαίων,
1426 708 1612 751 πολλους
1595 710 1628 745 οὲ
1645 726 1703 747 και
1720 714 1786 748 τῶν
1808 712 1919 749 ἄλλων
1941 713 2053 757 ξένων·
2071 730 2145 757 τους

1118 763 1178 812 μὲν
1200 767 1256 800 οὐν
1288 763 1399 808 ξένους
1427 767 1507 837 ὅροιν
1531 768 1746 817 κρινομένους
1778 770 1958 816 πολλάκις,
1987 787 2043 807 και
2065 787 2146 821 προς

1117 837 1191 863 τους
1211 822 1382 867 ἀλλήλους
1402 823 1460 859 καὶ
1477 839 1561 873 προς
1583 840 1659 867 τους
1684 826 1912 877 ἐπιχιιῳίους·
1934 830 1998 864 τῶν
2020 829 2048 864 δ’
2074 844 2145 864 επι-

1117 879 1251 930 χωρίων
1267 880 1403 923 οὐδένας
1421 881 1583 926 ἀλλήλοις
1595 883 1837 932 ἐγκαλοῦντας.
1858 885 1934 921 αλ)
1922 901 1941 921 α
1957 885 2015 930 τὴν
2031 892 2144 922 πᾶσαν
2183 901 2185 903 ·

1117 938 1252 988 εἰρήνην
1268 938 1414 988 ἄγοντας
1432 938 1513 989 πρὸς
1527 940 1679 981 ἑαυτούς.

1617 1039 1634 1074 l.
1645 1063 1651 1069 .

1170 1120 1334 1154 Clemens
1354 1120 2109 1161 Alexand1.‹·‹l.leb
2138 1137 2144 1160 :

1118 1176 1161 1210 Οἱ
1183 1173 1242 1223 μὲν
1259 1173 1324 1226 γὰρ
1342 1175 1442 1212 αὐτὸν
1466 1176 1545 1225 (τὸν
1568 1175 1756 1225 Αἰγύπτιον
1777 1176 1987 1227 Σάραπιν)
1981 1183 2145 1228 ιστοροῦσι

1585 1122 1770 1166 Protiept.
1798 1133 1834 1166 p
1861 1126 1895 1154 ι]

1117 1232 1338 1283 χαριστήριον
1357 1233 1422 1269 ὑπὸ
1441 1233 1625 1271 Σινωπέων
1645 1235 1853 1285 Πτολεμαίῳ
1870 1237 1918 1286 τῷ
1936 1237 2147 1289 Φιλαδέλφῳ

1118 1293 1165 1341 τῷ
1191 1290 1388 1340 Αἰγυπτίων
1408 1294 1606 1342 πεμφθῆναι
1629 1294 1783 1341 βασιλεῖ,
1814 1293 1846 1335 ὃς
1866 1294 1958 1345 λιμῷ
1980 1296 2147 1345 τρυχομέ-

1116 1365 1188 1391 νους
1210 1349 1328 1391 αὐτοὺς
1348 1351 1407 1385 ἀπ’
1425 1349 1601 1399 Αἰγύπτου
1623 1351 1935 1401 μεταπεμψάμενος
1956 1355 2047 1389 σῖτον
2073 1355 2147 1390 ἀνε-

1139 1407 1287 1452 τήσατο“
1310 1401 1396 1443 εἶναι
1411 1407 1445 1444 δὲ
1464 1407 1503 1444 τὸ
1516 1407 1631 1451 ξόανον
1651 1411 1749 1445 τοῦτο
1770 1408 1911 1457 ἄγαλμα
1935 1410 2148 1454 Πλούτωνος,

1116 1465 1134 1501 ὃ
1155 1465 1332 1514 δεξάμενος
1358 1467 1375 1501 ὃ
1406 1466 1621 1514 Πτολεμαῖος
1641 1465 1697 1502 τὸν
1726 1467 1909 1516 ἀνδριάντα
1944 1468 2146 1518 καθίδρυσεν

1116 1522 1173 1559 ἐπὶ
1190 1525 1248 1567 τῆς
1268 1523 1396 1574 ἄκρας,
1414 1523 1455 1569 ἣν
1477 1527 1532 1559 νῦν
1553 1522 1725 1561 τΡακῶτιν
1744 1525 1917 1569 καλοῦσιν,
1937 1525 2012 1561 ἔνθα
2035 1525 2092 1562 καὶ
2112 1530 2149 1563 τὸ

1117 1580 1205 1631 ἱερὸν
1225 1580 1408 1629 τετίμηται
1427 1584 1485 1617 τοῦ
1513 1581 1727 1632 Σαράπιδος,
1748 1588 1876 1632 γειτνιᾷ
1897 1583 1931 1619 δὲ
1950 1585 2016 1625 τοῖς
2036 1584 2148 1625 τόποις

1117 1638 1155 1674 τὸ
1184 1639 1308 1688 χωρίον
1341 1640 1397 1686 (P).
1433 1639 1608 1689 Βλίστιχιν
1637 1639 1671 1675 δὲ
1707 1638 1768 1683 τὴν
1797 1640 1995 1676 παλλακίδα
2024 1643 2142 1677 τελευ·

1117 1710 1271 1740 τησασαν
1292 1697 1326 1731 ἐν
1349 1695 1506 1733 Κανώὸω
1526 1712 1566 1745 με
1555 1711 1728 1747 ταγαγων
1750 1699 1766 1732 ὁ
1783 1699 1997 1745 Πτολεμαῖος
2018 1698 2140 1749 ἔθαψεν

1117 1752 1182 1789 ὑπὸ
1213 1752 1270 1789 τὸν
1297 1753 1599 1824 προδεδηλωμένον
1631 1754 1750 1798 σηκόν.
1821 1753 1936 1792 Ἄλλοι
1973 1754 2008 1791 δέ
2045 1771 2146 1806 φασιν

1120 1809 1284 1846 Ποντικὸν
1306 1813 1391 1846 εἶναι
1414 1810 1540 1861 βρέτας
1563 1810 1618 1847 τὸν
1640 1810 1812 1862 Σάραπιν,
1847 1815 2016 1862 μετῆχθαι
2037 1813 2069 1849 δὲ
2105 1815 2149 1855 εἰς

1119 1866 1369 1917 Ἀλεξάνδρειαν
1390 1867 1476 1916 μετὰ
1499 1870 1600 1917 τιμῆς
1620 1883 1855 1919 πανηγυρικης
1861 1901 1868 1908 .

1118 1939 1171 1966 νος
1199 1924 1294 1975 παρὰ

1895 1869 2067 1918 Ἰσίδωρος
2085 1871 2149 1918 μο-

1316 1925 1510 1962 Σελευκέων
1530 1928 1597 1962 τῶν
1620 1925 1701 1975 πρὸς
1722 1925 1931 1976 Ἀντιόχειαν
1952 1926 1989 1963 τὸ
2007 1926 2147 1976 ἄγαλμα

701 1985 828 2020 Τοῦτον
863 1984 918 2019 τὸν
950 1984 1054 2033 ἄνδρα
1084 1982 1089 2036 J
1121 1985 1335 2031 μεταχθῆναι
1361 1982 1472 2030 λέγει,
1503 1983 1536 2018 ἐν
1570 1982 1718 2033 σιτοδείᾳ
1740 1983 1797 2019 καὶ
1818 1984 1928 2019 αὐτῶν
1957 1984 2146 2033 γενομένων

1116 2055 1174 2075 και
1199 2055 1264 2076 υπο
1286 2039 1505 2088 Πτολεμαίου
1525 2040 1791 2091 διατραφέντων.
1814 2040 1904 2078 Ἀλλ’
1924 2040 1942 2077 ὅ
1957 2057 1994 2090 γε
2011 2041 2147 2087 'AO-ryd-

1117 2098 1247 2147 δωρος
1235 2113 1251 2133 0
1264 2100 1322 2134 τοῦ
1339 2096 1388 2119 V'

1236 2153 1261 2166 'x’
1286 2152 1301 2167 cl

1119 2155 1179 2191 οὐκ
1200 2157 1249 2190 οἰο
1281 2170 1370 2196 οπως
1384 2154 1598 2205 περιέπεσεν,
1620 2155 1754 2204 ἐλέγξας
1775 2156 1874 2192 αὐτον
1895 2156 2037 2206 ἄγαλμα
2059 2160 2146 2193 εἰναι

1338 2098 1514 2140 ..ανδωνος
1531 2096 1705 2148 ἀρχαίζειν
1720 2098 1775 2134 τὸν
1792 2098 1950 2148 Σάραπιν
1971 2100 2146 2149 βουληθεις

1114 2259 1231 2294 centes,
1245 2258 1416 2297 oppidanos
1431 2267 1502 2289 vero
1518 2259 1598 2289 inter
1614 2268 1646 2290 se
1666 2269 1829 2299 nunquam
1844 2261 2077 2291 criminationes
2093 2262 2146 2290 Ιιιι-

1116 2308 1238 2346 ὺιιὶεεθ,
1258 2309 1311 2339 sed
1326 2318 1449 2339 summa
1468 2318 1590 2349 semper
1607 2319 1677 2340 usos
1691 2320 1756 2340 esse
1774 2311 2010 2349 tranquillitate.

1617 2365 1650 2394 4.

1158 2416 1284 2454 Sarapin
1299 2416 1439 2446 scribunt
1455 2416 1546 2446 tuisse.
1563 2425 1678 2447 munus
1692 2417 1820 2447 missum
1840 2427 1857 2447 a
1875 2417 1971 2456 binop
1991 2418 2097 2447 usibus
2110 2418 2145 2447 ad

1120 2467 1322 2497 Ptolemawim
1342 2467 1600 2506 Philadelphum,
1619 2468 1671 2507 qui
1686 2477 1739 2498 eas
1763 2470 1844 2499 tinne
1869 2469 2042 2499 laborantes
2056 2478 2148 2499 misso

1117 2529 1155 2549 cx
1174 2520 1307 2558 AEgypto
1328 2520 1485 2550 frumento
1504 2520 1700 2558 obligaverit.
1723 2523 1793 2550 Esse
1811 2523 1916 2550 aulem
1931 2520 2062 2560 effigiem
2080 2521 2147 2552 Plu-

1117 2570 1208 2600 tonis,
1231 2570 1435 2600 Ptolemaeum
1456 2573 1615 2609 acceptam
1633 2574 1769 2601 statuam
1788 2573 1925 2610 posuisse
1949 2572 1978 2601 in
1997 2580 2145 2610 promon-

1117 2623 1197 2652 torio
1209 2646 1217 2659 ,
1232 2622 1315 2661 quod
1331 2632 1415 2653 nunc
1429 2623 1587 2661 appellant
1612 2624 1751 2654 Racotim
1765 2647 1772 2660 ‚
1797 2624 1848 2653 ubi
1863 2626 1893 2654 et
1917 2623 2071 2662 Sarapidis
2087 2624 2146 2653 coli

1116 2675 1194 2705 solet
1224 2675 1389 2714 templum.
1434 2677 1487 2706 Est
1509 2677 1613 2705 autem
1640 2685 1711 2713 ager
1729 2676 1765 2706 iis
1791 2677 1866 2706 locis
1893 2676 2022 2705 vicinus.
2048 2675 2146 2706 lllisti-

1116 2725 1189 2755 chin
1206 2727 1313 2756 autem
1328 2726 1469 2764 pellicem
1487 2728 1645 2756 mortuam
1667 2727 1805 2765 Canopi,
1832 2727 2017 2757 translatam
2041 2726 2145 2756 Ptole-

1117 2783 1216 2806 maeus
1238 2777 1270 2805 in
1291 2785 1349 2813 eo,
1368 2776 1457 2814 cujus
1479 2778 1552 2806 ante
1576 2776 1725 2814 memini,
1749 2777 1868 2815 sepeliit
1893 2777 1973 2807 fano.
2020 2777 2076 2808 Alii
2094 2786 2148 2806 au·

1118 2829 1180 2856 tem
1206 2827 1367 2856 Ponticam
1391 2828 1528 2856 statuam
1555 2826 1664 2857 dicunt
1689 2836 1754 2857 esse
1781 2828 1940 2866 Sarapim,
1967 2829 2146 2858 translatam

1117 2879 1221 2906 autem
1236 2877 1329 2907 fuisse
1348 2877 1519 2907 honorilice
1543 2877 1762 2907 Alexandriam
1781 2887 1797 2908 a
1816 2878 1968 2917 frequenti
1985 2879 2145 2908 hominum

1117 2929 1289 2958 conventu.
1309 2928 1444 2958 isidorus
1458 2928 1556 2966 solus,
1571 2938 1588 2958 a
1602 2929 1850 2966 Seleucensibus,
1865 2930 1917 2968 qni
1936 2932 2006 2960 sunt
2023 2932 2120 2969 propt«
2134 2939 2147 2959 ι·

1116 2978 1330 3016 Antiochiam,
1346 2980 1481 3008 statuam
1497 2979 1587 3009 fuisse
1602 2979 1797 3016 traductam,
1817 2980 1870 3018 qui
1887 2980 1942 3018 ipsi
1958 2989 2083 3018 quoqne
2098 2989 2144 3017 pe-

1116 3028 1205 3058 nuria
1221 3028 1368 3059 frumenti
1384 3029 1614 3066 laboraverant,
1627 3032 1657 3060 et
1673 3030 1779 3060 nutriti
1799 3031 1919 3060 fuerant
1935 3040 1951 3060 a
1964 3031 2142 3061 Pteleum-0.

1117 3082 1263 3111 Ceterum
1304 3081 1523 3111 Athenodorus
1541 3081 1621 3112 lilius
1636 3082 1807 3119 Sandonis,
1828 3091 1927 3120 quum
1948 3083 2037 3112 vellet
2053 3084 2141 3111 Sara-

1118 3132 1194 3170 pidis
1211 3132 1373 3163 ostendere
1390 3133 1628 3172 antiquitatem,
1646 3135 1750 3164 nescio
1763 3135 1925 3173 quomodo
1949 3143 1984 3164 eo
2002 3137 2046 3163 est
2071 3143 2141 3172 pro-

1117 3183 1239 3221 lipsius,
1252 3185 1286 3213 ut
1301 3184 1414 3214 factam
1430 3184 1521 3214 luisse
1535 3186 1670 3215 statuam
1684 3188 1838 3223 argueret
1851 3185 2014 3216 Sesostiim
2029 3185 2143 3222 quipp«

1116 3234 1158 3263 iit
1175 3234 1349 3273 Egyptium
1366 3243 1467 3273 regem
1482 3243 1580 3273 quum
1594 3235 1716 3273 plmnn
1719 3240 1779 3265 is(
1785 3235 2139 3271 r1c‹›r,5mnsnl·inmisul

1117 3287 1238 3322 exules,
1256 3294 1285 3313 ri·
1291 3294 1325 3314 ιι
1330 3295 1412 3315 nsum
1428 3286 1457 3315 in
1477 3288 1519 3316 ,⁴31
1514 3287 1664 3324 5yplum,
1680 3286 1814 3315 altitius
1831 3286 1901 3315 add:
1907 3286 1997 3314 uim
2013 3285 2139 3314 multos
