2289 3728
949 136 1266 177 FRAGMENTA.

52 219 161 254 λῶσαι
175 219 222 269 τῷ
239 218 383 269 Κρίνιδι.
399 212 449 256 Οῧ
464 218 642 267 γενομένου
654 221 671 254 ὃ
687 220 800 268 Κρῖνις
814 218 901 266 ἱερὸν
916 218 1079 269 ἱδρύσατο

51 277 100 325 τῷ
120 276 202 326 θεῷ,
223 275 375 324 Σμινθέα
398 275 499 327 αυτὸν
526 275 824 326 προσαγορεύσας,
852 275 968 319 ἐπειδὴ
991 274 1079 311 κατὰ

51 331 111 377 τὴν
127 332 290 382 ἐγχώριον
310 335 420 370 αὐτῶν
438 333 611 370 διάλεκτον
629 335 658 370 οἱ
678 332 757 382 μύες
778 332 910 381 σμίνθοι
930 334 1079 369 καλοῦν-

51 405 120 428 ται.
142 389 184 427 Ἡ
200 390 332 440 ἱστορία
351 390 445 442 παρὰ
463 391 656 440 Πολέμωνι.

109 464 123 479 «
148 450 322 484 Poterant
340 450 416 484 haec
434 451 541 484 etiam
559 450 605 484 ad
625 450 815 495 epistolam
844 449 891 483 ad
918 449 1081 482 Attalum

50 507 223 553 scriptam
251 508 431 542 revocari.
463 528 513 532 —
538 507 592 543 Cf.
621 508 734 542 Clem.
759 507 863 542 Alex.
890 504 1078 552 Protrept.

50 576 87 610 p.
110 564 156 605 34
178 565 278 601 Pott.
299 577 307 599 ε
331 562 500 612 Πολέμων
521 562 557 599 δὲ
577 562 652 604 τοὺς
669 562 756 614 ἀμφὶ
775 561 834 607 τὴν
851 561 1000 613 Τρωάδα
1017 577 1078 598 κα·

50 623 245 663 τοικοῧντας
266 622 392 672 ἱστορεῖ
412 619 490 662 τοὺς
510 619 715 670 ἐπιχωρίους
736 624 822 669 μῦς,
843 618 899 662 οὒς
923 619 1080 668 σμίνθους

49 678 211 723 καλοῦσι,
236 677 309 729 (sc.
340 677 575 729 θρησκεύειν,)
607 676 658 714 ὅτι
678 678 795 728 νευρὰς
819 679 886 713 τῶν
906 676 1078 726 πολεμίων

49 734 230 786 διέτρωγον
260 737 327 772 τῶν
357 735 483 779 τόξων·
514 735 572 772 καὶ
601 735 762 785 Σμίνθιον
788 734 984 772 Ἀπόλλωνα
1012 733 1080 770 ἀπὸ

48 796 113 831 τῶν
134 795 228 842 μυῶν
249 792 385 830 ἐκείνων
405 793 635 845 ἐπεφήμισαν.
657 795 728 840 Qui
754 795 949 830 confundit
977 795 1078 829 testi-

48 855 171 889 monia
191 854 401 889 Polemonis
418 861 453 888 et
472 854 562 888 alius
578 854 827 900 grammatici,
848 866 928 899 quae
947 853 1080 887 diserte

47 911 323 959 distinguuntur
349 924 410 958 ap.
440 911 555 946 schol.
589 912 634 948 Il.
663 912 843 945 Praeterea
871 911 917 947 cf.
946 910 1078 945 Strabo

46 970 159 1014 XIII,
178 983 217 1016 p.
241 969 336 1013 6043
359 970 524 1006 Eustatli.
544 983 581 1016 p.
603 969 668 1013 34,
700 968 847 1003 10—35
864 997 872 1013 ,
899 969 937 1013 83
961 969 1075 1004 schol.

47 1027 198 1062 Aristot.
221 1027 331 1061 Rhet.
356 1027 410 1070 II,
433 1030 479 1068 24
495 1054 504 1069 ,
524 1035 559 1060 et
577 1027 641 1072 qui
659 1027 868 1072 plenissime
889 1025 934 1059 de
957 1026 1011 1059 his
1028 1025 1077 1059 fa-

46 1084 142 1119 bulis
152 1086 225 1132 egit
237 1084 368 1118 Hoeck.
388 1085 498 1118 Creta
512 1086 560 1127 ΙΙ,
576 1096 614 1131 p.
630 1082 848 1119 265-285.
865 1099 879 1112 «
895 1084 1077 1120 Pssmffl,

47 1144 101 1177 De
115 1143 312 1177 Smintheis
326 1142 370 1178 cf.
386 1143 494 1177 etiam
505 1143 652 1179 Muller.
671 1144 762 1177 Dor.
781 1144 811 1186 I,
828 1155 847 1176 2
859 1142 915 1176 18.
935 1142 1023 1185 263,
1042 1141 1076 1178 5.

48 1200 102 1236 Cf.
119 1201 282 1247 Dionysii
299 1200 461 1236 Chalcid.
479 1200 524 1236 fr.
545 1200 814 1242 4;He1·aclides
827 1201 935 1236 Pont.
958 1200 1000 1234 fr.
1019 1204 1078 1241 42.

535 1295 593 1329 32.

98 1383 304 1417 Eustathius
323 1382 370 1417 ad
387 1383 432 1418 ΙΙ.
454 1384 508 1426 ΙΙ,
532 1395 568 1429 p.
590 1382 664 1417 228
683 1396 691 1417 :
714 1380 840 1418 Καινὸν
859 1380 894 1417 δὲ
911 1381 1004 1418 οὐδὲν
1020 1381 1078 1418 καὶ

45 1442 192 1476 τοιοῦτον
217 1439 450 1475 ἀνατεθεῖσθαι
470 1437 565 1475 λίθον
594 1439 624 1474 ἓν
646 1439 716 1481 τοῖς
738 1439 828 1475 ἐκεῖ·
854 1438 928 1475 ἐπεί
949 1454 1000 1475 τοι
1021 1439 1079 1476 καὶ

48 1495 282 1545 Παλαμήδους
310 1495 578 1544 ἐπινοησαμένου
609 1495 748 1533 κυὸείαν
776 1496 834 1533 καὶ
858 1498 1015 1533 πεττείαν
1044 1499 1077 1534 ἐν

45 1554 138 1605 Ἰλίῳ
158 1555 204 1596 εἷς
222 1552 438 1604 παραμύθιον
458 1554 560 1601 λιμοῦ
583 1553 819 1604 κατασχόντος
836 1553 898 1599 τὴν
916 1554 1077 1605 στρατιὰν

44 1612 132 1654 λίθος
152 1613 224 1649 ἐκεῖ
250 1611 440 1657 ἐδείκνυτο,
467 1611 556 1649 καθὰ
584 1611 754 1661 Πολέμων
778 1613 924 1663 ἱστορεῖ,
957 1614 1007 1664 ἐφ’
1041 1607 1077 1650 οἷ

46 1670 243 1708 ἐπέσσευον.
257 1673 312 1706 De
329 1671 385 1706 his
400 1671 460 1706 adi
473 1673 516 1708 V.
533 1672 641 1707 Jahn.
658 1672 852 1707 Palamed.
870 1684 908 1718 p.
934 1684 980 1716 27
998 1685 1051 1719 sq.
1066 1685 1076 1720 3

45 1731 161 1767 Baehr.
196 1730 243 1765 ad
274 1729 457 1766 Herodot.
478 1731 513 1774 Ι,
533 1734 606 1776 943
633 1730 819 1765 VVelcker.
844 1730 1021 1767 Zeitsclzr.
1034 1729 1073 1775 fl

46 1788 312 1824 Alter-thanim.
338 1787 454 1831 1834,
474 1800 510 1834 p.
534 1787 580 1829 54
596 1800 650 1834 sq.

523 1873 580 1910 33.

97 1962 222 2008 steph.
244 1963 328 2008 ΒΝΖ.
356 1974 362 1995 :
386 1959 607 2009 Μυρμισσός·
629 1959 725 2001 πόλις
751 1959 828 2009 περὶ
859 1958 1071 2010 Λάμψακον,

43 2020 87 2060 ὡς
104 2017 288 2066 Πολέμων.

102 2092 117 2107 «
138 2077 277 2112 Eadem
305 2077 394 2112 urbs
426 2077 562 2111 dicitur
593 2074 822 2125 Μερμησσός,
843 2077 894 2113 St.
927 2076 967 2113 B.
988 2089 1016 2112 s,
1038 2089 1072 2112 v.

45 2132 264 2185 Μαρμισσός,
283 2135 387 2171 Suid.
406 2148 442 2171 v.
463 2133 634 2180 Σίέυλλα,
658 2133 898 2184 Μαρπησσός,
920 2136 1073 2169 Pausan.

44 2193 102 2236 X,
119 2205 178 2236 12,
198 2206 211 2227 1
230 2193 350 2240 sq;cf.
366 2193 517 2228 Siebelis
528 2193 574 2227 ad
588 2193 627 2227 h.
641 2193 666 2228 l.
680 2200 715 2227 et
732 2193 868 2227 Salmas
898 2192 943 2227 ad
960 2193 1074 2228 Solin.

43 2263 81 2297 p.
101 2263 162 2298 79.
179 2252 383 2286 Ferebatur
396 2252 505 2285 unius
520 2264 563 2286 ex
581 2251 726 2297 Sibyllis
739 2252 856 2297 patria
873 2263 959 2296 esse,
976 2250 1076 2285 unde

43 2308 144 2343 haud
163 2321 248 2343 raro
267 2310 491 2351 nominatur,
508 2310 610 2343 velut
628 2309 763 2344 Tibull.
788 2310 844 2352 II,
864 2308 902 2355 5,
921 2308 987 2353 67,
1011 2309 1076 2342 ubi

44 2366 155 2403 codd.
177 2367 317 2402 habent
340 2368 555 2414 Marpesia,
577 2374 612 2401 et
639 2379 698 2413 ap.
725 2369 893 2402 Lactant.
917 2368 1004 2401 Inst.
1038 2368 1074 2410 I,

45 2425 66 2458 6
81 2452 90 2468 ‚
115 2438 160 2460 12
176 2452 185 2469 ,
200 2425 265 2459 uhi
283 2425 396 2462 codd.
418 2426 560 2459 variant
576 2426 670 2459 inter
684 2426 895 2472 [marpessas
914 2432 949 2460 et
968 2427 1074 2459 Μαν-

43 2533 202 2564 Crinidem
218 2533 257 2564 de
274 2533 467 2573 apparitione
481 2534 577 2573 ipsius
596 2534 761 2564 certiorem
780 2533 867 2563 reddi
884 2534 988 2571 jussit.
1006 2536 1074 2570 Quo

45 2584 143 2622 sacto,
168 2584 270 2615 Crinis
283 2584 437 2623 templum
454 2583 609 2614 dedicavit
627 2583 763 2623 Apollini
785 2585 960 2615 Smintlieo.
981 2584 1075 2615 Nimi—

44 2643 115 2665 rum
135 2635 178 2665 ita
196 2634 291 2665 deum
314 2635 564 2674 cognominavit,
589 2634 675 2674 quod
700 2643 806 2665 mures
827 2635 958 2673 regionis
983 2635 1076 2673 liujus

43 2681 175 2712 dialecto
191 2681 331 2712 smintlzi
348 2683 509 2712 vocantur.
526 2682 698 2712 Historiam
713 2682 820 2712 narrat
838 2682 975 2712 Polemo.

530 2736 587 2766 32.

84 2788 266 2819 Palamedes
280 2788 433 2818 cuborum
449 2789 479 2819 et
495 2788 632 2819 talorum
647 2788 757 2819 ludum
781 2788 819 2819 ad
840 2789 932 2819 llium
949 2789 1074 2827 excogi-

43 2840 138 2877 tavit,
158 2840 194 2870 ut
207 2848 366 2869 ⁴aerumnas
382 2839 538 2869 exercitus
552 2838 654 2870 inedia
670 2839 840 2870 laborantis
856 2840 1073 2879 propulsaret,

43 2892 138 2930 atque
160 2890 313 2929 lapidem,
337 2890 506 2921 Polemone
520 2890 617 2928 teste,
640 2889 682 2920 ibi
706 2890 940 2929 monstrabant,
964 2891 994 2920 in
1012 2899 1074 2929 quo

44 2943 167 2973 tesseris
179 2943 289 2973 lusisse
301 2943 401 2973 Graeci
417 2942 576 2973 dicuntur.

529 2997 586 3028 33.

84 3050 283 3090 Myr-missus,
305 3051 378 3081 urbs
394 3058 489 3089 prope
507 3052 733 3089 Lampsacum,
749 3049 795 3079 uti
811 3049 947 3080 Polemo.

437 3136 676 3186 [clames]

525 3231 579 3261 34.

85 3293 254 3331 Euthenar,
271 3290 344 3323 urbs
359 3294 468 3324 carim.
486 3294 577 3324 Cives
595 3293 722 3323 Polemo
736 3292 921 3323 Eutlwnitas
938 3292 1024 3323 dicit.

2094 156 2163 186 1¹25

1141 243 1266 267 mesas.
1293 234 1348 267 Ad
1375 247 1501 280 agrurn
1529 237 1728 281 Trojannni
1756 240 1824 272 hoc
1844 240 2022 286 oppidum
2050 244 2165 287 perti-

1142 289 1258 322 nuisse
1276 292 1440 325 cernitur
1454 306 1496 327 cx
1510 295 1620 329 Suida
1636 302 1727 330 etex
1745 298 1928 334 Pausania.
1948 315 1961 328 »ι
1982 299 2161 336 ΡιιΕιικιι.

1262 396 1375 434 ΠΕΡΙ
1404 400 1505 437 ΤΩΝ
1538 403 1597 438 ΕΝ
1631 404 1802 457 ΠΟΝΤῼ
1834 406 2048 445 ΙΙΟΛΕΩΝ.

1196 484 1355 519 Titulum
1368 490 1525 523 servavit
1539 490 1678 525 Suidas.
1696 493 1911 539 Fragmenta
1927 508 2000 530 non
2014 505 2165 532 exstant.

1537 584 1775 637 [aarum]

1629 666 1687 706 34.

1194 748 1319 794 Steph.
1343 750 1426 794 Byz.
1457 762 1463 782 :
1493 750 1659 794 Εὐθηναί·
1682 751 1778 794 πόλις
1799 755 1941 805 Καρίας.
1964 757 2012 794 Τὸ
2040 759 2165 795 ἐθνικὸν

1142 804 1218 840 καθ’
1237 806 1328 852 ἡμᾶς
1346 805 1553 853 Εὖθηναῖος,
1573 811 1649 843 κατ’
1669 809 1812 852 ἐκείνους
1834 811 1868 847 δὲ
1891 815 2069 859 Ιζύθηνεύς.
2097 819 2162 854 Πο-

1142 861 1254 910 λέμων
1276 861 1309 899 δὲ
1328 862 1385 899 καὶ
1401 863 1591 909 Εὐθηνίτας
1608 866 1723 916 φησίν.

1196 938 1209 951 ιι
1223 923 1433 957 Holstenius
1444 924 1480 956 in
1490 925 1650 958 numinis
1666 932 1700 959 et
1716 924 1911 968 Εὖθηναίων
1924 937 1959 963 et
1975 931 2166 975 Ιῦύθηνιτῶν

1143 981 1298 1013 inveniri
1326 988 1466 1015 monet.
1498 982 1689 1028 Oppidum
1720 984 1885 1019 Eutliane
1910 987 2008 1022 haud
2036 993 2165 1035 procul

1142 1038 1187 1072 ab
1211 1039 1463 1072 Halicarnasso
1486 1041 1594 1074 situm
1623 1048 1850 1075 memoratur
1867 1044 1975 1077 etiarn
1997 1058 2015 1079 a
2036 1047 2164 1093 Pomp,

1142 1096 1228 1130 Mel.
1250 1097 1286 1139 I,
1315 1096 1376 1140 163
1395 1097 1491 1133 Plin.
1512 1099 1558 1131 H.
1579 1099 1623 1132 N.
1646 1099 1699 1141 Y,
1725 1111 1787 1145 29.
1813 1115 1826 1129 υ
1850 1099 2031 1137 pamma.

1628 1189 1687 1224 35.

1195 1278 1314 1323 Etym.
1337 1278 1387 1310 M.
1411 1289 1450 1323 p.
1480 1275 1547 1321 751
1564 1305 1572 1320 ,
1603 1290 1648 1321 27
1676 1290 1682 1311 ;
1709 1277 1934 1324 Τελμισσεῖς·
1964 1280 2110 1316 οἰκοῦσιν
2137 1283 2170 1318 ἐν

1144 1331 1280 1382 Καρίᾳ,
1316 1332 1501 1382 ἀπέχοντες
1532 1331 1694 1378 ἑξήκοντα
1730 1334 1852 1371 στάδια
1885 1335 2169 1387 Ἁλικαρνασσοῦ,

1140 1392 1184 1432 ὡς
1216 1389 1401 1438 Πολέμων.
1425 1391 1621 1439 Τελμισσὸς
1642 1391 1676 1428 δὲ
1705 1392 1800 1435 πόλις
1821 1394 1855 1429 ἐν
1883 1394 1995 1442 Λυκίᾳ
2018 1410 2052 1433 κ.
2080 1411 2111 1434 τ.
2139 1398 2169 1434 λ.

1143 1450 1278 1485 Eadem
1294 1450 1425 1487 Suidas
1439 1458 1473 1486 et
1486 1452 1635 1485 Photius
1651 1464 1679 1488 s.
1697 1465 1745 1495 v.,
1759 1454 1925 1500 Apostol.
1944 1455 2084 1503 XVIII,
2104 1455 2165 1492 25.

1141 1509 1195 1544 Cf.
1219 1509 1385 1556 Dionysii
1405 1510 1651 1544 Chalcidensis
1668 1510 1713 1544 fr.
1739 1515 1774 1551 4.

1395 1608 1514 1644 ΠΕΡΙ
1545 1608 1907 1661 ΣΑΜΟΘΡᾼΚΗΣ.

1622 1702 1682 1738 36.

1195 1789 1387 1823 Athenaeus
1396 1789 1463 1830 IX,
1476 1801 1513 1835 p.
1530 1788 1659 1833 372,A
1678 1799 1685 1824 :
1701 1786 1869 1834 Πολέμων
1888 1789 1916 1825 δ’
1931 1789 2168 1845 ὃαπεριηγητῆς

1140 1846 1172 1881 ἐν
1193 1846 1240 1895 τῷ
1262 1844 1348 1896 Περὶ
1367 1843 1594 1896 Σαμοθρᾴκης
1613 1844 1672 1880 καὶ
1691 1845 1849 1890 κιττῆσαί
1867 1861 1949 1897 φησι
1969 1849 2028 1891 τῆς
2044 1849 2166 1896 γηθυλ-

1138 1903 1228 1944 λίδος
1247 1901 1306 1947 τὴν
1331 1901 1456 1950 Λητὼ,
1477 1902 1616 1953 γράφων
1638 1902 1760 1944 οὕτως·
1782 1921 1797 1936 α
1818 1903 2047 1940 Διατέτακται
2073 1904 2167 1955 παρὰ

1140 1962 1281 2011 Δελφοῖς
1303 1963 1344 2010 τῇ
1369 1960 1467 2011 θυσία
1492 1963 1558 1997 τῶν
1580 1959 1764 2005 θεοξενίων,
1785 1960 1817 2003 ὃς
1835 1960 1874 1997 ἂν
1893 1961 2018 2011 κομίσῃ
2041 1964 2165 2011 γηθυλ-

1138 2019 1216 2055 λίδα
1245 2018 1407 2067 μεγίστην
1435 2021 1475 2068 τῇ
1507 2021 1632 2064 Λητοῖ,
1659 2018 1849 2067 λαμὸοίνειν
1873 2025 1994 2069 μοῖραν
2015 2019 2082 2056 ἀπὸ
2107 2023 2167 2065 τῆς

1139 2076 1319 2126 τραπέζης.
1378 2075 1541 2127 ἹΞώρακά
1559 2091 1594 2112 τε
1615 2076 1672 2112 καὶ
1695 2076 1793 2118 αὐτὸς
1813 2078 1874 2113 οὐκ
1892 2076 2021 2114 ἐλάττω
2041 2079 2166 2127 γηθυλ-

1139 2134 1215 2170 λίδα
1235 2132 1432 2183 γογγυλίδος
1452 2133 1509 2169 καὶ
1526 2136 1585 2178 τῆς
1606 2133 1813 2184 στρογγύλης
1835 2136 2026 2185 ῥαφανῖδος.
2055 2134 2164 2173 Ἱστο-

1140 2195 1234 2242 ροῧσι
1260 2190 1294 2227 δὲ
1315 2190 1376 2236 τὴν
1396 2189 1500 2234 Λητὼ
1524 2189 1670 2227 κύουσαν
1701 2191 1756 2227 τὸν
1785 2191 1981 2229 Ἀπόλλωνα
2003 2195 2162 2238 κιττῆσαι

1138 2249 1353 2299 γηθυλλίδος·
1373 2248 1423 2285 διὸ
1440 2248 1480 2293 δὴ
1498 2251 1557 2293 τ’ἧς
1573 2251 1674 2296 τιμῆς
1696 2249 1921 2298 τετυχηκέναι
1937 2249 2076 2295 ταύτης.
2100 2268 2113 2283 »

1192 2306 1392 2355 Λαμὸοίνειν
1414 2307 1551 2357 μοῖραν]
1570 2308 1622 2344 Cf.
1643 2321 1723 2354 quae
1741 2308 1786 2343 de
1803 2309 1965 2344 Pindaro
1981 2317 2015 2344 et
2031 2310 2165 2344 Pinda-

1139 2367 1228 2401 ridis
1247 2373 1372 2401 narrat
1391 2367 1574 2402 Plutarch.
1596 2367 1652 2400 De
1672 2367 1749 2400 Ser.
1771 2368 1816 2404 N.
1837 2368 1880 2401 V.
1910 2380 1942 2403 c.
1972 2366 2013 2401 13
2039 2374 2073 2401 et
2093 2368 2165 2401 Eu-

1141 2425 1248 2459 stath.
1265 2425 1301 2458 in
1313 2436 1471 2471 prooem.
1487 2423 1533 2458 acl
1554 2424 1661 2460 Pind.
1683 2436 1793 2459 carm.
1811 2436 1849 2470 p.
1872 2437 1885 2458 1
1897 2438 1914 2468 7
1937 2424 1996 2459 ed.
2016 2426 2164 2460 Schnei-

1628 2536 1684 2566 35.

1177 2592 1201 2620 T
1204 2589 1398 2619 elmissenses
1412 2589 1442 2618 in
1454 2589 1545 2619 Caria
1561 2588 1704 2619 habitant
1725 2588 1765 2618 ab
1782 2588 1999 2620 Halicarnasso
2015 2588 2165 2620 distantes

1135 2640 1242 2673 stadiis
1258 2640 1419 2678 sexaginta
1429 2662 1436 2676 ,
1451 2642 1485 2669 ut
1500 2640 1628 2669 Polemo
1645 2639 1698 2669 ait.

1400 2756 1408 2764 ι
1428 2703 1494 2739 DE
1524 2702 1879 2739 SAMOTHRACE.

1623 2777 1677 2808 236.

1177 2832 1303 2862 Polemo
1323 2830 1477 2870 periegeta
1501 2830 1531 2860 in
1546 2830 1624 2860 libro
1644 2831 1689 2860 De
1709 2830 1925 2861 Samothracia
1936 2829 2044 2861 scribit
2055 2830 2161 2868 etiam,

1136 2885 1286 2915 Latonam
1308 2882 1378 2922 pica
1407 2883 1599 2913 laborantem
1623 2882 1809 2921 appetivisse
1832 2882 2043 2921 getliyllidem.
2065 2883 2163 2921 Cujus

1134 2935 1229 2965 verba
1243 2934 1308 2965 haec
1316 2935 1389 2965 suut
1401 2946 1407 2964 ε
1419 2946 1433 2959 «
1449 2933 1539 2972 Apud
1550 2933 1699 2972 Delphos,
1708 2933 1739 2963 in
1750 2933 1903 2963 sacrificio
1918 2933 2003 2972 quod
2018 2933 2159 2964 Theoxe-

1134 2988 1192 3017 m'a
1220 2986 1352 3024 vocant,
1385 2985 1541 3015 sancitum
1576 2985 1640 3022 est,
1673 2984 1726 3020 ut,
1751 2983 1805 3022 qui
1834 2985 1962 3014 Latonae
1991 2984 2159 3014 maximam

1132 3037 1334 3076 gethyllidem
1349 3036 1508 3073 obtulerit,
1519 3036 1545 3066 is
1557 3035 1596 3065 de
1606 3043 1693 3065 sacra
1705 3033 1811 3065 mensa
1824 3035 2000 3073 portionem
2013 3034 2158 3073 accipiat.

1133 3089 1172 3118 Et
1184 3088 1247 3118 vidi
1262 3088 1325 3127 ipse
1336 3096 1391 3126 ego
1402 3086 1602 3126 gethyllidem
1615 3085 1699 3116 haud
1711 3086 1862 3115 minorem
1877 3094 1950 3123 rapa
1961 3086 2015 3115 aut
2025 3085 2158 3115 rotundo

1132 3139 1282 3177 raphano,
1298 3139 1432 3170 Narrant
1445 3139 1564 3175 autem,
1579 3138 1744 3173 Latonam,
1763 3136 1935 3174 Apollinem
1951 3138 2040 3165 utero
2055 3143 2158 3173 geren-

1131 3192 1194 3221 tem
1205 3215 1212 3229 ,
1227 3200 1326 3230 quum
1341 3190 1483 3221 ciborum
1497 3190 1631 3220 aliorum
1646 3187 1770 3219 fastidio
1783 3187 1955 3224 laboraret,
1971 3186 2153 3225 appetivisse

1130 3243 1328 3282 getliynidem
1350 3256 1356 3272 ε
1381 3244 1410 3273 et
1427 3250 1460 3271 ea
1485 3241 1523 3272 de
1548 3249 1639 3271 causa
1663 3240 1744 3270 hunr
1759 3239 1909 3269 honorem
1927 3238 1952 3268 ei
1973 3245 2038 3268 esse
2057 3236 2153 3267 tribn-

1130 3295 1208 3324 tum.
1234 3308 1246 3320 κ
