2289 3728
120 174 167 204 70

121 252 176 291 Τὰ
197 250 230 288 δὲ
251 250 337 299 μετὰ
356 248 415 293 τὴν
435 248 543 289 ἔξοδον
563 245 611 282 ἔτι
629 244 737 280 πλείω
758 242 901 294 παρέχει
924 248 991 284 τοῖς
1010 242 1147 283 πολλοῖς

120 309 278 360 ἀπορίαν.
303 309 346 345 Οἱ
380 306 439 355 μὲν
459 304 524 354 γὰρ
551 302 611 344 ἕως
639 300 782 354 Θράκης
816 301 998 351 ἀγαγόντες
1027 299 1147 345 αὐτὸν,

121 371 189 406 ἐκεῖ
215 366 349 415 λέγουσι
370 364 571 406 τελευτῆσαι
600 360 657 396 τὸν
692 359 780 410 βίον,
803 351 850 396 ὧν
882 358 954 395 ἔστι
980 358 1148 409 Κεφάλων

119 440 154 462 τε
173 423 342 474 Γεργίθιος
359 420 416 457 καὶ
433 418 652 468 Ἡγήσιππος
665 420 682 454 ὃ
698 416 784 468 Περὶ
804 415 988 461 Παλλήνης
1004 414 1149 466 γράψας,

121 482 236 532 ἄνδρες
256 481 392 530 ἀρχαῖοι
408 477 466 513 καὶ
488 475 590 525 λόγου
611 474 709 519 ἄξιοι.

176 535 229 574 Ex
265 537 398 572 eodem
429 536 656 582 Cephalione
690 534 894 570 secundum
922 533 1151 568 Lobeckium
1179 551 1185 574 1

122 596 321 645 (Aglaoph.
336 607 372 641 p.
396 593 515 641 1223)
536 593 656 628 hausit
673 593 826 639 Dionys,
844 592 867 626 1.
882 591 904 625 l.
924 603 955 627 c.
978 591 1021 625 61
1046 603 1053 624 :
1074 585 1151 625 Ἴα·

120 668 175 694 σος
192 654 226 689 ἐν
236 654 278 702 τῇ
293 650 387 702 νήσῳ
402 647 649 702 (Σαμοθρᾴκῃ)
661 650 816 700 κεραυνῷ
828 646 992 698 πληχθεὶς
1010 647 1151 696 τελευτᾶΙ

122 708 306 760 Δημητρὸς
321 707 419 753 εὐνὴν
436 706 661 758 ὄριγνώμενός
680 708 710 743 οἳ
732 706 834 757 ἔχειν.

621 783 654 818 5.

172 860 296 907 Steph.
320 860 404 906 Byz.
427 872 435 893 t
456 856 595 916 ᾈρίσὸη
609 886 618 903 ,
641 857 738 898 πόλις
757 858 816 900 τῆς
836 855 1016 904 Τρωάδος,
1044 854 1152 889 Μυτι-

120 916 270 963 ληναίων
290 915 447 961 ἄποικος,
464 918 504 959 ἦς
523 914 673 951 οἰκισταὶ
693 912 931 962 Σκαμάνδριος
951 909 1010 946 καὶ
1029 907 1153 946 Ἀσκά-

121 991 187 1018 νιος
204 974 272 1017 nib<
284 973 433 1012 Αἰνείου.
450 975 573 1010 Κεῒται
588 970 713 1021 μεταξὺ
729 968 917 1022 Περκώτης
928 966 986 1004 καὶ
996 965 1151 1003 isaiam).

124 1033 296 1084 Κεφάλων
324 1030 360 1068 δέ
392 1045 514 1082 φησιν,
546 1029 597 1066 ὅτι
628 1029 802 1078 Δάρδανος
831 1025 899 1062 ἀπὸ
928 1022 1156 1074 Σαμοθρᾴκης

122 1089 228 1127 ἐλθὼν
250 1091 297 1131 εἷς
325 1088 386 1134 τὴν
415 1087 565 1139 Τρωάδα
585 1086 645 1131 τὴν
665 1085 821 1136 Τεύκρου
848 1086 906 1120 τοῦ
926 1081 1061 1132 Κρητὸς
1094 1079 1156 1125 τὴν

123 1147 292 1199 θυγατέρα
330 1149 438 1196 γαμεῖ
476 1144 650 1196 Ἀρίσὸην.
695 1142 895 1181 Ἑλλάνικος
935 1139 969 1177 δὲ
1007 1139 1155 1177 Βάτειαν

126 1203 282 1254 (Ἄτειαν
302 1207 413 1253 vulgo
429 1217 438 1252 ς
456 1202 611 1240 Ἄντειαν
632 1202 715 1238 cod.
729 1198 910 1248 Rhedig.)
931 1196 1036 1241 αὐτήν
1057 1211 1154 1247 φησι.

125 1265 179 1302 Cf.
202 1265 412 1299 Hellanicus
428 1262 472 1299 fr.
502 1262 594 1309 1303
611 1261 782 1307 Ephorus
810 1258 856 1294 st.
881 1270 943 1292 21.

621 1341 657 1377 6.

177 1423 352 1468 Stephan,
389 1422 472 1467 Byz.
506 1433 513 1454 ε
546 1416 716 1468 Γραικός,
747 1419 764 1453 ὁ
789 1416 943 1460 ἽΞλλην,
975 1413 1155 1459 ὀξυτόνως,

125 1482 142 1516 ὁ
168 1478 350 1517 Θεσσαλοῦ
385 1476 476 1525 υἱὸς,
499 1477 557 1526 ἀφ’
589 1469 628 1512 οἷ
658 1474 798 1526 Γραικοὶ
824 1476 854 1511 οἱ
874 1471 1060 1518 Ἕλληνες.
1091 1474 1158 1509 Κε-

125 1535 243 1586 φάλων
273 1534 307 1571 δὲ
335 1533 393 1571 καὶ
424 1532 481 1569 τὸν
513 1533 678 1583 Γράνικον
707 1532 862 1578 ποταμὸν
896 1532 1047 1568 ἐντεῦθεν
1071 1531 1158 1573 κλη-

126 1595 238 1638 θῆναι.

628 1657 661 1687 7.

178 1736 304 1770 Festus
322 1748 360 1781 p.
390 1733 464 1768 266
486 1733 545 1768 ed.
567 1733 702 1766 Mulier
726 1745 733 1765 :
756 1734 908 1766 Romam
930 1732 1158 1777 appellatam

126 1805 202 1826 esse
221 1792 407 1839 Cephalon
427 1791 636 1836 Gergiclzius
653 1789 734 1836 (qul
746 1791 792 1823 (le
804 1790 919 1823 adven
926 1796 962 1822 tu
979 1790 1108 1822 AEtzece
1122 1792 1159 1821 Ῐη

128 1852 281 1885 Italiam
300 1851 447 1884 videtur
471 1849 742 1895 conscripsisse)
765 1851 821 1881 ait
837 1848 885 1881 ab
901 1846 1045 1881 homine
1062 1859 1159 1892 (suo—

127 1910 216 1943 dczm
247 1912 377 1942 comite
407 1909 557 1950 AEroeoe,
587 1919 667 1940 eum
697 1910 794 1940 enim
824 1912 996 1951 occupato
1021 1912 1155 1946 monte,

127 1969 190 2012 qui
209 1978 301 1999 nunc
316 1966 484 1999 Palatius
506 1961 738 2011 [Palatinus]
758 1964 899 2004 (licitur,
925 1959 1048 1995 urbem
1079 1974 1165 1995 con—

128 2024 275 2065 ‹Iidi.s'se,
301 2031 410 2069 atque
429 2035 511 2056 eam
528 2021 708 2056 Rllomam
725 2024 944 2055 nominasse.

629 2100 665 2137 8.

182 2182 335 2226 Dionys.
360 2180 442 2213 Hal.
470 2181 513 2213 A.
532 2180 575 2214 R.
595 2179 624 2219 Ι,
649 2190 715 2221 72,
733 2190 771 2223 p.
801 2176 870 2210 180
894 2177 966 2211 R.:
997 2174 1165 2224 Κεφάλων

133 2292 213 2321 ciam
237 2298 338 2328 usque
359 2287 538 2326 deducunt,
566 2288 598 2317 et
621 2286 662 2317 ibi
681 2286 777 2315 vitani
797 2284 909 2315 finiisse
937 2284 1066 2321 dicunt,
1084 2293 1163 2322 quo·

133 2349 203 2371 rum
223 2341 253 2371 in
274 2348 407 2371 numero
427 2340 500 2370 sunt
519 2338 680 2377 Cephalon
700 2336 880 2375 Gergithius
902 2337 933 2366 ct
957 2335 1164 2374 Hegessppus,

133 2393 188 2432 qui
218 2401 266 2423 res
300 2392 440 2427 Pallenes
472 2391 616 2431 scripsit,
647 2389 706 2419 viri
739 2388 851 2428 prisci,
883 2388 1020 2419 celebres
1050 2389 1080 2417 et
1107 2387 1166 2417 lide

133 2444 227 2483 digni.

632 2496 666 2526 5.

178 2552 303 2589 Arisbe,
336 2551 411 2581 urbs
439 2550 589 2588 Troadis,
622 2548 875 2587 Mytilenaeorum
903 2546 1045 2584 colonia,
1079 2545 1168 2582 cujus

137 2603 314 2634 conditores
329 2602 551 2633 Scamandrius
572 2603 604 2632 et
621 2601 773 2631 Ascanius
793 2601 899 2630 AEneae
926 2598 1019 2628 iilius.
1041 2597 1104 2629 Sila
1124 2599 1169 2627 cst

137 2656 218 2687 inter
234 2655 384 2685 Percoten
398 2655 429 2684 et
445 2653 601 2692 Abydum.
620 2651 783 2691 Cephalon
800 2659 876 2681 vero
890 2649 966 2680 dicit
985 2648 1167 2680 Dardanum

138 2715 155 2737 e
184 2704 401 2736 Samothracia
426 2704 458 2733 in
481 2702 636 2734 Troadem
671 2702 849 2742 profectum
876 2699 991 2732 Teucri
1015 2699 1171 2731 Cretensis

140 2756 235 2787 filiam
258 2754 399 2786 Arisbam
427 2763 557 2785 uxorem
580 2753 715 2784 duxisse.
746 2753 926 2784 Hellanicus
948 2760 1018 2782 eam
1048 2750 1169 2781 Batiam

140 2806 293 2838 nominat.

183 2918 313 2946 Graecus
324 2939 331 2953 ,
351 2914 487 2945 Thessali
503 2914 596 2951 lilius,
610 2922 627 2944 a
641 2922 705 2952 quo
721 2913 865 2943 uellenes
880 2912 954 2942 dicti
969 2912 1044 2942 sunt
1057 2909 1169 2941 Gracci.

142 2966 301 3006 Cephalon
326 2974 399 2996 vero
429 2965 521 2997 etiam
554 2964 725 2996 Granicum
756 2963 887 2993 fluvium
920 2962 960 2992 ab
991 2971 1027 2992 eo
1058 2969 1173 2992 nomen

143 3017 257 3049 habere
273 3016 327 3047 ait.

639 3069 673 3099 8.

185 3123 357 3164 Cephalion
385 3122 582 3159 Gergithius,
605 3121 738 3159 scriptor
763 3119 1016 3158 antiquissimus,
1045 3127 1173 3157 genera-

144 3177 228 3207 tione
241 3176 311 3214 post
323 3173 471 3203 Troicum
489 3171 605 3201 bellum
623 3170 760 3201 secunda
777 3169 888 3199 urbem
908 3169 1000 3199 inisse
1014 3168 1174 3199 conditam

145 3229 188 3260 ait
200 3227 240 3257 ab
254 3225 313 3256 illis
328 3225 381 3264 qui
401 3232 474 3254 cum
491 3225 586 3254 AEnea
604 3232 644 3253 ex
677 3222 731 3253 llio
752 3221 924 3251 incolumes
951 3222 1173 3260 profugerant;

146 3280 276 3319 ejusque
289 3277 483 3309 conditorem
509 3275 599 3305 fuisse
624 3274 759 3305 affirmat
782 3275 938 3309 Romum,
961 3272 1092 3303 coloniae
1114 3272 1182 3302 du-·

149 3339 235 3367 (θην,
253 3330 336 3361 hunc
352 3328 456 3360 autem
479 3326 570 3357 fuisso
595 3334 693 3355 unum
717 3333 755 3355 ex
784 3326 889 3355 AEnezc
915 3324 984 3354 lilii-3

975 152 1377 194 EEGESIANACTIS

1211 239 1271 288 μὲν
1287 238 1353 290 γὰρ
1368 241 1384 274 ὃ
1400 236 1572 286 Γεργίθιος
1589 233 1801 286 συγγραφεὺς
1817 231 1964 274 παλαιὸς
1976 229 2081 278 πάνυ,
2100 228 2239 280 δευτέρᾳ

1209 305 1306 349 γενεᾷ
1338 295 1424 344 μετὰ
1455 295 1511 331 τὸν
1540 292 1687 332 Ἰλιακὸν
1708 291 1858 340 πόλεμον
1884 289 2035 326 ἐκτίσθαι
2067 287 2148 339 φησὶ
2178 288 2240 331 τὴν

1209 354 1307 392 πόλιν
1338 353 1402 390 ὑπὸ
1422 355 1490 390 τῶν
1510 351 1542 395 ἐξ
1571 351 1675 389 Ἰλίου
1697 347 1931 387 διασωθέντων
1953 346 2013 383 σὺν
2037 344 2171 396 Αἰνείᾳ·
2192 346 2240 381 οἰ-

1211 412 1328 457 κιστὴν
1344 411 1377 449 δὲ
1390 413 1493 456 αὐτῆς
1508 408 1689 459 ἀποφαίνει
1701 407 1758 443 τὸν
1774 405 1994 456 ’ἡγησάμενον
2010 405 2070 447 τ’ἧς
2084 401 2243 443 ἀποικίας

1212 471 1368 519 Ῥῶμον·
1388 472 1507 506 τοῦτον
1525 468 1553 504 δ’
1569 462 1655 503 εἶναι
1674 468 1741 502 τῶν
1762 463 1900 503 Αἰνείου
1923 461 2055 498 παίδων
2075 459 2134 496 ἕνα
2147 475 2155 482 ·
2172 459 2246 496 τέτ-

1212 543 1318 580 ταρας
1347 527 1382 564 δέ
1410 541 1511 578 φησιν
1541 524 1657 575 Αἰνεία
1690 521 1846 571 γενέσθαι
1867 521 2012 565 παῖδας,
2049 516 2245 562 Ἀσκάνιον,

1216 584 1445 636 Εὐρυλέοντα,
1471 581 1674 628 Ῥωμύλον,
1696 579 1849 628 εΡῶμον.
1881 577 2027 630 Εἴρηται
2058 575 2093 613 δὲ
2122 579 2245 624 Δημα·

1213 643 1298 694 γόρᾳ
1325 642 1383 679 καὶ
1410 640 1607 691 Ἀγαθύλλῳ
1633 639 1690 676 καὶ
1724 638 1839 678 ἄλλοις
1863 641 1998 687 συχνοῖς
2022 634 2042 671 ὅ
2068 649 2104 670 τε
2129 633 2248 684 χρόνος

1214 701 1271 738 καὶ
1285 702 1302 736 ὃ
1315 703 1376 745 τῆς
1393 697 1550 739 ἀποικίας
1566 696 1705 745 ἡγεμὼν
1721 698 1737 733 ὃ
1753 694 1865 736 αὐτός.
1886 694 2023 730 Eadem
2044 707 2087 728 ex
2106 694 2247 739 Diony-

1214 760 1267 794 sio
1279 759 1414 794 Euseb.
1428 758 1514 793 Chr.
1529 769 1569 804 p.
1592 755 1652 800 45,
1666 763 1701 790 et
1717 754 1874 801 Syncell.
1891 766 1927 800 p.
1951 764 2037 799 192,
2050 753 2091 795 Β,
2104 751 2169 785 ubi
2181 762 2249 798 pro

1218 815 1388 866 Γεργίθιος
1409 822 1461 850 est
1486 812 1711 863 Γεργησαῒος.
1741 812 1795 847 Cf.
1815 811 1996 846 Niebuhr.
2019 811 2056 852 Ι,
2085 821 2124 856 p.
2165 807 2249 844 188.

1216 869 1431 916 Agathyllus
1454 866 1706 914 (Agathymus
1733 863 1893 910 Syncell.
1918 870 1953 897 et
1980 858 2133 909 Euseb.)
2154 872 2251 907 poe-

1216 938 1312 966 mate
1329 942 1386 965 res
1403 928 1568 965 Arcadiae
1588 928 1752 974 scripsit3
1780 925 1854 961 vid.
1873 927 2026 972 Dionys.
2043 937 2081 972 p.
2114 924 2183 959 123
2201 925 2248 959 R.

1717 1014 1752 1048 9.

1272 1079 1393 1124 Etym.
1413 1078 1465 1112 M.
1485 1088 1523 1122 p.
1543 1080 1637 1122 490,
1664 1088 1677 1109 1
1705 1087 1712 1108 :
1738 1070 1886 1117 Καπύη,
1905 1070 2003 1112 πόλις
2023 1069 2195 1115 Ἰταλίας,
2212 1070 2254 1115 ἣν

1217 1133 1355 1182 <Ρῶμος
1386 1132 1444 1169 καὶ
1464 1131 1646 1179 Ῥωμύλος
1667 1130 1734 1167 υἱοὶ
1754 1129 1881 1180 Ἄρεως
1906 1127 2043 1165 ἔκτισαν
2059 1158 2068 1173 ,
2096 1126 2140 1167 ὥς
2169 1142 2253 1178 φησι

1222 1190 1390 1241 Κεφάλων
1421 1192 1438 1226 ὁ
1470 1187 1656 1239 Γεργίθιος.
1691 1186 1814 1229 Οὕτως
1844 1180 1969 1238 ἲὨρος·
2000 1184 2098 1222 ἄλλοι
2121 1185 2154 1222 δὲ
2188 1185 2256 1222 ἀπὸ

1222 1247 1362 1289 Κάπυος
1376 1251 1433 1284 τοῦ
1453 1249 1626 1297 Τρωικοῦ.
1650 1249 1809 1282 Martem
1828 1253 1971 1293 patrem
1991 1245 2140 1280 aliunde
2158 1246 2256 1280 intu-

1220 1308 1261 1341 lit
1279 1308 1551 1354 grammaticus,

1710 1375 1767 1399 10.

1273 1446 1406 1481 Strabo
1423 1445 1537 1489 XIII,
1556 1457 1592 1491 p.
1613 1443 1685 1490 594
1705 1456 1712 1478 :
1731 1440 1944 1492 Ἡγησιάναξ
1959 1439 1994 1477 δὲ
2009 1438 2084 1481 τοὺς
2098 1439 2257 1483 Γαλάτας

1221 1500 1472 1552 περαιωθέντας
1492 1502 1529 1537 ἐκ
1549 1503 1609 1546 τῆς
1633 1499 1806 1552 Εὐρώπης
1839 1498 2010 1544 ἀναῧῆναι
2038 1498 2099 1546 μὲν
2121 1500 2166 1541 εἷς
2193 1498 2255 1544 τὴν

1222 1559 1322 1596 πόλιν
1342 1561 1413 1606 (sc.
1432 1558 1470 1595 τὸ
1489 1556 1619 1609 Ἴλιον)
1642 1557 1820 1607 δεομένους
1836 1556 2021 1609 ἐρύματος·
2039 1558 2260 1607 παραχρῆμα

1223 1618 1251 1654 δ’
1281 1617 1430 1654 ἐκλιπεῖν
1469 1616 1524 1653 διὰ
1560 1616 1598 1653 τὸ
1636 1617 1843 1666 ἀτείχιστον.
1878 1618 1965 1651 Haec
1994 1628 2039 1651 ex
2067 1617 2260 1651 Demetrio

1226 1677 1394 1723 ScepsiO,
1416 1689 1460 1711 ex
1486 1689 1561 1723 quo
1579 1676 1851 1719 antecedentia,
1870 1675 2003 1710 Strabo
2024 1674 2153 1708 hausit.

1633 1744 1835 1781 ΛΙΒΥΚΑ.

1532 1843 1558 1876 Ε
1588 1842 1735 1876 LIBRO
1765 1842 1955 1877 TERTIO.

1720 1935 1776 1957 ll.

1280 2002 1465 2039 Plutarch,
1485 2002 1569 2038 Par.
1592 2002 1684 2037 inin.
1705 2013 1737 2038 c.
1763 2001 1825 2042 23,
1846 2013 1882 2047 p.
1897 2000 1984 2044 351,
2004 2002 2033 2036 D
2055 2012 2062 2034 :
2087 1999 2265 2050 Καλπούρ-

1228 2074 1294 2100 νιος
1316 2057 1493 2108 Κράσσος,
1512 2057 1597 2108 ἀνὴρ
1621 2060 1688 2094 τῶν
1709 2056 1906 2106 ἐπισήμων,
1921 2056 2101 2108 (Ρηγούλῳ
2118 2072 2264 2109 συστρα-

1229 2116 1425 2165 τευόμενος,
1449 2115 1604 2167 ἐπέμφθη
1628 2117 1672 2156 εἷς
1695 2115 1922 2160 Μασσύλους,
1943 2114 2124 2166 πορθήσων
2154 2114 2263 2166 φρού-

1231 2174 1299 2222 ριόν
1323 2189 1355 2210 τι
1376 2174 1595 2223 δυσάλωτον,
1624 2172 1773 2221 τοῦνομα
1794 2172 1995 2223 Γαραίτιον.
2028 2172 2263 2223 Αἷχμάλωτος

1226 2284 1308 2314 enirn
1329 2286 1479 2323 quattuor
1504 2284 1650 2315 habuisse
1681 2284 1779 2322 filios,
1811 2284 1996 2322 Ascanium,
2025 2284 2265 2323 Euryleontem,

1229 2335 1398 2365 Romulum
1415 2336 1446 2366 et
1470 2337 1619 2366 Ronnnn.
1640 2337 1830 2373 Demagoras
1854 2335 1948 2365 etiam
1968 2336 1999 2365 et
2027 2335 2211 2374 Agathyllus
2235 2338 2266 2366 et

1229 2385 1321 2416 multi
1337 2386 1389 2416 alii
1403 2389 1434 2417 et
1450 2386 1533 2416 idem
1552 2387 1676 2425 tempus
1692 2388 1722 2416 et
1739 2386 1874 2417 eundem
1892 2385 2024 2417 coloniae
2041 2385 2155 2416 ducem
2174 2385 2267 2417 fuisse

1229 2439 1397 2468 testantur.
1728 2481 1750 2512 9

1271 2537 1397 2574 Capua,
1416 2535 1491 2565 urbs
1511 2535 1610 2566 ltaliae
1623 2560 1632 2574 ,
1649 2544 1746 2574 quam
1775 2537 1894 2566 Romus
1919 2537 1950 2565 et
1967 2535 2138 2573 Romulus,
2159 2535 2268 2566 Martis

1231 2586 1301 2624 filii,
1320 2585 1545 2625 condiderunt,
1564 2589 1600 2618 ut
1622 2586 1781 2626 Cephalon
1804 2585 1984 2624 Gergilhius
2001 2584 2097 2624 ditit,
2125 2586 2267 2616 lestante

1230 2639 1326 2668 Horo.

1720 2681 1761 2711 10
1771 2704 1779 2711 .

1273 2735 1467 2773 Hegesianax
1492 2736 1601 2767 scribit
1627 2735 1752 2772 Gallos,
1776 2742 1877 2773 quum
1893 2742 1933 2764 ex
1959 2735 2084 2772 Europa
2102 2733 2132 2764 in
2159 2734 2264 2765 Asiam

1232 2785 1425 2824 trajecissent
1438 2788 1469 2817 et
1486 2787 1609 2817 munito
1624 2786 1695 2816 loco
1711 2793 1791 2824 opus
1802 2784 1981 2815 habuissent
1993 2807 2000 2822 ,
2014 2784 2047 2814 in
2059 2793 2128 2815 eam
2142 2784 2267 2816 adscen-

1232 2838 1312 2869 disse
1325 2838 1455 2877 urbe1n3
1483 2839 1556 2878 quia
1572 2847 1647 2869 vero
1663 2837 1762 2868 muris
1787 2839 1925 2873 careret,
1949 2837 2054 2867 statim
2082 2844 2151 2867 eam
2177 2836 2266 2868 dese.—

1235 2898 1340 2921 ruisse-

1656 2931 1844 2968 LlBYCA.

1727 3012 1777 3043 li.

1275 3068 1465 3106 Calpurnius
1494 3070 1643 3104 Crassus,
1670 3067 1719 3096 vir
1747 3064 1894 3102 illustrffi,
1931 3065 2037 3101 Reguli
2072 3065 2209 3103 legatus,
2237 3066 2268 3095 in

1237 3119 1385 3157 Massylos
1410 3119 1522 3149 missus
1538 3120 1574 3148 ut
1599 3117 1775 3149 Garaetium
1792 3115 1956 3146 castellum
1977 3117 2125 3154 snper-atu
2143 3115 2270 3146 difficile

1236 3172 1448 3209 oppugnaret,
1463 3174 1574 3209 captus
1592 3171 1648 3201 est.
1668 3171 1838 3206 Quumque
1855 3169 1935 3197 esset
1949 3169 2086 3198 Saturno
2102 3167 2268 3198 immolan-

1237 3221 1315 3259 dus,
1338 3221 1480 3260 Bisaltia,
1504 3221 1582 3259 regis
1599 3219 1682 3257 lilia,
1705 3218 1855 3249 adamans
1876 3226 1949 3248 eum
1973 3218 2125 3248 victorem
2145 3218 2270 3257 prodito

1239 3274 1325 3311 patre
1353 3273 1445 3311 fecit,
1471 3281 1508 3303 ac
1536 3280 1569 3303 se
1596 3271 1695 3310 ipsam
1721 3269 1762 3300 ob
1787 3269 1883 3308 ipsius
1906 3268 2076 3300 discessum
2099 3268 2268 3308 jugulavit.

1010 3337 1014 3353 z
1044 3325 1174 3356 AEneam
1205 3339 1209 3352 ι
1242 3324 1432 3362 Hegesianax
1447 3323 1539 3353 tertio
1557 3322 1634 3354 libro
1651 3328 1757 3353 rerum
1773 3320 1970 3358 Libycarum.
