2289 3728
948 82 1275 122 FRAGMENTA.
2121 90 2166 119 57

606 163 669 204 δη.

59 175 75 209 ὁ
95 172 251 239 μέγιστος
267 175 370 212 οἶκος·
390 169 622 220 πεοίπτεροςο
649 184 686 212 η
694 196 701 210 ,
720 169 823 202 -·ἰκοσι
840 166 954 207 mim<
972 168 1084 203 ἐπιδε-

58 231 213 281 γόμενος.
249 228 517 272 Κατεσκευάσθη
537 228 566 262 δ’
591 227 691 262 αυτου
714 223 754 259 τὰ
775 224 833 259 υιὲν
851 225 928 259 πλε“
921 239 995 259 ιστα
1019 225 1086 259 ἀπο

59 288 178 338 κέδρου
195 302 338 337 σγιστης
366 301 424 321 και
450 282 663 333 κυπαρίσσου
695 282 765 318 Μι)
760 292 887 325 ησιας·
915 281 987 315 αἳ
971 279 1004 315 οὲ
1028 283 1086 324 τῆς

60 345 292 396 περιστάσεως
307 343 425 394 θύραι,
442 357 498 378 τον
517 339 658 392 ἀριθμὸν
677 337 800 374 εἴκοσιν
825 352 941 383 ουσαι,
963 335 1088 378 θυίναις

60 403 351 448 κατεκεκόλληντο
366 399 508 445 σανίσιν,
528 395 796 448 ἐλεφαντίνους
778 410 919 445 εχουσαι
936 410 1011 436 τους
1030 394 1089 431 κό-

60 476 177 534 σμους.
235 460 280 498 ‘H
300 460 328 496 δ’
347 458 510 503 ἐνήλωσις
529 458 550 501 ἡ
571 454 661 492 κατὰ
681 453 865 503 πρόσωπον
886 453 1010 498 αὐτων,
1031 451 1088 490 καὶ

60 518 104 556 τὰ
124 518 252 570 ῥόπτρα
275 516 307 559 ἐξ
329 517 467 566 ἐρυθροῖ
484 512 645 564 γεγονότα
663 512 816 562 χαλκου,
834 509 895 554 τὴν
914 509 1089 561 χρύσωσιν

62 592 101 614 εκ
120 591 224 626 πυρος
243 575 388 622 εἰλήφει.
443 574 524 610 'low
545 570 580 607 δὲ
598 569 717 607 κιόνων
738 567 782 604 τὰ
800 567 863 618 μὲν
884 567 1029 616 σώματα
1051 571 1091 613 ἠν

62 633 312 685 κυπαρίσσινα,
333 633 367 668 αἱ
386 629 421 667 δὲ
445 628 592 681 κεφαλαὶ
615 629 909 678 Κορινθιουργεῖς,
933 625 1092 677 ἐλέφαντι

64 706 122 728 και
140 706 257 742 χρυσω
272 686 601 736 διακεκοσμημέναι.
622 685 674 724 Τὸ
690 684 724 721 δὲ
743 683 971 720 ἐπιστύλιον
958 699 995 719 εκ
1010 698 1092 734 χρυ

65 753 126 786 σοῦ
151 748 190 785 τὸ
211 747 309 785 ὅλον·
338 747 389 797 ἐφ’
419 749 455 782 οὗ
477 744 654 792 διάζωσμα
681 742 891 810 ἐφήρμοστο,
923 743 1094 791 περιφανῆ

66 805 204 858 ζώδια
186 821 263 856 εχον
275 804 487 856 ἐλεφάντινα,
504 803 642 852 μείζονα
654 799 848 850 πηχυαίων,
862 815 903 848 τῃ
919 797 979 846 μὲν
990 797 1094 848 τέχνη

71 864 212 916 μέτρια,
237 867 278 914 τῇ
299 862 447 913 χορηγία
476 861 502 897 δ’
533 864 572 903 ἀς
558 858 806 907 ιοΟαύυιαστα.

68 938 125 959 και
142 922 246 972 στέγη
264 920 347 958 καλ
324 937 353 966 η
369 937 416 957 τω
433 918 615 969 συμποσίω
629 916 837 967 τετράγωνος
849 914 1097 965 κυπαρισσίνη·

68 978 213 1048 γλυπτοι
232 978 260 1015 δ’
281 979 384 1022 αὐτῆς
411 980 500 1022 ἦσαν
521 978 551 1013 οἱ
571 974 713 1023 κόσμοι,
736 975 867 1023 χρυσῆν
886 970 1018 1021 ἔχοντες
1037 972 1097 1016 τὴν

70 1036 282 1087 Επῑφάνεῑαν.

864 855 1079 893 Ἐπέκειτο
1063 855 1097 893 οὲ

343 1034 535 1084 Παρέκειτο
562 1032 596 1069 δε
624 1048 673 1068 τω
706 1029 888 1079 συμποσίῳ
913 1029 1022 1066 τούτω
1042 1029 1100 1067 καὶ

70 1093 191 1132 κοιτὼν
222 1093 439 1134 ἑπτάκλινος·
470 1094 497 1127 ὡ
526 1093 678 1135 συνῆπτο
710 1090 809 1136 στεν·>ι
838 1089 980 1141 σύριγξ,
1013 1087 1101 1125 κατὰ

72 1153 200 1194 πλάτος
220 1166 278 1188 του
306 1150 426 1192 κύτους
453 1130 648 1200 χωρίζουσα
671 1149 732 1194 τὴν
752 1153 1004 1199 γυναικωνῖτιν.
1039 1146 1100 1184 Ἐν

73 1210 108 1248 δὲ
135 1209 242 1259 ταύτῃ
265 1207 454 1257 συμπόσιον
484 1208 695 1244 εννεάκλινον
716 1210 769 1254 ἠν,
799 1204 1042 1257 παραπλήσιον
1062 1206 1103 1254 τη

74 1266 277 1317 πολυτελείᾳ
298 1282 347 1303 τι)
374 1264 532 1315 μεγάλω,
553 1280 611 1301 και
633 1280 754 1302 κοιτων
781 1264 1013 1305 πεντάκλινος.
1036 1261 1106 1300 Και

74 1326 118 1363 τὰ
133 1325 193 1374 μὲν
210 1324 290 1375 ἄχρι
301 1326 361 1369 τῆς
373 1322 512 1374 πρώτης
526 1321 647 1371 στέγης
660 1321 963 1370 κατεσκευασμένα
978 1319 1107 1357 τοιαῦτ’

74 1378 128 1429 ἦν.

132 1459 147 1473 u
175 1439 387 1478 Ἀναὲάντων
425 1438 459 1475 δὲ
487 1437 547 1481 τὰς
584 1439 839 1489 παρακειμένας
881 1436 1025 1483 πλησίον
1059 1438 1108 1487 τῶ

77 1498 313 1549 ποοειρημένι)
330 1498 464 1534 κοιτῶνι
479 1497 673 1545 κλίμακας,
693 1491 781 1539 οἶκος
798 1491 838 1542 ἦν
861 1495 917 1532 ἄλ
907 1510 961 1537 Λος
980 1493 1108 1531 πεντά-

79 1557 209 1605 κλινος,
234 1555 400 1607 ὀρόφωμα
426 1554 639 1605 ρομὸωτὸν
622 1570 729 1627 εγων·
751 1570 808 1591 και
833 1553 978 1599 πλησίον
1006 1552 1109 1587 αὐτου

79 1613 157 1655 ναὸς
182 1612 378 1664 Ἀφροδίτης
398 1611 588 1658 θολοειδὴς,
617 1613 650 1648 ἐν
671 1615 698 1648 ὡ
725 1611 939 1662 μαρμάρινον
969 1610 1110 1660 ἄγαλμα

80 1674 139 1716 της
157 1673 244 1708 θεοῦ.
265 1669 491 1707 Κατεναντίον
508 1669 542 1706 δὲ
557 1668 679 1706 τούτου
700 1669 784 1706 ἄλλο
799 1668 988 1717 συμπόσιον
1005 1669 1113 1704 πολυ-

79 1727 172 1770 τελὲς
187 1727 400 1778 περίπτερον·
415 1729 445 1764 οἱ
462 1726 527 1777 γὰρ
544 1727 650 1769 κίονες
670 1728 772 1764 αὐτοῦ
790 1728 827 1763 ἐκ
843 1706 944 1762 λίθων
962 1725 1112 1762 Ἰνδικῶν

83 1785 284 1822 συνέκειντο.
302 1784 407 1834 Παρὰ
421 1784 455 1820 δὲ
470 1784 528 1820 καὶ
543 1784 653 1835 τούτῳ
667 1786 715 1835 τῷ
733 1783 916 1834 συμποσίῳ
933 1785 1089 1824 κοιτῶνες
1100 1811 1110 1830 ,

83 1843 266 1880 ἀκόλουθον
282 1842 342 1887 τὴν
363 1840 577 1887 κατασκευὴν
598 1844 666 1884 τοῖς
682 1839 996 1892 προδεδηλωμένοις
1013 1839 1112 1890 ἔχον-

1143 285 1184 325 ,το
1203 285 1313 333 γεῖσον
1335 284 1395 325 ἕως
1415 288 1472 319 τοῦ
1491 284 1747 334 περιτρέχοντος
1768 283 1984 320 επιστυλίου·

1145 186 1210 210 τες.
1238 171 1426 220 Προάγοντι
1445 169 1476 205 δὲ
1494 169 1547 205 ε’πί
1566 170 1625 213 τὴν
1643 171 1781 220 πρῷραν
1795 163 1881 210 οἶκος
1902 168 2058 204 ὑπέκειτο
2081 171 2174 205 Βακ-

1146 227 1240 276 χικὸς
1252 256 1259 268 ,
1276 227 1625 276 τρισκαιδεκάκλινος,
1644 226 1863 277 περίπτερος,
1887 226 2069 276 ἐπίχρυσον
2088 225 2176 275 ἔχων

2016 282 2119 331 στέγη
2141 283 2175 318 δὲ

1743 341 1802 378 Ἐν
1818 341 1852 378 δε
1872 342 1982 377 τούτω
2002 339 2090 377 κατὰ
2115 339 2176 388 μὲν

1149 397 1209 442 τὴν
1222 396 1331 440 δεξιὰν
1342 397 1525 448 πλευρὰν’
1504 413 1622 449 αντρον
1638 399 1905 443 κατεσκεύαστο,
1922 414 1959 435 ου
1975 401 2101 449 χρῶμα
2118 397 2179 446 μὲν

1149 459 1190 501 ἠν
1211 454 1287 505 ἔχον
1305 454 1366 500 τὴν
1384 457 1601 505 πετροποιίαν
1617 457 1654 492 ἐκ
1672 456 1774 493 λίθων
1791 458 1957 502 ἀληθινῶν
1974 471 2031 492 και
2051 459 2179 506 χρυσοῦ

1152 511 1501 562 δεδημιουργημένον·
1517 513 1632 564 ἵδρυτο
1649 514 1677 549 δ’
1694 515 1725 549 ἐν
1742 515 1833 565 αὐτῷ
1850 517 1909 559 τῆς
1926 517 1991 550 τῶν
2012 512 2181 563 βασιλέων

1153 568 1348 620 συγγενείας
1365 569 1550 618 ἀγάλματα
1570 569 1716 606 εἰκονικὰ
1734 571 1825 606 λίθου
1843 570 2004 620 λυχνέως.
2022 570 2182 620 Ἐπιτερ-

1153 626 1213 669 πὲς
1233 627 1262 663 δ’
1281 628 1404 668 ἱκανῶς
1423 626 1481 663 καὶ
1500 627 1583 663 ἄλλο
1604 627 1790 674 συμπόσιον
1813 622 1866 672 ἦν,
1890 628 1945 663 ἐπὶ
1968 631 2010 677 τῇ
2040 631 2100 664 τοῦ
2121 642 2184 674 με-

1154 685 1270 735 γίστου
1286 684 1378 720 οἴκου
1398 683 1501 733 στέγῃ
1519 683 1686 732 κείμενον,
1711 688 1836 729 σκηνῆς
1865 684 1941 734 ἔχον
1962 685 2074 728 τάξιν·
2092 684 2181 721 ὥστε

1155 746 1197 792 τῇ
1228 741 1288 791 μὲν
1315 743 1374 778 οὐκ
1399 743 1483 786 ἐπῆν
1502 742 1537 760 *¹*
1568 740 1743 777 διατόναια
1767 741 1801 777 δὲ
1823 742 1971 787 τοξοειδῆ
1999 741 2054 778 διὰ
2078 745 2184 779 ποσοῦ

1157 815 1243 841 τινος
1260 798 1458 836 ε’νετέτακτο
1475 798 1724 867 διαστήματος,
1742 798 1791 848 ἐφ’
1808 792 1853 833 ῶν
1873 800 2011 835 αὐλαῖαι
2026 798 2115 835 κατὰ
2129 799 2184 835 τὸν

1158 857 1329 894 ἀνάπλουν
1366 856 1542 906 ἁλουργεις
1582 855 1853 894 ἐνεπετάννυντο.
1887 856 1984 893 Μετοι
2019 856 2053 893 δὲ
2088 872 2188 892 τουτο

1159 914 1286 984 αιθριον
1313 913 1506 983 ἐξεδέχετο,
1535 912 1595 957 τὴν
1625 912 1738 949 ἐπάνω
1766 928 1826 957 της
1854 913 2076 961 υποκειυιένης
2100 928 2187 963 προ-

1161 973 1281 1014 στάδος
1300 971 1392 1015 τάξιν
1422 986 1584 1021 κάτεχον·
1602 974 1630 1022 ᾧ
1672 969 1798 1018 κλῖμάξ
1823 985 1858 1006 τε
1889 969 2022 1015 ἑλικτὴ,
2042 986 2190 1021 φερουσα

1161 1030 1243 1081 πρὸς
1258 1030 1313 1067 τὸν
1329 1045 1477 1081 κρυπτον
1492 1028 1695 1080 περίπατον,
1712 1043 1914 1078 παρεκειτο,
1928 1043 1986 1063 και
2004 1028 2190 1077 συμπόσιον

1163 1088 1389 1136 ἐννεάκλινον,
1418 1090 1458 1136 τῇ
1486 1085 1633 1122 διαθέσει
1661 1088 1720 1130 τῆς
1748 1087 1964 1129 κατασκευῆς
1989 1085 2189 1133 Αἰγύπτιον.

1164 1147 1208 1183 Οἱ
1225 1144 1291 1196 γὰρ
1310 1144 1484 1195 γεγονότες
1513 1143 1627 1180 αὐτόθι
1656 1142 1760 1185 κίονες
1787 1142 1950 1213 ἀνήγοντο
1974 1143 2192 1193 στρογγύλοι,

1164 1201 1423 1244 διαλλάττοντες
1435 1206 1503 1243 τοῖς
1518 1200 1733 1247 σπονδύλοις,
1749 1204 1807 1237 τοῦ
1826 1199 1886 1248 μὲν
1905 1199 2065 1249 μελανος,
2085 1203 2141 1237 τουΙ
2161 1199 2195 1236 δε

1164 1262 1307 1306 λευκου,
1335 1260 1545 1312 παράλληλα
1567 1259 1762 1308 τιθεμένων.
1794 1258 1872 1296 Εἷσι
1893 1258 1924 1294 δ
1953 1273 2062 1295 αυτων
2082 1273 2141 1294 και
2161 1260 2195 1294 αἱ

1166 1319 1312 1372 κεραλαι
1324 1335 1371 1355 τι)
1383 1318 1537 1370 σχήματι
1547 1318 1748 1387 περιφερεῖς,
1763 1320 1807 1353 ὡν
1820 1319 1840 1361 ἡ
1853 1332 1913 1364 μεν
1927 1315 1988 1362 όλη
2004 1315 2197 1367 περιγραφὴ

1168 1377 1396 1428 παραπλησία
1423 1376 1528 1428 ῥόδοις
1554 1391 1610 1411 επι
1632 1390 1751 1425 μικρον
1775 1378 2070 1423 ἀναπεπταμένοις
2096 1374 2198 1410 ἐστίν.

1168 1435 1283 1486 Περι
1267 1434 1300 1471 οὲ
1312 1434 1368 1471 τὸν
1380 1433 1640 1485 προσαγορευόυ.
1634 1448 1715 1469 ,ενον
1726 1432 1873 1469 κάλαθον
1887 1447 1951 1482 007
1961 1432 2080 1479 ἕλικες,
2094 1431 2198 1468 καθά-

1169 1508 1232 1543 περ
1249 1492 1382 1529 ἐπὶτῶν
1397 1491 1623 1536 <Ελληνικῶν,
1639 1490 1696 1527 καὶ
1713 1489 1823 1541 φύλλα
1840 1489 1971 1540 τραχέα
1990 1489 2200 1540 περίκειται,

1169 1552 1286 1588 λωτῶν
1304 1549 1338 1586 δὲ
1355 1549 1536 1593 ποταμίων
1551 1547 1707 1594 κάλυκες,
1720 1547 1777 1584 καὶ
1795 1548 1950 1595 φοινίκων
1964 1546 2199 1597 ἀρτιὸλάστων

1170 1607 1309 1658 καρπός·
1322 1606 1434 1644 ἔστιδ’
1445 1606 1499 1643 ὅτε
1509 1606 1567 1643 καὶ
1575 1605 1739 1642 πλειόνων
1753 1605 1864 1642 ἄλλων
1875 1604 2001 1641 ἀνθέων
2013 1604 2200 1655 γέγλυπται

1170 1665 1262 1715 γένη.
1277 1664 1328 1703 Τὸ
1346 1666 1374 1701 δ’
1402 1664 1467 1701 ὑπὸ
1490 1664 1550 1709 τὴν
1578 1662 1719 1715 ῥίζαν,ὃ
1745 1662 1785 1708 δὴ
1814 1665 1862 1712 τῷ
1893 1662 2094 1699 συνάπτοντι
2119 1661 2202 1713 πρὸς

1172 1721 1232 1767 τὴν
1249 1721 1400 1773 κεφαλὴν
1419 1714 1585 1758 ἐπίκειται
1605 1720 1805 1771 σπονδύλῳ,
1821 1720 1992 1771 κιὸωρίων
2013 1720 2126 1756 ἄνθεσι
2145 1718 2203 1756 καὶ

1173 1780 1310 1832 φύλλοις
1329 1780 1454 1816 ὡσανεὶ
1469 1779 1807 1828 καταπεπλεγμένοις
1825 1778 1944 1826 ὁμοίαν
1962 1773 2033 1828 εἶχε
2049 1777 2110 1822 τὴν
2128 1776 2202 1813 διά-

1148 344 1208 385 τῆς
1231 344 1289 376 τοῦ
1307 344 1340 376 θε
1329 345 1381 377 cou'
1400 341 1577 382 διαθέσεως
1597 342 1719 378 οἰκεία.

1175 1842 1278 1876 θεσιν.
1295 1837 1383 1880 Τοὺς
1399 1837 1459 1886 μὲν
1473 1832 1529 1874 οὖν
1544 1837 1657 1878 κίονας
1669 1836 1774 1878 οὕτως
1792 1836 1973 1886 Αἰγύπτιοι
1988 1835 2203 1872 κατασκευά-

84 1955 169 1985 circa
188 1955 321 1984 ornatus
334 1978 342 1992 ,
358 1953 488 1992 triginta
513 1954 613 1984 lectos
628 1953 763 1993 capiens.
789 1955 824 1983 ln
840 1953 893 1982 illo
907 1952 1058 1991 pleraque
1072 1959 1111 1981 ex

86 2008 173 2036 secta
198 2004 292 2036 cedro
310 2006 367 2035 aut
389 2004 508 2036 Milesia
534 2013 683 2043 cupresso
703 2004 872 2034 fabrefacta
896 2003 986 2033 erant
1010 2016 1015 2033 :
1036 2003 1117 2032 sores

87 2066 162 2088 vero
178 2057 210 2087 in
229 2057 383 2095 circuitu,
397 2065 531 2087 numero
555 2055 664 2094 viginti
680 2080 688 2094 ,
705 2064 745 2086 ex
767 2055 872 2085 citreis
892 2054 1011 2084 tabulis
1029 2062 1117 2083 com·

89 2110 208 2148 pactae,
223 2109 254 2139 et
272 2108 375 2138 multo
389 2107 483 2138 ebore
502 2109 631 2137 ornatae.
657 2105 821 2145 Quidquid
843 2105 874 2135 in
890 2105 939 2135 his
955 2105 1119 2135 clavorum

91 2161 148 2190 aut
165 2159 348 2190 ferramenti
361 2158 627 2197 conspiciebatur,
643 2157 771 2196 perinde
788 2165 826 2187 ac
841 2156 949 2187 annuli
962 2156 1028 2187 sive
1039 2164 1120 2186 mar-

91 2211 155 2241 culi
172 2219 211 2241 ex
234 2210 329 2240 rubro
343 2218 405 2240 aere
424 2208 568 2248 conflati,
585 2209 617 2239 in
636 2208 706 2248 igne
724 2207 913 2239 deauratum
931 2209 1009 2238 erat.
1027 2207 1121 2237 Colu-

91 2270 236 2292 mnarum
250 2260 334 2300 scapi
345 2270 385 2292 ex
395 2268 541 2299 cypresso
556 2261 664 2297 erant3
677 2259 826 2298 capitula,
841 2258 994 2289 Corinthii
1007 2258 1121 2297 operis,

92 2313 186 2343 ebore
205 2314 236 2342 et
249 2321 327 2342 auro
341 2313 503 2342 exornata.
519 2311 706 2350 Epistylium
720 2312 826 2341 totum
839 2309 1026 2340 deauratum
1047 2322 1053 2339 '.
1072 2309 1123 2339 cui

93 2363 242 2403 adaptata
253 2365 319 2394 erat
335 2362 529 2402 praecinctio,
546 2371 586 2392 ex
599 2370 662 2401 qua
675 2361 855 2391 eminebant
868 2361 1006 2391 eburnea
1022 2360 1122 2399 signa,

93 2415 202 2446 cubito
218 2414 354 2453 majora;
369 2413 492 2444 artificii
508 2413 562 2444 illa
575 2412 703 2452 quidem
718 2411 902 2449 mediocris,
917 2411 970 2442 sed
984 2411 1125 2441 materia:

93 2467 193 2508 pretio
208 2466 402 2497 admiranda.
421 2465 606 2505 Impositum
624 2465 719 2496 etiam
739 2466 865 2503 elegans
881 2466 1001 2494 tectum
1022 2472 1126 2493 corna-

93 2521 166 2551 culo
182 2520 270 2558 erat,
291 2518 501 2558 quadratum,
522 2518 762 2557 cupressinum;
784 2517 816 2547 in
836 2525 898 2556 quo
920 2517 1022 2547 multa
1035 2517 1125 2547 crant

95 2571 217 2610 sculpta
228 2571 414 2600 ornamenta
426 2593 435 2607 ‚
453 2569 598 2600 inaurata
612 2569 643 2599 iu
660 2569 836 2609 superficie.
866 2568 1038 2599 Coenaculo
1054 2568 1127 2598 huic

96 2621 280 2662 proximum
299 2622 366 2651 erat
383 2620 567 2651 cubiculum
585 2621 706 2660 septem
723 2620 877 2651 lectorum
895 2633 902 2650 ;
926 2619 1013 2658 quod
1035 2619 1127 2650 attin·

97 2672 189 2711 gebat
205 2672 355 2710 angustus
374 2671 499 2702 meatus
511 2695 520 2710 ,
535 2679 553 2701 e
564 2671 743 2701 transverso
760 2669 935 2701 secundum
949 2670 1030 2701 alvei
1041 2670 1129 2701 navis

97 2721 297 2753 latitudinem
307 2720 437 2759 ductus,
449 2721 502 2760 qui
517 2721 688 2751 mulierum
707 2721 934 2752 habitationem
950 2721 1126 2760 separabat.

98 2776 134 2804 lu
147 2771 375 2812 gynaeconitide
390 2772 589 2802 coenaculum
603 2773 669 2802 erat
685 2780 799 2803 novem
814 2772 986 2811 lectorum,
1004 2774 1127 2812 magni-

100 2824 227 2854 licentia
240 2832 296 2862 par
309 2822 421 2861 majori
434 2822 497 2859 illi,
509 2824 540 2854 et
556 2822 739 2853 cubiculum
753 2823 909 2854 lectorum
921 2824 1074 2863 quinque.
1090 2826 1129 2856 Et

99 2875 137 2905 ad
150 2874 286 2914 primum
300 2873 428 2913 quidem
439 2882 538 2913 usque
549 2875 668 2904 tectum
676 2894 686 2908 ,
698 2873 768 2904 haec
778 2873 822 2904 ita
833 2874 981 2913 disposita
991 2877 1090 2906 erant.

145 2938 159 2952 u
192 2924 253 2956 Ubi
285 2933 360 2954 vero
388 2933 444 2963 per
471 2925 570 2954 scalas
602 2924 755 2963 praedicto
777 2925 922 2955 cubiculo
953 2925 1130 2964 adjacentes

101 2975 285 3007 ascenderas
294 2999 302 3013 ,
322 2975 407 3005 aliud
421 2976 488 3006 erat
499 2975 649 3006 conclave
662 2975 803 3015 quinque
817 2976 991 3015 lectorum,
1009 2979 1128 3008 tectum

102 3027 220 3058 habens
230 3027 353 3058 rhombi
367 3027 464 3066 figura
480 3039 486 3057 :
503 3028 533 3057 et
544 3035 640 3066 prope
651 3027 729 3057 illud
743 3027 826 3058 aedes
837 3028 985 3067 Veneris,
1000 3029 1041 3059 ad
1053 3030 1130 3060 tholi

103 3081 237 3110 t'ormam
254 3080 450 3115 constructa3
467 3078 498 3108 in
514 3086 576 3117 [pia
594 3079 661 3108 erat
677 3086 890 3109 marmoreum
913 3078 980 3110 deae
994 3080 1129 3119 siguum.

104 3129 184 3160 Huic
200 3138 237 3160 ex
257 3128 388 3159 adverso
413 3128 500 3159 aliud
518 3130 585 3159 erat
604 3129 803 3160 coenaculum
827 3129 1050 3169 magnificum,
1076 3140 1132 3162 co-

104 3180 219 3210 lumnis
240 3180 446 3209 circumcirca
469 3182 617 3210 ornatum
637 3189 643 3209 :
670 3182 759 3210 erant
784 3182 889 3210 autem
913 3181 1068 3212 columnae
1093 3191 1131 3212 ex

106 3231 221 3266 indicis
246 3230 400 3270 lapidibus
421 3233 622 3263 constructa).
668 3233 849 3274 Rursusque
874 3233 947 3263 huic
970 3234 1132 3265 coenaculo

1173 1950 1283 1989 juncta
1299 1949 1443 1980 cubicula
1454 1973 1462 1987 ,
1478 1949 1521 1979 ita
1534 1949 1688 1979 instructa
1702 1949 1737 1979 ut
1756 1948 2001 1978 consentaneum
2016 1947 2083 1978 erat
2104 1946 2151 1976 his
2166 1946 2205 1976 de

1178 2000 1292 2039 quibus
1313 2000 1378 2039 jam
1397 2000 1514 2030 dictum
1537 2001 1594 2030 est.
1638 1999 1683 2030 Ad
1706 2007 1831 2038 proram
1857 1997 1996 2037 pergenti
2018 1997 2208 2027 occurrebat

1179 2062 1265 2084 cecus
1283 2052 1453 2083 Baccliicus
1474 2052 1625 2083 tredecim
1648 2052 1822 2089 lectorum,
1842 2050 1997 2081 columnis
2019 2049 2050 2079 in
2072 2049 2206 2079 circuitu

1178 2105 1307 2134 ornatus
1316 2127 1324 2141 ,
1337 2104 1480 2133 auratam
1492 2102 1612 2133 habens
1625 2101 1834 2141 suggrundam
1849 2109 1947 2140 usque
1956 2100 1994 2130 ad
2013 2099 2207 2130 circumcur-

1179 2163 1251 2185 rens
1263 2153 1443 2193 epistylium
1460 2166 1466 2184 :
1485 2155 1604 2184 tectum
1617 2161 1691 2183 vero
1710 2160 1883 2191 congruens
1896 2151 1945 2181 dei
1962 2150 2095 2189 ingenio.
2115 2151 2149 2180 ln
2170 2158 2207 2180 eo

1180 2214 1248 2236 oeco
1259 2214 1277 2235 a
1290 2205 1401 2235 dextra
1415 2206 1503 2243 parte
1515 2206 1640 2234 antrum
1654 2204 1721 2234 erat
1731 2203 1947 2233 constructum
1960 2225 1968 2239 ,
1983 2200 2094 2241 [cujus
2106 2200 2209 2230 fornix

1181 2258 1317 2298 (χῶμα)
1336 2257 1405 2287 loco
1419 2265 1567 2286 saxorum
1579 2265 1619 2286 ex
1632 2255 1714 2286 veris
1733 2254 1888 2294 lapidibus
1903 2255 2059 2293 pretiosis
2081 2254 2113 2283 et
2133 2261 2210 2283 auro

1183 2312 1250 2340 erat
1266 2308 1462 2348 consectus?]
1477 2309 1586 2347 positae
1602 2310 1708 2338 autem
1722 2308 1753 2337 in
1771 2316 1806 2338 eo
1820 2308 1909 2337 eraut
1924 2306 2080 2345 regiorum
2095 2313 2209 2343 cogna-

1182 2364 1288 2393 torum
1300 2361 1448 2401 imagines
1461 2361 1500 2391 ad
1515 2360 1623 2390 vivum
1636 2368 1790 2399 expressae
1804 2368 1843 2390 ex
1856 2358 1993 2397 lyclmite
2006 2356 2119 2396 lapide.
2135 2359 2212 2387 Erat

1184 2414 1278 2443 etiam
1298 2413 1357 2443 alia
1374 2412 1526 2449 coenatio,
1541 2420 1665 2442 amoena
1686 2410 1856 2441 admodum
1869 2435 1877 2449 ,
1901 2411 2030 2441 maximi
2055 2410 2113 2441 oeci
2128 2411 2212 2440 tecto

1184 2465 1399 2503 superstructa
1409 2487 1417 2502 ,
1429 2462 1601 2494 tentorium
1612 2462 1750 2492 reserens
1763 2474 1769 2492 ε
1785 2463 1851 2492 erat
1864 2462 1947 2492 enim
1960 2461 2072 2500 partim
2088 2461 2194 2501 aperta
2203 2482 2212 2496 ‚

1184 2515 1299 2555 partim
1316 2524 1391 2545 vero
1408 2523 1448 2545 ex
1464 2514 1557 2544 certis
1572 2513 1743 2544 intervallis
1756 2513 1837 2543 tensi
1851 2521 1983 2552 superne
2001 2512 2107 2543 circuli
2122 2512 2214 2542 erant

1185 2566 1325 2605 arcuati,
1339 2574 1432 2604 super
1453 2565 1568 2604 quibus
1579 2588 1587 2603 ,
1605 2572 1703 2603 quum
1720 2563 1938 2602 navigabatur,
1959 2562 2214 2602 expandebantur

1186 2618 1286 2649 aulaea
1297 2626 1467 2657 purpurea.
1492 2616 1708 2648 ccenationem
1722 2616 1803 2645 hanc
1818 2614 1993 2653 excipiebat
2008 2623 2079 2645 area
2093 2613 2214 2644 subdia-

1186 2670 1240 2709 lis‚
1266 2670 1372 2701 locum
1397 2668 1591 2710 superiorem
1616 2669 1725 2698 tenens
1746 2667 1800 2697 ubi
1823 2666 1903 2696 infra
1931 2666 2072 2704 subjecta
2097 2666 2215 2704 prostas

1187 2723 1254 2752 erat
1270 2734 1276 2752 :
1291 2722 1343 2751 cui
1359 2729 1441 2751 areae
1456 2719 1601 2758 contigua
1615 2718 1673 2749 fuit
1686 2718 1769 2749 scala
1782 2717 1911 2755 tortilis,
1925 2717 1964 2747 ad
1975 2718 2089 2747 tectam
2105 2714 2215 2746 ambu-

1188 2772 1337 2803 lationem
1357 2771 1474 2802 ducens
1486 2794 1495 2809 ,
1518 2771 1549 2800 et
1567 2769 1700 2800 coenatio
1719 2776 1833 2798 novem
1855 2767 2010 2798 lectorum
2023 2790 2032 2805 ,
2055 2765 2214 2805 AEgyptio-

1190 2831 1260 2853 rum
1278 2831 1367 2853 more
1388 2822 1569 2852 constructa
1587 2820 1771 2858 ornataque.
1815 2819 1911 2848 Erant
1940 2817 2023 2848 enim
2039 2817 2213 2853 columnae,

1189 2882 1262 2913 quae
1275 2873 1318 2904 ibi
1331 2874 1445 2904 teretes
1457 2872 1570 2903 erectae
1583 2870 1803 2906 cernebantur,
1813 2868 1964 2899 vertebris
1977 2868 2020 2898 ita
2032 2867 2196 2905 variegatae
2206 2889 2215 2903 ,

1190 2928 1227 2956 ut
1249 2924 1429 2956 alternatim
1456 2924 1553 2954 altera
1572 2923 1659 2961 nigra
1682 2921 1843 2959 vertebra,
1869 2920 1966 2950 altera
1990 2919 2078 2957 alba,
2103 2918 2215 2956 aequali

1191 2976 1357 3007 altitudine
1370 2975 1505 3006 invicem
1519 2973 1675 3012 impositae
1692 2973 1805 3002 esseut.
1825 2972 1906 3001 Sunt
1921 2971 2028 3000 autem
2045 2967 2214 2999 earundem

1192 3027 1327 3066 capitula
1341 3027 1442 3057 forma
1456 3024 1610 3062 rotunda,
1629 3024 1672 3053 ita
1691 3024 1726 3053 ut
1746 3023 1812 3053 tota
1832 3021 1930 3059 figura
1948 3019 2056 3050 similis
2071 3019 2110 3049 sit
2135 3026 2213 3048 rosae

1192 3079 1356 3118 paululum
1370 3077 1543 3116 explicatae.
1558 3075 1648 3106 Circa
1661 3083 1730 3105 eam
1743 3082 1818 3104 vero
1831 3074 1961 3111 partem,
1972 3080 2043 3110 quae
2057 3069 2215 3101 calathus

1194 3131 1337 3168 iocatur,
1361 3128 1456 3159 nullae
1477 3127 1595 3158 volutae
1618 3126 1711 3163 suut,
1731 3125 1766 3155 ut
1787 3124 1818 3154 in
1839 3121 2027 3154 Graecanicis
2045 3119 2214 3156 columnis,

1193 3190 1296 3221 neque
1311 3189 1420 3220 aspera
1443 3179 1515 3210 solia
1537 3177 1777 3216 circumposita;
1800 3175 1853 3205 sed
1874 3175 2010 3204 lotorum
2032 3171 2214 3210 aquatilium

1194 3233 1333 3273 calyces,
1353 3233 1384 3264 et
1401 3232 1578 3272 palmarum
1602 3238 1709 3261 recens
1725 3225 1967 3267 germinantium
1984 3224 2125 3261 sructus3
2140 3230 2213 3252 non-
