2338 3765
90 167 164 197 4⁴20

89 245 263 287 τακαύσας
281 244 412 280 ἑαυτόν.
437 244 552 280 ΙΙοιεῒν
574 242 606 278 δὲ
632 244 730 278 τοῦτο
750 242 825 284 τοὺς
846 242 906 292 μὲν
929 243 985 280 ἐπὶ
1007 258 1114 280 κακο-

89 319 241 353 πραγια,
272 305 451 346 ζητοῦντας
483 300 688 349 ἁπα))α(ην
721 302 787 337 τῶν
820 301 1010 352 παρόντων,
1039 318 1115 344 τους

90 363 117 397 δ’
147 363 202 397 ἐπ’
222 362 346 411 εὐπρα
346 360 418 409 ι’4,
441 359 573 396 moim-
562 374 597 408 ρ
617 362 759 394 τοῦτον·
780 358 915 396 ἅπαντα
939 360 1005 410 γὰρ
1025 359 1115 396 κατὰ

87 418 226 492 γνώμη]
244 417 420 468 πράξαντα
451 417 552 467 μέχρι
573 419 643 461 νῦν,
665 417 744 452 ἀττιε
748 432 803 452 ναι
821 417 871 453 δεῖ
873 432 903 465 ν,
931 418 979 465 μή
998 433 1028 454 τι
1049 419 1114 453 τῶν

88 475 195 512 emon)
188 476 287 520 γ’,των
317 475 504 525 χρονίζοντι
535 472 717 522 συμπέσῃ·
738 474 797 510 καὶ
818 474 858 520 δὴ
880 490 937 511 και
964 476 1115 524 γε)ωντα

88 533 236 570 ἅλασθαι
251 533 377 581 γυμνὸν
393 531 688 580 ἐπαληλειμμένον
709 532 743 568 ἐν
761 531 972 582 περιζώματι
990 532 1043 569 ἐπὶ
1055 532 1115 577 τὴν

86 592 210 640 πυράν.
231 589 502 641 Ἐπιγεγράφθαι
525 588 559 625 δὲ
580 591 626 640 τῷ
647 588 743 640 τάφῳ
759 604 766 611 ·

415 686 636 714 ΖΑΡΜΑΝΟΣ
661 686 801 714 ΧΗΓΑΝ

366 776 486 804 ΙΝΔΟΣ
512 776 595 804 Ano
622 776 831 804 ΒΑΡΓΟΣΗΣ

287 868 393 896 ΚΑΤΑ
420 869 471 896 ΤΛ
500 868 652 896 ΠΑΤΡΙΑ
682 868 804 896 ΙΝΔΩΝ
834 869 915 896 ΕΘΗ

261 959 416 987 ΕΑΥἸὈΝ
442 959 755 987 ΑΠΑΘΑΝΑΤῙΣΑΣ
783 959 940 987 ΚΕΙΤΑΙ.

570 1061 632 1093 92-

219 1147 279 1182 Ei<
312 1146 412 1183 'sm
446 1146 573 1183 sslssA.
608 1144 830 1184 PKFVKM
863 1146 981 1183 PKA'.

136 1255 316 1301 :Iosephus
335 1256 378 1289 A.
412 1255 447 1290 J.
476 1254 570 1298 XII,
598 1254 616 1288 3
629 1281 638 1297 ,
663 1265 699 1289 2:
719 1250 868 1301 “Opotov
887 1250 923 1288 δέ
942 1267 974 1288 τι
989 1251 1116 1288 τούτων

84 1312 142 1347 καὶ
160 1311 302 1362 Μάρκον
319 1310 508 1360 Ἀγρίππαν
528 1309 743 1360 φρονήσαντα
762 1309 840 1360 περὶ
857 1311 922 1346 τῶν
942 1309 1116 1347 Ἰουδαίων

84 1369 236 1417 οἴδαμεν.
250 1369 328 1405 Τῶν
342 1368 407 1418 γὰρ
423 1367 547 1405 Ἰώνων
560 1367 759 1412 κινηθέντων
772 1369 823 1403 ἐπ’
840 1366 959 1409 αὐτοὺς
976 1366 1033 1404 καὶ
1049 1368 1118 1403 ὃεο·

85 1427 194 1474 μένων
212 1429 269 1462 τοῦ
289 1425 457 1476 Ἀγρίππα
469 1454 477 1470 ,
497 1424 552 1460 ἵνα
568 1427 627 1469 τῆς
644 1424 834 1471 πολιτείας,
849 1425 890 1470 ἢν
910 1426 1021 1467 αὐτοῖς
1037 1424 1117 1461 ἔδω-

84 1499 140 1520 κεν
162 1484 329 1533 Ἀντίοχος
349 1485 366 1519 ὁ
384 1481 555 1520 Σελεύκου
576 1482 711 1528 υἱωνὸς,
733 1485 749 1518 ὃ
768 1482 862 1534 παρὰ
882 1485 949 1525 τοῖς
965 1482 1117 1528 Ἵῧλλησι

83 1541 171 1582 Θεὸς
187 1541 379 1589 λεγόμενος,
390 1540 492 1588 »μόνοι
514 1540 716 1590 μετέχωσιν,
735 1539 913 1583 ἀξιούντων
929 1541 974 1588 δ’,
994 1543 1021 1577 εἰ
1036 1556 1116 1590 συγ-

83 1600 188 1648 γενεῖς
205 1598 287 1635 εἰσιν
304 1599 416 1639 αὐτοῖς
432 1597 608 1643 Ἰουδαῖοι,
626 1597 785 1634 σέῧεσθαι
798 1597 874 1640 τοὺς
892 1597 993 1640 ἰδίους
1007 1600 1116 1635 αὐτῶν

83 1656 194 1701 θεοὺς,
215 1656 272 1692 καὶ
302 1656 396 1699 δίκης
424 1654 501 1704 περὶ
528 1654 657 1691 τούτων
689 1655 879 1700 συστάσης,
905 1655 1066 1700 ἐνίκησαν
1087 1658 1116 1693 οἱ

84 1714 240 1751 Ἰουδαῖοι
270 1715 337 1754 τοῖς
367 1714 478 1748 αὑτῶν
511 1711 600 1748 ἔθεσι
620 1715 791 1762 χρῆσθαι,
822 1712 1117 1762 συνηγορήσαντος

84 1772 196 1812 αὐτοῖς
226 1769 397 1808 Νικολάου
420 1773 478 1806 τοῦ
500 1773 746 1818 Δαμασκηνοῦ.
768 1769 812 1807 ‘O
833 1768 898 1820 γὰρ
928 1770 1117 1820 Ἀγρίππας

84 1828 281 1880 ἀπεφήνατο
303 1828 407 1877 μηδὲν
430 1830 521 1878 αὐτῷ
538 1828 698 1871 καινίζειν
721 1827 855 1870 ἐξεῖναι.
872 1827 921 1865 Τὸ
935 1828 962 1864 δ’
980 1829 1117 1879 ἀκριὸὲς

84 1886 114 1922 εἴ
143 1902 191 1928 τις
221 1885 381 1936 βούλεται
402 1887 628 1933 καταμαθεῖν,
653 1883 838 1934 ἀναγνώτω
856 1887 922 1921 τῶν
943 1885 1115 1923 Νικολάου

83 1943 259 1996 Ἱστοριῶν
272 1943 333 1989 τὴν
344 1943 532 1989 ἑκατοστὴν
542 1942 601 1980 καὶ
616 1943 773 1988 εἰκοστὴν
787 1942 905 1994 τρίτην
920 1943 979 1979 καὶ
997 1944 1115 1995 τετάρ-

83 2018 144 2047 την
166 2004 218 2051 (1).

137 2062 240 2096 Idem
264 2062 314 2098 ib.
341 2063 450 2105 XVI,
475 2074 516 2106 2,
539 2061 557 2095 3
582 2073 590 2095 ε
622 2059 711 2097 Τότε
734 2058 768 2096 δὲ
793 2059 871 2110 περὶ
898 2058 959 2104 τὴν
981 2058 1115 2097 Ἰωνίαν

84 2119 195 2153 αὐτῶν
219 2116 408 2166 γενομένων
432 2118 658 2166 (Agrippam
684 2126 720 2153 et
740 2119 930 2153 Herodem
961 2118 1052 2153 dicit
1071 2132 1116 2154 ex

84 2177 203 2211 Ponto
223 2176 419 2224 reduces),
434 2173 520 2211 πολὺ
539 2177 666 2220 πλῆθος
683 2174 870 2220 Ἰουδαίων,
888 2174 905 2211 ὃ
924 2173 985 2217 τὰς
1001 2175 1117 2218 πόλεις

84 2232 183 2283 ᾤκει,
210 2231 372 2282 προσῄει,
397 2235 515 2281 καιροῦ
543 2231 601 2269 καὶ
625 2231 819 2282 παρρησίας
850 2232 1116 2281 ἐπειλημμένοι·

85 2291 143 2326 καὶ
163 2289 222 2332 τὰς
241 2289 401 2340 ἐπηρείας
418 2289 544 2339 ἔλεγον,
566 2289 604 2332 ἃς
624 2290 868 2340 ἐπηρεάζοντο,
899 2291 985 2338 μήτε
1004 2289 1117 2333 νόμοις

85 2347 217 2390 οἰκείοις
236 2347 378 2395 ἐώμενοι
400 2350 571 2397 χρῆσθαι,
592 2348 687 2388 δίκας
709 2363 745 2383 τε
774 2347 1045 2396 ἀναγκαζόμενοι
1066 2350 1116 2384 δι-

86 2405 178 2440 δόναι
199 2406 274 2440 κατ’
294 2403 455 2455 ἐπήρειαν
469 2407 535 2440 τῶν
556 2404 761 2441 εὐθυνόντων
780 2406 813 2441 ἓν
835 2407 940 2454 ἱεραῖς
953 2404 1115 2455 ἡμέραις,

86 2461 224 2497 καὶτῶν
240 2463 284 2502 εἷς
299 2460 523 2512 Ἱεροσόλυμα
540 2462 730 2512 χρημάτων
750 2461 998 2508 ἀνατιθεμένων
1020 2465 1119 2514 ἀφαι-

89 2524 216 2568 ροῖντο,
241 2522 427 2568 στρατειῶν
443 2518 501 2555 καὶ
519 2521 735 2568 λειτουργιῶν
758 2519 1026 2568 ἀναγκαζόμενοι
1046 2536 1119 2557 κοι-

88 2577 214 2621 νωνεῖν,
231 2575 290 2612 καὶ
309 2575 391 2625 πρὸς
407 2579 514 2612 ταῦτα
536 2577 692 2613 δαπανᾶν
709 2579 775 2613 τῶν
795 2579 894 2627 ἱερῶν
912 2578 1116 2628 χρημάτων,

896 158 1092 195 NlCOLAI
1127 158 1410 196 DAMASCEM

1177 250 1223 280 vit
1240 262 1246 280 ε
1263 250 1347 289 quod
1361 250 1489 288 quidem
1503 249 1553 279 alii
1574 249 1604 279 in
1621 249 1714 280 rebus
1731 248 1869 280 adversis
1885 251 1985 281 tacere
2001 249 2159 290 dicuntur,
2172 252 2207 282 ut

1178 307 1343 346 prresentia
1357 307 1437 337 mala
1451 307 1620 346 effugiant,
1634 306 1686 337 alii
1705 306 1737 337 in
1759 307 1904 338 secundis
1916 308 2028 348 rebus,
2053 310 2211 348 quemad·

1178 365 1307 395 modum
1323 365 1389 403 hic,
1405 365 1443 395 de
1457 373 1518 404 quo
1532 364 1662 403 agimus.
1680 365 1758 395 Nam
1773 373 1871 404 quum
1885 366 1990 397 omnia
2003 375 2044 397 ex
2053 367 2207 398 sententia

1179 423 1330 453 hactenus
1344 423 1386 453 illi
1403 422 1644 460 successissent,
1665 422 1845 454 abeundum
1864 424 1923 455 sibi
1938 424 2059 455 censuit
2083 433 2101 456 e
2123 425 2206 464 vita,

1178 490 1215 511 ne
1233 480 1307 520 quid
1325 480 1448 511 adversi
1461 479 1617 510 accideret
1630 481 1764 511 moranti
1786 480 1914 513 diutius.
1935 481 2083 522 Adeoque
2106 482 2209 514 riden-

1178 542 1241 569 tem
1256 539 1344 569 illum
1357 539 1389 569 et
1410 537 1531 568 nudum
1545 540 1740 577 unctumque
1764 539 1794 569 in
1808 547 1917 579 rogum
1937 540 2078 572 insiliisse
2099 541 2206 579 aiunt;

1178 597 1245 635 ejus
1259 596 1381 627 tumulo
1400 595 1587 634 inscriptum
1603 604 1669 627 esse
1691 609 1698 626 :

1320 684 1395 717 Hic
1425 692 1537 718 smus
1558 692 1629 718 EST
1653 684 1878 719 ZARMANUS
1899 686 2067 720 CHEGAN

1505 771 1627 804 anUs
1652 779 1673 804 E
1697 771 1882 806 BARGosA

1318 868 1388 901 QUI
1419 868 1526 895 MORE
1551 869 1847 903 INSTITUTOQUE
1874 863 2067 897 INDORUM

1491 961 1534 986 ss
1562 961 1584 986 E
1610 961 1704 986 VITA
1731 961 1895 987 nnuxlT.

1669 1057 1727 1090 92.

1336 1156 1365 1193 E
1395 1156 1558 1195 Limus
1587 1146 1749 1196 c'xxm
1777 1158 1843 1196 ET
1872 1158 2047 1199 cxxlv.

1220 1262 1262 1292 Μ.
1286 1270 1412 1301 quoque
1441 1263 1606 1303 Agrippam
1632 1265 1773 1297 similiter
1807 1274 1879 1306 erga
1909 1266 2037 1299 Judaeos
2059 1268 2210 1299 arrectum

1180 1327 1272 1360 fuisse
1293 1332 1480 1370 accepimus.
1496 1333 1576 1362 Nam
1597 1340 1697 1370 quum
1714 1334 1804 1363 Iones
1823 1333 1973 1366 adversus
1998 1343 2052 1366 eos
2071 1335 2209 1374 gnaviter

1179 1397 1324 1428 concitati
1339 1400 1496 1437 rogassent
1512 1399 1679 1438 Agrippam
1693 1424 1701 1438 ,
1716 1401 1750 1431 ut
1767 1400 1904 1432 civitatis
1914 1424 1922 1439 ‚
1947 1409 2043 1441 quam
2057 1403 2101 1434 eis
2114 1402 2209 1434 dede·

1179 1468 1227 1497 rat
1251 1466 1424 1497 Antiochus
1445 1467 1565 1498 Seleuci
1588 1475 1700 1506 nepos,
1732 1469 1758 1499 is
1788 1468 1843 1508 qui
1865 1477 1883 1500 a
1905 1470 2026 1501 Graecis
2055 1472 2140 1501 Deus
2162 1472 2210 1501 est.

1178 1532 1435 1571 cognominatus,
1453 1533 1510 1563 soli
1533 1532 1589 1572 ipsi
1609 1533 1776 1572 participes
1794 1535 1914 1572 essent,
1933 1534 2210 1574 postularentque,

1178 1596 1203 1627 si
1222 1596 1348 1636 quidem
1368 1596 1471 1627 Judaei
1493 1596 1630 1635 ejusdem
1648 1597 1768 1636 generis
1791 1606 1857 1628 esse
1879 1598 2013 1637 vellent,
2032 1600 2067 1630 ut
2085 1599 2211 1631 eosdem

1178 1669 1305 1700 quoque
1314 1661 1389 1692 deos
1402 1663 1540 1694 colerent
1558 1675 1565 1694 z
1583 1672 1683 1703 quum
1698 1672 1747 1694 res
1766 1664 1797 1694 in
1810 1663 1965 1702 judicium
1979 1664 2125 1702 venisset,
2141 1673 2212 1695 cau-

1178 1734 1244 1756 sam
1258 1727 1463 1758 obtinuerunt
1477 1730 1492 1759 J
1497 1728 1577 1759 udaei
1588 1753 1597 1767 ,
1614 1729 1651 1759 ut
1665 1729 1729 1759 suis
1739 1729 1880 1761 moribus
1895 1730 1952 1761 sibi
1966 1731 2071 1762 vivere
2084 1731 2210 1769 liceret,

1177 1792 1297 1823 Nicolai
1313 1793 1497 1824 Damasceni
1512 1793 1684 1832 patrocinio
1704 1794 1765 1826 usi.
1782 1795 1914 1835 Agrippa
1927 1795 2011 1826 enim
2026 1796 2212 1836 pronuncia-

1178 1857 1240 1896 vit,
1260 1857 1336 1888 nihil
1350 1857 1409 1888 sibi
1427 1857 1643 1889 innovandum
1662 1858 1773 1889 videri.
1792 1862 1871 1897 Quae
1893 1860 1918 1890 si
1938 1860 2008 1899 quis
2024 1860 2110 1891 volet
2132 1869 2210 1891 exa-

1177 1927 1258 1958 ctius
1271 1935 1475 1966 cognoscere,
1497 1926 1523 1958 is
1544 1926 1625 1966 legat
1644 1927 1990 1966 HistoriarumvNicolai
2012 1928 2109 1960 libros
2124 1929 2209 1960 vice-

1179 1996 1295 2028 simum
1309 1996 1439 2027 tertium
1453 1997 1667 2036 quartumque
1680 2006 1773 2037 supra
1784 1997 2000 2030 centesimum.

1218 2067 1308 2096 Tunc
1321 2074 1395 2095 vero
1414 2073 1514 2104 quum
1528 2065 1559 2095 in
1580 2065 1698 2096 Ioniam
1717 2065 1888 2104 venissent,
1903 2072 2014 2104 magna
2028 2064 2212 2096 judaeorum

1177 2126 1347 2158 multitudo
1359 2150 1367 2165 ,
1385 2126 1440 2165 qui
1455 2126 1547 2157 urbes
1562 2126 1631 2158 illas
1645 2126 1842 2164 incolebant,
1859 2126 1899 2157 ad
1917 2126 2084 2166 Agrippam
2095 2149 2104 2164 ,
2118 2134 2207 2157 occa·

1176 2194 1262 2225 sione
1276 2193 1454 2234 fiduciaque
1472 2195 1616 2233 sumpta,
1634 2202 1667 2225 se
1681 2194 1882 2225 contulerunt
1898 2195 1949 2225 :et
1971 2193 2055 2233 apud
2078 2202 2152 2225 eum
2166 2193 2207 2224 de

1177 2262 1313 2301 injuriis,
1332 2270 1404 2301 quae
1417 2261 1475 2293 sibi
1489 2261 1612 2300 fierent,
1627 2261 1882 2301 expostulabant,
1897 2261 2001 2300 utqui
2018 2261 2083 2294 suis
2103 2261 2149 2292 uti
2167 2261 2212 2292 le-

1176 2330 1266 2369 gibus
1280 2329 1516 2368 prohibeantur,
1536 2330 1567 2359 et
1583 2328 1679 2359 sacris
1698 2328 1808 2360 diebus
1826 2328 1857 2359 in
1869 2328 1920 2367 jus
1933 2329 2087 2359 vocentur
2108 2328 2207 2367 magi-

1176 2398 1331 2426 stratuum
1358 2395 1522 2435 iniquitate
1535 2418 1543 2433 ,
1564 2396 1594 2426 et
1621 2396 1761 2434 pecuniis
1777 2395 1949 2433 spolientur
1969 2403 2049 2434 quas
2066 2395 2212 2426 Hieroso-

1178 2462 1260 2500 lyma
1282 2461 1405 2491 mittere
1422 2461 1538 2491 vellent
1550 2484 1558 2499 ,
1577 2461 1795 2500 coganturque
1813 2460 1853 2491 ad
1868 2459 2047 2491 obeundam
2068 2459 2212 2490 militiam

1177 2526 1208 2554 et
1234 2523 1357 2563 publica
1383 2531 1529 2562 munera,
1554 2523 1585 2553 et
1616 2523 1645 2553 in
1669 2531 1705 2554 ea
1729 2531 1834 2553 sacras
1855 2522 2006 2562 pecunias
2031 2521 2207 2559 insumere,

1177 2585 1292 2624 quibus
1311 2593 1434 2624 semper
1448 2584 1541 2615 soluti
1555 2585 1678 2623 essent,
1691 2593 1790 2623 quum
1802 2583 1875 2623 ipsis
1891 2582 2024 2614 Romani
2037 2582 2212 2614 secundum

128 2685 177 2711 92.
204 2682 283 2716 Quae
297 2682 473 2719 sequuntur
487 2690 523 2711 ex
539 2681 674 2720 Josepho
690 2681 861 2719 fragmenta
884 2683 947 2713 sere
966 2683 1071 2713 omnia
1094 2683 1250 2722 pertinent
1268 2683 1306 2714 ad
1322 2684 1482 2714 historiam
1500 2683 1641 2714 Herodis.
1659 2686 1694 2714 In
1708 2692 1771 2722 qua
1785 2691 1884 2722 quum
1901 2683 2049 2715 Nicolaus
2069 2686 2211 2717 nontam

89 2727 159 2757 tidei
175 2727 378 2763 narrationis,
394 2736 487 2765 quam
504 2728 580 2765 regis
593 2728 698 2765 gloriae
717 2728 906 2758 consuluisse
923 2729 1122 2767 perhibeatur
1138 2730 1285 2769 (Joseph.
1301 2732 1393 2769 XVI,
1409 2734 1424 2762 7
1437 2754 1446 2768 ,
1466 2735 1490 2760 Ι.
1508 2730 1545 2761 fr.
1561 2734 1598 2762 67
1611 2730 1640 2769 ),
1658 2732 1902 2761 consentaneum
1923 2731 1970 2761 est
1985 2738 2022 2761 ea
2041 2731 2214 2763 certissime

89 2783 128 2803 ex
145 2774 273 2804 Nicolao
296 2773 466 2812 Josephnm
483 2777 662 2804 mutuatum
680 2774 760 2812 dici,
782 2784 853 2813 quae
874 2775 924 2806 vcl
942 2775 971 2806 in
989 2776 1112 2807 laudem
1131 2778 1208 2816 regis
1221 2778 1269 2808 vel
1283 2777 1320 2807 ad
1339 2778 1470 2808 crimina
1484 2777 1523 2808 ab
1536 2785 1573 2808 eo
1589 2777 1759 2808 avertenda
1771 2776 1957 2814 afferuntur,
1971 2775 2015 2806 ita
2034 2777 2157 2816 tamen,
2175 2780 2212 2812 ut

89 2820 182 2850 simul
205 2819 338 2849 aliorum
352 2820 489 2850 narratio
503 2823 688 2859 opponatur.
707 2821 797 2852 Cadit
812 2822 871 2851 hoc
888 2823 956 2852 tum
974 2822 1003 2852 in
1017 2823 1076 2853 alia
1100 2825 1267 2862 nonnulla,
1286 2826 1351 2853 tum
1370 2823 1401 2853 in
1415 2831 1536 2862 eaquae
1551 2823 1605 2854 lib.
1624 2824 1699 2861 XV,
1715 2827 1755 2860 6,
1771 2826 1787 2853 2
1804 2821 1843 2852 de
1862 2830 1956 2852 causa
1971 2820 2133 2861 dicuntur,
2154 2832 2210 2859 eur

92 2866 272 2903 Hyrcanum
287 2864 425 2895 llerodes
444 2866 644 2897 interfecerit.
665 2870 733 2903 Qua
747 2869 907 2906 exposita,
922 2869 1077 2908 Josephus
1093 2869 1240 2907 subjicit:
1264 2869 1400 2899 Ταυτα
1385 2879 1415 2899 οε
1432 2868 1581 2908 γράφομεν
1602 2870 1686 2907 ἡμεῖς
1703 2869 1743 2903 ὡς
1757 2868 1794 2898 ἂν
1811 2868 1841 2897 ἐν
1857 2869 1919 2901 τοῖς
1935 2866 2132 2906 ὑμομνήμασι
2149 2871 2212 2904 τοῖς

90 2914 143 2941 τοῦ
165 2911 270 2950 βασιΓ
258 2922 313 2945 εςω
332 2910 432 2950 Ηρώό
436 2921 469 2941 ου
487 2922 522 2941 πε
526 2923 567 2951 ρει
572 2912 617 2952 ίχε
606 2923 665 2942 το.
694 2915 763 2948 Τοῖς
788 2914 818 2943 δε
842 2915 941 2949 ἄλ)οις
968 2915 1003 2945 ob
1022 2915 1101 2945 κατὰ
1117 2919 1213 2945 ταῦτα
1229 2918 1399 2954 συμφωνεῖ·
1424 2916 1476 2946 τὸν
1498 2915 1555 2955 γὰρ
1574 2914 1712 2954 Ἡρώδην
1731 2913 1787 2944 οὐκ
1816 2913 1864 2943 ἐπὶ
1883 2911 2030 2947 τοιούτοις
2046 2912 2210 2950 δοκοῦσιν,

92 2958 155 2987 &JJ
182 2958 211 2991 ἐξ
241 2958 399 2993 ἐπιδου)ῆς
425 2937 569 2996 {JNJJYJJOJ‘
577 2962 698 2998 Υρκανῶ
720 2962 772 2996 τῆν
800 2961 899 2990 αἱτιαν
920 2960 1115 3000 ἐπαγαγόντα
1143 2961 1222 2990 κατὰ
1244 2961 1295 2991 τον
1328 2961 1418 2991 αὐτὸν
1446 2960 1556 3000 τρόπον
1580 2960 1767 2990 ἀποκτεῖναι.
1792 2959 1857 2989 κτλ.
1882 2961 1960 2995 Quae
1986 2966 2048 2988 non
2072 2958 2116 2989 ita
2138 2962 2211 2990 sunt

92 3004 307 3042 intelligendi
330 3006 363 3034 nt
382 3006 512 3035 Comme
517 3006 633 3035 ntaiios
655 3006 694 3036 ib
717 3007 782 3045 ipso
803 3016 871 3045 rege
890 3007 928 3037 d«
948 3008 1040 3038 rebus
1062 3008 1167 3038 snisin
1185 3007 1348 3047 publicum
1371 3006 1470 3037 editos
1485 3015 1503 3036 a
1525 3005 1663 3045 Josepho
1683 3005 1838 3044 inspectos
1860 3012 1925 3035 esse
1947 3005 2114 3042 putemus;
2135 3013 2208 3035 nam

92 3058 194 3088 neque
210 3050 335 3080 aliunde
351 3049 389 3080 de
413 3051 449 3081 iis
471 3053 608 3089 constat,
631 3060 687 3081 nec
703 3053 830 3082 omnino
851 3053 1009 3091 probabile
1031 3056 1077 3084 cst
1099 3051 1270 3085 scribendis
1289 3053 1325 3083 iis
1340 3061 1466 3092 operam
1489 3052 1610 3083 dedisse
1633 3060 1735 3091 regem
1757 3051 1866 3082 multis
1890 3050 1929 3081 ad
1952 3053 2087 3081 mortem
2110 3059 2210 3089 usque

94 3097 224 3135 negotiis
246 3096 441 3134 districtum,
465 3098 578 3135 ruique
598 3097 743 3127 Nicotaus
762 3098 987 3138 ἱστοριογράφος
1009 3102 1123 3139 praesto
1145 3100 1275 3131 adesset.
1295 3101 1413 3130 Verum
1440 3099 1491 3129 hic
1519 3099 1582 3138 ipse
1610 3098 1774 3136 Nicolaus,
1797 3098 1831 3128 ut
1856 3096 1949 3128 tidem
1975 3096 2067 3126 dictis
2100 3096 2207 3127 conci-

95 3143 201 3181 liaret,
228 3142 267 3173 ad
295 3143 448 3181 regiarum
474 3144 654 3173 chartarum
680 3143 858 3173 testimonia
883 3153 1066 3183 provocasse
1092 3146 1265 3177 censendus
1287 3147 1342 3176 cst.
1361 3147 1509 3176 Ceterum
1526 3145 1660 3176 eundem
1678 3145 1768 3184 plane
1786 3144 1947 3174 auctorem
1973 3142 2115 3173 redolent
2137 3150 2209 3182 quae

96 3197 169 3219 mox
189 3190 364 3227 sequuntur
383 3188 465 3228 apud
486 3189 655 3228 josephum
680 3191 755 3227 XV,
780 3192 795 3220 7
809 3213 816 3227 ‚
841 3195 878 3228 6,
901 3191 940 3221 de
962 3193 1054 3222 animi
1078 3193 1260 3232 altitudine,
1286 3200 1380 3231 quam
1405 3191 1548 3222 oratione
1566 3191 1605 3222 ad
1631 3193 1790 3223 Caesarem
1813 3189 1918 3220 habita
1940 3188 2080 3220 Herodes
2102 3189 2208 3220 osten—

97 3235 187 3265 derit.
199 3253 239 3257 —
251 3236 293 3274 (1)
308 3235 440 3265 Uberius
453 3244 518 3265 rem
535 3236 689 3274 Josephus
702 3244 757 3265 suo
770 3236 838 3265 loco
848 3236 974 3275 exponit
990 3236 1068 3267 libro
1083 3239 1150 3268 xvi
1163 3262 1170 3276 ,
1187 3243 1202 3268 ‘2
1215 3262 1222 3276 ,
1236 3243 1264 3269 3.
1280 3240 1384 3274 Quare
1398 3237 1481 3268 hunc
1495 3236 1598 3267 locum
1613 3237 1785 3276 fragmento
1798 3234 2027 3274 subjunximus.
