2338 3765
84 209 156 241 554

78 288 147 330 λεις
160 303 167 310 ·
189 285 289 328 αὐτὸς
306 284 340 322 δὲ
358 283 434 326 τούς
450 298 486 320 τε
503 280 838 333 προσκεχωρηκότας
857 279 983 331 ἄνδρας
996 279 1115 317 λαὸὼν

79 345 139 382 καὶ
160 343 237 386 τοὺς
264 344 302 379 ἐκ
327 345 388 387 τῆς
420 338 663 389 αἰχμαλωσίας
692 337 908 388 ἀνθρώπους,
937 338 982 374 τὰ
1011 338 1116 375 λοιπὰ

80 401 168 452 μετὰ
184 400 298 446 πάσης
316 400 444 436 διεῖπεν
461 396 652 446 ὠμότητος.
679 395 860 448 Χρήματα
882 399 962 446 γοῦν
985 397 1117 447 διερευ-

79 457 228 509 νώμενος
247 456 323 494 οὐδὲ
344 459 410 493 τῶν
432 458 464 493 ἐν
487 455 588 506 ἱεροῖς
611 453 781 507 ἐφείδετο,
801 453 890 491 ἀλλὰ
905 454 982 496 τούς
1001 467 1037 490 τε
1055 455 1118 490 ἇν-

80 517 241 570 δριάντας
254 516 312 553 καὶ
327 514 370 552 τὰ
386 513 572 563 ἀγάλματα
590 512 706 558 ἐκίνει,
721 512 835 549 πολλὰ
847 512 905 549 καὶ
922 511 1013 549 καλὰ
1024 512 1117 549 ὄντα·

79 575 138 613 καὶ
165 573 206 620 δὴ
228 573 287 611 καὶ
307 572 362 610 τὸν
392 569 570 621 Ἡρακλέα
599 569 656 607 τὸν
684 571 722 607 ἐκ
744 573 805 615 τῆς
830 571 956 621 ἀγορᾶς
979 569 1117 619 ἀνῄρει,

79 634 138 671 καὶ
155 631 280 676 σκευὴν
302 633 405 668 αὐτοῦ
421 630 480 675 τὴν
497 628 565 666 ἀπὸ
581 631 642 674 τῆς
659 629 851 680 πυραμίδος
863 658 872 675 ,
894 627 1118 669 πολυτελείας

80 692 139 729 καὶ
160 691 320 741 μεγέθους
337 689 395 726 καὶ
412 688 453 734 δὴ
471 687 530 726 καὶ
551 690 678 740 ῥυθμοῦ
699 686 758 725 καὶ
772 686 912 738 χάριτος
925 686 984 724 καὶ
999 685 1120 736 τέχνης

79 749 213 792 οὐδενὸς
232 750 300 786 τῶν
322 748 578 795 ἐπαινουμένων
596 743 890 794 ἀπολειπομένην.
931 745 973 794 (2)
995 738 1064 782 τΗν
1083 742 1118 779 δὲ

82 808 230 859 ῥόπαλον
260 805 479 858 σφυρήλατον
513 803 666 855 ἀπέφθου
700 806 830 855 χρυσοῦ
866 801 1098 851 πεποιημένον
1111 816 1118 824 ·

79 864 170 903 κατὰ
182 865 217 902 δὲ
233 866 337 901 αὐτοῦ
355 864 477 909 λεοντῆ
497 861 631 912 μεγάλη
647 861 790 912 ἐκέχυτο
801 891 810 907 ,
824 860 884 898 καὶ
898 860 1048 911 γωρυτὸς
1061 862 1121 905 τῆς

80 925 186 969 αὐτῆς
207 922 268 972 μὲν
289 921 392 968 ὕλης,
412 922 522 973 βελῶν
545 919 580 957 δὲ
599 920 716 970 γέμων
738 919 796 956 καὶ
813 918 922 962 τόξου.
946 916 1067 956 Πολλὰ
1087 918 1121 955 δὲ

80 982 139 1019 καὶ
157 981 248 1018 ἄλλα
263 978 356 1018 καλὰ
369 979 428 1016 καὶ
448 977 634 1028 θαυμαστὰ
652 977 860 1027 ἀναθήματα
881 976 920 1013 ἐκ
939 992 974 1013 τε
991 978 1057 1012 τῶν
1074 977 1121 1013 ἱε-

82 1041 147 1090 ρῶν
173 1038 232 1076 καὶ
249 1041 310 1083 τῆς
330 1037 462 1080 πόλεως
484 1035 635 1089 ἀφελὼν,
654 1041 726 1078 ταῖς
753 1034 873 1071 ναυσὶν
899 1033 1098 1083 ἐγκατέθετο
1114 1048 1121 1056 ·
1159 1061 1163 1065 ·

80 1096 189 1134 καὶτὸ
201 1096 397 1133 τελευταῖον
409 1098 479 1146 πῦρ
495 1096 620 1131 ἐνεῖναι
632 1094 701 1135 τοῖς
717 1091 945 1144 στρατιώταις
959 1089 1122 1133 κελεύσας

80 1159 123 1207 τῇ
142 1155 257 1200 πόλει,
272 1153 362 1191 κατὰ
373 1152 486 1191 πολλὰ
503 1153 631 1197 ταύτην
644 1151 810 1203 ἐνέπρησε
827 1149 930 1201 μέρη.
949 1148 1071 1187 εΕοίλω
1087 1149 1121 1186 δὲ

81 1218 102 1260 ἡ
120 1214 217 1256 πόλις
236 1213 292 1251 ἐπὶ
305 1213 366 1250 δύο
380 1211 438 1258 ἔτη
456 1215 499 1264 τῇ
516 1210 700 1262 πολιορκία
717 1211 941 1260 ἀντισχοῦσα.
964 1208 1005 1257 (3)
1025 1207 1069 1245 Ὁ
1085 1208 1121 1245 δὲ

80 1271 244 1324 Τριάριος
264 1269 509 1322 παραγεγονὼς
527 1271 561 1307 ἐν
580 1263 632 1312 αἷς
650 1268 841 1306 ἐπέσταλτο
861 1266 1003 1312 πόλεσι,
1025 1268 1123 1303 Κον-

81 1330 238 1381 νακόρικι
255 1331 266 1380 (
281 1323 376 1371 οὗτος
389 1327 457 1379 γὰρ
472 1327 532 1373 τὴν
545 1330 606 1373 τῆς
620 1325 832 1378 Ἡρακλείας
849 1324 1034 1376 προδοσίαν
1052 1323 1123 1361 ἑτέ-

85 1404 151 1440 ρων
172 1386 383 1438 κατασχέσει
410 1385 666 1436 συγκαλύπτειν
697 1384 877 1432 διενοεῖτο)
901 1382 975 1425 δοὺς
1007 1381 1123 1419 ἄδειαν

83 1450 144 1493 τ’ἧς
164 1446 436 1498 ἀναχωρήσεως,
463 1443 543 1482 καθ’
573 1442 759 1493 ὁμολογίαν
781 1441 954 1491 λαμὸάνει
977 1440 1038 1483 τὰς
1057 1439 1124 1477 πό-

83 1507 167 1548 λεις.
183 1505 227 1544 Ὁ
243 1504 278 1542 δὲ
297 1504 433 1546 Κόττας
448 1502 536 1554 ἅπερ
551 1501 685 1552 εἴρηται
703 1499 992 1551 διαπραξάμενος,
1006 1497 1045 1535 τὸ
1062 1497 1123 1548 μὲν

84 1562 185 1606 πεζὸν
207 1562 266 1599 καὶ
291 1561 369 1603 τοὺς
387 1563 504 1602 ἱππεῖς
534 1559 706 1608 ἐκπέμπει
727 1558 936 1608 Λευκόλλῳ,
959 1556 1018 1593 καὶ
1048 1554 1124 1598 τοὺς

86 1620 293 1671 συμμάχους
311 1622 441 1671 ἀφῆκεν
457 1618 513 1655 ἐπὶ
528 1620 594 1655 τῶν
609 1616 798 1667 πατρίδων·
817 1614 917 1657 αὐτὸς
935 1616 962 1651 δ’
982 1614 1125 1673 ἀνήγετο

86 1680 135 1731 τῷ
147 1678 272 1730 στόλῳ.
291 1679 369 1716 Τῶν
385 1678 419 1714 δὲ
435 1678 532 1723 νεῶν,
547 1675 584 1712 αἳ
595 1674 638 1712 τὰ
653 1678 714 1721 τῆς
728 1674 860 1716 πόλεως
872 1672 1011 1725 λάφυρα
1029 1675 1125 1722 ἠγον,

87 1740 123 1774 αἱ
145 1737 207 1787 μὲν
229 1736 440 1788 κατάφορτοι
459 1734 641 1785 γενόμεναι
675 1731 797 1784 μικρὸν
830 1731 956 1769 ἄποθεν
978 1733 1038 1776 τῆς
1066 1733 1128 1779 γῆς

87 1794 289 1840 ’διελύθησαν
302 1810 309 1817 ·
327 1795 362 1830 αἱ
377 1791 425 1840 δὲ,
444 1790 652 1843 Ἀπαρκτίου
671 1790 902 1839 πνεύσαντος,
920 1788 1128 1839 ἐξεὸράσθη·

88 1869 150 1891 σαν
173 1855 218 1896 εἷς
237 1852 281 1890 τὰ
300 1851 427 1902 τενάγη
440 1882 450 1898 ,
469 1850 528 1888 καὶ
548 1848 663 1887 πολλὰ
683 1852 749 1887 τῶν
781 1848 968 1899 ἀγωγίμων
990 1847 1128 1884 ἀπεδά-

90 1913 202 1949 λοντο.

141 1970 242 2009 LIII.
275 1967 468 2010 Λεόνιππος
492 1965 527 2004 δὲ
547 1968 564 2004 ὃ
585 1965 647 2003 σὺν
670 1964 867 2017 Κλεοχάρει
885 1963 982 2016 παρὰ
1003 1966 1128 2014 Μιθρι-

89 2027 190 2066 δάτου
210 2026 271 2073 τὴν
295 2026 457 2071 Σινώπην
479 2024 700 2077 ἐπιτραπεὶς,
722 2022 931 2074 ἀπεγνωκὼς
947 2025 1013 2059 τῶν
1035 2037 1129 2073 πρα-

89 2087 244 2138 γμάτων,
262 2085 394 2136 πέμπει
410 2085 489 2136 περὶ
508 2083 692 2136 προδοσίας
707 2083 791 2135 πρὸς
806 2082 1015 2121 Λεύκολλον.
1033 2080 1078 2119 eO
1095 2080 1129 2118 δὲ

91 2145 298 2197 Κλεοχάρης
319 2143 393 2194 ἅμα
415 2143 576 2195 Σελεύκῳ
601 2142 682 2189 (καὶ
710 2141 776 2194 γὰρ
800 2137 897 2184 οὗτος
917 2143 985 2179 τῶν
1007 2142 1132 2190 Μιθρι-

92 2203 194 2242 δάτου
225 2202 415 2254 στρατηγὸς
445 2201 640 2243 ἰσοστάσιος
667 2203 734 2238 τῶν
760 2201 949 2252 εἰρημένων
978 2194 1040 2248 ἦν)
1068 2197 1131 2244 τὴν

92 2261 290 2301 Λεονίππου
310 2259 475 2310 μαθόντες
490 2257 692 2311 προδοσίαν,
712 2257 899 2303 ἐκκλησίαν
913 2257 1132 2308 ἀθροίσαντες

93 2319 306 2371 κατηγόρουν
325 2320 442 2356 αὐτοῦ.
467 2320 511 2357 Οἱ
531 2318 565 2355 δὲ
585 2319 622 2355 οὖ
638 2316 839 2368 προσίεντο·
861 2315 970 2353 ἐδόκει
986 2316 1052 2367 γὰρ
1070 2317 1133 2353 αὖ-

94 2382 162 2421 τοῖς
182 2372 268 2414 εἶναι
294 2375 457 2429 χρηστός.
517 2378 555 2426 (2)
588 2375 660 2413 Καὶ
680 2377 710 2412 οἳ
736 2375 815 2425 περὶ
840 2374 1043 2425 Κλεοχάρην
1065 2373 1133 2410 δεί-

96 2451 218 2478 σαντες
247 2439 307 2472 τοῦ
342 2434 491 2478 πλήθους
518 2434 580 2479 τὴν
613 2432 758 2479 εὔνοιαν,
784 2432 817 2476 ἐξ
850 2433 984 2483 ἐνέδρας
1016 2432 1134 2474 νυκτὸς

98 2494 427 2545 ἀποσφάττουσιτὸν
446 2492 568 2542 ἄνδρα.
587 2491 657 2529 Καὶ
674 2491 713 2527 τὸ
729 2490 790 2539 μὲν
809 2490 993 2538 δημοτικὸν
1008 2490 1135 2540 ἤχθετο

96 2554 145 2603 τῷ
163 2552 282 2597 πάθει,
298 2553 328 2588 οἳ
347 2551 382 2588 δὲ
399 2550 478 2601 περὶ
494 2548 698 2600 Κλεοχάρην
714 2551 782 2585 τῶν
795 2548 1011 2599 πραγμάτιον
1026 2547 1134 2597 κύριοι

97 2610 330 2651 καταστάντες
351 2611 558 2659 τυραννικῶς
576 2602 698 2658 ἦρχον,
718 2605 827 2656 ταύτῃ
850 2607 1041 2654 νομίςοντες
1062 2607 1134 2642 δια-

99 2672 214 2721 φυγεῖν
231 2670 290 2712 τῆς
305 2666 360 2704 ἐπὶ
377 2665 562 2717 Λεονίππῳ
582 2664 778 2716 μιαιφονίας
797 2664 857 2709 τὴν
876 2664 986 2710 δίκην.
1011 2665 1051 2713 (3)
1075 2663 1134 2701 Ἐν

100 2725 210 2778 τούτῳ
232 2725 452 2776 Κηνσωρῖνος
467 2724 635 2774 ναύαρχος
652 2723 854 2773 Ἱ)ωμαι’ων,
875 2722 1023 2774 τριήρεις
1044 2722 1135 2771 ἄγων

101 2783 348 2821 πεντεκαίδεκα
366 2785 459 2819 σῖτον
480 2781 547 2818 ἀπὸ
569 2780 747 2831 Βοσπόρου
764 2783 812 2833 τῷ
831 2780 1020 2829 Ῥωμαίων
1037 2795 1136 2826 κομι-

103 2842 224 2887 ζούσας
244 2841 484 2891 στρατοπέδῳ,
506 2840 651 2885 πλησίον
678 2839 839 2883 Σινώπης
860 2842 1007 2888 κατῆρε·
1028 2838 1085 2874 καὶ
1107 2840 1137 2874 οἷ

102 2901 181 2952 περὶ
205 2899 412 2950 Κλεοχάρην
432 2899 490 2935 καὶ
511 2898 679 2936 Σέλευκον
702 2899 970 2948 ἀνταναχθέντες
986 2899 1136 2935 Σινωπι-

105 2965 181 3002 καῖς
202 2958 387 3011 τριήρεσιν,
408 2957 600 3007 ἡγουμένου
623 2956 814 3002 Σελεύκου,
838 2956 1063 2993 καθίστανται
1093 2956 1139 2997 εἷς

1011 195 1282 234 MEMNONlS

1177 292 1281 319 cetera
1295 296 1349 327 per
1367 295 1494 318 omnem
1511 286 1666 317 saevitiam
1689 285 1933 318 administravit.
1953 289 2034 318 Nam
2047 286 2125 319 dum
2141 297 2215 328 opes

1177 360 1292 401 passim
1312 361 1484 399 scrutatur,
1502 369 1542 390 ne
1555 360 1650 390 sacris
1663 359 1792 399 quidem
1809 360 1920 400 parcit.
1942 362 2068 392 Statuas
2085 362 2169 394 enim
2186 365 2218 394 et

1177 433 1327 472 imagines
1340 434 1404 464 tam
1421 433 1569 473 pulchras
1580 441 1676 472 quam
1688 433 1804 464 multas
1817 433 1886 464 loco
1896 434 1998 465 movit
2011 448 2018 466 :
2031 435 2109 474 quin
2120 436 2217 467 etiam

1179 506 1344 537 Herculem
1369 514 1386 536 e
1412 506 1498 542 f01·0,
1519 507 1551 536 ct
1574 506 1722 536 ornatum
1744 505 1810 545 ejus
1833 515 1850 537 a
1866 507 2049 547 pyramide,
2069 510 2217 549 sumptu,

1179 576 1393 616 magnitudine
1410 584 1467 607 nec
1480 585 1543 606 non
1557 576 1682 616 opificio
1696 577 1728 608 et
1741 578 1809 609 arte
1825 578 1912 609 nullo
1927 579 2218 612 laudatissimorum

1179 658 1311 689 operum
1331 648 1528 687 inferiorem,
1551 649 1691 680 sustulit.
1711 649 1755 690 (2)
1778 652 1855 682 Erat
1870 653 1976 683 autem
1993 653 2083 684 clava
2106 654 2220 686 malleo

1181 732 1255 754 cusa
1268 732 1306 754 ex
1327 731 1405 754 auro
1422 723 1607 762 purissimo,
1623 725 1655 755 et
1676 724 1801 756 leonina
1828 725 1885 766 lpsi
1902 726 2111 767 circumfusa,
2129 736 2221 768 cory-

1181 795 1296 833 tusque
1309 802 1349 825 ex
1364 793 1474 825 eadem
1497 794 1648 834 materia,
1669 804 1745 826 arcu
1765 797 1796 826 et
1811 797 1932 837 sagittis
1954 799 2098 830 refertus.
2123 800 2223 832 Multa

1181 867 1276 899 etiam
1288 868 1348 898 alia
1360 876 1451 907 aeque
1462 868 1605 899 miranda
1618 869 1714 909 atque
1728 870 1872 910 pulchra,
1891 880 1908 902 e
1923 872 2002 903 fanis
2016 874 2048 904 et
2061 873 2138 905 urbe
2150 874 2221 905 sub-

1184 941 1263 980 lata,
1281 940 1416 973 navibus
1430 941 1563 973 infersit.
1580 941 1629 972 Ad
1652 941 1801 972 ultimum
1814 941 1909 981 Jussis
1932 944 2035 984 ignem
2054 944 2226 977 immittere

1184 1012 1358 1051 militibus,
1386 1013 1496 1044 multis
1519 1014 1630 1045 urbem
1655 1014 1799 1054 partibus
1814 1015 1989 1047 succendit.
2011 1018 2060 1048 lta
2083 1019 2175 1057 capta
2195 1020 2227 1050 et

1183 1086 1316 1117 subacta
1335 1088 1384 1117 est
1399 1087 1529 1126 civitas,
1543 1096 1644 1127 quum
1661 1087 1743 1119 duos
1759 1089 2027 1128 oppugnationem
2044 1098 2145 1122 annos
2159 1100 2227 1123 sus-

1184 1159 1342 1190 tinuisset.
1366 1159 1409 1199 (3)
1434 1159 1498 1191 Sub
1515 1159 1584 1191 hacc
1606 1160 1749 1192 Triarius
1767 1161 1807 1192 ad
1824 1161 1919 1193 urbes
1936 1162 1995 1194 sibi
2020 1162 2229 1197 demandatas

1186 1231 1346 1270 profectus
1357 1256 1367 1270 ,
1379 1232 1589 1272 Connacorigi
1603 1232 1646 1271 (is
1658 1233 1742 1265 enim
1757 1233 1968 1273 proditionem
1981 1235 2143 1267 Heracleae
2156 1237 2228 1267 alia-

1185 1314 1257 1336 rum
1271 1307 1480 1346 occupatione
1493 1306 1694 1339 dissimulare
1709 1308 1816 1339 animo
1832 1311 2095 1350 praesumpserat)
2112 1311 2230 1342 securi·

1184 1379 1250 1409 tate
1262 1379 1399 1410 abeundi
1411 1379 1494 1411 sacta
1506 1404 1515 1419 ‚
1530 1380 1674 1412 civitates
1684 1380 1744 1412 sub
1755 1381 1990 1413 conditionibus
2000 1383 2094 1414 certis
2107 1383 2229 1423 recipit.

1185 1453 1279 1483 Cotta
1296 1454 1423 1493 autem,
1444 1453 1557 1494 rebus,
1574 1463 1638 1494 quo
1658 1454 1780 1485 dictum
1797 1456 1861 1495 est,
1880 1455 1974 1486 modo
1994 1456 2163 1497 consectis,
2181 1467 2231 1499 pe.

1188 1526 1309 1558 destres
1322 1527 1428 1566 copias
1443 1536 1503 1558 una
1514 1536 1586 1558 cum
1598 1528 1742 1567 equitatu
1757 1529 1890 1560 Lucullo
1904 1529 2011 1567 tradit,
2024 1531 2056 1561 et
2071 1531 2232 1563 sociorum

1187 1599 1306 1630 auxilia
1320 1599 1352 1630 in
1376 1609 1469 1631 suam
1486 1609 1622 1640 quaeque
1639 1601 1774 1640 patriam
1789 1601 1942 1642 dimittit3
1965 1602 2031 1642 ipse
2053 1612 2128 1634 vero
2154 1613 2229 1635 cum

1187 1672 1286 1704 classe
1302 1673 1461 1704 avehitur.
1482 1673 1530 1704 lbi
1551 1674 1702 1713 navium,
1718 1683 1791 1714 quac
1816 1675 1902 1706 urbis
1918 1676 2018 1715 spolia
2041 1677 2229 1716 vectabant,

1189 1756 1261 1787 pars
1278 1755 1373 1786 supra
1397 1747 1530 1778 modum
1546 1749 1677 1778 onerata
1699 1748 1784 1779 haud
1801 1749 1914 1788 procul
1939 1758 1957 1780 a
1975 1749 2067 1782 litore
2086 1751 2233 1790 solvitur,

1190 1829 1275 1861 pars,
1292 1821 1438 1860 Aparctia
1451 1822 1546 1852 vento
1563 1822 1673 1852 contra
1690 1820 1797 1861 flante,
1810 1821 1842 1852 in
1856 1821 1936 1853 vada
1952 1823 2098 1862 procellis
2111 1823 2232 1863 eJ‘ectae,

1191 1897 1340 1936 pleraque
1353 1895 1619 1935 asportandorum
1633 1904 1812 1927 excussere.

1232 1971 1314 2001 Llll.
1341 1972 1422 2001 Tum
1440 1970 1642 2011 Leonippus‚
1660 1968 1712 2000 cui
1729 1977 1804 1999 cum
1823 1968 1997 2001 Cleochare
2018 1969 2147 2009 Sinopes
2161 1978 2236 2001 cura

1191 2037 1223 2068 et
1239 2035 1354 2067 tutatio
1372 2035 1596 2067 commendata
1614 2035 1718 2066 suerat
1737 2043 1756 2065 a
1771 2034 1973 2073 Mithridate,
1996 2043 2029 2065 re
2051 2034 2214 2075 desperata
2226 2059 2235 2074 ‚

1192 2102 1231 2133 de
1250 2102 1427 2143 proditione
1445 2101 1486 2132 ad
1499 2100 1670 2132 Lucullum
1691 2100 1801 2132 mittit.
1826 2102 1866 2132 At
1885 2100 2072 2132 Cleochares
2089 2109 2162 2131 cum
2182 2103 2237 2132 Se-

1192 2170 1284 2201 leuco
1309 2170 1402 2208 (nam
1428 2168 1480 2199 hic
1506 2176 1634 2208 quoque
1659 2167 1854 2199 Mithridatis
1880 2168 1948 2199 erat
1975 2167 2116 2207 legatus,
2142 2168 2238 2200 officii

1194 2236 1386 2268 auctoritate
1417 2244 1492 2267 cum
1523 2235 1637 2266 ceteris
1658 2234 1821 2274 aequatus)
1849 2233 2000 2274 Leonippi
2028 2234 2237 2275 proditionem

1194 2305 1335 2343 odorati,
1350 2303 1506 2335 advocata
1518 2302 1674 2334 concione
1683 2326 1692 2340 ‚
1704 2301 1867 2333 bominem
1878 2302 2030 2332 accusant
2047 2313 2054 2332 ε
2067 2301 2152 2333 cives
2164 2310 2238 2333 vero

1195 2372 1336 2404 criminis
1352 2372 1446 2411 hujus
1460 2370 1618 2401 actionem
1635 2377 1699 2399 non
1713 2368 1903 2408 admittunt,
1919 2367 2004 2408 quod
2021 2367 2155 2407 probum
2172 2376 2239 2399 esse

1196 2438 1430 2470 existimabant.
1448 2437 1492 2476 (2)
1512 2436 1586 2468 ldeo
1600 2433 1781 2467 Cleocharis
1799 2434 1910 2473 factio,
1927 2434 2059 2473 gratiam
2075 2433 2143 2473 ejus
2153 2432 2236 2473 apud

1197 2507 1319 2547 plebem
1347 2507 1509 2543 metuens,
1537 2504 1633 2534 noctu
1666 2511 1706 2534 ex
1730 2501 1850 2534 insidiis
1871 2501 2034 2532 hominem
2064 2499 2236 2531 trucidant.

1199 2573 1336 2612 Populus
1358 2571 1486 2611 quidem
1504 2570 1589 2600 hunc
1611 2578 1721 2600 casum
1745 2577 1827 2608 aegre
1845 2569 1946 2607 ἴθι-το,
1972 2567 2026 2599 sed
2052 2568 2241 2599 cleochares

1198 2648 1270 2670 cum
1291 2639 1355 2670 suis
1371 2646 1476 2668 rerum
1500 2636 1592 2676 potiri
1615 2637 1646 2666 et
1669 2635 1834 2675 tyrannice
1857 2643 1906 2666 res
1920 2634 2162 2672 administrare,
2180 2633 2239 2664 hac

1199 2703 1249 2733 via
1267 2702 1424 2742 parricidii
1443 2701 1473 2731 in
1491 2700 1690 2740 Leonippum
1704 2708 1813 2740 poenas
1835 2699 2099 2738 subterfugituros
2121 2706 2154 2729 se
2174 2699 2240 2729 exi-

1198 2767 1372 2798 stimantes.
1388 2766 1431 2805 (3)
1447 2765 1576 2796 Interim
1591 2764 1799 2802 Censorinus,
1817 2764 1968 2794 Romanae
1985 2761 2090 2793 classis
2108 2763 2237 2801 premor,

1201 2832 1343 2862 triremes
1355 2839 1448 2870 agens
1461 2829 1659 2869 quindecim,
1673 2828 1886 2859 commeatum
1900 2835 1918 2858 a
1932 2828 2071 2866 Bosporo
2085 2827 2240 2857 Romano-

1200 2904 1269 2926 rum
1304 2894 1413 2925 rastris
1437 2893 1646 2932 advehentes,
1670 2900 1767 2932 prope
1789 2890 1926 2930 Sinopen
1946 2888 2089 2929 appellit.
2120 2890 2240 2921 Contra

1201 2968 1296 3000 quem
1315 2958 1497 2990 Cleocharis
1514 2959 1545 2988 et
1560 2957 1682 2988 Seleuci
1697 2956 1843 2987 triremes
1862 2954 2017 2993 Sinopicae
2031 2978 2040 2992 ‚
2063 2953 2162 2983 ductu
2184 2954 2239 2983 Se-

109 3022 2219 3042 Μ

110 3096 115 3098 ·
149 3083 213 3113 Lll.
240 3085 266 3112 1.
292 3081 382 3110 αὐτὸν
396 3080 448 3114 τὰς
462 3080 581 3120 πόλεις]
595 3080 750 3117 S‹·aliger;
769 3080 868 3109 αὐτῶν
891 3091 918 3110 τ,
934 3091 965 3110 π.
985 3079 1067 3109 libri.
1082 3096 1122 3100 —
1136 3078 1190 3114 τὴν
1212 3077 1272 3107 ἀπὸ
1284 3076 1470 3117 πυραμίδος]
1489 3089 1503 3101 «ι
1521 3074 1650 3106 Mirifice
1666 3074 1769 3113 placet
1788 3072 1971 3110 conjectura
1986 3072 2051 3102 Jos.
2071 3069 2238 3107 scaligeri,

107 3131 160 3165 τὴν
176 3129 232 3158 ἐπὶ.
246 3131 297 3164 τῆς
313 3138 383 3167 πυρ.
404 3126 538 3157 Videtur
555 3127 672 3157 scilicet
687 3127 745 3156 ista
765 3126 906 3156 llereulis
920 3128 1023 3156 statua
1041 3126 1193 3156 reclinata
1211 3124 1304 3154 fuisse
1319 3122 1473 3162 pyramidi
1488 3130 1584 3151 wneze
1596 3143 1604 3157 ,
1625 3119 1714 3157 cujus
1731 3119 1811 3158 apici
1831 3117 1948 3148 adcusa
1967 3115 2132 3146 videbatur
2149 3114 2239 3144 clava

109 3184 183 3206 cum
201 3173 323 3205 leonina
343 3182 382 3204 ex
402 3182 479 3203 auro
497 3173 675 3212 purissimo.
693 3175 824 3203 Sensum
846 3172 924 3202 benc
944 3172 1096 3211 expressit
1111 3171 1283 3209 Gerloynus
1298 3171 1327 3200 in
1350 3170 1493 3200 versione
1507 3177 1563 3199 sua
1581 3166 1719 3198 Gallica:
1745 3167 1774 3197 Il
1791 3175 1810 3204 ῃ
1829 3165 1928 3196 avait
1943 3162 2030 3193 dans
2046 3162 2076 3192 Ic
2098 3160 2237 3192 marche

113 3232 156 3252 un
183 3221 323 3252 Hercule
337 3219 456 3250 adosse
478 3222 594 3251 contre
613 3228 679 3250 unc
705 3219 895 3258 pyramide.
916 3232 930 3245 u
957 3219 1075 3249 Orelli.
1099 3232 1140 3243 —-
1159 3222 1189 3248 2.
1211 3216 1378 3256 ἐνέπρησε]
1401 3217 1441 3246 al.
1469 3216 1636 3254 ὑπέπρησε.
1660 3232 1699 3238 -
1719 3216 1748 3243 3.
1766 3207 2007 3251 ἐξεῧράσθησαν]
2021 3207 2068 3238 ed.
2086 3206 2236 3246 Stephani

112 3271 138 3296 el
156 3267 270 3305 ‹·‹›‹l‹l.;
288 3266 504 3302 ἐξεῧιάσθησαν
521 3266 625 3303 vulgo.

155 3315 235 3345 lilll.
265 3318 290 3343 1.
312 3312 500 3353 Κλεοχάρει]
523 3313 636 3343 Strabo
658 3313 715 3342 Xll
729 3335 737 3350 ‚
757 3321 787 3351 p.
807 3314 865 3342 5‘05
883 3320 939 3350 pro
957 3311 1128 3342 Cleochare
1144 3311 1287 3342 nominat
1308 3309 1474 3349 Βακχίδην.
1491 3326 1529 3330 ——
1545 3312 1575 3339 3.
1594 3310 1639 3347 τῷ
1655 3306 1818 3345 Ῥωμαίων
1839 3302 1927 3344 στρ.]
1949 3305 2006 3341 Α.;
2027 3305 2088 3333 τῶν
2105 3302 2151 3332 Ῥ.
2170 3311 2236 3340 στρ.

115 3362 185 3393 ινῐῑ.
200 3378 234 3381 >a
253 3360 382 3399 κατῆρε]
408 3362 458 3397 Α.;
482 3363 595 3398 κατῆγε
616 3360 689 3389 cell.
