2289 3728
899 147 1028 185 FRAG
1039 148 1072 183 M
1082 148 1223 184 ENTA.

5 241 124 285 λισταρ
141 236 216 280 τοὺς
230 236 307 288 περὶ
325 237 383 282 τὴν
402 236 562 275 Σκύλλαν
581 237 672 286 ἰχθῦς
690 233 918 284 ζ(ι)γρα;ρήσας
936 231 1025 290 ἕόοέε

4 299 52 347 τῷ
80 296 179 333 πάθει
201 297 330 343 μᾶλλον
355 295 376 339 ἢ
407 295 509 345 τέχνη
537 296 741 344 κεχρῆσθαι·
774 291 872 341 φύσει
897 289 963 340 γὰρ
993 292 1033 333 ἠν

4 354 153 405 φίλοψος.
181 356 237 392 Cf.
262 355 351 391 ibid.
377 357 438 400 lv,
470 358 505 397 4,
533 366 569 388 2.
605 369 619 382 «
646 350 869 397 Andocydes
900 349 1033 383 Zeuxi-

4 414 59 448 dis
72 414 220 459 :equalis
237 414 357 460 pinxit
373 414 481 447 etiam
498 412 670 457 proelium
686 409 895 450 I’lataeense,
914 420 949 442 v.
967 407 1034 441 Sil·

4 471 66 518 lig.
95 472 136 506 C.
165 474 210 507 A.
242 484 280 517 p.
309 470 355 511 4⁴3
386 483 440 515 sq.
470 469 577 514 Ejus,
604 480 714 513 quam
743 467 894 501 Polemo
924 465 1035 511 dii-it,

3 528 155 573 picturae
171 534 423 575 argumentum
442 527 595 572 sumpsit
614 537 658 560 ex
676 524 804 571 Odys-s.
824 525 911 566 XII,
934 521 995 569 95.
1018 538 1031 552 »

6 586 187 622 pamma.

489 647 550 691 67.

55 722 163 768 Diog.
179 723 222 757 L.
241 722 296 768 ll,
321 724 388 761 104
411 731 419 756 :
436 718 611 768 Θεόδωροι
628 716 662 753 δὲ
686 716 844 766 γεγόνασι
860 717 966 753 εἴκοσι

5 777 192 818 δωδέκατος
213 777 407 829 ζωγράφος,
429 770 467 813 οὗ
488 775 661 824 μέμνηται
682 774 863 824 Πολέμων.
883 777 939 812 Cf.
962 778 1032 811 Sil-

4 837 66 884 lig.
90 838 321 884 l.1.p.443.

487 905 549 941 68.

57 978 160 1013 Idem
182 980 243 1022 IV,
267 979 315 1014 58
341 992 348 1013 ;
370 976 536 1027 Γεγόνασι
556 976 591 1013 δὲ
623 977 749 1018 Βίωνες
770 975 898 1013 δέκα...
922 976 1037 1024 ὄγδοος

4 1033 171 1078 Μιλήσιος
197 1034 488 1084 ἀνδριαντοποιὸς,
510 1029 547 1070 οῧ
576 1033 749 1082 μέμνηται
769 1032 827 1069 καὶ
852 1032 1035 1081 Πολέμων.

5 1094 57 1130 Cf.
80 1094 246 1129 Eudocia
262 1107 301 1141 p.
323 1098 384 1141 94.
407 1095 520 1141 Sillig.
540 1106 575 1140 p.
601 1106 684 1137 107.

190 1210 195 1218 ,
488 1164 550 1210 69.

58 1238 160 1273 Idem
179 1241 222 1282 V,
242 1237 288 1273 85
311 1251 318 1273 :
344 1237 509 1287 Γεγόνασι
528 1236 562 1273 δὲ
584 1236 778 1288 Δημήτριοι
795 1236 966 1286 ἀξιόλογοι
990 1235 1036 1272 εἴ·

5 1309 125 1332 κοσι...
154 1295 307 1343 πέμπτος
331 1294 622 1344 ἀνδριαντοποιὸς,
649 1289 686 1331 οῧ
713 1294 886 1344 μέμνηται
921 1294 1031 1332 Πολέ-

6 1368 91 1402 μων.
111 1354 164 1391 Cf.
186 1356 300 1402 Sillig.
316 1368 353 1402 p.
379 1354 462 1391 180.

375 1450 671 1487 ΕΠΙΣΤΟΛΑΙ.

173 1528 307 1565 ΠΡΟΣ
340 1529 575 1565 ΑΤΤΑΛΟΝ
609 1529 879 1566 ΕΙΙΙΣΤΟΛΗ.

59 1610 221 1644 Attalum
256 1611 478 1656 &Vegenerus
519 1612 572 1644 De
608 1611 680 1647 aul.
721 1611 833 1645 Attal.
872 1611 1044 1658 intelligit

7 1679 128 1714 regem
150 1667 314 1702 Attalum
344 1669 397 1710 ΙΙ,
427 1668 492 1713 qui
520 1668 687 1714 regnavit
711 1668 814 1701 annis
854 1666 1039 1713 159-138.

8 1724 114 1759 Idem
136 1725 243 1759 etiam
262 1726 422 1759 Prellero
451 1725 758 1760 verisimillimum
783 1736 854 1758 esse
880 1724 1041 1767 videtur,

9 1786 71 1821 etsi
94 1787 203 1820 etiam
228 1785 276 1820 ad
305 1787 418 1820 alium
447 1787 611 1820 Attalum
638 1785 826 1831 quendam
857 1785 1042 1819 literatum

8 1844 199 1878 hominem
226 1844 360 1890 scripta
387 1856 457 1878 esse
484 1844 636 1890 epistola
657 1848 790 1889 posset.
824 1844 909 1877 Non
932 1842 1042 1876 video

13 1901 145 1947 quidni
165 1900 212 1935 de
233 1902 356 1935 Attalo
383 1902 506 1947 primo
535 1900 654 1949 [regn.
680 1902 866 1946 242-197]
901 1901 1044 1947 cogite—

10 1971 101 1993 mus.
122 1960 307 2005 Tempora
326 1972 403 1992 non
429 1959 587 1995 obstant,
616 1960 723 1992 Hunc
741 1970 829 1991 vero
849 1970 974 2004 regem
998 1958 1044 1992 de

10 2016 156 2050 Troade
172 2024 208 2050 et
223 2017 353 2050 vicinis
376 2017 588 2063 regionibus
607 2015 853 2063 geographica
876 2015 1044 2061 quaedam

11 2074 193 2120 scripsisse
206 2074 394 2108 luculento
406 2074 609 2120 fragmento
622 2073 815 2115 docemur,
831 2073 933 2118 quod
947 2085 965 2107 e
976 2075 1047 2107 De-

12 2132 144 2166 metrio
174 2132 322 2178 Scepsio
349 2132 455 2166 affert
486 2132 619 2166 Strabo
648 2131 713 2165 ubi
734 2131 780 2165 de
804 2131 950 2164 Troade
975 2132 1049 2177 agit

15 2189 144 2235 (XIII,
160 2202 198 2236 p.
216 2189 288 2224 603
302 2189 329 2237 )
350 2189 453 2224 Idem
466 2191 575 2224 etiam
590 2189 813 2236 periegetica
825 2189 1046 2234 protulerit3

18 2247 65 2281 de
85 2248 219 2293 quibus
249 2248 402 2282 Polemo
431 2248 571 2282 Iliensis
599 2247 749 2282 adeum
770 2247 966 2293 scripserit.
997 2268 1048 2272 --

21 2320 35 2335 «
55 2307 327 2353 Argumentum
342 2306 518 2352 epistolae,
538 2306 721 2340 Prellerus
735 2306 796 2348 ait,
816 2317 942 2339 veram
959 2305 1046 2339 artis

16 2364 247 2410 periegeticae
268 2363 434 2398 indolem
447 2364 572 2404 haben
593 2370 645 2397 est
656 2364 753 2397 enim
769 2363 815 2397 de
829 2364 1049 2397 insolentio-

16 2422 117 2455 ribus
137 2421 357 2467 quibusdam
377 2421 534 2456 deorum
565 2422 851 2468 cognominibus
883 2428 994 2467 atque
1028 2434 1047 2456 a

17 2480 204 2513 communi
224 2492 291 2513 usu
308 2487 341 2515 et
358 2481 489 2514 notitia
506 2481 771 2514 remotioribus
784 2506 793 2524 ,
812 2480 912 2513 velut
930 2480 1050 2525 Apol-

18 2537 99 2571 linis
122 2535 295 2586 ὀψοφάγου
323 2536 448 2584 (frgin.
479 2535 567 2585 70),
596 2535 778 2586 κεχηνότος
803 2536 933 2587 (frgm.
957 2549 999 2581 71
1017 2536 1049 2584 ),

21 2592 185 2630 Διονύσου
204 2594 412 2644 χοιροψάλου
436 2595 565 2642 (frgm.
590 2596 656 2643 72)
672 2623 680 2639 ‚
703 2596 824 2641 qualia
850 2607 895 2628 ex
918 2607 1050 2628 monu-

19 2654 150 2687 mentis
173 2653 342 2687 locorum
363 2661 509 2688 eruerat
529 2660 639 2700 atque
660 2653 707 2688 ad
727 2665 850 2687 causas
873 2653 1052 2698 mythicas
1075 2655 1082 2663 '

20 2762 95 2793 dum
123 2763 342 2800 delectaretur,
362 2764 396 2792 ut
415 2763 458 2792 ait
479 2763 623 2800 Polemo,
649 2762 806 2800 x‘oluptati
826 2769 922 2800 qnam
943 2770 982 2791 ex
1012 2760 1049 2790 iis

20 2813 161 2852 capiebat
187 2814 230 2844 ita
253 2813 398 2850 indulsit,
423 2815 459 2843 nt
478 2814 574 2843 etiam
598 2813 667 2843 illos
689 2813 771 2842 cirea
793 2812 929 2851 Scyllam
952 2812 1051 2851 pisces
1079 2845 1084 2869 ι

21 2872 143 2894 summo
156 2864 258 2895 studio
271 2864 459 2903 depingeret.

504 2930 547 2960 (37
555 2954 562 2960 .

63 2996 217 3027 Theodori
231 2997 357 3034 pictoris
371 2997 562 3027 mentionem
578 2995 651 3025 facit
667 2995 804 3025 Polemo.

506 3062 563 3092 68.
1049 3072 1064 3087 a

66 3125 170 3156 Bionis
183 3125 292 3156 Milesii
309 3125 451 3156 statuarii
469 3125 613 3156 meminit
631 3125 767 3155 Polemo.

512 3191 568 3221 69.

68 3255 264 3286 Demetrium
278 3255 465 3286 statuarium
479 3256 706 3286 eoi'umeniorat
727 3254 861 3284 Polemo.

2045 152 2114 183 ¹35,

1096 240 1329 267 revoraveini
1347 234 1517 279 scriptor.
1534 234 1697 267 Similem
1713 232 2002 278 disquisitionem
2018 232 2127 265 habes

1095 289 1195 335 apud
1219 291 1441 323 Clementem
1467 291 1754 325 Alexandrinum
1776 292 1961 336 Protrept.
1982 302 2062 335 cap.
2087 302 2122 332 2,

1095 347 1115 391 ᾗ
1145 346 1206 381 38.
1237 346 1299 392 ἰὴ),
1333 359 1376 380 cx
1404 347 1554 381 diversis
1587 349 1829 394 scriptoribus
1857 348 2093 394 compilatam
2111 375 2119 390 ,

1097 404 1191 437 inter
1211 415 1305 449 quos
1326 404 1527 437 identidem
1542 414 1731 451 comparet
1748 418 1882 441 nomen
1901 407 2125 449 Polemonis3

1096 461 1160 494 abs
1173 473 1248 507 quo
1265 474 1379 506 quum
1394 474 1506 494 unum
1523 463 1731 508 exemplum
1745 490 1753 506 ,
1774 460 1937 498 Διονύσου
1958 460 2126 511 χοιροψά-

1097 519 1155 552 λου
1174 517 1327 565 (fragili.
1351 530 1396 561 72
1409 517 1434 563 ),
1457 526 1644 563 sumptum
1662 527 1802 554 constet
1813 533 1888 554 non
1907 521 2098 554 nominato
2115 546 2124 561 ‚

1098 588 1261 621 pronum
1281 582 1332 609 est
1351 576 1524 621 suspicari
1546 576 1654 609 etiam
1675 585 1882 611 ceterorum
1898 584 2039 623 partem
2061 578 2130 611 ali-

1100 645 1211 678 quam
1235 645 1279 667 ex
1303 640 1430 666 nostro
1453 633 1561 666 tacite
1582 632 1801 680 descriptam
1821 647 1904 671 esse.
1934 637 1980 669 Et
1999 635 2130 681 dispu-

1100 696 1198 724 tatur
1215 690 1347 724 eodem
1366 696 1542 724 contextu
1556 690 1664 724 etiam
1683 691 1728 725 de
1743 693 1906 727 Minerva
1922 694 1967 728 ab
1984 694 2129 739 Ornyto

1099 748 1290 782 vulnerata
1311 748 1371 794 (p.
1398 747 1439 781 31
1469 747 1655 794 Potter.)‚
1674 748 1795 795 deque
1818 751 1991 796 Apolline
2015 752 2131 786 Smin·

1100 805 1178 839 thio
1210 804 1269 852 (p.
1297 805 1340 846 34
1366 805 1548 852 Ροῖιοικ),
1572 804 1701 839 addito
1730 808 1880 841 nomine
1900 809 2131 851 Polemonis;

1102 863 1202 897 unde
1228 864 1415 909 putaveris
1433 863 1510 896 haee
1532 875 1683 908 quoque
1700 865 1885 909 exempla,
1910 877 1929 898 a
1946 878 2003 899 me
2023 877 2133 912 supra

1101 923 1134 955 in
1166 922 1343 968 Perlegesi
1375 921 1505 971 (frgm.
1539 925 1602 961 24.
1630 918 1697 967 31)
1719 928 1890 965 tractata,
1921 925 2133 960 satius'esse

1101 979 1147 1013 ad
1165 980 1357 1025 epistolam
1374 979 1420 1014 ad
1438 979 1604 1013 Attalum
1623 980 1796 1025 scriptam
1812 979 1959 1014 referre.
1985 997 1998 1009 n

1590 1060 1649 1092 70.

1154 1117 1347 1151 Athenaeus
1361 1117 1461 1159 VIII,
1482 1129 1518 1162 p.
1538 1115 1625 1158 346,
1644 1117 1672 1150 Β
1693 1128 1701 1150 :
1719 1113 1814 1164 Πρὸς
1830 1113 1960 1157 τούτοις
1975 1118 2043 1157 τοῖς
2057 1117 2136 1167 ὀψο-

1101 1171 1219 1222 φάγοις
1242 1166 1316 1209 οἷδα
1337 1171 1466 1208 καὶτὸν
1486 1171 1572 1221 παρ’
1587 1171 1736 1214 Ἠλείοις
1757 1171 1949 1221 τιμώμενον
1968 1174 2138 1224 ὀψοφάγον

1102 1229 1317 1267 Ἀπόλλωνα.
1342 1229 1561 1278 Μνημονεύει
1579 1229 1613 1266 δὲ
1632 1231 1732 1266 αὐτοῦ
1752 1229 1920 1278 Πολέμων
1935 1231 1968 1266 ἐν
1986 1234 2027 1281 τῇ
2046 1231 2136 1282 Πρὸς

1102 1286 1268 1325 Ἄτταλον
1286 1290 1464 1338 ἐπιστολῇ.

1590 1365 1608 1397 7
1620 1366 1632 1387 1
1644 1380 1653 1388 .

1160 1426 1275 1462 Clem.
1298 1427 1355 1463 Al.
1376 1428 1558 1473 Protrept.
1579 1439 1618 1473 p.
1638 1426 1683 1461 32
1705 1428 1814 1461 Pott:
1836 1425 2005 1474 Πολέμων
2024 1425 2057 1462 δὲ
2079 1442 2140 1463 κε-

1107 1483 1250 1533 χηνότος
1267 1483 1479 1525 Ἀπόλλωνος
1494 1477 1581 1519 οἶδεν
1600 1483 1756 1532 ἄγαλμα,
1774 1483 1832 1519 καὶ
1846 1483 2020 1535 ὀψοφάγου
2037 1484 2139 1521 πάλιν

1105 1540 1319 1581 Ἀπόλλωνος
1338 1539 1422 1577 ἄλλο
1443 1542 1476 1576 ἐν
1492 1538 1613 1578 ’Ἤλιδι
1631 1540 1834 1589 τιμώμενον.

1163 1616 1177 1630 «
1196 1601 1371 1646 Suspicor
1386 1606 1531 1646 patrem
1541 1600 1633 1645 haee,
1649 1607 1691 1634 ut
1707 1600 1875 1634 solebant
1889 1601 1944 1634 isti
1959 1601 1997 1634 in
2014 1602 2140 1636 litteris

1105 1658 1270 1704 profanis
1284 1659 1440 1701 versari,
1456 1657 1681 1693 festinantius
1695 1658 1912 1704 excerpsisse
1929 1665 1965 1693 et
1980 1660 2138 1694 hiantem

1106 1717 1317 1761 Apollinem
1338 1714 1483 1751 finxisse
1503 1728 1546 1751 ex
1563 1716 1699 1750 Libero
1717 1716 1859 1759 hiante,
1879 1716 1979 1763 apud
1999 1717 2139 1752 Samios

1107 1772 1208 1807 culto
1222 1800 1230 1816 ‚
1251 1773 1296 1807 de
1316 1786 1391 1819 quo
1411 1780 1553 1808 constat
1572 1785 1616 1807 ex
1636 1774 1781 1807 AEliano
1804 1775 1850 1810 H.
1876 1776 1918 1810 A.
1935 1776 2021 1817 VII,
2040 1776 2087 1816 48
2105 1783 2141 1809 et

1106 1831 1201 1864 Plin.
1226 1831 1271 1864 H.
1292 1832 1336 1865 A.
1352 1832 1453 1864 VIII.
1480 1846 1494 1861 »
1513 1831 1696 1864 pamm.

1592 1905 1652 1937 72.

1158 1960 1260 1994 Idem
1274 1973 1312 2006 p.
1338 1960 1382 1994 33
1403 1973 1410 1994 :
1429 1958 1590 1995 Διόνυσον
1605 1959 1671 2004 ἤδη
1690 1961 1809 1996 σιωπῶ
1834 1960 1890 1996 τὸν
1912 1962 2140 2012 χοιροψάλαν·

1112 2016 1294 2053 Σικυώνιοι
1323 2020 1440 2053 τοῦτον
1469 2020 1730 2067 προσκυνοῦσιν,
1760 2017 1815 2054 ἐπὶ
1844 2020 1910 2054 τῶν
1941 2020 2141 2067 γυναικείων

1111 2073 1271 2116 τάξαντες
1307 2074 1365 2110 τὸν
1404 2073 1564 2111 Διόνυσον
1604 2074 1744 2124 μορίων.
1788 2077 1911 2114 Schol.
1947 2078 1994 2113 ad
2034 2080 2071 2115 h.
2115 2080 2139 2114 l.

1112 2146 1150 2179 p.
1180 2133 1249 2167 108
1268 2134 1378 2167 Klotz
1396 2145 1403 2167 ε
1426 2131 1643 2183 Χοιροψάλας
1663 2132 1821 2174 Διόνυσος
1839 2134 1872 2169 ἐν
1900 2134 2047 2170 Σικυῶνι
2070 2134 2144 2184 [τῆς

1110 2189 1294 2238 Βοιωτίας]
1315 2195 1474 2236 τιμᾶται,
1501 2191 1545 2230 ὡς
1568 2188 1735 2238 Πολέμων
1752 2191 1785 2226 ἐν
1805 2193 1847 2241 τῇ
1868 2190 1957 2240 Πρὸς
1978 2188 2143 2228 Ἄτταλον

1108 2245 1287 2296 ἐπιστολῇ.
1324 2245 1426 2283 ’Ἐστι
1461 2246 1494 2283 δὲ
1521 2246 1872 2297 μεταλαμὸανόμενον
1897 2251 1914 2285 ὁ
1944 2249 1999 2285 τὸν
2029 2255 2143 2300 χοῖρον

1108 2304 1248 2355 ψάλλων
1263 2303 1352 2340 τοῦτ’
1370 2304 1441 2340 ἔστι
1457 2304 1596 2342 τίλλων.
1616 2306 1737 2355 Χοῖρος
1749 2305 1782 2342 δὲ
1793 2312 1984 2355 γυναικεῖον
2002 2309 2142 2346 αἰδοῖον.

1162 2364 1214 2399 Cf.
1231 2364 1346 2400 schol.
1370 2365 1493 2401 AEscb.
1519 2365 1617 2400 Pers.
1638 2364 1731 2406 1054
1756 2378 1763 2399 :
1784 2363 1931 2413 Λέγεται
1950 2364 2008 2401 καὶ
2022 2367 2143 2415 Χοιρο-

1110 2420 1222 2471 ψάλας
1253 2420 1435 2465 Διόνυσος,
1464 2423 1480 2457 ὃ
1504 2421 1627 2457 τίλλων
1657 2421 1699 2457 τὰ
1727 2422 1828 2470 μόρια
1866 2424 1932 2458 τῶν
1962 2425 2142 2471 γυναικῶν.

1110 2479 1233 2513 Scliol.
1254 2480 1365 2513 Arist.
1392 2481 1493 2526 Vesp.
1522 2479 1638 2523 1318,
1659 2481 1788 2515 Suidas
1807 2494 1842 2515 v.
1872 2480 2073 2531 Χοιρόθλιψ,
2094 2502 2150 2527 -Ὶ

1113 2536 1233 2571 Verba
1255 2537 1315 2579 τῆς
1338 2534 1505 2577 Βοιωτίας
1525 2538 1562 2570 in
1592 2538 1707 2572 schol.
1741 2537 1854 2574 Clem.
1886 2540 1944 2574 Al.
1966 2533 2154 2575 Prellerud

1114 2595 1254 2636 omisit,
1270 2596 1393 2629 nescio
1414 2607 1460 2629 an
1486 2595 1532 2629 de
1549 2595 1741 2630 industria.
1759 2598 1930 2631 Attamen
1950 2598 2144 2644 Sicyonem

1115 2653 1265 2686 Boeotiae
1290 2660 1472 2686 memorat
1499 2653 1608 2686 etiam
1635 2654 1749 2689 schol.
1778 2654 1926 2691 Pindar.
1955 2655 2012 2691 Ol.
2029 2656 2144 2697 XIII,

2110 2727 2132 2734 μ.

1311 2778 1376 2814 AD
1406 2778 1542 2814 ATTA
1550 2778 1611 2815 LU
1619 2778 1654 2813 M
1689 2778 1858 2815 EPlSTO
1867 2779 1942 2815 LA.

1600 2862 1658 2893 70.

1156 2916 1271 2944 Prreter
1296 2915 1370 2944 istos
1395 2914 1598 2944 obsoniorum
1622 2914 1771 2946 lieluones
1793 2916 1921 2947 memini
1942 2917 2035 2946 etiam
2061 2917 2141 2954 apud

1115 2967 1204 2997 Eleos
1220 2966 1280 2996 coli
1296 2966 1472 3005 Apollinem
1487 2966 1717 3006 opsophaqum
1731 2992 1738 3005 ‚
1757 2968 1847 3006 eujus
1862 2968 2053 2998 mentionem
2072 2968 2144 2998 facit

1120 3018 1246 3048 Polemo
1262 3017 1292 3047 in
1310 3017 1449 3056 Epistola
1463 3017 1501 3048 ad
1521 3019 1673 3049 Attalum.

1607 3069 1661 3099 71.

1159 3120 1288 3150 Polemo
1314 3120 1401 3150 novit
1426 3120 1538 3151 hiantis
1564 3121 1714 3160 Apollinis
1731 3124 1855 3160 signum
1872 3146 1879 3159 ‚
1907 3131 1963 3152 nec
1980 3131 2041 3152 non
2059 3122 2142 3152 aliud

1118 3172 1269 3210 Apollinis
1282 3173 1452 3212 opsophagi
1465 3173 1497 3203 in
1512 3173 1598 3203 Elide
1611 3174 1811 3204 honoratum.

1600 3224 1655 3253 72.

1159 3275 1301 3305 Bacchus
1316 3275 1496 3314 pudendum
1526 3276 1678 3306 muliebre
1695 3277 1812 3306 vellens
1834 3277 1965 3314 Sicyoni·
1981 3278 1989 3312 (
2004 3277 2032 3306 in
2054 3279 2141 3308 llwo·

1118 3325 1180 3363 tia)
1197 3325 1322 3364 colitur,
1342 3328 1373 3356 nl
1391 3327 1514 3356 Polemo
1534 3326 1561 3355 in
1580 3326 1715 3365 Epistola
1729 3327 1766 3356 ad
1785 3327 1922 3357 Attalum
1936 3327 2021 3357 dicit.
