2338 3765
358 145 1074 239 LYSIMACHUS
1131 147 2023 236 ALEXANDRINUS.

185 478 421 524 Lysimachus
454 476 494 525 (¹⁹)
506 505 514 520 ‚
537 476 678 514 Νόστων
713 467 855 521 auctor,
887 480 1162 513 Alexandrinus

136 543 286 570 vocatur
304 548 360 582 ap.
378 536 494 570 schol.
513 537 586 570 Rh.
606 537 641 580 Ι,
660 535 735 572 558
753 537 818 583 (fr.
846 550 858 571 1
872 550 884 571 1
906 537 931 585 l.
951 539 1096 571 Tzetzes
1117 536 1163 571 ad

137 593 286 629 Hesiod.
317 606 354 640 p.
377 593 424 627 30
444 593 508 642 (fr.
530 593 600 641 26)
625 594 751 629 laudat
769 595 1025 641 Lysimachum
1047 594 1164 641 Cyre-

134 664 252 685 naaum
262 652 294 687 ἐν
304 650 335 686 α’
348 649 432 700 Περὶ
441 652 604 694 ποιητῶν.
619 653 738 699 Igitur
745 653 894 699 Cyrenis
902 659 1027 687 natum
1035 653 1164 686 vixisse

135 709 362 744 Alexandriae
383 710 580 756 putaveris.
604 712 651 745 At
669 722 893 758 magnopere
912 723 1097 753 veremur,
1118 722 1164 744 ne

133 767 391 813 Lysimachum
407 767 550 801 Tzetzes
564 767 767 802 confundat
782 780 864 802 cum
882 770 1043 813 Li'sczm'a
1057 768 1163 809 Cyre-

133 836 228 866 meo,
253 836 363 869 quern
377 825 432 858 De
446 825 565 870 poetis
581 826 762 871 scripsisse
778 832 932 861 constat.
949 826 1046 860 Vixit
1062 825 1163 870 Lysi-

134 882 284 916 machus
296 889 380 928 post
393 883 576 916 Mnascam
589 884 792 917 Patrensem
814 882 865 929 (v.
881 883 926 919 fr.
950 880 1010 929 16)
1029 889 1063 917 ct
1081 890 1164 916 ante
1192 906 1195 909 -

135 939 315 985 Apionem
329 937 392 988 (fr.
410 951 430 973 2
446 936 469 986 ).
493 940 520 973 E
536 939 665 987 fragm.
684 941 704 975 3
721 940 893 986 conjicias
907 941 1164 987 Lysimachum

133 997 315 1042 scripsisse
342 1004 424 1043 post
445 997 684 1043 Apollonium
717 1000 924 1042 Molonem,
950 999 1165 1045 magistrum

135 1054 339 1090 Ciceronis.
363 1055 480 1088 Porro
502 1056 529 1088 si
554 1063 651 1090 recte
672 1056 887 1100 conjicimus
907 1057 1166 1103 Lysimachum

134 1122 211 1146 non
227 1111 411 1145 diversum
424 1124 501 1146 esse
521 1124 540 1146 a
555 1114 830 1159 Lysimachide‚
849 1114 951 1159 cujus
968 1126 1061 1160 opus
1080 1112 1166 1162 Περὶ

134 1169 201 1203 τῶν
218 1166 378 1212 Ἀθήνησι
399 1170 515 1216 μηνῶν
531 1168 588 1205 καὶ
607 1171 731 1220 ἑορτῶν
748 1171 874 1206 laudat
892 1173 1166 1217 Harpocration

137 1226 196 1273 (fr.
218 1239 260 1261 αι
279 1226 394 1274 sqq.),
407 1234 439 1261 et
450 1227 552 1273 cujus
568 1229 705 1263 librum
719 1227 822 1278 πρὸς
835 1227 1060 1265 Καικίλιον
1079 1227 1166 1278 Περὶ

135 1285 200 1318 τῶν
216 1282 312 1333 παρὰ
330 1286 399 1325 τοῖς
416 1283 576 1326 Ἀττικοῖς
596 1285 745 1336 ῥητόρων)
774 1288 991 1323 Ammonius
1012 1285 1079 1336 (fr.
1098 1286 1164 1330 25)

136 1351 405 1377 commemorat
437 1356 444 1377 :
476 1345 619 1379 ratione
648 1346 730 1379 satis
755 1345 942 1391 probabili
973 1357 1167 1391 supparem

136 1399 243 1435 fuisse
260 1401 396 1435 Caecilii
418 1407 453 1435 et
471 1402 635 1447 Dionysii
657 1403 980 1437 Halicarnassensis
1000 1403 1167 1449 Lysima-

136 1456 246 1490 chum
265 1456 413 1491 dixeris.
434 1458 556 1504 Opera
576 1458 773 1493 laudantur
789 1459 865 1493 haec
884 1470 892 1495 :

190 1525 217 1548 ῐ.
249 1513 537 1562 Αἷγυπτιακά.

189 1582 219 1608 2.
251 1568 457 1614 Θηὸαϊκά
476 1573 534 1607 vel
554 1569 755 1615 Θηὸαϊκὰ
773 1570 1008 1621 παράδοξα.

210 1656 217 1664 .
244 1626 412 1665 Νόστοι.

211 1715 219 1723 .
253 1684 387 1735 [Περὶ
410 1686 490 1721 τῶν
514 1684 711 1731 Ἀθήνησι
737 1688 877 1734 μηνῶν
897 1687 966 1724 καὶ
983 1689 1166 1739 ἑορτῶν.]

246 1742 378 1793 [Περὶ
395 1745 475 1778 τῶν
495 1745 591 1794 παρ’
610 1743 816 1787 Ἀττικοῖς
838 1745 1025 1797 ῥητόρων
1039 1744 1063 1797 .]

253 1801 265 1850 [
280 1801 383 1850 Περὶ
400 1803 602 1846 ποιητῶν.
619 1803 632 1851 ]

190 1870 217 1895 7.
248 1857 356 1909 Περὶ
377 1857 567 1909 Ἐφόρου
588 1860 755 1905 κλοπῆς
776 1860 923 1909 βιὸλία
944 1861 989 1912 β’.

188 1919 408 1965 Fragmenta
430 1919 540 1965 longe
555 1919 715 1965 plurima
727 1920 773 1954 ad
789 1920 971 1956 Thebaica
988 1928 1024 1956 et
1038 1922 1170 1956 Nostos

136 1976 334 2022 pertinent.
353 1977 406 2010 Ex
425 1976 561 2022 quibus
577 1984 728 2024 apparet
747 1979 943 2014 maximam
965 1992 1115 2026 operam
1133 1981 1170 2014 in

137 2046 181 2068 eo
201 2034 361 2080 posuisse
383 2042 594 2078 auctorem,
613 2042 653 2069 ut
669 2037 924 2082 antiquiorum
944 2039 1168 2085 scriptorum

189 1640 218 1839 ‚cmv-*w

179 2124 219 2163 (¹⁸)
236 2127 281 2155 De
292 2124 477 2164 Lysimacho
491 2126 545 2164 qui
563 2127 636 2166 Περὶ
650 2126 791 2157 Ἀττάλου
803 2128 940 2164 παιδείας
951 2128 1086 2168 scripsit,
1100 2130 1171 2161 vide

140 2171 257 2202 lntrod.
276 2171 307 2201 in
323 2174 444 2211 Fragm.
462 2173 612 2203 Neanthis
627 2173 782 2212 Cyziceni.
804 2175 1037 2212 Lysimachum
1053 2178 1169 2214 Coum,

140 2218 392 2256 Hippocraticum
406 2220 415 2256 <
429 2218 566 2250 Erotian.
581 2228 610 2258 p.
627 2220 790 2257 10;schol.
803 2220 949 2252 Nicandri
963 2222 1050 2252 Alex.
1065 2231 1094 2261 p¹
1111 2226 1170 2255 376

139 2264 234 2295 Schn.
247 2266 271 2303 )‚
289 2265 380 2295 sicuti
398 2265 534 2303 reliquos
549 2265 616 2304 ejus
634 2266 771 2296 nominis
794 2267 877 2297 viros
895 2267 926 2297 h.
942 2268 965 2298 l.
985 2277 1170 2300 enumerare

140 2311 266 2349 longum
284 2313 342 2343 est.
359 2311 579 2350 Lysimachum
596 2312 755 2351 quendam
769 2313 823 2351 qui
839 2316 884 2344 De
894 2314 1084 2353 agricultura
1097 2316 1170 2346 scri·

139 2357 199 2395 psit
218 2357 346 2387 laudant
362 2359 462 2387 Varro
479 2360 515 2388 P..
537 2360 572 2388 R.
588 2360 618 2395 Ι,
639 2363 666 2397 1,
689 2358 807 2389 Plinius
820 2358 851 2389 in
869 2360 936 2391 lnd.
955 2362 1040 2391 auct.
1059 2361 1097 2391 ad
1115 2362 1169 2393 lib.

139 2404 212 2434 Vlll
224 2427 232 2440 ‚
248 2405 288 2434 lX
300 2426 307 2440 ‚
320 2405 360 2440 X,
378 2405 462 2441 XlV,
479 2405 578 2441 XVlI,
597 2406 716 2442 XVlll,
728 2406 860 2436 XXVlll
874 2408 904 2437 et
920 2409 1018 2444 XXV,
1030 2409 1061 2437 7.
1079 2409 1172 2439 Hunc

139 2450 269 2479 Vossius
285 2449 419 2480 eundem
433 2458 505 2480 cum
523 2449 735 2480 Alexandrino
750 2451 856 2481 nostro
869 2459 938 2482 esse
955 2453 1113 2491 opinatur.
1132 2472 1172 2479 -

140 2495 232 2529 Quod
247 2497 324 2525 tom.
344 2497 390 2533 11,
405 2504 435 2534 p.
461 2498 520 2526 370
539 2497 606 2526 not.
627 2496 802 2534 suspicatus
825 2505 893 2527 snm
914 2500 1052 2536 Lycum.
1069 2499 1171 2538 operis

141 2541 213 2580 Περὶ
229 2541 339 2576 Θηῧῶν
354 2542 528 2578 auctorem,
545 2541 598 2580 qui
612 2550 662 2580 ap.
674 2543 779 2572 Tzetz.
793 2542 832 2572 ad
846 2544 921 2582 Lyc.
938 2548 996 2574 526
1010 2544 1169 2582 laudatur,

141 2586 276 2616 eundem
290 2595 355 2617 csse
371 2595 443 2616 cnm
460 2587 646 2626 Lysimacho
657 2611 666 2626 ‚
683 2587 714 2618 id
731 2588 844 2619 salsum
859 2590 914 2620 est.
928 2590 1010 2621 Vide
1026 2590 1169 2622 addenda

140 2631 179 2660 ad
198 2633 319 2670 Lycum
336 2632 523 2670 Rheginum.

1224 478 1453 512 narrationes
1469 484 1698 524 congereret,
1710 476 1756 512 de
1766 477 1916 523 singulis
1930 476 2139 523 quibusque
2156 477 2252 512 inter

1224 547 1260 569 se
1295 534 1553 578 contenderet,
1578 536 1788 581 mirumque
1817 547 1940 569 earum
1972 534 2174 569 dissensum
2206 547 2251 569 eo

1224 592 1338 626 modo
1357 591 1573 627 declararet.
1600 593 1698 626 Num
1725 593 1878 626 ulterius
1895 604 2109 639 progressus
2126 593 2188 635 sit,
2211 604 2252 626 ac

1215 648 1350 694 judicii
1372 661 1527 684 acumen
1549 662 1631 683 cum
1654 649 1854 695 colligendi
1874 649 2050 684 industria
2067 649 2250 695 junxerit,

1224 719 1360 740 nescio.

1575 791 1900 830 ΑΙΓΥΠΤΙΑΚΑ.

1278 893 1534 937 Lysimachum
1547 892 1641 925 inter
1654 903 1715 925 cos
1727 892 1789 937 qui
1806 891 1853 925 de
1870 891 1980 926 rebus
1996 891 2253 938 AEgyptiorum

1224 950 1437 995 scripserint
1456 955 1618 983 recenset
1647 949 1796 984 Cosmas
1821 949 1986 995 Topogr.
2006 947 2138 982 Christ.
2161 950 2254 992 XII,

1225 1020 1261 1053 p.
1278 1010 1364 1047 241.

1731 1105 1761 1126 1.

1278 1185 1459 1231 Josephus
1490 1184 1529 1220 C.
1552 1185 1737 1230 Apionem
1755 1183 1768 1219 l
1783 1210 1792 1227 ‚
1819 1182 1866 1224 34
1897 1195 1905 1216 ε
1927 1179 2102 1223 Ἐπιτάξω
2119 1179 2154 1217 δὲ
2179 1180 2257 1217 τού-

1227 1257 1293 1284 τοις
1320 1243 1556 1291 (Manethoni
1579 1249 1612 1277 et
1640 1239 1897 1289 Chaeremoni)
1925 1238 2140 1289 Λυσίμαχον,
2165 1240 2256 1284 εἷλη·

1228 1300 1314 1350 φότα
1334 1298 1395 1347 μὲν
1420 1297 1481 1342 τὴν
1510 1297 1617 1342 αὐτὴν
1644 1298 1712 1339 τοῖς
1739 1295 1996 1347 προειρημένοις
2017 1295 2174 1332 ὑπόθεσιν
2193 1300 2251 1332 τοῦ

1228 1358 1434 1408 ψεύσματος,
1447 1354 1728 1406 ὑπερπεπαικότα
1745 1353 1780 1391 δὲ
1796 1354 1858 1399 τὴν
1873 1353 2008 1390 ἐκείνων
2026 1353 2258 1398 ἀπιΟανότητα

1227 1417 1294 1455 τοῖς
1314 1413 1510 1462 πλάσμασι.
1533 1411 1585 1450 Δι’
1606 1411 1623 1448 ὃ
1646 1412 1704 1448 καὶ
1725 1413 1824 1457 δῆλός
1842 1413 1913 1449 ἐστι
1933 1411 2151 1453 συντεθεικὼς
2169 1410 2258 1448 κατὰ

1228 1470 1357 1516 πολλὴν
1381 1470 1578 1520 ἀπέχθειαν.
1604 1471 1706 1519 Λέγει
1730 1470 1871 1521 γὰρῃέπὶ
1894 1469 2094 1521 Βοκχόρεως
2116 1472 2174 1505 τοῦ
2194 1470 2258 1507 Αἶ-

1228 1529 1378 1579 γυπτίων
1399 1528 1566 1579 βασιλέως
1585 1527 1642 1565 τὸν
1662 1528 1744 1565 λαὸν
1761 1530 1828 1565 τῶν
1847 1527 2023 1565 Ἰουδαίων
2046 1525 2188 1577 λεπροὺς
2204 1526 2258 1563 ὄν-

1229 1602 1290 1628 τας
1306 1586 1364 1623 καὶ
1383 1585 1536 1636 ψωροὺς,
1557 1585 1615 1622 καὶ
1636 1585 1725 1622 ἄλλα
1742 1585 1922 1634 νοσήματά
1941 1601 2017 1622 τινα
2039 1584 2196 1635 ἔχοντας,
2215 1585 2259 1625 εἷς

1229 1644 1273 1681 τὰ
1287 1643 1363 1694 ἱερὰ
1379 1643 1655 1695 καταφεύγοντας
1679 1647 1849 1693 μεταιτεῖν
1867 1643 2007 1695 τροφήν.
2034 1642 2259 1691 Παμπόλλων

1234 1701 1267 1737 δὲ
1290 1700 1474 1751 ἀνθρώπων
1495 1701 1637 1752 νοσηλίᾳ
1669 1701 1933 1750 περιπεσόντων,
1968 1700 2141 1752 ἀκαρπίαν.
2163 1702 2196 1738 ἐν
2216 1702 2258 1750 τῇ

1232 1758 1398 1810 Αἰγύπτῳ
1417 1756 1588 1807 γενέσθαι.
1613 1758 1780 1810 Βόκχοριν
1807 1759 1858 1805 δὲ,
1890 1758 1946 1796 τὸν
1973 1761 2039 1795 τῶν
2059 1757 2258 1808 Αἰγυπτίων

1233 1816 1393 1867 βασιλέα,
1411 1818 1456 1859 εἷς
1472 1816 1654 1865 Ἄμμωνος
1669 1818 1806 1869 πέμψαι
1824 1817 1901 1868 περὶ
1924 1820 1984 1862 τῆς
2000 1816 2172 1867 ἀκαρπίας
2184 1814 2260 1858 τοὺς

1232 1874 1524 1924 μαντευσομένους
1535 1890 1542 1898 ·
1559 1874 1616 1911 τὸν
1633 1874 1705 1912 θεὸν
1721 1876 1755 1912 δὲ
1772 1876 1876 1913 εἰπεῖν
1891 1874 1935 1912 τὰ
1950 1874 2026 1925 ἱερὰ
2039 1878 2185 1926 καθᾶραι
2200 1874 2259 1910 ἀπ’

1233 1932 1419 1983 ἀνθρώπων
1441 1932 1595 1982 ἀνάγνων
1624 1933 1683 1970 καὶ
1713 1933 1900 1979 δυσσεὸῶν,
1927 1932 2119 1970 ἐκὸαλόντα
2141 1929 2262 1975 αὐτοὺς

1231 1993 1269 2028 ἐκ
1288 1994 1355 2028 τῶν
1380 1994 1477 2042 ἱερῶν
1500 1993 1545 2034 εἷς
1566 1990 1689 2034 τόπους
1706 1991 1872 2042 ἐρήμους,
1893 1990 1970 2033 τοὺς
1997 1990 2031 2028 δὲ
2051 1991 2183 2043 ψωροὺς
2202 1994 2261 2030 καὶ

1230 2048 1374 2097 λεπροὺς
1398 2048 1551 2098 βυθίσαι,
1580 2051 1624 2091 ὡς
1645 2053 1701 2086 τοῦ
1730 2048 1827 2094 ἡλίου
1849 2051 2120 2098 ἀγανακτοῦντος
2142 2049 2198 2087 ἐπὶ
2219 2053 2260 2100 τῇ

1230 2106 1358 2144 τούτων
1381 2109 1467 2156 ζωῇ,
1493 2106 1552 2143 καὶ
1571 2107 1614 2144 τὰ
1639 2106 1714 2158 ἱερὰ
1742 2107 1897 2157 ἁγνίσαι,
1924 2107 1982 2143 καὶ
2001 2106 2088 2145 οὕτω
2107 2106 2169 2152 τὴν
2198 2110 2261 2156 γῆν

1231 2163 1520 2216 καρποφορήσειν.
1545 2164 1615 2202 Τὸν
1647 2164 1682 2201 δὲ
1703 2164 1873 2216 Βόκχοριν
1893 2164 1969 2207 τοὺς
1988 2163 2164 2216 χρησμοὺς
2193 2166 2261 2201 λα-

1232 2222 1334 2260 ὅόντα
1354 2221 1431 2265 τούς
1451 2238 1485 2259 τε
1506 2224 1605 2274 ἱερεῖς
1624 2224 1682 2260 καὶ
1703 2223 1916 2272 ἐπιὸωμίτας
1937 2222 2260 2274 προσκαλεσάμενον

1231 2283 1390 2318 κελεῦσαι
1416 2280 1576 2330 ἐπιλογὴν
1607 2281 1859 2329 ποιησαμένους
1878 2283 1944 2318 τῶν
1968 2280 2169 2332 ἀκαθάρτων
2193 2286 2262 2323 τοῖς

1232 2337 1457 2390 στρατιώταις
1468 2339 1604 2381 τούτους
1615 2341 1829 2389 παραδοῦναι
1842 2338 1998 2382 κατάξειν
2011 2338 2129 2381 αὐτοὺς
2141 2339 2186 2380 εἷς
2200 2337 2261 2384 τὴν

1233 2396 1377 2447 ἔρημον,
1401 2395 1478 2438 τοὺς
1498 2395 1532 2433 δὲ
1552 2396 1697 2447 λεπροὺς
1714 2398 1759 2439 εἷς
1779 2396 1992 2446 μολιὸδίνους
2011 2396 2141 2447 χάρτας
2161 2395 2262 2441 ἐνδή-

1233 2468 1378 2498 σαντας,
1403 2452 1459 2490 ἵνα
1482 2456 1631 2491 καθῶσιν
1652 2455 1700 2496 εἷς
1726 2454 1764 2490 τὸ
1791 2453 1952 2502 πέλαγος.
1978 2453 2207 2491 Βυθισθέντων
2227 2452 2262 2490 δὲ

1232 2513 1298 2548 τῶν
1313 2512 1447 2562 λεπρῶν
1461 2510 1519 2547 καὶ
1533 2513 1669 2562 ψωρῶν,
1680 2510 1755 2554 τοὺς
1767 2511 1889 2553 ἄλλους
1902 2510 2203 2562 συναθροισθέντας
2217 2510 2264 2552 εἰς

1231 2567 1355 2611 τόπους
1370 2570 1546 2613 ἐκτεθῆναι
1563 2570 1617 2605 ἐπ’
1633 2568 1786 2620 ἀπωλείᾳ
1799 2584 1806 2591 ·
1823 2568 2049 2619 συναχθέντας
2068 2569 2103 2605 δὲ
2122 2567 2264 2618 βουλεύ-

1233 2629 1358 2663 σασθαι
1385 2626 1463 2677 περὶ
1496 2628 1620 2672 αὐτῶν,
1648 2627 1765 2669 νυκτὸς
1790 2627 1817 2663 δ’
1843 2626 2083 2676 ἐπιγενομένης
2113 2630 2181 2676 πῦρ
2203 2625 2262 2662 καὶ

330 2730 394 2766 DE
425 2731 584 2769 REBUS
612 2733 980 2772 AEGYPTIORUM.

642 2819 672 2849 1.

185 2866 240 2897 llis
262 2867 377 2898 addam
396 2868 635 2909 Lysimachum,
655 2871 737 2902 idem
755 2873 882 2912 quidem
907 2874 1073 2905 habentem
1100 2885 1171 2905 cum

143 2917 300 2956 prmdictis
335 2919 488 2950 mendacii
522 2924 764 2962 argumentum,
796 2924 922 2955 illorum
961 2934 1037 2956 vero
1076 2927 1172 2957 incre-

142 2969 329 3000 dibilitatein
360 2970 581 3008 figmentorum
609 2974 798 3005 enormitate
826 2979 1039 3015 superantem.
1082 2979 1173 3009 Unde

143 3021 265 3051 constat
281 3028 353 3051 enm
377 3029 415 3051 ex
433 3030 546 3061 magno
566 3023 596 3053 in
620 3032 676 3054 nos
701 3024 773 3055 odio
790 3034 847 3056 sua
870 3028 1068 3059 confinxisse.
1090 3029 1173 3061 Dicit

144 3070 229 3101 enirn
257 3071 316 3101 sub
336 3071 488 3102 Bocchori
518 3081 587 3112 rege
616 3075 832 3113 Aigyptiorum
864 3078 1014 3117 populum
1039 3079 1170 3111 Jndaco-

144 3130 232 3159 rum,
248 3121 333 3160 quod
353 3126 455 3153 essent
473 3122 576 3162 lepra,
594 3124 697 3155 scabie
713 3127 744 3156 et
767 3126 834 3157 aliis
851 3128 1037 3166 quibusdam
1055 3131 1173 3162 morbis

145 3173 267 3210 infecti,
281 3173 318 3203 ad
331 3174 448 3212 templa
467 3176 641 3215 confugisse
655 3179 686 3207 ct
709 3178 828 3208 victum
844 3180 1046 3212 mendicasse.
1066 3183 1173 3213 Multis

143 3226 249 3254 antem
271 3225 449 3256 hominibus
466 3227 576 3257 morbo
593 3230 758 3268 correptis,
782 3231 978 3262 sterilitatem
997 3233 1026 3263 in
1041 3236 1172 3273 AEgypto

145 3275 300 3307 accidisse.
321 3277 507 3308 Bocchorim
534 3288 608 3310 vcro
621 3304 628 3318 ,
658 3282 874 3320 Aegyptiorum
893 3292 1016 3323 regem,
1035 3286 1072 3316 ad
1096 3291 1170 3317 Am.

1234 2743 1360 2766 monem
1373 2735 1521 2766 scitatum
1535 2736 1665 2766 oracula
1676 2735 1715 2766 de
1730 2735 1892 2766 sterilitate
1909 2735 2028 2766 misisse
2042 2747 2050 2765 ·.
2067 2742 2263 2774 responsum-

1233 2794 1296 2824 que
1317 2794 1334 2815 a
1351 2785 1409 2816 deo
1422 2809 1430 2824 ,
1445 2786 1642 2825 repurganda
1659 2795 1725 2817 esse
1741 2787 1858 2826 templa
1878 2786 1917 2816 ab
1941 2786 2119 2816 hominibus
2132 2785 2264 2824 impuris

1235 2838 1266 2866 et
1285 2836 1387 2875 impiis
1398 2860 1405 2874 ,
1421 2836 1572 2875 ejiciendo
1587 2846 1639 2867 eos
1658 2846 1674 2867 e
1689 2837 1814 2876 templis
1830 2837 1861 2867 in
1880 2837 1947 2867 loca
1963 2836 2104 2873 ‹leserta;
2122 2839 2261 2867 ceterum

1234 2887 1436 2929 scabiososac
1452 2887 1589 2926 leprosos
1603 2887 1787 2926 mergendos
1797 2911 1804 2925 ‚
1820 2889 1973 2926 tanquam
1986 2887 2050 2917 sole
2064 2888 2100 2916 ut
2112 2886 2160 2917 isti
2178 2886 2261 2916 vive-

1235 2939 1303 2967 rent
1320 2931 1402 2976 :cg're
1418 2938 1553 2976 serente;
1573 2939 1603 2968 et
1629 2938 1746 2977 templa
1772 2937 1946 2977 expianda,
1963 2939 2059 2976 atque
2082 2939 2126 2968 ita
2145 2937 2210 2967 sore
2228 2939 2263 2968 nt

1234 2990 1316 3019 terra
1335 2989 1471 3019 fructum
1492 2990 1583 3019 l'erat.
1602 2989 1789 3021 Bocchorim
1807 2991 1915 3020 autem
1927 3011 1936 3026 ,
1961 2991 2090 3028 accepto
2112 2988 2261 3025 oraculo,

1233 3040 1455 3078 accersitisque
1478 3040 1697 3071 sacerdotibus
1718 3042 1750 3071 et
1770 3039 1947 3077 sacrificiis,
1960 3039 2085 3078 jussisse
2099 3040 2134 3070 ut
2147 3039 2262 3078 impuri

1234 3090 1355 3120 collecti
1372 3090 1524 3121 militibus
1539 3090 1737 3121 traderentur
1750 3089 1934 3129 deportandi
1955 3090 1985 3119 in
2005 3089 2184 3128 desertum3
2208 3092 2259 3120 ut-

1233 3150 1295 3180 que
1312 3141 1423 3180 leprosi
1439 3142 1592 3181 plumbeis
1610 3142 1733 3173 laminis
1750 3142 1881 3172 involuti
1901 3141 1931 3171 in
1946 3141 2075 3180 pelagus
2090 3141 2261 3180 dejiceren-

1233 3194 1295 3222 tur.
1343 3191 1521 3222 Submersis
1537 3195 1643 3223 autem
1668 3192 1798 3231 leprosis
1813 3200 1849 3222 ac
1863 3192 2107 3231 impetiginosis,
2125 3191 2262 3231 reliquos

1234 3243 1436 3281 congregatos
1452 3242 1482 3272 in
1499 3242 1566 3273 loca
1581 3243 1704 3274 deserta
1721 3243 1879 3282 expositos
1893 3250 1960 3272 esse
1978 3243 2014 3272 ut
2030 3242 2166 3281 perirent
2181 3251 2188 3272 :
2209 3251 2262 3273 eos

1233 3292 1338 3321 autem
1354 3291 1460 3322 habito
1475 3291 1609 3322 concilio
1623 3291 1661 3321 de
1674 3300 1706 3322 se
1720 3292 1792 3331 ipsis
1805 3290 1997 3321 consultasse.
2010 3293 2041 3321 et
2054 3291 2146 3321 nocte
2158 3299 2262 3329 super·
