2289 3728
953 139 1268 177 FRAGMENTA.
2097 145 2140 176 77

38 225 95 276 φὸν
110 255 118 269 ,
140 224 241 262 ἐλθὼν
259 224 291 260 δὲ
311 224 391 276 πρὸς
411 227 554 269 ἐκεῖνον,
579 225 684 261 ἐδεῖτο
705 229 817 273 τυχεῖν
834 222 944 268 δίκης,
963 225 1060 259 ἀδελ-

37 283 96 335 φὸς
109 281 154 319 ὧν
169 283 226 320 καὶ
243 283 512 334 καθυὸρισμένος
528 285 585 318 ὑπ’
603 283 741 318 οἰκετῶν
757 282 882 318 ἐκείνου
898 280 1063 331 βασιλέως

37 341 143 382 ὄντος.
164 340 516 389 Συναγανακτούντων
535 339 569 376 δὲ
594 342 660 376 τῶν
682 341 714 375 ἐν
736 338 866 387 ”Am-0,
894 338 953 374 καὶ
971 338 1062 374 δεινὰ

37 398 181 450 πάσχειν
221 398 382 447 οἰομένων
417 398 473 435 τὸν
514 398 618 448 ἄνδρα
654 396 737 446 παρ’
770 395 865 438 ἀξίαν
878 427 886 441 ,
920 396 1065 440 κινηθεὶς

37 458 55 492 ὁ
72 455 245 505 Ἀμούλιος
261 457 353 507 αὐτῷ
367 455 582 505 παραδίδωσι
599 457 646 504 τῷ
662 453 841 503 Νομήτορι
855 453 910 489 τὸν
926 452 1064 501 Ῥῶμον

38 513 75 558 ὅ,
94 529 125 549 τι
152 513 306 563 βούλοιτο
324 511 534 563 χρήσασθαι.
560 509 784 561 Παραλαὸὼν
809 508 836 546 δ’
858 511 998 555 ἐκεῖνος,
1020 512 1065 551 ὡς

37 566 118 616 ἧκεν
135 569 249 607 οἴκαδε
260 599 269 616 ,
287 569 466 618 θαυμάζων
483 568 543 617 μὲν
559 568 626 604 ἀπὸ
643 572 699 604 τοῦ
716 566 873 615 σώματος
889 566 945 604 τὸν
961 566 1065 603 νεανί-

39 643 140 676 σκον,
163 627 392 679 ὑπερφέροντα
415 626 549 676 μεγέθει
569 626 627 662 καὶ
649 625 747 677 ῥώμῃ
768 624 918 671 πάντας,
943 627 1066 674 ἐνορῶν

40 685 75 722 δὲ
99 688 148 737 τῷ
175 685 350 736 προσώπῳ
370 684 407 721 τὸ
425 683 609 735 θαρραλέον
631 682 689 719 καὶ
709 682 830 730 ἰταμὸν
850 685 909 727 τῆς
930 684 1042 733 ψυχῆς
1056 711 1064 725 ,

39 741 230 779 ἀδούλιι)τον
261 741 320 778 καὶ
345 739 471 783 ἀπαθὲς
503 741 569 777 ὑπὸ
594 743 660 777 τῶν
689 739 889 790 παρόντων,
922 739 1002 790 ἔργα
1033 739 1066 775 δὲ

40 801 143 836 αὐτοῦ
165 799 222 836 καὶ
242 798 379 850 πράξεις
400 798 501 847 ὅμοια
521 803 588 840 τοῖς
620 797 840 847 βλεπομένοις
859 796 1009 841 ἀκούων,
1030 795 1068 832 τὸ

40 856 74 893 δὲ
93 857 251 905 μέγιστον
265 886 274 901 ,
292 859 337 899 ὡς
358 857 462 902 ἔοικε,
480 860 552 893 θεοῦ
571 855 807 906 συμπαρόντος
827 855 884 891 καὶ
905 869 1068 891 συνεπευ-

41 913 192 955 θύνοντος
210 914 317 965 ἀρχὰς
336 914 494 963 μεγάλων
515 914 730 964 πραγμάτων
744 942 754 959 ,
778 912 965 961 ἁπτόμενος
985 914 1068 948 ὑπο-

40 971 113 1022 νοίᾳ
140 972 198 1008 καὶ
217 972 305 1022 τύχῃ
326 974 386 1010 τ’ἦς
404 970 563 1015 ἀληθείας
577 999 586 1015 ,
615 970 806 1021 ἀνέκρινεν,
826 968 916 1012 ὅστις
943 969 994 1014 εἴη
1012 969 1069 1006 καὶ

40 1029 130 1071 ὅπως
149 1028 295 1080 γένοιτο,
313 1031 407 1079 φωνῇ
429 1043 463 1064 τε
481 1028 605 1078 πραεία
629 1028 686 1064 καὶ
715 1028 942 1078 φιλανθρώπῳ
964 1026 1069 1077 βλέμ-

43 1102 125 1135 ματι
143 1087 257 1123 πίστιν
278 1088 370 1136 αὐτῷ
391 1087 465 1133 μετ’
486 1085 620 1127 ἐλπίδος
636 1084 795 1127 ἐνδιδούς.
814 1085 858 1122 ‘O
876 1084 910 1121 δὲ
933 1088 1066 1136 θαρρῶν

43 1143 175 1193 ἔλεγεν·
197 1162 210 1176 ι(
236 1142 436 1181 Ἀλλόὐδὲν
461 1142 704 1193 ἀποκρύψομαί
732 1158 786 1179 σε·
811 1142 870 1179 καὶ
895 1142 960 1193 γὰρ
986 1137 1071 1179 εἶναι

43 1202 150 1243 δοκεῖς
167 1200 344 1250 Ἀμουλίου
364 1200 637 1251 βασιλικώτερος.
656 1199 804 1241 Ἀκούεις
820 1199 886 1251 γὰρ
908 1200 966 1236 καὶ
985 1202 1071 1236 ἀνα-

42 1259 182 1309 κρίνεις,
206 1259 285 1309 πρὶν
302 1258 323 1304 ἢ
344 1258 514 1302 κολάζειν·
533 1260 550 1295 ὁ
567 1258 596 1294 δ’
615 1257 770 1309 ἀκρίτους
787 1258 958 1296 ἐκδίδωσι.
980 1257 1073 1308 Πρό-

41 1331 137 1367 τερον
168 1315 228 1364 μὲν
257 1315 395 1358 ἑαυτοὺς
414 1317 554 1353 οἰκετῶν
587 1314 755 1364 βασιλέως
784 1315 995 1353 Φαυστύλου
1016 1315 1073 1352 καὶ

44 1373 232 1424 Λαρεντίας
262 1374 482 1422 ἠπιστάμεθα
514 1374 654 1414 παῖδας.
690 1371 818 1420 Ἐσμὲν
851 1372 885 1409 δὲ
924 1373 1071 1421 δίδυμοι.

46 1432 223 1479 Γενόμενοι
247 1431 282 1468 δὲ
303 1432 335 1467 ἐν
361 1430 454 1481 αἰτίᾳ
470 1430 553 1481 πρός
577 1446 638 1478 σε,
659 1431 717 1466 καὶ
735 1429 910 1473 διαὸολαῖς
932 1431 990 1467 καὶ
1006 1434 1075 1474 τοῖς

43 1489 120 1540 περὶ
137 1491 247 1540 ψυχῆς
263 1489 409 1537 ἀγῶσιν,
429 1487 597 1537 ἀκούομεν
622 1488 757 1536 μεγάλα
778 1487 856 1536 περὶ
877 1490 1025 1524 ἑαυτῶν·
1046 1490 1075 1525 εἷ

45 1545 79 1583 δὲ
95 1545 223 1594 πιστὰ,
245 1545 369 1596 κρίνειν
387 1544 474 1582 ἔοικε
490 1549 547 1582 νῦν
568 1547 585 1581 ὃ
607 1545 770 1582 κίνδυνος.
801 1545 906 1582 Γοναὶ
928 1543 989 1594 μὲν
1010 1545 1075 1596 γὰρ

45 1606 143 1652 ἡμῶν
173 1602 359 1654 ἀπόρρητοι
389 1602 568 1653 λέγονται,
588 1602 710 1654 τροφαὶ
732 1601 767 1639 δὲ
796 1602 855 1639 καὶ
884 1603 1076 1649 τιθηνήσεις

47 1661 262 1711 ἀτοπώτεραι
279 1663 422 1709 νεογνῶν
433 1692 441 1707 ,
456 1655 502 1703 οἷς
517 1660 701 1712 ἐρρίφημεν
718 1663 847 1702 οἰωνοῖς
861 1660 919 1697 καὶ
936 1660 1074 1712 θηρίοις,

47 1719 113 1755 ὑπὸ
134 1719 261 1755 τούτων
289 1717 506 1768 τρεφόμενοι,
531 1719 654 1767 μαστῷ
675 1717 836 1763 λυκαίνης
855 1717 913 1754 καὶ
939 1719 1076 1768 δρυοκο-

46 1775 175 1812 λάπτου
192 1775 420 1826 ψωμίσμασιν
433 1805 442 1821 ,
464 1776 497 1811 ἐν
515 1774 630 1824 σκάφῃ
649 1774 713 1810 τινὶ
735 1774 884 1823 κείμενοι
905 1775 999 1825 παρὰ
1019 1775 1076 1812 τὸν

48 1832 155 1882 μέγαν
188 1831 357 1880 ποταμόν.
392 1830 495 1870 '‘Ec-rr
528 1833 557 1868 δ’
588 1835 609 1877 ἡ
644 1831 783 1883 σκάφη,
818 1831 876 1868 καὶ
905 1831 1074 1879 σώζεται,

48 1963 88 1994 ad
105 1973 137 1994 se
151 1965 182 1994 et
200 1966 383 1994 accusatum
403 1963 561 2002 Numitor,
578 1964 651 2002 quia
667 1964 746 1993 iram
768 1963 935 1993 verebatur
951 1963 1056 1994 fratris
1068 1987 1076 2001 ‚

49 2016 113 2055 ipse
137 2024 199 2045 non
225 2015 367 2054 punivit,
387 2015 441 2045 sed
464 2016 620 2054 profectus
645 2014 682 2045 ad
705 2015 811 2053 illum,
835 2015 1078 2046 satisfactionem

49 2066 239 2106 postulavit,
253 2065 308 2105 qui
326 2066 420 2096 frater
436 2068 516 2096 esset
529 2066 607 2104 regis
622 2067 653 2096 et
671 2065 804 2097 violatus
820 2066 858 2096 ab
874 2067 968 2105 ipsius
982 2067 1079 2096 samu-

51 2118 98 2148 lis.
112 2120 217 2154 Quum
229 2125 303 2146 vero
317 2116 426 2146 Albani
444 2116 539 2146 etiam
553 2115 790 2155 indignarentur
803 2118 833 2147 et
848 2117 961 2156 injuria
977 2117 1078 2147 virum

51 2169 132 2200 affici
164 2168 373 2200 manifestaria
404 2168 586 2206 crederent,
617 2168 772 2199 adductus
800 2172 847 2199 est
870 2169 1014 2199 Amulius
1043 2171 1079 2199 ut

51 2223 182 2253 Remum
206 2220 361 2253 Numitori
379 2219 417 2250 ad
432 2220 619 2259 supplicium
638 2220 773 2259 quodvis
787 2220 925 2252 dederet.
947 2224 1080 2251 Domum

52 2281 194 2304 reversus
206 2272 276 2310 ille,
305 2271 535 2302 adolescentem
559 2271 673 2302 adduci
685 2270 793 2309 jussit,
811 2273 842 2302 et
864 2272 1003 2311 corporis
1018 2272 1080 2302 exi-

52 2325 148 2356 miam
167 2326 281 2363 praeter
295 2325 414 2354 ceteros
426 2323 562 2362 speciem
576 2325 607 2354 et
621 2324 716 2354 robur
741 2324 872 2355 miratus
893 2324 996 2362 simul,
1012 2324 1081 2354 ani-

53 2378 216 2408 madversa
228 2377 259 2408 in
272 2377 362 2408 vultu
381 2377 512 2408 audacia
528 2379 559 2408 et
581 2377 769 2408 confidentia
782 2378 898 2416 animi,
915 2378 1081 2417 imperter-

53 2429 112 2459 rita
128 2431 158 2459 et
171 2428 288 2458 invicta
302 2428 447 2467 praesenti
461 2428 618 2467 periculo;
634 2429 716 2459 sacta
735 2428 848 2459 deinde
869 2430 900 2459 et
916 2431 1002 2468 gesta
1015 2438 1083 2467 ejus

53 2479 197 2517 audiens,
223 2487 293 2518 quae
315 2487 452 2517 congrua
476 2481 578 2510 essent
604 2479 640 2510 iis
662 2488 734 2519 quae
758 2479 900 2519 videret;
926 2480 1084 2519 prazcipue

55 2539 148 2569 vero,
174 2530 254 2568 deo,
281 2530 316 2560 ut
333 2530 443 2568 fertur,
469 2530 623 2569 praesente
637 2532 670 2560 et
695 2530 878 2561 moderante
900 2539 1083 2569 magnarum

56 2590 161 2612 rerum
178 2580 310 2619 origines
321 2604 329 2619 ,
343 2582 408 2611 tam
424 2581 593 2619 sagacitate
604 2589 699 2620 quam
717 2582 842 2612 fortuna
856 2581 1020 2613 veritatem
1035 2590 1083 2612 as-

54 2640 188 2671 sequens
202 2632 370 2670 interrogat
383 2631 525 2670 quisnam
543 2631 601 2670 sit,
617 2640 729 2671 quaeve
745 2631 811 2670 ejus
822 2632 907 2671 origo
917 2656 925 2671 ,
941 2633 1085 2671 comique

56 2682 194 2722 alloquio
217 2684 248 2712 et
267 2681 405 2711 humano
428 2681 542 2712 intuitu
559 2690 646 2721 spem
660 2691 733 2712 cum
751 2682 864 2714 fiducia
887 2683 952 2714 dat.
971 2683 1027 2714 llle
1041 2684 1083 2713 in-

56 2732 192 2772 trepide,
220 2745 234 2758 «
259 2732 355 2767 Nihil,
378 2732 497 2771 inquit,
516 2734 548 2763 te
567 2733 695 2772 celab03
721 2742 856 2772 namque
882 2734 964 2773 regio
981 2735 1085 2765 animo

57 2784 153 2823 magis
165 2783 241 2814 mibi
265 2783 395 2820 videris,
413 2792 507 2822 quam
532 2784 691 2822 Amulius,
713 2793 796 2823 esse;
816 2785 869 2824 qui
887 2787 959 2816 ante
979 2786 1087 2816 audias

57 2837 88 2867 et
100 2842 234 2875 quaeras,
247 2842 342 2873 quam
357 2833 485 2865 damnes
495 2845 503 2873 ;
512 2834 562 2864 ille
571 2843 646 2865 vero
658 2835 753 2865 tradit
767 2835 929 2867 inauditos.
945 2837 1086 2869 Primum

58 2886 135 2925 regis
151 2884 365 2916 ministrorum
387 2885 527 2916 Faustuli
547 2887 577 2916 et
594 2885 746 2916 Larentiae
771 2895 836 2917 esse
850 2886 929 2918 filios
945 2896 1001 2918 nos
1019 2888 1086 2926 opi-

60 2937 211 2967 nabamur
227 2944 234 2964 :
256 2935 371 2974 gemini
391 2937 498 2966 autem
514 2944 636 2966 sumus,
658 2938 776 2966 Verum
793 2939 829 2967 ut
846 2938 983 2968 accusati
1004 2938 1087 2978 apud

59 2990 90 3018 te
108 2995 217 3018 sumus
232 2989 263 3017 et
273 2986 428 3017 calumnia
445 2986 674 3025 circumventi,
686 2986 724 3017 de.
738 2987 802 3017 vita
816 2989 849 3018 ut
863 2989 1086 3028 periclitemur,

62 3039 141 3070 inira
167 3038 206 3069 de
230 3039 322 3069 nobis
345 3038 516 3078 accipimus
535 3051 541 3069 :
561 3040 685 3069 certane
701 3039 779 3077 sint,
805 3048 940 3078 praesens
963 3041 1088 3072 videtur

61 3090 235 3128 periculum
257 3089 469 3121 decreturum.
490 3091 602 3121 Partus
623 3091 706 3121 enim
723 3092 846 3122 nostros
867 3093 1002 3124 secretos
1023 3102 1088 3125 esse

61 3141 169 3173 dicunt
180 3166 188 3180 ,
206 3141 397 3173 incunabula
410 3143 441 3173 et
454 3142 653 3173 lactationem
668 3143 833 3173 infantium
845 3143 938 3174 etiam
951 3146 1089 3176 maxime

61 3192 216 3223 insolitam
235 3205 240 3222 :
263 3201 337 3223 aves
353 3193 436 3223 enim
452 3194 483 3223 et
508 3193 583 3223 ferae
595 3217 603 3232 ‚
626 3193 740 3232 quibus
752 3193 865 3232 objecti
880 3203 1019 3234 eramus,
1040 3196 1089 3227 liae

62 3249 118 3271 nos
142 3242 338 3281 nutrierunt,
363 3243 437 3282 lupa
465 3243 629 3281 uberibuS,
648 3245 679 3274 et
706 3244 793 3282 picus
809 3244 938 3275 Martius
963 3245 1090 3277 minutis

62 3291 186 3323 cibariis
197 3317 205 3331 ,
220 3292 257 3323 ad
270 3302 414 3333 magnum
427 3293 555 3324 fluvium
569 3294 599 3324 in
613 3295 702 3325 alveo
716 3294 861 3331 abjectos.
874 3296 980 3326 Exstat
995 3296 1089 3328 etiam

1123 227 1262 274 χαλκοῖς
1283 226 1504 272 ἱποζώσμασι
1531 226 1743 276 γραμμάτων
1773 227 1931 276 ἀμυδρῶν
1958 226 2147 274 ἐγκεχαρα-

1126 283 1275 331 γμένων·
1310 283 1329 318 ἃ
1350 284 1471 332 γένοιτ’
1499 285 1538 320 ἂν
1560 284 1697 335 ὕστερον
1729 283 1810 325 ἴσως
1840 284 1995 334 ἀνωφελῆ
2025 282 2149 332 γνωρί-

1126 354 1242 387 σματα
1265 342 1331 381 τοῖς
1358 345 1510 377 τοκεῦσιν
1531 344 1628 389 ἡμῶν
1651 341 1885 390 ἀπολομένων.
1913 358 1927 374 »
1949 339 1993 378 ‘O
2015 340 2075 387 μὲν
2094 334 2151 375 οὖν

1126 396 1313 447 Νομήτωρ,
1332 397 1368 432 ἔκ
1385 413 1420 433 τε
1442 401 1506 433 τῶν
1526 399 1635 448 λόγων
1652 399 1797 446 τούτων,
1818 398 1876 435 καὶ
1892 397 1975 449 πρὸς
1993 397 2053 442 τὴν
2076 397 2152 445 ὄψιν

1127 453 1266 496 εἰκάζων
1284 454 1339 489 τὸν
1361 455 1478 504 χρόνον
1491 485 1500 503 ,
1529 458 1588 492 οὐκ
1607 456 1705 508 ἔφυγε
1726 456 1787 501 τὴν
1805 456 1926 493 ἐλπίδα
1945 455 2126 492 σαίνουσαν
2140 485 2149 503 ,

1127 512 1203 547 ἀλλ’
1227 511 1437 561 ἐφρόντιζεν,
1459 511 1549 555 ὅπως
1569 517 1609 563 τῇ
1630 514 1769 565 θυγατρὶ
1798 514 1877 565 περὶ
1895 513 2018 550 τούτων
2040 512 2149 564 κρύφα

1128 567 1369 616 συγγενόμενος
1386 567 1542 618 φράσειεν
1554 585 1562 592 ·
1581 572 1772 621 ἐφρουρεῖτο
1790 571 1855 620 γὰρ
1871 571 1918 606 ἔτι
1933 573 2118 621 καρτερῶς.

1180 624 1223 662 ‘O
1248 624 1281 661 δὲ
1309 625 1531 670 Φαυστύλος,
1562 627 1707 669 ἀκούσας
1732 628 1792 671 τήν
1827 644 1862 664 τε
1895 629 2061 679 σύλληψιν
2093 631 2152 664 τοῦ

1128 682 1269 731 τΡώμου
1289 683 1346 719 καὶ
1369 682 1430 727 τὴν
1453 684 1662 733 παράόοσιν,
1685 685 1738 720 τὀν
1761 685 1820 732 μὲν
1851 685 2031 735 (Ρωμύλον
2057 686 2152 730 ἠξίου

1130 743 1283 790 βοηθεῖν,
1301 740 1377 777 τότε
1399 744 1514 790 σαφῶς
1540 741 1672 784 διδάξας
1691 743 1766 792 περὶ
1787 746 1845 787 τῆς
1872 744 2050 793 γενέσεως·
2070 744 2155 794 πρό-

1128 814 1222 849 τερον
1256 796 1290 834 δὲ
1318 798 1536 848 ὑπῃνίττετο,
1563 799 1621 835 καὶ
1648 800 1841 849 παρεδήλου
1869 805 2046 850 τοσοῦτον,
2077 801 2154 838 ὅσον

1129 854 1358 906 προσέχοντας
1379 854 1426 903 μὴ
1453 855 1573 905 μικρὸν
1596 861 1740 906 φρονεῖν.
1761 856 1868 899 Αὐτὸς
1886 858 1919 894 δὲ
1940 858 1999 902 την
2020 859 2154 909 σκάφην

1130 913 1277 961 κομίζων
1295 912 1417 963 ἐχώρει
1435 913 1517 963 πρὸς
1530 913 1586 949 τον
1603 913 1788 962 Νομήτορα
1801 943 1809 959 ,
1826 917 1972 959 σπουδῆς
1986 916 2042 951 καὶ
2060 916 2155 957 δέους

1132 970 1252 1018 μεστὸς
1272 968 1317 1006 ὢν
1338 969 1391 1006 δια
1412 970 1467 1006 τὸν
1489 971 1620 1020 καιρόν.
1645 970 1818 1022 (Υποψίαν
1839 966 1893 1007 οἶν
1911 978 1979 1014 τοῖς
1999 974 2075 1023 περὶ
2096 973 2156 1015 τὰς

1131 1027 1240 1069 πύλας
1258 1032 1412 1078 φρουροῖς
1428 1031 1486 1063 τοῦ
1509 1027 1674 1077 βασιλέως
1694 1028 1879 1078 παρέχων,
1901 1030 1959 1064 καὶ
1979 1031 2155 1081 ὑφορώμε-

1131 1100 1184 1128 νος
1204 1085 1258 1121 ὑπ’
1281 1087 1408 1131 αὐτῶν,
1431 1085 1488 1122 καὶ
1509 1085 1756 1135 ταραττόμενος
1774 1085 1857 1135 πρὸς
1872 1085 1930 1127 τὰς
1945 1087 2155 1136 ἀνακρίσεις,

1132 1145 1193 1180 οὐκ
1214 1142 1313 1180 ἔλαθε
1343 1145 1402 1188 τὴν
1435 1142 1569 1194 σκάφην
1590 1146 1638 1194 τῷ
1665 1143 1848 1193 χλαμυδίῳ
1876 1144 2154 1194 περικαλύπτων.

1132 1195 1201 1239 ῗΗν
1220 1199 1254 1237 δέ
1270 1216 1318 1243 τις
1335 1202 1367 1237 ἐν
1385 1202 1501 1242 αὐταῖς
1522 1200 1589 1237 ἀπὸ
1610 1201 1713 1251 τύχης
1730 1203 1796 1237 τῶν
1815 1201 1857 1237 τὰ
1878 1201 2043 1251 παιδάρια
2063 1203 2158 1252 ῥῖψαι

1134 1257 1309 1294 λαὸόντων
1336 1258 1394 1294 καὶ
1410 1257 1596 1307 γεγονότων
1617 1258 1692 1309 περὶ
1709 1256 1770 1303 τὴν
1788 1257 1930 1296 ἔκθεσιν.
1952 1253 2060 1300 Οἷτος
2080 1258 2158 1295 ἰδὼν

1134 1315 1193 1361 τὴν
1214 1315 1347 1366 σκάφην
1363 1316 1439 1352 τότε
1459 1316 1516 1353 καὶ
1536 1316 1703 1366 γνωρίσας
1724 1319 1766 1365 τῇ
1789 1320 1986 1367 κατασκευῇ
2012 1317 2069 1353 καὶ
2092 1323 2161 1359 τοῖς

1134 1373 1333 1423 γράμμασιν
1358 1372 1476 1424 ἔτυχεν
1493 1373 1633 1424 ὑπονοίᾳ
1653 1376 1710 1410 τοῦ
1731 1373 1842 1415 ὄντος·
1861 1373 1916 1410 καὶ
1939 1376 1976 1410 οὐ
1997 1374 2160 1425 παρημέ-

1135 1432 1236 1476 λησεν
1250 1460 1258 1476 ,
1273 1430 1362 1467 ἀλλὰ
1377 1431 1510 1481 φράσας
1523 1431 1561 1467 τὸ
1577 1436 1723 1481 πρᾶγμα
1740 1433 1787 1482 τῷ
1804 1431 1940 1481 βασιλεῖ
1952 1431 2159 1475 κατέστησεν

1136 1490 1181 1530 εἰς
1210 1488 1362 1538 ἔλεγχον.
1396 1488 1457 1526 Ἔν
1488 1489 1522 1525 δὲ
1548 1490 1691 1530 πολλαῖς
1719 1489 1777 1525 καὶ
1809 1488 1974 1537 μεγάλαις
1998 1490 2160 1537 ἀνάγκαις

1137 1547 1153 1581 ὃ
1177 1545 1383 1588 Φαυστύλος
1402 1544 1471 1582 οὔτ’
1495 1546 1661 1591 ἀήττητον
1694 1547 1813 1583 ἑαυτὸν
1844 1546 2063 1598 διεφύλαξεν,
2086 1546 2161 1583 οὔτε

1137 1602 1353 1640 παντάπασιν
1378 1603 1568 1646 ἐκέιασθεὶς
1595 1603 1760 1647 σώζεσθαι
1781 1604 1841 1652 μὲν
1869 1604 2069 1654 ὡμολόγησε
2087 1603 2163 1645 τοὺς

1136 1661 1278 1706 παῖδας,
1296 1654 1380 1697 εἶναι
1402 1661 1429 1697 δ’
1450 1662 1572 1698 ἄποθεν
1590 1666 1649 1706 τ’ἧς
1668 1661 1794 1707 Ἄλτῗης
1811 1661 1872 1713 ἔφη
1893 1661 2072 1710 νέμοντας·
2097 1663 2161 1698 αὐ-

1137 1717 1191 1760 τὸς
1212 1718 1246 1755 δὲ
1270 1722 1368 1755 τοῦτο
1387 1719 1469 1771 πρὸς
1491 1719 1551 1763 τὴν
1571 1720 1676 1756 Ἰλίαν
1699 1719 1808 1771 φέρων
1831 1719 1978 1770 βαδίζειν
2001 1719 2163 1761 πολλάκις

1138 1777 1218 1812 ἰδεῖν
1239 1776 1297 1812 καὶ
1315 1777 1416 1824 θιγεῖν
1438 1777 1490 1813 ἐπ’
1510 1776 1620 1814 ἐλπίδι
1642 1776 1844 1829 βεὸαιοτέρᾳ
1863 1780 1929 1814 τῶν
1950 1777 2074 1814 τέκνων
2095 1793 2163 1814 πο-

1140 1832 1308 1878 θήσασαν.
1327 1833 1442 1884 ζΌπερ
1469 1828 1525 1871 οὖν
1555 1837 1584 1871 οἱ
1606 1834 1852 1886 ταραττόμενοι
1881 1834 1940 1871 καὶ
1965 1835 2052 1884 μετὰ
2072 1835 2164 1877 δέους

1139 1964 1247 1995 alveus
1263 1967 1292 1996 et
1306 1966 1412 1996 salvus
1437 1967 1502 2005 est,
1519 1966 1613 1997 aeneis
1634 1968 1766 1998 vinculis
1791 1967 2043 2006 circumductus,
2067 1968 2164 1999 literis

1139 2015 1305 2055 inscriptus
1323 2018 1591 2056 exolescentibus,
1611 2019 1717 2049 futura
1740 2019 1869 2049 sortasse
1892 2020 2071 2058 parentibus
2087 2020 2164 2050 olim

1140 2066 1284 2097 interitus
1303 2069 1400 2098 nostri
1417 2069 1538 2099 inutilia
1560 2069 1682 2099 indicia.
1704 2083 1717 2096 υ
1736 2070 1906 2100 Numitoris
1928 2069 1966 2100 ad
1988 2071 2082 2101 verba
2099 2071 2166 2102 baec

1140 2119 1170 2148 et
1187 2120 1314 2148 aetatem
1339 2129 1378 2149 ex
1396 2120 1474 2150 t'acie
1499 2121 1671 2150 elucentem
1699 2122 1823 2159 tempus
1850 2121 2024 2159 reputantis
2053 2121 2167 2152 blanda

1140 2178 1209 2208 spes
1225 2171 1365 2201 animum
1388 2172 1508 2210 tetigit,
1523 2172 1680 2211 subiitque
1693 2181 1785 2209 cura,
1809 2172 2075 2211 quemadmodum
2094 2182 2166 2204 cum

1142 2220 1202 2250 filia
1217 2245 1224 2258 ‚
1243 2230 1316 2260 qliae
1340 2222 1371 2251 in
1394 2224 1479 2252 arcta
1505 2223 1610 2253 adhuc
1632 2223 1831 2253 detinebatur
1856 2216 2013 2262 custodia,
2039 2225 2168 2256 remotis

1142 2271 1266 2302 arbitris
1279 2272 1318 2303 de
1333 2273 1380 2304 his
1401 2276 1516 2312 ageret.

1184 2325 1223 2354 At
1238 2324 1424 2362 Faustulus,
1443 2326 1477 2355 ut
1500 2326 1627 2364 captum
1654 2327 1788 2356 Remum
1813 2326 1844 2355 et
1860 2324 2000 2356 deditum
2030 2326 2167 2365 accepit,

1142 2374 1267 2404 Romuli
1300 2375 1447 2413 implorat
1479 2384 1589 2414 opem,
1615 2376 1706 2414 eique
1733 2375 1860 2406 tandem
1885 2384 1991 2406 veram
2019 2377 2168 2416 originem

1144 2426 1239 2464 ipsius
1265 2427 1386 2465 aperit,
1408 2436 1502 2466 quam
1525 2427 1658 2458 obscure
1682 2429 1755 2457 ante
1779 2429 1810 2458 et
1829 2427 1929 2458 obiter
1955 2428 2106 2459 hactenus
2125 2428 2170 2458 in·

1143 2476 1320 2515 dicaverat,
1344 2480 1499 2516 quatenus
1518 2478 1594 2517 illis,
1618 2478 1642 2508 si
1661 2478 1801 2508 animum
1816 2477 2035 2515 adverterent,
2050 2478 2170 2509 animos

1145 2528 1247 2558 facere
1263 2531 1377 2567 posset.
1398 2529 1497 2560 Simul
1522 2529 1587 2568 ipse
1605 2529 1754 2568 temporis
1769 2529 1952 2560 necessitate
1978 2529 2169 2560 festinabun-

1145 2578 1203 2609 dus
1216 2580 1247 2609 et
1262 2580 1435 2618 perculsus,
1446 2589 1518 2610 cum
1532 2581 1620 2611 alveo
1632 2580 1792 2610 contendit
1802 2579 1839 2610 ad
1855 2580 2060 2611 Numitorem.
2077 2581 2171 2611 Venit

1144 2631 1250 2660 autem
1268 2630 1299 2660 in
1315 2630 1522 2669 suspicionem
1546 2632 1638 2669 regiae
1660 2630 1698 2661 ad
1714 2632 1836 2670 portam
1855 2631 1998 2669 stationi3
2025 2633 2055 2661 et
2071 2640 2170 2670 quum

1145 2682 1253 2713 oculos
1272 2682 1302 2712 in
1316 2692 1388 2712 cum
1400 2683 1597 2714 intenderent
1609 2707 1617 2720 ‚
1633 2684 1728 2722 atque
1742 2683 1791 2713 ille
1804 2682 1973 2722 trepidaret
1985 2682 2023 2713 ad
2037 2683 2171 2713 interro-

1145 2734 1215 2771 gata
1229 2757 1236 2771 ‚
1255 2733 1402 2764 detectus
1426 2736 1490 2772 est,
1519 2743 1613 2773 quem
1639 2733 1732 2772 pallio
1751 2736 1935 2772 operuerat,
1961 2733 2078 2764 alveus.
2098 2736 2172 2764 Erat

1146 2784 1226 2814 sorte
1240 2784 1319 2815 inter
1335 2794 1388 2815 eos
1401 2784 1529 2823 quidam
1548 2793 1586 2815 ex
1603 2785 1661 2814 illis
1674 2809 1681 2822 ,
1696 2785 1749 2823 qui
1767 2783 1973 2823 projiciendos
1989 2786 2172 2823 acceperant

1146 2844 1276 2874 pueros,
1300 2838 1331 2867 et
1347 2836 1538 2875 exponendis
1561 2836 1777 2866 interfuerant.
1805 2836 1862 2867 Hic
1883 2837 1919 2866 ut
1937 2836 2062 2867 alveum
2081 2844 2170 2876 aspe-

1148 2887 1215 2925 xit,
1244 2888 1371 2927 agnovit
1396 2897 1469 2918 eum
1486 2897 1523 2918 ex
1547 2888 1647 2918 forma
1663 2890 1694 2918 et
1714 2887 1829 2926 literis,
1853 2896 1983 2926 remque
1998 2887 2171 2926 suspicione

1147 2938 1265 2977 attigit3
1280 2947 1374 2978 quani
1390 2947 1453 2969 non
1466 2938 1602 2978 neglexit
1625 2938 1677 2969 sed
1694 2939 1817 2977 aperuit
1830 2938 1909 2977 regi,
1925 2940 1955 2968 et
1967 2937 2007 2968 ad
2025 2939 2172 2977 quaestio—

1147 2999 1219 3020 nem
1241 2990 1378 3020 vocavit.
1394 2990 1501 3021 Tantis
1515 2991 1545 3020 et
1564 2991 1628 3019 tam
1646 2990 1752 3019 multis
1774 2989 2006 3019 circumventus
2028 2988 2173 3027 periculis

1149 3042 1317 3072 Faustulus
1329 3050 1392 3071 non
1405 3041 1532 3071 omnino
1546 3040 1672 3080 quidem
1683 3040 1835 3071 infractus
1847 3040 1945 3078 stetit,
1956 3048 2058 3078 neque
2068 3039 2172 3069 omnia

1147 3094 1253 3122 tamen
1267 3100 1412 3131 expressa
1426 3091 1454 3122 ei
1467 3093 1541 3122 sunt
1556 3104 1563 3122 ε
1587 3099 1698 3130 pueros
1715 3091 1796 3121 enim
1813 3091 1928 3121 fatetur
1941 3098 2005 3120 esse
2029 3089 2172 3128 supersti-

1148 3146 1194 3174 tes
1207 3168 1215 3182 ‚
1239 3144 1291 3174 sed
1309 3144 1419 3183 procul
1446 3144 1522 3174 Alba
1536 3152 1663 3182 pascere
1680 3155 1686 3173 ι
1714 3142 1837 3172 alveum
1863 3150 1896 3172 se
1913 3141 1952 3171 ad
1970 3141 2055 3173 lliani
2074 3140 2170 3169 latum

1150 3195 1193 3225 ire
1204 3219 1212 3233 ,
1229 3204 1300 3234 quae
1313 3194 1354 3224 ob
1369 3194 1534 3224 certiorem
1548 3194 1586 3223 de
1603 3193 1707 3223 liberis
1720 3201 1807 3231 spem
1816 3191 1923 3222 videre
1936 3192 1966 3221 et
1980 3191 2172 3221 contrectare

1149 3254 1222 3275 eum
1245 3253 1326 3284 saepe
1348 3245 1498 3283 cupierat.
1522 3244 1618 3282 Igitur
1641 3243 1671 3273 id
1701 3243 1785 3282 qnod
1811 3251 1867 3272 usu
1891 3241 1995 3271 venire
2021 3240 2181 3278 perplexis

1150 3296 1245 3333 solet,
1264 3297 1292 3326 et
1309 3296 1368 3326 illis
1384 3295 1437 3334 qui
1462 3295 1642 3325 metumve!
1667 3295 1744 3324 irani
1766 3294 1796 3322 in
1815 3292 1977 3322 consilium
2003 3290 2172 3328 adhibent,
