2338 3765
119 174 192 208 332

120 255 302 290 Plutarch.
319 254 496 289 Demosth
509 282 516 290 .
536 266 567 287 c.
588 252 607 286 3
620 279 630 299 ,
655 264 688 298 1,
705 258 902 298 postquam
922 251 1065 286 dixerat
1078 265 1154 286 non

119 314 201 347 satis
228 324 265 347 se
291 312 420 346 callere
441 312 604 358 linguam
625 309 797 356 latinam,
827 316 868 343 ut
894 309 1029 344 audeat
1058 311 1154 344 Ora-

120 372 237 405 tiones
250 370 508 405 Demosthenis
518 375 555 403 et
567 368 756 403 Ciceronis
770 368 867 402 inter
877 379 913 402 se
930 368 1156 403 contendere

118 426 177 462 καὶ
203 424 452 477 ἀποφαίνεσθαι
477 423 618 474 πότερος
644 422 749 468 ἡδίων
773 422 794 468 ἢ
819 423 1002 475 δεινότερος
1031 424 1152 472 εἰπεῖν,

119 484 222 520 addit
245 497 252 519 ι
289 483 401 520 Κάκεῖ
419 481 501 533 γὰρ,
534 481 579 524 ὥς
599 496 700 532 φησιν
727 483 744 517 ὁ
774 480 868 526 Ἴων,
897 481 1092 532 δελφῖνος
1112 483 1154 517 ἐν

118 555 141 590 χ
150 539 255 591 ε’ρσῳ
260 539 391 609 βία,
371 555 413 584 ην
430 542 447 576 ὁ
463 553 618 590 περιττος
635 540 669 575 ἐν
688 537 797 575 ἅπασι
816 538 1003 580 Κεκίλιος
985 537 1155 587 αγνοήσας

123 596 358 635 ἐνεανιεύσατο
390 596 566 648 σύγκρισιν
587 599 643 633 τοῦ
665 596 899 644 Δημοσθένους
918 611 977 633 και
1000 594 1154 645 Κικέρω-

119 671 173 698 νος
192 654 388 705 ἐξενεγκεῖν.
407 654 509 692 Ἀλλὰ
523 652 589 706 γὰρ
605 653 700 702 ἴσως,
719 655 747 690 εἰ
763 669 889 696 παντος
906 657 946 699 ἠν
961 653 1003 690 τὸ
1019 655 1155 691 Γνωθι

119 728 301 750 σεαυτον
321 712 411 763 ἔχειν
431 712 627 764 πρόχειρον,
656 712 717 748 οὐκ
745 711 786 748 ἂν
818 711 926 748 ἐδόκει
944 711 1154 762 πρόσταγμα

119 772 206 807 θεῖον
228 764 329 808 εἶναι.
349 773 404 806 Ex
418 772 563 807 Caecilio
584 771 736 805 sortasse
753 770 902 805 ductam
917 782 990 805 esse
1006 770 1155 805 Cicero-

120 831 174 864 nis
204 837 240 865 et
269 829 522 865 Demosthenis
554 830 870 876 comparationem
901 841 982 874 quae
1020 829 1154 875 legitur

120 887 221 935 apud
232 888 442 936 Longinum
458 887 507 924 Π.
524 884 627 937 ὕψους
641 899 674 923 e.
697 880 762 930 12‘,
784 891 818 931 4,
840 893 961 921 censet
974 886 1151 932 'I'oupius.

174 943 403 996 Σύγκρισις
418 942 711 992 Δημοσθένους
731 942 801 979 καὶ
822 941 1153 991 Αἷσχίνου.Ν115-

120 1004 220 1050 piam
233 1004 377 1039 citatur.

176 1058 282 1110 Περὶ
310 1063 378 1096 τοῦ
411 1060 684 1109 χαρακτῆρος
713 1059 794 1093 τῶν
826 1056 924 1093 δέκα
956 1056 1152 1107 ῥητόρων.

122 1120 260 1154 Contra
281 1120 379 1154 hunc
401 1118 539 1152 librum
568 1117 711 1163 scripsit
737 1116 1009 1162 Lysiinachides
1024 1142 1032 1158 ,
1065 1121 1156 1150 teste

120 1178 320 1211 Ammonio
334 1188 370 1213 v.
389 1174 528 1226 Θεωρός
543 1175 599 1225 (v.
613 1175 820 1222 Lysimachi
835 1174 965 1221 fragm.
980 1173 1007 1222 ).
1028 1175 1083 1208 De
1100 1174 1153 1207 in·

121 1234 207 1269 dole
226 1235 486 1282 Antiphouteoe
501 1236 675 1269 orationis
690 1233 793 1267 locus
808 1233 1022 1279 peramplus
1041 1238 1157 1266 exstat

121 1293 159 1326 in
172 1292 295 1326 Photii
308 1292 405 1328 Bibl.
427 1291 512 1328 cod.
528 1290 617 1338 259,
632 1303 669 1337 p.
685 1288 756 1331 485
772 1302 827 1336 sq.
845 1289 961 1325 Bekk.
976 1290 1157 1324 Praeterea

122 1349 169 1385 de
194 1350 424 1396 Antiphonte
452 1350 616 1385 Caecilius
636 1348 809 1383 laudatur
838 1347 938 1394 apud
966 1348 1152 1383 Plutarch.

122 1408 192 1442 Vit.
211 1407 249 1442 X
264 1407 329 1443 Or.
351 1419 389 1454 p.
409 1406 503 1451 832,
524 1408 554 1441 E
571 1419 578 1440 :
603 1404 760 1446 Κεκίλιος
780 1404 808 1440 δ’
827 1405 860 1441 ἐν
880 1405 929 1455 τῷ
948 1403 1026 1454 περὶ
1053 1404 1156 1440 αὐτοῦ

123 1462 336 1514 συντάγματι
353 1462 564 1502 Θουκυδίδου
577 1465 637 1499 τοῦ
653 1460 875 1513 συγγραφέως
889 1460 1090 1511 καθηγητὴν
1101 1476 1156 1497 τε-

123 1521 307 1572 κμαίρεται
327 1521 502 1572 γεγονέναι
516 1520 549 1565 ἐξ
564 1515 610 1558 ῶν
627 1521 818 1557 ἐπαινεῖται
839 1522 922 1570 παρ’
939 1521 1031 1570 αὐτῷ
1051 1522 1068 1556 ὁ
1083 1519 1158 1557 Ἀν-

123 1582 228 1632 τιφῶν
247 1580 302 1631 (ν.
325 1581 491 1628 Thucyd.
512 1581 619 1624 VIII,
639 1579 728 1628 68).
751 1582 890 1616 Vocem
910 1577 1157 1627 καθηγητὴν

125 1640 310 1676 dederunt
330 1638 593 1686 VVyttenbach.
612 1645 648 1672 et
665 1638 838 1674 Grauert.
865 1639 959 1673 Mus.
976 1637 1096 1672 Rhen.
1121 1639 1156 1684 1,

124 1711 162 1746 p.
189 1697 259 1733 182
277 1725 286 1743 ,
309 1710 379 1746 pro
397 1697 545 1744 vulgata
563 1693 734 1743 μαθητὴν,
756 1707 867 1742 quarn
882 1695 1032 1729 exhibet
1051 1696 1160 1730 etiam

126 1756 281 1790 Photius
298 1754 381 1790 cod.
404 1753 499 1801 259,
518 1766 556 1800 p.
574 1753 669 1800 486,
690 1753 726 1788 6.
746 1754 789 1787 In
807 1752 923 1787 tribus
942 1753 1027 1786 Plut
1046 1752 1159 1787 codd.

125 1821 177 1848 cst
208 1826 215 1847 :
242 1811 458 1849 διδάσκαλον.
481 1832 532 1838 —
554 1811 661 1846 Idem
691 1823 729 1858 p.
767 1810 860 1855 833,
889 1811 916 1846 C
944 1823 951 1843 ι
988 1807 1162 1859 Φέρονται

126 1869 161 1907 δὲ
185 1872 242 1906 τοῦ
265 1869 405 1921 ῥήτορος
432 1868 699 1927 (Ἀντιφῶντος)
726 1866 855 1917 λόγοι
842 1867 882 1914 ς’,
914 1861 959 1903 ὧν
980 1869 1158 1918 κατεψευ-

126 1928 269 1977 σμένους
303 1942 386 1979 φησι
427 1926 585 1968 Κεκίλιος
623 1929 709 1962 εἶναι
754 1941 830 1968 τους
867 1924 931 1963 κε’.
965 1947 1015 1953 -
1054 1926 1159 1962 Idem

126 2001 164 2035 p.
188 1987 283 2032 833,
355 1983 568 2036 Ψήφισμα
596 1984 652 2021 ἐπὶ
673 1983 885 2033 Οεοπόμπου
908 1983 1089 2034 ἄρχοντος,
1109 1983 1160 2034 ἐφ’

128 2048 167 2082 οὑ
183 2046 213 2082 οἱ
228 2043 413 2096 τριάκοντα
430 2042 683 2088 κατελύθησαν,
701 2044 777 2080 καθ’
794 2041 811 2079 3
825 2041 935 2085 ἔδοξεν
954 2041 1161 2092 Ἀντιφῶντα

130 2105 305 2155 κριθῆναι,
322 2101 339 2139 3
361 2096 518 2144 Κεκίλιος
536 2100 794 2153 παρατέθειται
814 2118 827 2133 «
849 2098 972 2143 ’Έδοξε
992 2102 1034 2149 τῇ
1057 2101 1162 2149 βουλῇ

128 2163 204 2199 κτλ.
231 2179 245 2192 >¹
277 2184 329 2189 —-
346 2163 402 2196 De
418 2163 531 2207 Lysia
552 2162 628 2196 haec
645 2161 757 2196 habet
778 2160 966 2207 Longinus
989 2156 1076 2208 Περὶ
1102 2156 1161 2207 ὕψ.

129 2222 306 2264 XXXII,
329 2220 350 2255 8
383 2233 390 2254 :
416 2217 459 2256 ‘O
478 2217 638 2260 Κεκίλιος
665 2219 698 2254 ἐν
719 2222 788 2260 τοῖς
819 2217 902 2268 ὑπὲρ
923 2215 1052 2254 Λυσίου
1077 2230 1163 2265 συγ-

130 2276 333 2328 γράμμασιν
350 2275 569 2327 ἀπεθάρρησε
586 2277 635 2326 τῷ
651 2275 754 2312 παντὶ
769 2274 902 2313 Λυσίαν
918 2275 1047 2321 ἀμείνω
1065 2273 1164 2312 Πλά-

132 2349 235 2377 τωνος
267 2333 528 2386 ἀποφήνασθαι,
562 2334 638 2371 δυσὶ
668 2333 793 2370 πάθεσι
821 2332 1038 2383 χρησάμενος
1065 2332 1164 2383 ἀκρί-

131 2408 199 2434 τοις
213 2408 221 2415 ·
240 2394 345 2444 φιλῶν
359 2392 426 2443 γὰρ
443 2391 498 2428 τὸν
519 2392 665 2437 Λυσίαν,
679 2393 724 2432 ὡς
742 2390 811 2428 οὐδ’
826 2390 926 2432 αὐτὸς
943 2390 1057 2436 αὑτὸν,
1073 2388 1164 2439 ὅμως

133 2451 263 2498 μᾶλλον
285 2454 378 2498 μισεῖ
403 2451 451 2499 τῷ
471 2449 573 2485 παντὶ
599 2447 768 2486 Πλάτωνα
792 2447 813 2492 ἢ
840 2447 972 2486 Λυσίαν
994 2449 1094 2499 φιλεῖ.
1116 2469 1165 2476 —-

137 2510 288 2544 Photius
309 2509 395 2544 eod.
420 2508 514 2552 262,
539 2521 575 2555 p.
608 2508 704 2555 489,
736 2509 779 2552 b,
816 2507 858 2542 13
884 2521 890 2541 :
925 2506 1102 2548 Καικίλιος
1131 2506 1165 2543 δὲ

136 2564 327 2615 ἁμαρτάνει
356 2563 524 2616 εὓρετικὸν
553 2563 613 2611 μὲν
634 2563 690 2599 τὸν
717 2562 824 2613 ἄνδρα
846 2562 1047 2613 (Λυσίαν),
1072 2563 1165 2615 εἴπερ

135 2622 238 2660 ἄλλον
258 2621 353 2668 τινὰ,
367 2622 616 2669 συνομολογῶν,
631 2622 854 2669 οἰκονομῆσαι
875 2621 909 2657 δὲ
929 2620 971 2657 τὰ
989 2622 1166 2671 εὑρεθέντα

134 2680 198 2729 οὐχ
230 2678 335 2721 οὕτως
363 2678 493 2716 ἱκανόν.
526 2681 618 2715 Cum
641 2681 787 2715 Caecilio
809 2680 894 2715 facit
925 2681 1078 2729 Dionys.
1113 2683 1167 2716 Dc

134 2741 216 2786 Lys.
237 2739 257 2786 3
279 2738 338 2775 15.
357 2758 408 2765 -——
425 2738 665 2773 Pluta1ch.‘x
686 2739 749 2773 Οι.
769 2752 805 2786 p.
833 2738 926 2781 836,
942 2741 1001 2774 A:
1029 2737 1166 2789 Φέρον-

135 2809 192 2830 ται
214 2795 318 2830 αὐτοῦ
343 2794 426 2843 (τοῦ
451 2793 598 2843 Λυσίου)
621 2793 713 2842 λόγοι
736 2795 820 2833 υκε’.
844 2793 982 2832 Τούτων
1010 2795 1167 2844 γνησίους

138 2868 237 2903 φασιν
253 2867 282 2889 οι
297 2867 374 2903 περι
389 2852 562 2889 Διονύσιον
576 2852 633 2888 καὶ
645 2853 804 2890 Κεκιλιον
820 2846 1002 2902 εἰναισλγ,
1012 2856 1046 2889 ἐν
1060 2857 1106 2896 οἷς
1121 2854 1168 2896 δὶς

139 2909 238 2958 μόνον
263 2909 594 2960 ἡττησθαιλέγεται.
625 2933 674 2937 ——
701 2914 754 2946 Ιὶι
770 2915 949 2955 Isou-,ale
978 2914 1164 2948 Philam-‚11

138 2969 174 3003 X
193 2969 257 3004 Οι.
277 2981 314 3016 p.
337 2968 432 3016 838,
455 2971 513 3003 D:
536 2968 707 3018 Φέρονται
725 2967 757 3003 3'
781 2969 882 3004 αὐτοῦ
905 2968 1166 3019 (Ἰσοκράτους)

138 3025 231 3074 λόγοι
267 3024 291 3068 ξ
304 3054 313 3070 ,
344 3028 390 3061 ὥν
414 3027 478 3062 εἰσι
513 3024 643 3074 γνήσιοι
682 3024 771 3062 κατὰ
801 3024 842 3075 μὲ
830 3042 861 3062 ν
899 3025 1073 3064 Διονύσιον
1106 3043 1143 3063 κε
1159 3057 1167 3073 ,

140 3082 229 3119 κατὰ
241 3082 276 3119 δὲ
291 3080 514 3128 Κεκίλιονκγ(
517 3111 526 3128 ,
542 3084 603 3118 oio
590 3082 671 3118 ’ἄλ
674 3083 725 3118 λοι
738 3097 826 3119 κατε
828 3083 953 3133 (νευσμέ
957 3099 1015 3120 νοι.
1032 3088 1059 3120 Ε
1063 3087 1130 3120 {·id(
1123 3100 1167 3120 ιιι

142 3143 293 3176 Photius
314 3142 398 3176 cod.
423 3142 497 3176 260
511 3169 520 3185 ,
551 3155 587 3188 p.
612 3142 706 3185 486,
737 3143 770 3176 (ἱ.
798 3163 842 3167 --
877 3144 932 3175 l)‹
962 3143 1132 3177 ΕπΙιΙΙι(
1158 3158 1168 3177 .·

142 3200 328 3236 Plutarch.
353 3200 403 3236 X.
426 3202 491 3235 Or.
511 3212 548 3246 p.
584 3162 657 3239 8ίο
681 3213 687 3232 :
713 3197 896 3248 Ἀκροατὴς
915 3198 948 3233 δὲ
973 3199 1169 3248 γενόμενος,

141 3257 186 3297 ὡς
207 3255 268 3304 μέν
287 3271 371 3298 τινες
391 3256 559 3306 λέγουσιν,
583 3255 798 3305 Ἰσοκράτους
820 3256 877 3292 καὶ
900 3256 1106 3303 Πλάτωνος,
1126 3259 1170 3299 ὡς

143 3312 178 3349 δὲ
208 3314 384 3356 Κεκί)ιος,

416 3314 674 3361 Λεωδάμαντος.
803 3317 950 3349 photius
982 3316 1064 3352 cod.
1097 3318 1138 3350 (ἐι
1160 3344 1167 3353 ,

920 163 1120 201 CAEClLII
1149 162 1415 202 CALACTlNl

1214 265 1251 298 p.
1278 264 1326 286 2ο
1348 264 1380 286 a.
1417 262 1459 284 10
1480 260 1487 285 2
1511 245 1663 296 Φέρεται
1684 242 1719 281 δὲ
1737 245 1840 280 αὐτοῦ
1863 243 2066 294 (Αἰσχίνου)
2090 245 2149 282 καὶ
2181 245 2248 283 ἄλ·-

1214 309 1270 349 λος
1299 307 1415 355 λόγος,
1442 308 1459 342 ὁ
1479 302 1650 348 Δηλιακὸς
1672 301 1790 350 νόμος·
1814 303 1875 339 οὐκ
1904 302 2050 353 ἐγκρίνει
2079 303 2114 340 δὲ
2144 303 2246 341 αὐτὸν

1215 369 1231 403 ὁ
1267 364 1440 405 Καικίλιος
1471 361 1659 411 (Κικίλλος
1683 364 1726 396 A.
1757 359 1911 402 Κικίλιος
1941 374 2000 409 vg.
2017 362 2049 409 ),
2082 362 2160 398 ἀλλ’
2183 364 2247 400 Αἷ-

1215 422 1336 472 σχίνην
1367 421 1470 458 ἄλλον
1490 418 1676 469 σύγχρονον
1703 418 1801 454 τοῦδε
1827 417 2002 464 Ἀθηναῖον
2031 419 2087 455 τὸν
2109 419 2250 475 ,πατέρα

1215 483 1300 517 εἰναι
1321 482 1381 516 τοῦ
1399 478 1501 527 λόγου
1526 476 1641 528 φησίν.
1667 499 1717 503 —
1738 478 1793 512 Dc
1814 477 2068 513 Demosthene.
2092 479 2246 525 Dionys.

1215 539 1332 574 Halic.
1350 539 1418 584 Ep
1438 536 1485 571 ad
1505 537 1569 572 Cn.
1589 537 1720 581 Pomp.
1740 548 1772 570 c.
1796 534 1838 578 3,
1857 547 1896 582 p.
1922 547 2009 580 777,
2025 537 2083 570 R:
2105 533 2251 585 Ἡρόδο-

1215 608 1270 636 τος
1289 592 1423 643 ἀκριὸοῖ
1447 590 1616 641 μαλλον
1598 607 1620 636 η
1642 590 1874 635 Θουκυδίδης·
1897 590 2056 639 ὁμοειδὴς
2075 590 2141 642 γὰρ
2156 595 2251 635 οὗτος

1214 654 1248 689 ἐν
1271 666 1378 699 πασι,
1398 652 1460 686 κάν
1477 655 1551 692 ταῖς
1569 648 1794 699 δημηγορίαις
1813 647 1976 697 μᾶλλον
1958 665 1979 693 η
2002 664 2074 691 ταις
2093 649 2253 698 διηγήσε-

1215 724 1284 746 σιν.
1318 708 1422 757 Ἐμοὶ
1443 707 1557 754 μέντοι
1576 707 1636 743 καὶ
1655 708 1705 757 τῷ
1725 706 1881 756 φιλτάτῳ
1902 706 2075 757 Καικιλίῳ
2095 707 2186 744 δοκεῖ
2208 706 2251 743 τὰ

1215 765 1439 815 ἐνθυμήματα
1473 766 1577 802 αὐτοῦ
1605 763 1758 813 μάλιστά
1785 778 1823 812 γε
1853 763 1910 800 καὶ
1945 765 2099 809 ζηλῶσαι
2131 767 2252 812 Δημο-

1217 823 1345 870 σθένης.
1892 853 1895 856 ,

1268 884 1449 918 Praeterea
1467 882 1513 917 de
1527 884 1707 916 Demetrii
1723 881 1899 916 Phalerei
1912 881 2125 927 eloquentia
2141 882 2251 917 Caeci-

1211 943 1253 976 lii
1276 941 1459 987 judicium
1481 941 1617 987 legitur
1638 940 1676 974 in
1695 939 1809 974 schol.
1837 938 1886 973 ad
1904 939 2068 975 AEschin.
2092 941 2147 974 De
2171 940 2248 976 fals.

1215 1000 1324 1047 legat.
1350 999 1430 1032 init.
1455 997 1571 1047 (Vide
1591 998 1717 1032 locum
1736 997 1775 1030 in
1794 996 1988 1031 Idomenei
2015 998 2252 1044 Lampsaceni

1215 1057 1261 1093 fr.
1294 1056 1349 1098 15,
1371 1064 1460 1091 tom.
1481 1057 1593 1102 11‚p.
1616 1053 1721 1103 493.)

1270 1113 1374 1164 Περὶ
1402 1115 1647 1164 ῥητορικῆς.
1677 1114 1916 1159 Quinctilian.
1944 1114 2019 1157 111,
2052 1126 2065 1147 1
2101 1124 2110 1149 ε
2145 1114 2254 1149 Theo-

1214 1176 1389 1224 phrastus
1414 1187 1555 1222 quoque
1573 1175 1779 1209 Aristotelis
1803 1175 1998 1221 discipulus
2012 1174 2058 1208 de
2079 1174 2255 1210 rhetorice

1216 1236 1414 1280 diligenter
1431 1236 1590 1281 scripsit,·
1615 1240 1725 1279 atque
1741 1232 1828 1266 hinc
1847 1233 1913 1266 vel
1926 1233 2114 1266 studiosius
2122 1233 2253 1280 philo-

1215 1293 1320 1340 soplu‘
1350 1305 1460 1339 quam
1491 1291 1664 1332 rhetores,
1693 1293 1954 1337 praecipueque
1982 1291 2182 1326 Stoicorum
2211 1305 2256 1327 ai·

1217 1352 1540 1398 Peripateticorum
1553 1352 1752 1397 principes.
1777 1350 1881 1383 Fecit
1896 1350 2028 1383 deinde
2046 1351 2149 1384 velat
2164 1364 2253 1398 pro-

1214 1413 1335 1456 priam
1364 1411 1615 1454 Hermagoras
1634 1411 1733 1444 viam
1745 1434 1756 1449 ,
1780 1420 1890 1454 quam
1913 1408 2064 1454 plurimi
2087 1416 2169 1443 suut
2199 1421 2253 1443 se—

1217 1471 1290 1501 cuti
1299 1480 1313 1510 ,·
1336 1471 1392 1501 cui
1408 1470 1570 1501 maxime
1585 1479 1659 1513 par
1677 1474 1785 1512 atque
1801 1467 1956 1499 (emulus
1980 1466 2125 1500 videtur
2136 1466 2253 1501 Athe-

1218 1538 1320 1559 noeus
1329 1523 1463 1569 fuisse.
1487 1525 1611 1559 Multa
1626 1530 1709 1570 post
1729 1524 1945 1570 Apollonius
1960 1524 2111 1566 Illolon,
2141 1526 2255 1558 mulla

1219 1586 1349 1625 Areus,
1375 1584 1488 1617 multa
1521 1581 1689 1617 Caecilius
1705 1589 1741 1616 et
1761 1582 2095 1616 Halicarnassemiv
2113 1584 2254 1627 Dimis—

1218 1644 1303 1676 sius.
1335 1662 1379 1668 —
1414 1639 1539 1676 Schol.
1572 1640 1611 1673 in
1631 1641 1860 1686 Hermogen.
1893 1637 2040 1681 Στάσεις
2075 1639 2165 1687 (ΡιΙι.
2189 1641 2253 1677 Gr.

1221 1706 1308 1733 tom.
1330 1700 1393 1742 IV,
1423 1711 1462 1745 p.
1488 1697 1536 1745 59
1554 1695 1696 1744 IValz.)
1721 1710 1728 1731 :
1753 1695 1897 1739 Ἐπειδὴ
1919 1694 1953 1732 δὲ
1973 1696 2012 1733 τὸ
2037 1699 2098 1742 τ’ἧς
2118 1696 2255 1747 διαιρέ-

1221 1769 1304 1796 σεως
1318 1754 1426 1804 ὄνομα
1440 1754 1584 1795 πολλαῖς
1599 1756 1794 1804 ῥητορικαῖς
1808 1753 1972 1803 ἁρμόττει
1988 1753 2125 1805 τέχναις
2135 1760 2208 1797 ταῖς
2221 1771 2256 1792 τε

1220 1813 1299 1864 περὶ
1314 1815 1382 1849 τῶν
1396 1813 1494 1849 εἰδῶν
1508 1813 1567 1856 τῆς
1583 1813 1765 1863 ρητορικῆς
1783 1811 2100 1859 διαλαμὸανούσαις
2114 1811 2172 1849 καὶ
2184 1818 2257 1855 ταῖς

1222 1872 1299 1922 περὶ
1321 1873 1387 1908 τῶν
1420 1872 1531 1922 μερῶν
1555 1873 1614 1907 τοῦ
1643 1871 1820 1907 πολιτικοῦ
1850 1869 1970 1919 λόγου,
1990 1870 2048 1907 καὶ
2065 1873 2141 1913 ταῖς
2160 1871 2258 1922 περὶ

1221 1931 1287 1965 τῶν
1311 1928 1511 1976 μεθόδιον,
1532 1927 1569 1964 αἲ
1588 1927 1818 1977 γυμνάζουσιν
1839 1931 1931 1976 ἡμᾶς
1948 1929 1992 1971 εἷς
2020 1927 2063 1965 τὰ
2090 1929 2178 1980 μέρη
2199 1932 2258 1965 τοῦ

1222 1987 1398 2023 πολιτικοῦ
1420 1984 1541 2035 λόγου,
1562 1984 1634 2028 οἵας
1655 1984 1696 2030 δὴ
1710 1985 1922 2037 γεγράφασιν
1939 1985 2175 2037 Ἀριστοτέλης
2195 1986 2255 2023 καὶ

1225 2043 1362 2094 Ἀψίνης
1378 2043 1436 2080 καὶ
1456 2046 1486 2081 Κ
1501 2058 1544 2080 εκ
1557 2043 1661 2086 ίλιος
1675 2043 1734 2080 καὶ
1753 2043 1867 2095 μυρίοι
1885 2044 1994 2094 ἕτεροι
2011 2044 2259 2086 διδασκαλικῶς

1223 2101 1331 2149 πάνυ,
1348 2100 1540 2138 διαστέλλει
1560 2100 1620 2146 τὴν
1638 2101 1839 2150 ὁμωνυμίαν
1855 2102 1932 2139 κτλ.

1277 2159 1383 2210 Περὶ
1401 2175 1480 2210 σχη
1494 2159 1649 2208 μάτων.
1668 2162 1846 2207 Quinctil.
1870 2162 1944 2205 IX,
1963 2161 1982 2195 3
2004 2173 2012 2197 :
2035 2163 2123 2195 Hoec
2136 2166 2260 2196 onmia

1226 2217 1294 2264 (de
1325 2218 1471 2266 figuris)
1500 2222 1677 2265 copiosius
1704 2226 1788 2252 sunt
1816 2222 1991 2260 exsecuti,
2030 2223 2092 2265 qui
2123 2231 2195 2254 nou
2224 2227 2261 2253 11!

1219 2284 1362 2324 partem
1397 2279 1514 2323 operis
1542 2284 1844 2318 transcurrerunt,
1880 2277 1947 2310 secl
1969 2280 2119 2323 proprie
2152 2278 2261 2311 libros

1223 2335 1307 2368 lzuic
1336 2338 1437 2381 operi
1467 2335 1698 2375 dedicarunt,
1734 2337 1828 2368 sicut
1847 2333 2030 2370 Coecilius.
2056 2335 2196 2381 Saepius
2215 2335 2261 2370 de

1223 2393 1373 2439 singulis
1391 2390 1540 2438 figuris,
1562 2398 1602 2424 ut
1628 2390 1674 2425 de
1694 2389 1896 2441 ὑπερὸάτῳ,
1925 2389 2124 2438 μεταὸολῇ,
2149 2391 2260 2427 πλεο-

1225 2451 1364 2500 νασμῷ,
1387 2447 1609 2498 περιφράσει,
1640 2449 1805 2483 Caecilius
1828 2448 2000 2483 laudatur
2020 2448 2112 2483 ibid.
2140 2448 2161 2496 ᾗ
2194 2449 2259 2492 38,

1228 2508 1293 2551 46,
1312 2520 1359 2553 97
1380 2515 1449 2542 etc.
1472 2508 1588 2541 Porro
1612 2508 1648 2540 in
1670 2506 1890 2551 Alexandri,
1908 2507 2207 2542 Phoebammonis
2226 2515 2262 2542 et

1226 2565 1362 2600 Tiberii
1384 2565 1487 2599 libris
1508 2563 1593 2613 Περὶ
1615 2561 1805 2612 σχημάτων
1826 2576 1884 2611 ap.
1908 2565 2024 2599 VValz.
2047 2564 2174 2600 Rhett.
2195 2565 2259 2601 Gr.

1226 2624 1503 2670 t0n1.v111,p.
1529 2624 1623 2665 462,
1648 2626 1740 2668 494,
1765 2621 1856 2666 554,
1879 2621 1967 2666 571,
1989 2621 2084 2666 573,
2105 2621 2191 2666 576.
2213 2642 2259 2648 -

1279 2679 1383 2729 Περὶ
1401 2678 1542 2729 ὕψους.
1566 2682 1671 2727 11011(ὃ
1662 2681 1756 2714 inus
1776 2680 1825 2715 Π.
1849 2678 1906 2729 ¹3¹(-
1932 2681 2027 2716 init:
2051 2677 2100 2716 To
2119 2677 2182 2726 μὲν
2202 2682 2261 2714 τοῦ

1229 2737 1409 2774 Καικι)ίου
1440 2735 1724 2808 συγγραμμάτιον
1755 2736 1772 2771 3
1803 2736 1891 2787 Περι
1911 2735 2015 2787 ὕψους
2035 2735 2260 2781 συνετάςατο,

1227 2793 1536 2844 ἀνασκοπουμένοις
1568 2794 1664 2842 ἥμιν,
1693 2796 1738 2836 ὡς
1759 2797 1873 2840 οἶσθα,
1893 2810 2018 2845 κοινῃ..
2010 2822 2032 2832 ..
2065 2793 2261 2830 ταπεινότε·

1229 2868 1284 2903 ρον
1304 2852 1409 2903 ἐφάνη
1428 2868 1488 2897 της
1505 2852 1584 2897 ὅλης
1602 2851 1810 2896 υποθέσεως,
1825 2851 2020 2896 καιῆκιστα
2039 2865 2106 2887 των
2120 2850 2261 2901 καιρίων

1227 2911 1473 2962 ἐφαπτόμενον,
1488 2911 1524 2948 οὗ
1540 2909 1671 2955 πολλήν
1691 2925 1726 2946 τε
1744 2909 1963 2960 ὠφέλειαν...
1987 2912 2182 2960 περιποιοῦν
2195 2909 2262 2950 τοῖς

1227 2968 1502 3019 ἐντυγχάνουσιν.
1536 2970 1639 3004 Idem
1662 2982 1756 3016 opus
1784 2969 1918 3003 deinde
1944 2968 2115 3002 laudatur
2150 2980 2181 3002 c.
2216 2971 2234 3008 4
2251 2995 2260 3011 ,

1229 3042 1263 3063 2.
1288 3029 1333 3072 8,
1362 3042 1390 3064 1.
1414 3028 1478 3075 31,
1500 3042 1530 3062 1.
1557 3028 1627 3071 32,
1649 3040 1678 3062 1.

1282 3088 1314 3121 E
1330 3087 1452 3122 {curleo
1475 3086 1664 3121 Rhetorice
1682 3086 1795 3132 petita
1822 3085 1957 3118 fuerint
1977 3096 2057 3129 quae
2077 3095 2096 3117 e
2116 3083 2261 3118 Caecilio

1229 3145 1334 3179 affert
1362 3144 1637 3191 Harpocration
1659 3156 1690 3176 v.
1719 3140 1882 3185 Ἐξούλης
1902 3155 1908 3175 :

1229 3200 1283 3242 τὸς
1304 3204 1360 3237 τοῦ
1383 3202 1419 3237 ἐκ
1434 3203 1500 3236 τῶν
1521 3199 1613 3236 ἰδίων
1639 3197 1891 3246 ἐκὸαλλομένου
1912 3196 2072 3233 τάττεται
2092 3195 2262 3244 τοῦνομα,

1934 3138 2019 3177 ἸΟτι
2039 3137 2074 3175 δὲ
2092 3138 2148 3175 ἐπὶ
2173 3154 2261 3174 παν-

1230 3258 1286 3294 καί
1307 3259 1388 3308 οὐχ,
1410 3260 1453 3299 ὡς
1484 3257 1589 3294 οἴεται
1612 3256 1785 3301 Κεκίλιος,
1820 3255 1930 3303 μόνων
1952 3256 2017 3290 τῶν
2050 3254 2088 3289 ἐκ
2120 3252 2260 3289 καταδί-

1230 3331 1288 3361 κης
1321 3315 1532 3366 ὀφειλόντων,
1560 3314 1615 3349 καὶ
1647 3312 1818 3362 (Ῑψύνιχος
1859 3329 1888 3348 ;ν
1923 3311 2130 3361 Ποαστρίαις
2159 3311 2260 3356 δῆλον
