2289 3728
84 156 105 186 5
886 131 1140 171 NEANTHIS
1174 129 1402 168 CYZICENI

569 238 624 271 If).

136 320 312 364 'lheolog
335 316 477 350 arithm.
494 325 529 358 p
553 315 619 351 40,
642 322 685 343 10
709 311 784 343 Ast.
810 303 983 342 ιἘπε-ιδὲ
1004 305 1022 339 ὃ
1042 302 1109 339 ἀπὸ

84 380 141 414 τοῦ
166 375 196 416 ς’
222 372 321 412 ruffio:
359 385 414 413 σις
452 369 604 417 γίνεται,
625 367 641 400 ὁ
663 363 716 401 ἐπι
737 362 942 412 ἑπταμήνων
961 360 1108 411 γονίμων

85 433 225 503 γρόνος,
243 424 558 478 συναριθμουμένων
576 427 644 464 τοῖς
661 420 748 458 ἑπτὰ
765 422 831 458 τῶν
853 419 886 463 ’ἐξ
905 422 971 467 ἧμε
960 421 1056 469 ρῶν,
1075 433 1108 453 εν

87 493 139 531 αἷς
167 490 330 537 ἀφρουται
361 483 417 520 καὶ
449 480 620 533 διαφύσεις
652 478 846 530 σπέρματος
872 476 1045 526 λαμὸάνει
1070 474 1108 510 τὸ

89 546 242 595 σπέρμα,
272 540 490 593 Ἀνδροκύδης
522 538 557 576 δὲ
588 541 605 575 ὃ
635 535 869 587 Πυθαγορικὸς
895 537 913 571 ὁ
943 533 1020 583 περὶ
1046 534 1111 568 τῶν

89 602 269 651 συμὸόλων
296 599 428 650 γράψας
460 613 518 634 και
549 595 760 639 Εὐὸουλίδης
785 609 843 631 και
879 593 1048 636 Νεάνθης,
1077 591 1112 626 οἱ

87 660 138 696 τὰ
158 674 233 696 κατ
244 659 265 694 ὰ
283 658 357 694 τὸν
379 655 510 706 ἄνδρα
537 653 902 703 ἀναγράψαντες,
934 648 1040 690 etc-'²‘
1024 662 1075 684 ετε
1080 661 1111 683 οι

87 717 145 758 τὰς
163 713 442 766 μετεμψυχώσεις
459 712 518 754 τὰς
536 713 628 748 αυτΓ)
645 706 935 759 cuuiesE-q'xuiaq'
919 720 1046 757 εφασαν
1064 718 1112 752 '‘(5

88 774 232 823 γονέναι.
250 774 448 820 Sequentia
466 772 571 819 lege
563 783 600 805 m
615 771 743 818 fragm.
765 766 972 803 xristoxeni
994 763 1056 798 23.

576 870 635 892 «ιο.

391 940 464 975 EM
480 939 510 974 Π
526 936 671 974 ΕΔΟΚ
687 938 714 971 Α
729 935 756 970 ll
772 935 813 969 Σ.

141 1030 298 1075 Diogen.
318 1029 362 1062 L.
385 1027 485 1071 VIII,
510 1024 586 1065 542‘
605 1020 809 1058 Ἀκοῦσαιδ
828 1015 1019 1064 αὐτον(τὸν
1032 1013 1116 1062 Ἐμ-

91 1083 281 1120 πεδοκλέα
272 1083 281 1102 l
273 1081 499 1131 Πυθαγόρου
513 1082 544 1117 'l
549 1082 659 1128 ιμαῖος
679 1080 742 1124 (si.
764 1079 805 1112 δι
822 1075 830 1124 l
853 1075 907 1112 διὰ
924 1076 982 1118 τ’ἧς
998 1071 1117 1116 ἐνάτης

91 1141 236 1192 ιστορεῖ,
254 1139 360 1188 λέγων
381 1139 431 1173 ὅτι
450 1137 700 1186 καταγνωσθεις
721 1134 779 1171 ἐπὶ
800 1134 922 1182 loma)
925 1130 1022 1168 οπεία
1041 1129 1116 1166 τότε

94 1197 199 1246 (καθὰ
224 1197 281 1234 καὶ
309 1195 475 1241 Πλάτων)
506 1197 571 1231 τῶν
597 1194 705 1243 λόγων
731 1191 883 1235 ἐκωλύθη
906 1187 1095 1259 μετέ-χειν

93 1255 191 1299 Φησι
217 1254 251 1290 δὲ
273 1252 424 1298 Νεάνθης
452 1251 503 1288 ὅτι
533 1251 633 1300 μέχρι
662 1249 839 1287 Φιλολάου
860 1262 918 1284 και
945 1245 1080 1294 ἐΕμπ
1063 1260 1116 1281 00-

93 1311 211 1353 κλέους
236 1309 430 1348 ἐκοινώνουν
458 1310 487 1344 οἱ
522 1306 751 1358 Πυθαγορικοὶ
782 1308 849 1342 τῶν
879 1303 1008 1353 λόγων·
1045 1302 1118 1339 ἐπεὶ

94 1370 124 1406 δ’
146 1368 244 1410 αὐτὸς
261 1366 315 1404 διὰ
339 1369 398 1411 τ’ἧς
424 1365 589 1409 ποιήσεως
618 1363 847 1412 ἐδημοσίωσεν
878 1360 989 1408 αὐτὰ,
1016 1360 1118 1409 νόμον

94 1426 205 1463 ἔθεντο
234 1424 351 1473 μηδενὶ
384 1437 590 1472 μεταοωσειν
624 1423 787 1471 ἐποποιΓ.)
821 1419 872 1458 'lb
900 1421 929 1455 δ’
959 1418 1042 1455 αὐτὸ
1061 1416 1119 1454 καὶ

94 1482 270 1520 Πλάτωνά
303 1496 383 1531 φασι
419 1480 558 1516 παθειν·
590 1479 647 1515 καὶ
674 1478 738 1528 γὰρ
766 1492 883 1514 τουτον
910 1478 1118 1520 κωλυθῆναι.

94 1534 194 1576 Ὶίνος
212 1533 325 1582 μέντοι
339 1533 369 1582 γ’
386 1533 494 1568 αὐτῶν
508 1531 650 1576 ἤκουσεν
668 1533 684 1567 ὅ
698 1531 938 1579 Ἐμπεδοκλῆς
954 1529 1014 1565 οὐκ
1031 1523 1120 1565 εἰπε·

96 1591 157 1636 τὴν
173 1591 238 1642 γὰρ
255 1605 519 1641 περιφερομένην
534 1588 615 1639 πρὸς
633 1589 753 1633 Τηλαυ
757 1603 835 1636 γους
853 1586 1048 1632 ἐπιστολὴν,
1071 1585 1122 1622 ὅτι

99 1649 262 1698 μετέσχεν
279 1647 447 1685 Ἱππάσου
462 1662 519 1682 και
534 1646 734 1695 Βροντίνου,
748 1645 795 1694 μὴ
813 1648 897 1681 εἶναι
914 1643 1120 1687 ἀξιόπιστον.

97 1710 165 1742 vix
188 1707 342 1741 dubium
370 1713 421 1740 est
437 1707 611 1740 Timaeum
632 1711 667 1739 et
685 1705 889 1739 Neanthem
906 1704 1050 1738 Philisci
1070 1702 1123 1737 di-

97 1766 256 1811 scipulos
275 1765 331 1798 vel
351 1764 505 1798 alterum
534 1775 578 1797 ex
603 1763 740 1806 altero,
773 1762 831 1796 vel
858 1769 1058 1807 utrumque
1079 1772 1123 1795 ex

100 1823 231 1856 codem
263 1821 362 1855 fonte
388 1821 555 1855 hausisse.
576 1822 696 1865 Quare
725 1831 794 1866 pro
826 1816 1027 1867 Πυθαγόρου
1054 1818 1122 1854 Τι-

99 1878 195 1924 μαῖος
225 1877 481 1924 reponendum
512 1883 603 1923 puto
638 1876 882 1924 Πυθαγορικῶν
914 1874 1002 1915 τινὸς
1034 1874 1121 1922 Τιμ.

103 1936 236 1970 Contra
252 1936 369 1981 ipsum
381 1934 623 1981 Pythagoram
637 1935 742 1980 Emp.
754 1934 966 1980 magistrum
981 1932 1125 1967 dixerat

102 1993 302 2028 Alcidamas
330 2004 388 2038 ap.
406 1992 516 2038 Diog.
545 1992 654 2035 VIII,
679 1989 748 2036 563
779 1990 827 2025 ad
851 1991 951 2025 hunc
977 1991 1126 2037 respicit

100 2051 207 2096 Diog.
221 2050 330 2093 VIII,
352 2048 411 2083 50.
440 2048 611 2085 Ceterum
632 2049 679 2087 cf.
700 2050 868 2083 Karsten.
890 2048 1127 2095 Empedoclis

100 2107 218 2152 Reliq.
237 2119 275 2153 p.
303 2110 346 2150 43
365 2106 411 2141 de
434 2104 675 2153 λογοκλοπείας
694 2106 818 2141 fabula
837 2106 935 2141 idem
954 2119 992 2152 p.
1020 2104 1081 2142 51.

588 2220 643 2251 19.

143 2291 341 2330 Androcydes
356 2292 586 2330 Pythagoreus,
608 2291 663 2330 qui
681 2291 721 2323 de
740 2291 890 2331 symbolis
913 2291 1123 2330 Pythagoreo-

103 2350 173 2372 rum
187 2343 320 2381 scripsit,
334 2343 539 2374 etEubulides
551 2345 581 2373 et
592 2343 760 2381 Neanthes‚
771 2343 826 2382 qui
837 2343 933 2373 vitam
943 2343 1126 2382 Pythagorae

103 2393 373 2432 conscripserunt,
390 2394 604 2425 ducentesimo
621 2402 747 2434 quoque
764 2395 794 2425 et
807 2394 928 2426 decimo
941 2396 1030 2425 sexto
1043 2402 1126 2424 anno

106 2444 385 2483 metempsychoses
402 2444 587 2484 Pythagora:
599 2445 693 2475 fuisse
704 2444 841 2477 tradunt.

589 2512 647 2543 20.

148 2575 364 2614 Empedoclem
382 2575 516 2607 audiisse
533 2577 741 2616 Pythagoram
757 2577 901 2609 Timaeus·
914 2578 1024 2608 auctor
1037 2578 1128 2609 estin

107 2634 191 2656 nono
216 2626 439 2665 Historiarum,
462 2627 569 2658 dicens
589 2628 821 2667 improbatum,
837 2628 931 2668 ‘quod
953 2628 1128 2659 doctrinam

109 2677 304 2716 evulgasset,
332 2679 488 2709 consortio
514 2679 677 2711 exclusum
705 2680 819 2718 fuisse,
858 2680 1128 2719 quemadmodum

107 2728 201 2757 etiam
231 2728 428 2760 Platonem...
458 2730 563 2760 Refert
585 2739 659 2760 vero
674 2730 830 2761 Neanthes
845 2739 947 2769 usque
964 2730 1004 2761 ad
1023 2731 1128 2762 Philo·

109 2779 192 2809 laum
216 2781 246 2810 et
259 2780 478 2819 Empedoclem
492 2781 530 2811 ad
549 2791 729 2812 sermonum
744 2782 999 2815 communionem
1014 2783 1127 2814 admit-

109 2832 173 2860 tere
202 2831 460 2870 omnessolitos,
492 2832 545 2862 ubi
573 2841 648 2864 vero
676 2833 740 2872 ipse
768 2835 914 2872 poemate
935 2833 1130 2873 disciplinam

109 2880 302 2919 divulgavit,
323 2881 428 2920 legum
453 2883 615 2921 tulerunt,
639 2884 685 2914 uti
710 2884 798 2914 nullo
824 2892 897 2914 cum
925 2884 1014 2923 epico
1039 2886 1131 2923 pocta

110 2932 343 2962 communicare
368 2931 562 2971 disciplinam
585 2934 703 2965 liceret.
748 2934 834 2965 ldem
858 2934 978 2966 Platoni
1003 2943 1132 2974 qnoque

110 2981 258 3011 accidisse
280 2984 385 3012 narrat
408 2982 459 3012 ille
481 2995 487 3013 z
511 2984 626 3023 quippe
651 2986 682 3015 et
704 2982 788 3014 hunc
810 2985 901 3016 fuisse
925 2985 1129 3024 prohibitum.

111 3036 211 3069 Quem
234 3034 340 3063 tamen
364 3033 489 3063 illorum
517 3034 671 3066 audiverit
697 3036 920 3075 Empedocles,
941 3045 1003 3066 non
1028 3037 1129 3068 dixit:

110 3091 178 3113 cam
190 3082 271 3113 enim
285 3092 356 3122 quae
371 3084 514 3123 Telaugis
528 3085 623 3115 fertur
636 3086 799 3125 epistolam
809 3110 816 3124 ,
833 3086 863 3116 in
883 3094 946 3125 qua
960 3086 1131 3126 llippasum

111 3136 142 3165 et
157 3134 340 3166 Brontinum
357 3135 489 3165 audiisse
503 3135 627 3174 dicitur,
644 3145 705 3168 non
719 3146 784 3168 csse
803 3137 864 3168 tide
879 3137 1013 3176 dignam.

595 3203 650 3235 21.

152 3271 331 3303 Heraclides
345 3272 520 3312 Serapionis
534 3273 614 3303 iilius
632 3275 791 3313 iragoedias
809 3275 936 3306 alterius
949 3275 1042 3306 fuisse
1065 3284 1132 3306 mc-

1652 223 1713 245 21.

1221 319 1324 353 Idem
1339 318 1446 359 y111
1463 315 1526 360 58,
1544 314 1590 349 de
1610 312 1797 360 tragoediis
1815 311 2076 358 Empedoclis:
2089 309 2199 362 Ἥρα-

1170 374 1341 418 κλείοης
1323 372 1395 409 οὲο
1414 374 1473 408 τοῦ
1495 370 1732 420 Σεραπίωνος,
1759 369 1873 418 ἑτέρου
1896 382 1998 420 φησιν
2025 371 2111 405 εἰναι
2139 369 2199 412 τὰς

1170 430 1373 482 τραγῳδίας,
1389 427 1593 478 Ἱερώνυμος
1607 427 1642 463 δὲ
1655 441 1745 477 τρισι
1762 425 1820 462 καὶ
1833 424 2084 476 τετταράκοντά
2098 441 2201 478 φησιν

1172 485 1443 537 ἐντετυχηκέναι.
1470 483 1622 529 Νεάνθης
1648 482 1683 520 δὲ
1710 482 1782 521 νέον
1809 482 1890 520 ὄντα
1909 482 2118 534 γεγραφέναι
2141 482 2202 528 τὰς

1171 543 1363 596 τραγῳδίας
1394 541 1452 579 καὶ
1486 541 1586 584 αὐτὸς
1621 541 1741 578 ἔπειτα
1777 542 1896 582 αὐταῖς
1926 540 2200 591 ἐντετυχηκέναι.

1172 602 1406 639 Heraclidem
1422 603 1568 636 veriora
1586 601 1734 636 tradere
1752 613 1830 635 non
1849 600 2018 636 dubium.
2040 601 2081 636 V.
2100 601 2202 636 Kar-
2253 587 2257 590 ⁴

1172 668 1259 696 sten.
1285 661 1309 694 l.
1332 660 1353 694 l.
1372 672 1411 706 p.
1432 658 1495 700 64.

1655 754 1717 775 22.

1226 844 1327 879 Idem
1348 845 1449 887 VIII,
1470 856 1515 888 72
1536 856 1543 877 :
1566 841 1717 887 Νεάνθης
1737 842 1766 878 δ’
1783 842 1801 878 ὁ
1819 842 2003 886 Κυζικηνὸς
2020 844 2038 879 ὁ
2051 842 2110 879 καὶ
2125 841 2204 894 περὶ

1174 902 1241 937 τῶν
1264 901 1510 949 Πυθαγορικῶν
1531 897 1636 935 εἰπὼν
1657 898 1740 950 φησὶ
1766 898 1926 941 Μέτωνος
1944 899 2219 945 τελευτήσαντος,

1175 957 1369 1008 τυραννίδος
1395 955 1505 1007 ἀρχὴν
1532 955 1761 1008 ὑποφύεσθαι·
1789 950 1861 993 εἶτα
1889 955 1946 992 τὸν
1966 955 2206 1006 Ἐμπεδοκλέα

1177 1016 1293 1051 πεῖσαι
1317 1013 1393 1057 τοὺς
1413 1014 1693 1066 Ἀκραγαντίνους
1718 1013 1918 1063 παύσασθαι
1942 1014 2004 1062 μὲν
2026 1017 2092 1052 τῶν
2119 1015 2206 1052 στά-

1177 1088 1279 1120 σεων,
1301 1072 1443 1117 ἰσότητα
1464 1072 1498 1108 δὲ
1518 1071 1698 1117 πολιτικὴν
1723 1073 1853 1108 ἀσκεῖν.
1911 1070 1993 1110 Ἔτι
2019 1071 2054 1109 δὲ
2079 1073 2209 1115 πολλὰς

1176 1132 1243 1167 τῶν
1263 1130 1444 1167 πολιτίδων
1465 1129 1645 1180 ἀπροίκους
1665 1128 1887 1180 ὑπαρχούσας
1907 1128 2010 1166 αὐτὸν
2031 1130 2207 1180 προικίσαι

1178 1187 1232 1225 διὰ
1251 1187 1308 1224 τὸν
1324 1187 1478 1238 παρόντα
1496 1190 1653 1233 πλοῦτον,
1674 1186 1733 1224 καὶ
1750 1187 1906 1238 στρόφιον
1928 1186 2101 1225 ἐπιθέσθαι
2120 1203 2207 1240 χρυ-

1178 1249 1269 1291 σοῦν,
1296 1247 1340 1287 ὡς
1361 1244 1566 1295 Φαὸωρῒνος
1594 1246 1627 1281 ἐν
1650 1244 2031 1294 Ἀπομνημονευμάτων
2059 1245 2208 1297 πρώτῳ·

1179 1303 1227 1340 ἔτι
1243 1306 1273 1340 τ’
1293 1302 1446 1352 ε’μὸάδας
1464 1303 1599 1352 χαλκᾶς
1623 1302 1681 1339 καὶ
1704 1302 1844 1352 στέμμα
1864 1302 2045 1354 Δελφικόν.
2104 1302 2209 1351 Κόμη

1179 1363 1209 1398 τ’
1226 1355 1268 1407 ἦν
1288 1362 1382 1412 αὐτῷ
1401 1361 1520 1411 βαθεῖα
1537 1360 1597 1397 καὶ
1617 1361 1735 1403 παῖδες
1754 1360 1947 1409 ἀκόλουθοι,
1969 1360 2028 1397 καὶ
2042 1360 2141 1403 αὐτὸς
2156 1361 2209 1397 ἀεὶ

1180 1418 1379 1470 σκυθρωπὸς
1393 1418 1442 1470 ἐφ’
1455 1418 1524 1460 ἑνὸς
1539 1412 1580 1464 ἦν
1600 1418 1794 1469 σχήματος.
1841 1420 2000 1460 Τοιοῦτος
2017 1418 2051 1455 δὲ
2068 1418 2209 1470 προῄει,

1179 1479 1247 1514 τῶν
1270 1478 1418 1514 πολιτῶν
1439 1477 1659 1527 ἐντυχόντων,
1679 1476 1738 1513 καὶ
1756 1479 1855 1513 τοῦτο
1874 1476 2090 1520 ἀξιωσάντων
2111 1476 2211 1514 οἱονεὶ

1186 1534 1361 1586 βασιλείας
1388 1534 1476 1576 τινὸς
1502 1534 1724 1585 παράσημον.
1779 1533 1951 1585 “’Υστερον
1983 1534 2018 1571 δὲ
2045 1534 2100 1571 διά
2131 1550 2208 1572 τινα

1182 1592 1372 1643 πανήγυριν
1391 1591 1616 1642 πορευόμενον
1637 1592 1686 1643 ἐφ’
1708 1591 1841 1641 ἁμάξης
1865 1594 1910 1634 ὡς
1935 1594 1982 1635 εἷς
2009 1592 2209 1639 Μεσσήνην,

1183 1656 1314 1698 πεσεῖν,
1330 1650 1388 1687 καὶ
1403 1649 1459 1687 τὸν
1477 1650 1584 1702 μηρὸν
1601 1653 1743 1688 κλᾶσαι·
1761 1650 1955 1696 νοσήσαντα
1972 1651 2001 1687 δ’
2015 1652 2052 1688 ἐκ
2068 1650 2209 1701 τούτου,

1182 1709 1383 1753 τελευτῆσαι
1413 1710 1495 1745 ἐτῶν
1514 1709 1542 1752 ζ’
1565 1708 1624 1745 καὶ
1648 1708 1675 1744 0'
1701 1707 1769 1759 [ὥς
1786 1724 1869 1760 φησι
1888 1708 2042 1755 Νεάνθης
2062 1711 2078 1745 ὁ
2101 1711 2212 1753 Κυζι-

1183 1764 1321 1814 κηνός].

1237 1825 1423 1859 Postrema
1441 1824 1544 1859 addit
1561 1825 1762 1872 Hesychius
1776 1825 1891 1860 Miles.
1916 1823 1926 1872 (
1940 1818 2212 1871 νῘΕμπεδοκλῆς

1184 1894 1222 1928 p.
1247 1886 1293 1923 24
1316 1881 1376 1917 ed.
1399 1880 1556 1930 Orelli),
1579 1883 1643 1928 qui
1661 1881 1790 1916 eadem
1809 1881 1856 1916 ad
1875 1882 2028 1916 verbum
2045 1882 2213 1926 exhibet,

1184 1940 1252 1973 nisi
1279 1939 1383 1985 quod
1405 1940 1581 1985 Neanthis
1607 1940 1834 1974 mentionem
1863 1940 1909 1974 ab
1935 1940 2041 1974 initio
2070 1939 2215 1974 articuli

1185 1997 1233 2031 ad
1257 1995 1368 2031 finem
1388 1997 1577 2044 relegavit.
1605 1998 1775 2032 Ceterum
1796 1997 1842 2031 de
1861 2009 1901 2031 re
1926 2001 1971 2034 cf.
1991 1998 2163 2031 Karsten.
2187 1997 2213 2033 1.

1186 2054 1210 2088 l.
1231 2066 1269 2100 p.
1290 2053 1332 2089 15
1352 2067 1433 2101 sqq.

1187 2217 1300 2246 morat.
1313 2216 1523 2254 Hieronymus
1538 2225 1614 2247 vero
1625 2216 1833 2255 quadraginta
1846 2218 1910 2247 tres
1925 2225 1958 2247 se
1973 2216 2085 2247 vidisse
2095 2215 2217 2255 asserit,

1189 2266 1345 2297 Neanthes
1360 2267 1467 2297 autem
1483 2266 1568 2297 hunc
1584 2266 1733 2305 juvenem
1757 2266 1915 2306 scripsisse
1929 2266 2115 2306 tragoedias,
2138 2274 2218 2307 quas

1186 2317 1251 2356 ipse
1269 2325 1394 2357 quoque
1412 2318 1520 2356 postea
1535 2316 1660 2349 viderit.

1675 2388 1732 2420 22.

1231 2459 1388 2491 Neanthes
1401 2460 1592 2500 Cyzicenus,
1614 2459 1667 2499 qui
1687 2459 1782 2490 etiam
1799 2459 1838 2489 de
1859 2459 2059 2499 Pythagoreis
2074 2459 2217 2499 scripsit,

1188 2510 1283 2541 refert
1305 2512 1430 2542 Metone
1459 2511 1525 2541 vita
1558 2510 1667 2541 functo
1697 2509 1872 2551 tyrannidis
1904 2510 2058 2550 pullulare
2089 2510 2218 2541 exordia

1189 2561 1318 2600 coepisse
1331 2573 1340 2600 ;
1354 2563 1423 2592 tum
1440 2569 1515 2592 vero
1530 2560 1753 2600 Empedoclem
1767 2560 1980 2600 Agrigentinos
1993 2560 2152 2592 induxisse
2171 2561 2218 2592 uti

1189 2613 1394 2645 seditionibus
1409 2613 1533 2644 omissis
1553 2613 1767 2652 aequalitatem
1790 2613 1915 2643 civilem
1937 2613 2216 2652 amplecterentur.

1189 2664 1295 2695 Multis
1323 2663 1430 2694 itidem
1450 2663 1584 2702 civium,
1614 2671 1686 2703 quae
1709 2663 1776 2694 sine
1799 2663 1873 2694 dote
1897 2664 2005 2700 erant,
2031 2662 2138 2694 dotem
2160 2662 2215 2694 de-

1190 2716 1271 2748 disse
1283 2715 1322 2747 de
1335 2715 1424 2755 copia
1445 2715 1624 2747 divitiarum
1649 2728 1656 2746 z
1675 2715 1746 2746 ideo
1759 2717 1791 2746 et
1803 2723 1974 2754 purpuram
1991 2723 2064 2746 eum
2079 2714 2215 2746 induisse
2249 2715 2254 2719 ”

1190 2769 1222 2798 et
1245 2766 1419 2806 strophium
1443 2774 1576 2797 aureum
1601 2765 1844 2797 circumdedisse
1863 2765 2037 2798 Favorinus
2058 2765 2090 2796 in
2115 2765 2217 2805 primo

1191 2818 1497 2850 Commentariorum
1522 2819 1633 2856 auctor
1651 2820 1716 2856 est;
1731 2817 1872 2857 crepidas
1887 2817 1962 2849 item
1986 2825 2083 2848 aereas
2100 2818 2132 2849 et
2148 2817 2218 2848 Del·

1194 2870 1318 2909 phicam
1337 2869 1505 2908 sumpsisse
1524 2877 1684 2900 coronam.
1704 2870 1803 2899 Coma
1819 2868 1893 2900 item
1912 2867 1955 2898 illi
1975 2867 2097 2906 prolixa
2115 2867 2173 2899 fuit
2188 2869 2219 2898 et

1193 2920 1280 2961 pueri
1294 2920 1468 2960 pedissequi
1491 2933 1498 2952 :
1517 2922 1548 2952 et
1561 2921 1625 2961 ipse
1644 2921 1746 2960 gravis
1761 2927 1884 2959 semper
1896 2920 1993 2958 atque
2009 2919 2041 2949 in
2055 2927 2118 2949 uno
2133 2927 2220 2950 seve-

1193 2972 1294 3002 ritatis
1309 2971 1417 3001 habitu
1432 2971 1578 3010 perstitit.
1623 2973 1668 3002 Eo
1684 2970 1792 3006 habitu
1808 2970 1901 3008 igitur
1914 2968 2076 3008 prodibat,
2092 2970 2128 3000 ut
2140 2969 2218 3000 civi-

1193 3022 1252 3053 bus
1265 3022 1321 3061 ipsi
1331 3022 1568 3052 occursantibus
1580 3030 1618 3052 ac
1627 3030 1683 3061 pro
1697 3029 1810 3059 magno
1824 3019 1856 3050 id
1872 3027 2002 3050 munere
2018 3019 2218 3059 habentibus,

1192 3072 1348 3112 specimen
1358 3072 1517 3111 quoddam
1527 3074 1559 3103 et
1571 3072 1690 3111 insigne
1702 3071 1821 3110 regium
1834 3078 1899 3109 prae
1909 3078 1942 3100 se
1952 3070 2032 3100 ferre
2045 3069 2217 3101 videretur.

1193 3124 1353 3154 Postremo
1367 3130 1441 3153 vero
1453 3131 1552 3161 quum
1565 3121 1754 3153 celebritatis
1765 3119 1928 3159 cujusdam
1939 3127 2033 3150 causa
2046 3121 2219 3150 Messanam

1193 3183 1287 3205 curru
1305 3173 1448 3205 invectus
1461 3174 1618 3213 pergeret,
1631 3171 1779 3204 cecidisse
1794 3179 1969 3210 coxamque
1986 3170 2110 3209 fregisse
2136 3184 2142 3201 ι
2157 3180 2219 3211 quo

1194 3225 1288 3256 etiam
1305 3233 1345 3255 ex
1357 3224 1469 3255 morbo
1485 3224 1668 3255 defunctum
1687 3231 1754 3254 esse
1771 3222 1872 3253 aetatis
1888 3229 1970 3252 anno
1992 3222 2219 3261 septuagesimo

1196 3275 1329 3315 septimo
1344 3274 1399 3315 [ut
1413 3275 1569 3307 Neanthes
1581 3273 1754 3313 Cyzicenus
1768 3272 1861 3304 tradit
1876 3271 1898 3311 1.
