2338 3765
957 206 1276 245 FRAGMENTA.

62 304 166 331 vocat
192 298 374 333 Ammiun.
410 297 519 332 Marc.
553 296 692 336 xxiv,
728 309 763 337 ¹3
797 293 923 331 Ἀναθὼ
951 295 1080 331 lsidor.

60 367 95 400 p.
115 358 133 394 l.
152 368 160 397 3
178 352 214 388 τὸ
236 352 380 388 ἈνάΟων
409 351 566 402 φρούριον
593 366 651 399 ap.
677 353 882 398 'l'lwopliyL
909 353 1081 387 Simorut.

61 413 123 457 lv,
143 424 203 457 90.
226 414 266 454 V,
296 425 327 448 1.
352 424 396 453 23

58 481 114 515 ap.
135 470 319 503 Zosimuni
348 471 417 512 Ill,
445 472 509 511 143
539 481 637 502 nunc
659 468 785 510 Atmlz,
827 469 862 501 in
891 469 1086 514 Euphratis

58 527 173 560 insula
194 528 392 560 castellum.
417 529 456 563 V.
488 527 668 574 Forhiger
694 538 731 572 p.
757 526 853 570 637,
874 526 936 560 ubi
958 533 1084 560 noster

58 585 159 618 locus
177 584 382 620 addendus.

428 410 579 446 Bs'Ootuvot
613 423 671 457 ap.
705 411 875 453 Ptolem„
901 410 1085 446 ψαθοῧσαι

355 815 419 863 ΒΙ
441 813 606 863 ΘΥΝ
625 815 647 862 Ι
669 814 716 861 K
734 815 777 862 A

369 942 432 978 EN
463 942 685 978 ΒΙΒΛΙΟΙΣ
715 940 774 978 ll'.

534 1043 597 1080 24.

105 1134 256 1169 Photius
272 1133 367 1170 Bibl
390 1129 806 1179 ςο(1.93;Ἀνεγνώσθη
833 1145 891 1167 του
919 1133 1021 1167 αὐτοῦ
1038 1129 1080 1166 τὰ

56 1180 244 1238 Βιθυνικὰ,
269 1191 303 1226 ἐν
335 1187 477 1239 βιὸλίοις
501 1187 610 1234 ὀκτὼ,
639 1189 672 1224 ἐν
694 1191 741 1229 οἷς
760 1187 803 1224 τά
821 1203 857 1224 τε
890 1188 1016 1236 μυθικὰ
1038 1188 1080 1225 τὰ

52 1263 129 1299 περι
145 1247 305 1288 Βιθυνίας
321 1245 380 1282 καὶ
399 1240 528 1291 τάλλα,
545 1244 608 1282 ὅσα
629 1244 773 1290 συνέστη
791 1260 868 1296 περι
895 1245 1013 1292 αὐτὴν,
1032 1248 1077 1288 εἷς

51 1306 174 1343 λεπτὸν
209 1303 416 1356 ἀναγράφει,
445 1306 487 1354 τῇ
521 1302 661 1354 πατρίδι
693 1304 799 1354 δῶρον
830 1303 1007 1356 ἀναφέρων
1035 1304 1078 1341 τὰ

51 1363 194 1414 πάτρια.
253 1360 481 1410 Νικομήδειον
497 1360 563 1411 γάρ
583 1375 615 1396 τι
634 1359 780 1410 τὸγένος
795 1362 895 1397 αὑτοῦ
916 1362 950 1397 ἐν
970 1361 1077 1411 ταύτῃ

50 1425 92 1472 τῇ
114 1423 294 1472 συγγραφῇ
316 1419 472 1471 διορίζει,
495 1420 527 1456 ἐν
545 1420 631 1468 αὐτῇ
646 1433 681 1454 τε
702 1421 904 1466 γεννηθῆναι
920 1419 978 1456 καὶ
997 1436 1078 1471 τρα-

49 1495 152 1531 φηναι
166 1494 223 1516 και
240 1478 339 1514 παιδε
343 1480 479 1523 υθηναι,
497 1491 554 1513 και
568 1475 659 1526 ἱερέα
674 1478 734 1522 τῆς
748 1475 928 1528 Δήμητρος
946 1492 1004 1514 και
1020 1481 1079 1524 τῆς

49 1537 168 1579 παιδος
184 1538 300 1583 αὐτῆς,
317 1539 369 1577 αἷς
388 1549 447 1571 και
466 1533 528 1579 τὴν
548 1534 646 1570 πόλιν
663 1534 862 1571 ἀνακεῖσθαί
881 1549 975 1585 φησι,
991 1550 1077 1605 γρη-

50 1594 204 1644 ματίσαι.
224 1594 266 1643 (2)
283 1593 502 1641 Μέμνηται
484 1606 518 1628 οε
532 1593 564 1629 ἐν
579 1590 686 1641 ταύτῃ
701 1607 742 1643 τῃ
758 1606 937 1643 συγγραφῃ
949 1591 1084 1628 καὶετέ·

51 1668 116 1703 ρων
134 1653 393 1702 πραγματειῶν.
417 1651 516 1687 Ὡν<
499 1665 521 1694 η
535 1648 616 1698 μὲν,
635 1648 710 1686 ὅσα
727 1648 994 1698 Τιμολέοντι
1019 1653 1077 1687 τῶ

51 1709 264 1761 Κορινθίῳ
290 1707 405 1746 κατὰ
431 1706 677 1745 Σικελίαν’
663 1706 878 1756 επράχθη,
902 1707 1079 1756 διαλαμ-

49 1767 103 1804 δά
119 1782 199 1803 νει·
236 1769 257 1811 ἡ
293 1765 336 1802 δὲ
368 1763 420 1801 τὰ
439 1763 564 1801 Δίωνι
592 1766 650 1814 τῷ
678 1764 967 1814 Συρακουσίῳ
1000 1764 1077 1801 ὅσα

50 1823 143 1868 ἀξια
156 1823 330 1875 φήγητα
361 1821 461 1871 ἔργα
496 1822 624 1858 ἐπετε
610 1821 676 1857 ελέ
688 1824 783 1866 σθη,
803 1820 904 1865 ἡνίκα
923 1822 984 1863 τὰς
1005 1823 1078 1860 Συ-

50 1881 246 1940 ρακούσας
238 1896 296 1917 και
316 1885 431 1917 πᾶσαν
450 1878 649 1916 Σικελίαν
631 1877 698 1914 απὸ
714 1894 771 1915 του
788 1878 882 1915 δευτε
868 1893 943 1930 ερου
957 1882 1076 1917 Διονυ·

49 1939 139 1985 σίου,
170 1938 204 1980 ὃς
224 1942 265 1984 ἠν
290 1943 369 1979 παῖς
397 1940 455 1973 τοῦ
483 1951 670 1987 προτερου,
696 1935 898 1986 ἠλευθέρου,
927 1937 985 1974 καὶ
1009 1940 1075 1975 τΓ)ν

52 1996 252 2048 βαρὸάρων,
281 1999 337 2037 ους
354 1994 439 2045 υπὲρ
460 1998 520 2031 τοῦ
544 1993 691 2044 βεδαίως
710 1999 882 2044 τυραννεῖν
905 1994 1077 2038 Διονυσιος

49 2054 252 2104 ἐπηγάγετο.
310 2054 349 2102 (3)
369 2052 541 2090 Φαίνεται
553 2051 587 2088 δὲ
603 2051 768 2102 τετάρτην
787 2051 925 2102 γράφων
942 2051 1003 2098 τὴν
1017 2055 1077 2097 τῆς

51 2111 213 2161 πατρίδος
233 2110 424 2160 ἀφήγησιν·
447 2108 534 2158 μετὰ
554 2108 620 2159 γὰρ
639 2107 682 2145 τὰ
696 2108 774 2159 περὶ
789 2108 1003 2161 Ἀλέξανδρον
1018 2110 1076 2146 καὶ

49 2168 262 2217 Τιμολέοντα
288 2167 345 2204 καὶ
375 2166 487 2205 Δίωνα
515 2165 633 2216 [μετὰ
661 2165 720 2208 τὰς
736 2166 813 2216 περὶ
836 2165 956 2209 αὐτοὺς
981 2169 1076 2204 ἱστο-

335 2277 784 2334 BITHYNICA,

397 2385 559 2423 LIBRIS
585 2384 727 2423 OCTO.

534 2470 591 2500 24.

89 2525 159 2564 Legi
172 2525 353 2564 Bitlzynz'ca
366 2523 516 2562 ej'asdem
532 2523 631 2555 libris
647 2525 737 2562 octo,
752 2523 866 2563 quibus
880 2523 918 2554 de
935 2524 1077 2562 Bithynia

49 2576 204 2607 fabulosas
220 2576 414 2606 narrationes
426 2577 593 2614 ceteraque
604 2575 643 2605 ad
655 2584 724 2606 eam
734 2576 920 2614 pertinentia
931 2578 1077 2606 accurate

48 2627 212 2667 perscribit
242 2636 250 2657 2
271 2627 381 2666 patriae
405 2627 555 2657 nimirum
580 2627 713 2665 patriam
742 2627 904 2658 historiam
931 2628 1075 2658 offerens.

47 2677 226 2709 Nicomedia
241 2676 323 2707 enim
338 2684 436 2715 genus
448 2684 480 2707 se
497 2676 610 2707 ducere
625 2676 684 2706 lioc
699 2685 792 2715 opere
805 2676 961 2715 ostendit;
979 2685 1077 2715 eaque

48 2730 79 2760 in
96 2730 174 2760 urbe
199 2730 309 2759 natum
324 2752 333 2767 ‚
354 2728 454 2759 altum
480 2728 641 2767 literisque
665 2728 841 2767 imbutum,
869 2729 1076 2760 sacerdotium

47 2781 170 2813 Cereris
183 2780 313 2819 eJusque
339 2780 409 2810 filiae
436 2780 630 2819 Proserpinae
650 2780 784 2819 (quibus
800 2788 921 2811 sacram
940 2789 1007 2811 esse
1023 2790 1076 2811 ur-

29 2831 119 2862 >›bem
134 2831 263 2869 scribit)
277 2830 417 2870 gessisse.
462 2830 505 2869 (2)
524 2830 667 2861 Meminit
684 2839 758 2861 vero
773 2830 834 2860 lioc
853 2831 920 2868 ipso
939 2831 970 2861 in
994 2831 1075 2861 libro

48 2883 79 2913 et
91 2882 225 2914 aliorum
238 2890 369 2921 operum
391 2890 398 2911 :
417 2889 554 2919 quorum
568 2881 702 2911 alterum
716 2880 842 2920 quidem
862 2882 1076 2913 Timoleontis
1103 2913 1105 2922 ¹

53 2933 220 2965 Corinth-ii
234 2942 285 2964 res
300 2935 337 2964 in
351 2933 472 2964 Sicilia
485 2934 594 2972 yestas
606 2932 763 2965 continet:
778 2933 913 2963 alterum
931 2941 1006 2963 vero
1023 2942 1076 2964 res

50 2985 169 3015 Dionis
184 2985 392 3023 Syracusani
408 2985 586 3014 memoratu
609 2983 718 3022 dignas
739 2983 851 3021 refert,
868 2993 966 3022 quum
983 2986 1076 3023 Syra-

49 3044 138 3066 cusas
155 3035 206 3066 hic
224 3044 414 3074 omnemque
424 3035 503 3065 adeo
517 3035 655 3066 Siciliam
668 3044 686 3065 a
703 3035 841 3074 Dionysii
854 3035 1005 3074 secundi,
1023 3036 1076 3075 qui

49 3085 141 3125 primi
155 3086 237 3117 filius
252 3087 310 3116 suit
319 3109 328 3124 ,
342 3085 507 3125 tyrannide
520 3085 682 3124 liberavit,
697 3085 886 3125 insuperque
896 3094 914 3116 a
924 3086 1075 3126 barbaris,

29 3145 147 3176 ,.quos,
173 3138 210 3168 ut
231 3137 431 3177 tyrannidem
458 3137 617 3174 firmaret,
641 3137 808 3176 Dionysius
832 3145 870 3168 eo
888 3137 1074 3169 adduxerat.

49 3189 93 3226 (3)
120 3190 256 3227 Apparet
275 3196 349 3219 vero
373 3188 433 3218 hoc
448 3196 539 3227 opus,
553 3196 616 3227 quo
638 3188 770 3227 patriam
798 3188 978 3227 descripsit,
1007 3191 1077 3228 post

49 3239 219 3270 Alexandri
243 3240 358 3279 Magni,
386 3239 593 3271 Timoleontis
611 3243 641 3270 et
661 3239 769 3271 Dionis
787 3248 892 3270 rerum
918 3241 1075 3279 gestarum

51 3290 213 3331 historias,
233 3293 346 3331 quarto
368 3292 437 3322 loeo
462 3292 641 3322 confectum
661 3299 738 3322 esse.
783 3293 973 3330 Quanquam
991 3291 1074 3322 enim

52 3350 151 3380 quum
165 3343 301 3381 primum
321 3343 403 3373 vires
417 3342 456 3373 ad
469 3342 669 3374 scribendum
680 3342 790 3373 nactus
802 3343 899 3381 esset,
915 3342 973 3372 lioc
986 3350 1060 3381 argu
1070 3358 1081 3365 ·

2089 222 2132 252 5¹.)
2148 224 2156 252 Ι

1145 294 1217 343 ρίας
1243 296 1289 343 1’
1269 311 1327 341 ηοε
1350 298 1440 333 αὐτιι
1459 313 1477 341 η
1497 300 1706 350 συ,γραρ7,
1697 300 1744 341 ἐξε
1751 301 1928 346 πονηθη,
1916 301 1947 343 εξ
1967 316 2074 351 αρχης
2089 319 2128 351 μ
2136 320 2163 347 ν,

1145 352 1202 400 ἀφ
1225 356 1263 387 ου
1285 369 1424 423 γραφειν
1444 354 1587 405 ἴσχυσε,
1609 373 1734 401 ταυτην
1755 358 1980 402 ἐνστίσασθαι
2001 374 2058 395 και
2079 375 2163 396 συν-

1144 407 1244 450 τάξαι
1265 425 1324 453 την
1344 412 1443 447 υπόθε
1431 427 1498 448 εσιν
1520 414 1661 462 [mul-1050
1665 430 1735 458 ντι,
1750 431 1808 460 της
1826 414 1860 451 δὲ
1881 420 2100 487 παρασκευῆς
2116 421 2164 454 τΓ)

1144 464 1241 500 ενδε
1202 480 1262 506 εως
1280 467 1379 503 αυτὸν
1408 468 1463 517 ἔγε
1451 485 1497 504 ιν
1524 471 1775 520 παρατεινάσης
1795 472 1849 508 τὸν
1879 473 2017 522 ιχρόνον·
2037 490 2163 520 ταυτην

1143 519 1208 571 γὰρ
1223 522 1319 564 αὐτος
1333 526 1417 568 τῆςε
1406 525 1460 560 ἐπὶ
1475 540 1572 562 τουτ(
1575 543 1582 561 )
1596 529 1837 577 βραουτητος
1820 530 2023 566 αποδίδι)σιν
2037 532 2159 570 αἰτίαν.

1112 603 1115 609 ‚
1146 577 1185 626 (4)
1204 576 1443 629 Ἄργεταιμὲν
1457 597 1512 618 ουν
1519 583 1695 633 ,‹'·„'›c57tep
1683 585 1832 636 εἴρηται,
1847 586 1913 623 ἀπὸ
1930 590 1996 623 τΓ)ν
2014 591 2163 636 μυθικΓΝ

1142 637 1202 678 τῆς
1226 636 1398 687 ἱστοριας,
1429 639 1561 676 κάτεισι
1587 641 1621 677 δὲ
1641 658 1681 679 με
1669 643 1743 693 ’χρι
1768 658 1801 679 τε
1804 644 1923 687 λευτ7,ς
1942 648 1999 681 του
2017 645 2164 695 ἐσχάτου

1144 691 1401 740 Νικομηδους,
1385 707 1419 735 ος
1432 696 1573 732 τελευτΓ
1569 712 1594 732 ιν
1609 698 1670 742 τ7,ν
1684 699 1816 749 βασιλε
1807 716 1859 737 ιαν
1874 700 2058 750 ίσΙ)ι)υ.αίοις
2075 703 2162 739 κατὰ

1145 749 1310 793 διαθηκας
1331 751 1509 801 ἀπέλιπεν,
1530 753 1623 790 οὔπω
1640 758 1741 805 βασι)
1735 772 1913 806 ευομενοις
1930 774 1970 806 με
1958 761 2015 796 τὰ
2031 759 2090 805 τὴν
2105 763 2163 796 τοῦ

1142 807 1337 857 Ιαρκυνίου
1353 807 1516 851 ἐξέλασιν.

1457 907 1484 940 Ε
1513 908 1657 943 LIBRO
1684 910 1850 946 PRIMO.

1623 1006 1683 1042 25.

1192 1105 1366 1151 Stcplian.
1389 1106 1485 1151 Byz:

1144 1161 1357 1198 Βιθυνιακῶν
1374 1161 1490 1213 uptote
1484 1178 1515 1200 ).

1510 1103 1714 1153 ”Ολυμπος,
1737 1107 1811 1157 όρος
1833 1110 1975 1152 Μυσίας.
1997 1112 2164 1163 Αρριανὸς

1574 1165 1802 1207 Οιοῖκουντες
1822 1166 2051 1216 Ολυμπηνοί

1422 1275 1448 1308 E
1478 1276 1625 1310 LIBRO
1655 1276 1887 1312 SECUNDO.

1625 1384 1687 1421 26.

1192 1475 1312 1520 Etym.
1329 1474 1380 1508 M.
1403 1471 1582 1522 ,Meam
1599 1473 1718 1516 Ζευς’
1703 1488 1736 1510 εν
1753 1471 1868 1525 Ἄργει
1886 1481 2041 1524 τιμᾶται
2063 1478 2167 1529 Εἴρη-

1139 1545 1195 1566 ται
1216 1528 1251 1566 δὲ
1268 1545 1320 1567 οτι
1339 1529 1537 1568 Δευκαλίων
1559 1546 1616 1567 του
1638 1532 1883 1581 κατακλυσμου
1897 1535 2076 1583 γενομένου
2094 1537 2165 1572 δια-

1140 1602 1270 1638 φυγων,
1288 1587 1345 1624 καὶ
1364 1603 1392 1624 ει
1383 1589 1410 1630 ’ς
1429 1587 1490 1633 τὴν
1506 1588 1614 1638 ἄκραν
1635 1591 1694 1633 τ’ἧς
1714 1589 1851 1640 Αργοῒὶς
1866 1591 2055 1641 διασωθεις,
2073 1594 2166 1643 ἱδρύ-

1139 1659 1223 1681 σατο
1245 1644 1361 1695 βωμὸν
1383 1645 1522 1697 ἅφεσίου
1540 1644 1631 1692 Διὸς,
1648 1645 1699 1682 ὅτι
1720 1647 1840 1697 ἀφείθη
1855 1649 1892 1684 ἐκ
1909 1652 1969 1685 τοῦ
1989 1652 2166 1687 κατακλυ-

1139 1705 1240 1750 σμοῦ.
1296 1702 1341 1740 Ἣ
1368 1702 1402 1739 δὲ
1426 1702 1514 1753 ἄκρα
1532 1702 1669 1754 ὕστερον
1697 1704 1816 1753 Νεμέα
1838 1705 1983 1751 ἐκληθη,
2013 1708 2079 1744 ἀπὸ
2098 1710 2165 1744 τΓ)ν

1138 1757 1261 1808 Αργου
1281 1760 1548 1809 βοσκημάτων
1534 1763 1605 1797 εκεῖ
1622 1762 1830 1810 νεμομένων.
1888 1762 2008 1806 Ουτως
2028 1763 2165 1816 Ἀρρια-

1139 1831 1190 1859 νος
1208 1817 1405 1866 ἐτυμολογεῖ
1428 1819 1461 1854 ἐν
1485 1819 1532 1854 τΓ)
1554 1818 1585 1868 β
1606 1820 1673 1855 τῶν
1689 1821 1913 1856 Βιθυνιακων.

1436 1923 1462 1955 E
1491 1921 1638 1956 LlssRo
1666 1922 1865 1967 QUINTO.

1621 2029 1680 2061 27.

1191 2113 1365 2159 Stephan.
1386 2114 1471 2160 Byz.
1491 2126 1499 2147 :
1527 2111 1749 2148 Βιθυόπολ
1762 2127 1793 2154 ις
1806 2141 1814 2157 ,
1832 2111 1927 2154 πόλις
1944 2112 2012 2148 ἀπὸ
2034 2113 2161 2155 Βίθυος.

1102 2133 1112 2203 i
1138 2167 1191 2206 Τὸ
1221 2168 1347 2205 ἐθνικὸν
1374 2168 1498 2220 ὤφειλε
1524 2168 1786 2214 Βιθυοπολίτης’
1813 2161 1909 2220 εἷρον
1934 2170 1968 2206 δὲ
2000 2172 2163 2207 Βιθυνια-

1139 2279 1281 2308 mentum
1297 2278 1495 2309 tractandum
1506 2278 1562 2309 sibi
1577 2279 1805 2318 proposuisset,
1822 2279 1920 2310 serius
1932 2281 2041 2311 ‘tamen
2063 2281 2093 2311 id
2107 2281 2163 2311 ab·

1135 2331 1276 2369 solvisse,
1300 2331 1448 2369 quoniam
1463 2331 1593 2362 materia
1606 2331 1777 2362 necessaria
1791 2333 1859 2361 tum
1869 2332 2009 2362 nondum
2020 2335 2164 2371 congesta

1136 2385 1228 2414 esset.
1245 2385 1334 2414 Hanc
1356 2383 1439 2413 enim
1454 2384 1585 2423 ipsemet
1601 2383 1782 2414 cessationis
1795 2392 1921 2414 causam
1946 2384 2047 2414 affert.
2062 2385 2103 2422 (4)
2115 2386 2163 2414 ln-

1102 2440 1106 2481 ,
1135 2434 1210 2473 cipit
1234 2434 1339 2473 igitur,
1364 2435 1410 2465 uti
1430 2434 1495 2473 jam
1525 2434 1682 2472 diximus,
1702 2443 1720 2464 a
1746 2434 1893 2473 mythicae
1920 2434 2057 2465 historiae
2085 2436 2164 2465 tem-

1135 2486 1276 2525 poribus,
1295 2487 1455 2517 descendit
1477 2495 1551 2517 vero
1573 2495 1672 2525 usque
1690 2485 1729 2516 ad
1744 2486 1837 2516 linem
1852 2485 2028 2516 Nicomedis
2043 2486 2163 2523 ultimi,

1102 2554 1106 2564 ι
1135 2538 1189 2577 qui
1216 2538 1352 2569 moriens
1381 2539 1530 2569 Romanis
1563 2547 1616 2577 r;,e
1608 2547 1693 2568 num
1719 2539 1905 2569 testamento
1934 2537 2076 2577 reliquit,
2106 2540 2159 2577 qui

1135 2590 1264 2629 quidem
1292 2590 1423 2621 Romani
1440 2590 1505 2630 jam
1528 2590 1600 2621 inde
1617 2598 1635 2621 a
1658 2590 1817 2629 Tarquinii
1841 2589 2024 2629 expulsione
2041 2590 2165 2628 regibus

1135 2650 1243 2681 parere
1255 2642 1419 2674 desierant.

1616 2695 1674 2728 25.

1177 2762 1345 2800 Olympus,
1373 2770 1463 2792 mons
1479 2761 1598 2800 Mysiae.
1625 2759 1773 2791 Arrianus
1789 2759 2024 2798 Bithyniam-um
2049 2760 2161 2800 prium.

1135 2813 1250 2843 Incolae
1263 2811 1439 2851 Olympeni.

1619 2865 1675 2897 26.

1174 2927 1319 2966 Juppiter
1341 2926 1465 2966 ἀφέσιος
1494 2925 1684 2965 (dimissor,
1709 2926 1893 2964 liberator)
1921 2925 2010 2964 Argis
2037 2924 2159 2955 colitur.

1135 2978 1260 3009 Etenim
1273 2976 1445 3008 Deucalion
1459 2985 1557 3015 quum
1572 2985 1589 3007 e
1608 2976 1730 3007 diluvio
1752 2978 1858 3008 salvus
1871 2976 2006 3007 evadens
2019 2975 2049 3004 in
2064 2979 2159 3013 Argo-

1134 3028 1204 3059 lidis
1222 3028 1473 3067 promontorium
1487 3027 1672 3066 appulisset,
1686 3028 1756 3058 Jovi
1772 3027 1940 3064 liberatori,
1953 3025 2036 3064 quod
2049 3025 2157 3055 diluvii

1134 3080 1273 3119 periculo
1286 3080 1386 3119 ipsum
1399 3079 1569 3116 liberasset,
1584 3087 1669 3110 aram
1680 3079 1857 3110 aedificavit.
1902 3076 2154 3108 promontorium

1134 3133 1240 3171 postea
1258 3132 1414 3171 appellata
1430 3132 1476 3162 est
1491 3133 1614 3163 Nemea
1635 3132 1817 3171 (pascua),
1832 3129 1915 3169 quod
1928 3131 2026 3167 Argus
2042 3127 2083 3157 ibi
2098 3136 2149 3166 pe-

1133 3192 1207 3214 cora
1225 3185 1376 3223 pasceret.
1420 3184 1471 3215 Sic
1492 3184 1641 3215 Arrianus
1654 3192 1762 3214 vocem
1775 3181 1995 3221 interpretatur
2013 3179 2153 3218 Bithyni-

1133 3243 1241 3266 corum
1260 3235 1340 3266 libro
1352 3234 1500 3266 secundo.

1615 3289 1675 3320 27.

1176 3343 1386 3384 Biihyopolis‚
1412 3351 1430 3373 a
1456 3342 1567 3382 Bitliya
1587 3349 1699 3372 nomen
1727 3340 1829 3371 habet.
1874 3337 1995 3369 Gentile
2022 3336 2155 3368 debebat
