2289 3728
111 190 180 221 158

715 178 934 215 MNASEAE
963 178 1238 217 PATBENSIS
1268 180 1599 219 FRAGMENTA.
1842 182 1851 196 ⁸

158 262 287 295 Nescio
305 273 351 295 an
365 261 518 294 Mnaseae
535 270 672 293 nomen
689 264 910 304 corruptum
922 259 967 293 sit
983 271 1042 307 ap.
1056 260 1136 294 Plu·
1195 262 1263 301 τοῖς
1280 260 1508 309 Ἀμαζονικοῐς
1523 290 1531 305 ,
1551 262 1596 296 de
1617 262 1730 309 Hyla,
1751 263 1890 309 quippe
1905 265 1969 309 qui
1987 275 2065 298 non
2079 276 2099 299 a
2111 276 2223 312 nym—

106 319 220 355 tarch.
250 320 304 353 De
332 318 439 364 Pyth.
463 328 561 352 orac,
593 328 626 352 c,
655 328 720 362 19,
751 316 817 350 ubi
838 314 991 366 Ἀλυρίου
1015 317 1134 365 (Μνα-

106 376 179 412 σίου
193 376 226 424 Ρ)
238 373 347 411 τοίνυν
359 372 417 410 καὶ
431 372 616 424 Ἡροδότου
626 371 685 408 καὶ
699 373 896 423 Φιλοχόρου
909 373 966 410 καὶ
979 373 1134 425 Ἴστρου,

104 436 170 469 τῶν
191 431 342 481 μάλιστα
362 431 422 472 τὰς
442 430 631 481 ἐμμέτρους
661 429 824 479 μαντείας
844 431 1134 482 φιλοτιμηθέντων)

103 494 326 541 συναγαγεῖν,
346 488 426 525 ἄνευ
446 487 571 539 μέτρου
587 486 766 538 χρησμοὺς
783 489 1025 541 γεγραφότων,
1044 489 1134 527 Θεό·
1163 489 1166 496 ’

104 563 239 594 πομπος
273 548 348 584 κτλ.
382 548 435 596 (v.
470 549 684 585 Philochor.
717 548 763 584 fr.
794 548 897 596 195).
923 551 978 584 De
1007 550 1135 596 Alyrio

103 607 194 641 nihil
210 613 363 642 constat.
379 627 429 632 —
444 608 561 641 Porro
577 619 636 653 ap.
652 607 839 641 Plutarch.
857 608 926 652 Qu.
942 608 1005 643 Gr.
1024 620 1055 643 e.
1080 621 1135 654 19,

104 666 167 700 ubi
184 666 361 711 quaeritur
378 665 423 699 de
443 665 580 711 Pythiae
599 664 766 698 versibus
785 677 793 698 :

185 740 253 771 ssi'v'
268 739 349 769 οἶνον
359 738 483 778 τρυγίαν
493 762 501 776 ,
516 739 581 770 ἐπεὶ
595 739 651 769 οὐκ
667 738 828 775 Ἀνθηδόνα
841 738 951 776 ναίεις,

185 786 248 816 οὐδ’
265 786 346 826 ἱερὰν
359 787 492 826 ὑπέραν,
509 786 554 816 ὅθι
568 786 596 824 γ’
615 785 743 825 ἄτρυγον
758 785 838 815 οἶνον
853 785 950 819 ἔπινες
961 807 970 821 ,

105 860 300 902 postquam
317 852 521 887 Aristotelis
537 852 700 886 narratio
722 852 887 897 apposita
900 878 908 893 ‚
929 851 1096 896 pergitur
1125 863 1131 884 :

105 911 148 949 ‘O
170 909 205 947 δὲ
223 907 520 959 Μνασιγείτων
542 907 655 957 φησὶν,
677 906 868 958 “Υπέρητος
890 906 1034 954 ἀδελφὸν
1055 906 1134 942 ὅντα

103 968 158 1006 τὸν
178 966 296 1006 Ἄνθον
329 966 378 1003 ἔτι
406 966 524 1012 νήπιον
556 964 770 1013 ἀπολέσθαι,
803 965 860 1000 καὶ
884 963 940 1000 τὸν
977 963 1134 1014 Ἱ”πέρην

104 1027 194 1064 κατὰ
235 1024 377 1071 ζήτησιν
418 1026 521 1061 αὐτοῦ
556 1023 781 1071 πλανώμενον
818 1023 862 1062 εἰς
897 1020 1014 1071 Φερὰς
1051 1021 1134 1072 πρὸς

104 1084 272 1123 Ἄκαστον
311 1081 358 1132 (ἢ
396 1080 582 1133 Ἄδραστον
600 1083 610 1131 )
643 1082 750 1118 ἐλθεῖν
785 1078 869 1116 ὅπου
906 1078 995 1115 κατὰ
1027 1078 1134 1129 τύχην

103 1145 121 1179 ὁ
157 1137 273 1184 Ἄνθος
310 1140 485 1177 ἐδούλευεν
519 1140 681 1189 οἰνοχοεῖν
719 1137 938 1187 τεταγμένος.
976 1136 1037 1180 Ὡς
1076 1132 1134 1175 οἷν

104 1202 296 1246 εἱστιῶντο,
318 1198 373 1235 τὸν
393 1199 501 1235 παῖδα
521 1196 758 1248 προσφέροντα
775 1198 822 1247 τῷ
845 1196 981 1247 ἀδελφῷ
1006 1195 1045 1232 τὸ
1071 1212 1133 1233 πο-

102 1258 219 1311 τήριον
233 1287 242 1303 ,
279 1258 486 1306 ἐπιγνῶναι,
520 1255 578 1292 καὶ
610 1257 716 1292 εἰπεῖν
749 1254 833 1305 πρὸς
867 1253 968 1290 αὐτὸν
998 1257 1130 1305 ἡσυχῆ·

104 1318 184 1355 Πῖν’
214 1310 300 1353 οἶνον
321 1314 486 1365 τρυγίαν,
515 1313 589 1350 ἐπεὶ
615 1315 676 1350 οὐκ
706 1313 888 1359 Ἀνθηδόνα
913 1312 1030 1355 ναίεις.
1065 1317 1134 1351 Hic

103 1387 256 1423 quoque
277 1376 431 1409 Mnaseae
450 1386 589 1408 nomen
607 1380 828 1420 corruptum
844 1385 918 1407 esse
945 1374 1058 1419 possit
1078 1375 1130 1407 vi-
1150 1415 1152 1418 ,

106 1434 201 1470 deri.
232 1433 305 1469 Sed
325 1432 481 1479 impedit
498 1433 607 1466 Plinii
627 1433 731 1466 locus
753 1431 864 1479 (VII,
888 1444 915 1467 s.
943 1429 1011 1478 56)
1032 1432 1097 1466 ubi
1122 1444 1130 1468 ε

105 1493 380 1537 Quadriremem
407 1493 618 1526 Aristoteles
646 1490 987 1537 Carthaginienses,
1024 1494 1134 1536 quin-

104 1562 310 1598 queremem
329 1551 554 1597 Mnesigiton
572 1549 800 1584 Salaminios
825 1547 991 1595 (primos
1010 1548 1134 1583 fecisse

104 1610 234 1644 dicunt
258 1606 300 1657 )..
337 1609 385 1643 ab
423 1620 470 1643 ea
509 1609 562 1642 ad
601 1609 862 1642 decemremem
907 1608 1133 1653 Mnesigiton

104 1668 360 1703 Alexandrum
381 1668 564 1715 llIagmtm
574 1664 708 1711 ferunt
729 1669 943 1702 instituisse.

155 1727 278 1761 Schol.
300 1726 487 1761 Theocrit.
516 1725 634 1769 XIII,
659 1724 706 1767 46
733 1724 905 1760 laudatur
930 1721 1079 1764 Ὀνατος
1100 1722 1134 1757 ἐν

1197 320 1278 366 phis
1298 327 1452 364 tractus,
1470 320 1533 355 sed
1562 320 1657 367 pede
1683 321 1804 367 lapsus
1823 322 1862 355 in
1881 320 2023 356 fontem
2041 322 2226 357 inciderit.

1197 378 1361 412 Eandem
1384 391 1462 413 rem
1479 386 1605 413 narrat
1623 378 1736 413 schol.
1758 379 1886 426 Apoll.
1913 379 1983 415 Rh.
2011 381 2050 423 I,
2077 380 2173 415 1236
2195 388 2230 415 et

1202 448 1320 481 1207,
1348 437 1413 470 uhi
1435 437 1567 471 citatur
1592 431 1744 476 ’Όνασος
1775 437 1808 471 ἐν
1839 434 1966 487 πρώτῳ
1996 435 2228 484 Ἀμαζονίδων

1198 494 1287 540 (scr.
1305 493 1549 542 ’Λμαζονικῶν,
1567 494 1614 529 cf.
1635 494 1780 530 Wclck.
1796 496 1899 541 Cycl.
1911 508 1951 542 p.
1968 495 2075 543 320).
2091 496 2231 531 Onasus

1197 564 1311 597 quum
1340 552 1491 587 aliunde
1511 565 1588 586 non
1612 560 1722 587 notus
1741 554 1804 596 sit,
1835 554 2025 588 Reinesius
2060 552 2115 600 (v.
2140 554 2229 588 We-

1195 616 1394 643 stermann.
1428 610 1476 644 ad
1500 610 1603 647 Voss.
1632 623 1671 657 p.
1695 614 1782 654 420,
1804 623 1841 645 n.
1872 609 1941 658 42)
1966 610 2231 658 corrigendum

1195 668 1339 713 putavit
1355 665 1518 707 Μνασέας
1533 668 1566 702 ἐν
1585 666 1616 702 α’
1630 666 1707 716 Ἄμ.
1723 668 1833 714 Quod
1850 669 1888 702 in
1902 668 2026 703 medio
2042 669 2227 714 relinquo.

1197 725 1233 759 Si
1259 725 1349 770 quid
1370 726 1612 768 mutandum,
1633 728 1768 773 reponi
1795 727 1922 761 malim
1949 723 2124 765 Διονύσιος
2151 725 2227 773 (sc,

1197 783 1435 828 MytileuaeuS.
1451 783 1564 829 Apud
1580 790 1779 830 utrumque
1797 784 2013 819 scholiasten
2025 791 2108 818 ante
2122 780 2230 820 ’Ὀνα-

1196 853 1251 880 σος
1283 841 1418 887 lcgitur
1448 841 1605 875 verbum
1638 839 1806 889 γενέσθαι.
1848 842 2036 888 Scriptum
2068 842 2108 875 in
2123 842 2226 880 ‚cod.

1197 898 1333 932 dixeris
1362 910 1370 934 ε
1406 897 1537 946 γενέσΟ.
1575 899 1869 947 ΔΙΟΝΥΣΟΣ).
1904 900 2010 934 Idem
2042 900 2232 935 Reinesius

1196 957 1217 991 l.
1235 957 1259 993 l.
1278 968 1416 991 nomen
1434 958 1588 991 Mnaseae
1608 956 1879 991 restituendum
1899 963 2021 992 censet
2038 969 2096 1004 ap.
2112 957 2228 993 schol.

1199 1015 1375 1061 Apollon.
1396 1016 1467 1050 Rh.
1491 1016 1560 1059 IV,
1593 1016 1691 1059 264,
1725 1016 1791 1050 ubi
1822 1016 1850 1051 Κ
1863 1013 2022 1056 νωσσὸς
2044 1016 2081 1049 in
2106 1016 2230 1062 primo

1196 1074 1448 1124 Γεωγραφικῶν
1463 1075 1522 1117 τῆς
1538 1072 1651 1115 Ἀσίας
1661 1074 1854 1121 AEgyptios
1869 1075 2037 1108 omnium
2052 1075 2229 1121 antiquis-

1194 1133 1305 1167 simos
1326 1133 1458 1167 dixisse
1481 1133 1653 1167 traditur.
1671 1134 1808 1169 Verum
1829 1145 1940 1169 nemo
1967 1144 2133 1178 unquam
2157 1133 2230 1167 Pe—

1194 1191 1330 1237 riplum
1350 1192 1504 1225 Mnaseae
1520 1188 1749 1240 Γεωγραφικὰ
1769 1191 2000 1238 nominavit,
2018 1202 2086 1224 nec
2106 1191 2231 1224 nomi-

1196 1261 1285 1283 nare
1317 1255 1419 1283 recte
1450 1249 1583 1296 potuit.
1615 1248 1761 1283 Deinde
1791 1256 1913 1283 autem
1943 1260 1987 1283 ex
2019 1247 2232 1295 fragmentis

1196 1307 1313 1354 liquet
1326 1307 1616 1342 Mnaseamlibro
1630 1308 1753 1354 primo
1769 1304 1883 1347 Ἀσίας
1895 1307 2006 1354 egisse
2020 1305 2066 1340 de
2077 1313 2232 1353 septem-

1197 1367 1345 1401 trionali
1374 1367 1464 1401 Asiae
1496 1367 1650 1400 minoris
1682 1373 1788 1413 parte
1801 1392 1810 1409 ‚
1847 1364 2012 1400 secundo
2050 1364 2147 1398 libro
2183 1363 2230 1399 de

1197 1425 1325 1471 Syria3
1355 1425 1405 1459 ita
1436 1432 1477 1458 ut
1504 1426 1615 1459 tertio
1646 1424 1797 1459 demum
1830 1423 1928 1458 libro
1960 1422 2008 1457 ad
2030 1422 2230 1470 AEgyptum

1196 1483 1404 1530 pervenisse
1433 1483 1618 1518 videatur.
1650 1484 1816 1519 Fortasse
1836 1481 1937 1529 apud
1959 1480 2075 1517 schol.
2100 1481 2227 1527 Apoll.

1196 1553 1334 1576 nomen
1351 1542 1542 1588 scriptoris
1563 1553 1606 1576 ex
1622 1541 1743 1577 Cnoso
1762 1540 1879 1578 Crelae
1897 1539 1992 1574 urbe
2009 1537 2159 1574 oriundi
2175 1549 2228 1573 ex·

1197 1600 1300 1636 cidit.
1334 1599 1476 1645 Quodsi
1502 1611 1591 1635 vero
1613 1606 1833 1646 corruptum
1853 1604 1906 1633 est
1934 1596 2027 1631 illud
2047 1593 2227 1640 Κνωσσὸς,

1195 1660 1421 1707 reposuerim
1438 1656 1596 1700 Εὔδοξος.
