2338 3765
976 143 1100 178 rimo
1113 143 1143 178 M
1156 145 1295 181 ENJ'A.

61 226 144 261 ἐστιν
160 225 175 258 ὃ
204 225 335 273 πρῶτος
355 224 521 273 ἄφθαρτος
536 251 545 269 ,
568 219 671 263 ἀίδιος
686 251 694 267 ,
726 220 885 269 ἀγένητος
898 249 906 265 ,
928 218 1056 269 ἀμερὴς
1070 250 1077 262 ,

56 280 315 330 ἀνομοιότατος,
336 281 471 329 ἡνίοχος
492 279 616 321 παντὸς
642 279 768 323 καλοῦ,
801 277 1076 327 ἀδιιιροδόκητος,

55 340 187 387 ἀγαθῶν
209 337 443 387 ἀγαθώτατος,
465 336 636 387 φρονίμων
657 335 927 387 φρονιμώτατος·
949 335 1020 370 ἐστὶ
1045 334 1078 369 δὲ

55 395 112 432 καὶ
128 395 243 446 πατὴρ
261 394 416 444 εὐνομίας
432 394 490 431 καὶ
507 394 733 439 δικαιοσύνης,
752 392 1002 437 αὐτοδίδακτος,
1019 407 1078 442 φυ-

55 451 162 498 σικὸς,
176 452 234 489 καὶ
254 453 390 501 τέλειος,
411 451 468 488 καὶ
486 451 598 503 σοφὸς,
620 451 678 488 καὶ
694 453 785 500 ἱεροῦ
813 453 953 501 φυσικοῦ
983 449 1080 496 μόνος

55 510 205 561 εὑρετής.
229 528 244 544 »
261 510 316 548 Τὰ
338 509 372 546 δὲ
393 508 481 546 αὐτὰ
502 509 562 546 καὶ
581 508 752 554 Ὀστάνης
777 508 860 558 φησὶ
881 507 960 557 περὶ
977 507 1079 543 αὐτοῦ

54 569 87 604 ἐν
101 571 142 619 τῇ
161 568 416 619 ἐπιγραφομένῃ
436 566 672 617 Ὀκτατεύχῳ.

108 625 239 667 Πάντες
259 625 294 661 δὲ
321 624 380 666 τὰς
401 623 556 676 ἀφορμὰς
580 623 675 674 παρὰ
702 622 863 662 Τααύτου
892 620 1078 669 λαὸόντες,

53 681 339 733 ἐφυσιολόγησαν,
361 681 476 733 ὥσπερ
495 682 684 733 πρόκειται.
718 682 788 719 Καὶ
808 680 850 716 τὰ
872 679 933 728 μὲν
960 681 1080 729 πρῶτα

55 741 208 790 στοιχεῖα
233 740 275 776 τὰ
297 740 352 776 διὰ
368 742 434 776 τῶν
454 739 574 791 ὄφειιιν,
592 739 690 781 ναοὺς
714 736 1078 784 κατασκευασάμενοι,

54 801 87 836 ἐν
103 799 214 840 αὐτοῖς
230 796 438 849 ἀφιέριοσαν,
455 797 513 833 καὶ
530 797 658 838 τούτοις
673 796 788 847 ἑορτὰς
801 796 858 832 καὶ
873 793 989 835 Θυσίας
1003 795 1080 830 ἐπε-

53 855 169 892 τέλουν
186 855 245 892 καὶ
273 855 388 905 ὄργια,
410 854 503 897 Θεοὺς
519 855 595 897 τοὺς
618 854 795 904 μεγίστους
815 852 1003 901 νομίζοντες
1023 852 1080 888 καὶ

53 912 223 964 ἀρχηγοὺς
238 914 305 949 τῶν
320 912 418 949 ὅλων.
435 930 449 944 »
469 915 632 950 Τοσαῦτα
649 911 706 949 καὶ
726 910 804 962 περὶ
821 913 886 947 τῶν
903 910 1025 960 ὄφεων.

292 1027 320 1062 Π
329 1029 355 1062 Α
363 1025 594 1063 ΡΑΔΟΞΟΣ
625 1026 841 1062 ΙΣΤΟΡΙΑ.

541 1143 597 1166 10.

106 1226 236 1262 Suidas
258 1239 265 1260 :
298 1224 537 1275 Παλαίφατος,
559 1225 764 1273 Ἀέἷυδηνὸς,
794 1223 973 1275 ἱστορικός.
1008 1226 1081 1261 Κυ-

54 1283 202 1334 πριακὰ,
222 1281 401 1330 Δηλιακὰ,
418 1281 552 1320 Ἀττικὰ
566 1311 575 1327 ,
603 1282 779 1332 Ἀραὲικά.
810 1282 934 1331 Γέγονε
956 1281 990 1318 δὲ
1023 1281 1080 1318 ἐπὶ

54 1340 271 1392 Ἀλεξάνδρου
296 1344 356 1377 τοῦ
377 1341 574 1382 Μακεδόνος
588 1356 595 1363 ·
613 1339 757 1377 παιδικὰ
775 1339 809 1377 δὲ
830 1339 1082 1391 Ἀριστοτέλους

54 1403 112 1436 τοῦ
131 1397 328 1449 φιλοσόφου,
350 1399 393 1440 ὡς
411 1397 530 1436 Φίλων
554 1400 587 1435 ἐν
607 1400 656 1450 τῷ
677 1398 714 1435 ει’
734 1400 893 1449 στοιχείῳ
910 1402 967 1434 τοῦ
992 1399 1081 1449 Περὶ

53 1456 247 1508 παραδόξου
266 1455 416 1507 ἱστορίας
432 1455 564 1506 βιὸλίον
593 1456 641 1505 α’,
663 1456 720 1493 καὶ
738 1457 915 1507 Θεόδωρος
932 1459 948 1493 ὁ
964 1455 1082 1499 Ἰλιεὺς

55 1513 252 1565 ἐνξδευτέρῳ
271 1516 449 1565 Τρωικῶν.

106 1573 140 1609 ἐν
158 1575 207 1623 τῷ
227 1572 256 1608 υ’
278 1587 408 1622 στοιχ.,
431 1581 464 1609 et
481 1574 616 1609 deinde
639 1572 779 1623 πρώτου
810 1572 975 1623 βιὸλίου,.
1006 1576 1081 1608 Eu-

55 1632 175 1668 docia.
197 1633 378 1666 Kiisterus
394 1632 506 1666 scribi
531 1632 650 1666 voluit
676 1639 738 1666 aut
765 1633 809 1672 ὣς
826 1629 946 1667 Φίλων
971 1631 1003 1666 ἐν
1035 1631 1081 1681 τῷ

55 1688 133 1738 περὶ
154 1704 191 1724 π.
212 1689 236 1724 ἱ.
263 1687 384 1739 βιὸλίῳ
401 1688 542 1738 πρώτῳ,
558 1697 619 1724 aut
634 1689 667 1724 ἐν
685 1690 733 1739 τῷ
748 1688 786 1724 ει’
805 1703 916 1738 στοιχ.
939 1703 972 1724 τ.
992 1703 1028 1723 π.
1043 1703 1079 1725 π.

55 1747 103 1784 ἱσ.
140 1744 273 1795 βιῧλίου
308 1747 457 1795 πρώτου.
494 1747 710 1793 Bernhardy
753 1746 1081 1793 redintegrandum

56 1811 200 1840 censet:
220 1802 308 1847 πλὴν
327 1802 385 1838 καὶ
403 1797 497 1844 οὗτος
509 1802 634 1854 ἔγραψε
655 1804 754 1852 (quae
774 1804 886 1839 verba
905 1816 949 1838 ex
964 1805 1082 1851 glossa

56 1862 294 1898 antecedente
305 1863 377 1896 huc
392 1860 581 1911 transfert)
596 1861 672 1911 περὶ
683 1876 719 1899 π.
733 1860 895 1910 ἱστορίας,
907 1863 950 1901 ὡς
960 1860 1081 1898 Φίλων

57 1922 90 1955 ἐν
100 1921 147 1969 τῷ
156 1919 173 1937 *
183 1918 340 1968 στοιχείω
351 1921 410 1954 τοῦ
419 1917 555 1969 πρώτου
570 1918 702 1968 βιὸλίου
715 1931 725 1967 3
738 1921 927 1954 Philonem
934 1932 1004 1966 que
1015 1927 1083 1954 sta-

57 1980 126 2012 tuit
139 1979 337 2024 Palaephati
349 1979 575 2013 mentionem
592 1978 716 2012 fecisse
731 1979 769 2011 in
788 1978 892 2012 libris
912 1979 966 2012 De
980 1978 1083 2011 urbi-

57 2037 125 2070 bus
136 2037 295 2083 virisque
315 2036 531 2070 illustribus.
555 2037 692 2071 Verum
708 2048 823 2082 quum
839 2042 982 2070 constet
996 2036 1083 2069 Phi-

59 2095 180 2128 lonem
192 2091 360 2143 Ἱστορίαν
371 2091 562 2141 παράδοξον
575 2094 693 2128 tribus
707 2094 809 2127 libris
825 2091 918 2141 (vid.
933 2093 976 2130 fr.
996 2107 1028 2137 1,
1043 2092 1078 2140 6)

57 2204 208 2242 piternus‚
226 2202 292 2233 sine
305 2206 389 2240 ortu,
404 2202 470 2232 sine
483 2202 634 2241 partibus,
652 2202 790 2232 maxime
800 2201 968 2239 dissimilis,
985 2204 1088 2231 omnis

57 2253 131 2284 boni
146 2253 335 2291 moderator,
352 2253 567 2292 integerrimus
578 2276 588 2292 ,
605 2253 760 2283 bonorum
776 2252 931 2292 optimus,
951 2252 1087 2291 pruden-

58 2305 139 2335 tium
157 2304 416 2344 prudentissimus
429 2327 437 2342 ,
457 2305 560 2343 legum
583 2304 741 2344 aequitatis
758 2306 788 2335 et
805 2305 935 2344 justitiae
959 2313 1087 2343 parens,

58 2363 91 2386 se
103 2357 227 2386 tantum
242 2357 433 2394 praeceptore
446 2355 558 2386 doctus
569 2379 578 2394 ‚
592 2355 761 2393 naturam,
776 2356 932 2395 perfectus
949 2355 1086 2394 sapiens,

60 2406 92 2436 et
104 2414 202 2437 sacrae
217 2406 264 2437 vis
280 2405 416 2445 physicae
430 2415 511 2436 unus
525 2406 680 2437 inventor.
702 2418 716 2433 »
735 2406 850 2437 Eadem
866 2407 991 2445 insuper
1003 2407 1090 2436 Osta-

59 2465 115 2489 nes
131 2456 169 2488 de
182 2457 236 2488 illo
251 2456 347 2488 tradit
362 2456 394 2487 in
407 2465 443 2488 eo
454 2480 461 2494 ‚
475 2457 558 2496 quod
573 2457 804 2488 octateuchum
828 2457 985 2497 inscripsit
1003 2457 1087 2487 volu-

60 2508 154 2539 mine.

102 2559 226 2599 Reliqui
248 2561 353 2590 autem
373 2568 481 2590 omnes
501 2559 673 2599 principem
690 2560 780 2590 illum
799 2561 898 2591 secuti
911 2585 919 2599 ,
934 2561 972 2591 de
986 2569 1089 2591 rerum

61 2611 175 2643 natura
187 2634 196 2648 ,
219 2609 489 2649 quemadmodum
522 2611 595 2641 ante
626 2610 746 2641 dictum
784 2612 850 2649 est,
880 2612 1089 2650 philosophati

61 2663 136 2693 sunt
156 2672 164 2691 :
187 2670 224 2692 ac
250 2662 357 2701 primis
370 2661 534 2692 elementis
550 2662 742 2701 serpentium
769 2662 867 2693 forma
880 2687 888 2701 ‚
921 2663 950 2693 in
966 2663 1091 2702 templis

62 2720 134 2751 quae
155 2713 407 2750 construxerant,
432 2712 552 2742 solenni
580 2712 643 2743 ritu
667 2712 817 2743 dedicatis
843 2722 943 2752 quum
975 2714 1092 2744 sacriti-

64 2763 113 2793 cia
125 2787 133 2800 ‚
148 2765 216 2794 tum
231 2764 324 2794 festos
334 2771 459 2802 quoquc
473 2762 538 2793 dles
553 2763 583 2793 et
602 2763 687 2802 orgia
701 2763 910 2802 celebrarunt,
925 2765 1008 2803 quod
1024 2765 1093 2795 illos

64 2814 195 2845 deorum
208 2814 363 2845 maximos
378 2823 444 2844 esse
457 2822 626 2852 rerumque
642 2813 783 2844 omnium
804 2814 958 2853 principes
973 2824 1010 2845 ac
1024 2824 1092 2845 mo-

65 2865 225 2896 deratores
242 2866 399 2904 putarent,
421 2877 434 2890 n
454 2866 572 2894 Verum
589 2864 657 2894 haec
669 2864 708 2894 de
721 2865 917 2903 serpentibus
932 2867 1016 2896 satis.

281 2926 514 2964 HlSTORlA
547 2927 873 2965 MIRABILIUM.

551 3001 605 3032 10.

108 3054 306 3094 Palaephatus
318 3078 326 3093 ‚
357 3054 526 3093 Abydenus
559 3054 743 3091 historicus,
772 3055 895 3094 scripsit
923 3056 1092 3095 Cypriaca,

68 3106 192 3137 Deliaca
204 3129 212 3144 ,
231 3105 333 3137 Attica
344 3129 351 3143 ,
369 3106 508 3137 Arabica.
552 3107 639 3137 Vixit
652 3107 710 3138 suh
724 3108 900 3138 Alexandro
912 3109 1093 3147 Macedone,

67 3159 99 3188 et
112 3157 284 3188 Aristotelis
301 3158 474 3197 philosophi
491 3158 612 3189 deliciae
629 3159 704 3198 fuit,
717 3161 750 3190 ut
766 3162 907 3191 auctores
919 3163 993 3192 sunt
1007 3162 1094 3192 Philo

69 3208 146 3238 libro
162 3208 262 3247 primo
282 3211 327 3240 De
342 3209 470 3239 historia
488 3209 676 3240 Mirabilium
690 3234 697 3248 ,
722 3212 752 3241 et
775 3211 956 3242 Theodorus
978 3212 1095 3243 iliensis

70 3259 149 3290 libro
162 3260 299 3290 secundo
315 3261 509 3291 Troicorum.

2089 157 2161 186 ,573

1140 226 1339 270 srripssssc,
1372 238 1525 272 cumque
1561 235 1735 261 versatam
1768 240 1841 262 csse
1876 242 1911 261 ιιι
1948 229 2163 275 sugillandis

1140 283 1350 316 Graecorum
1369 284 1414 317 dc
1435 285 1503 317 (liis
1517 285 1671 319 subulis:
1697 286 1889 331 probabile
1906 299 1990 319 sanc
2011 293 2159 320 osteum

1142 340 1335 385 l’alaephati
1362 342 1605 385 Atheniensis,
1627 343 1689 387 qni
1712 343 1757 376 dc
1778 344 1887 377 rebus
1914 345 2082 390 inythicis
2103 357 2163 378 ea—

1143 408 1300 442 rumque
1330 399 1630 444 intcrprctntionc
1676 401 1774 434 varin
1808 403 1967 447 scripsit,
2005 403 2164 448 itcmqnc

1142 455 1363 488 Troicorum
1384 464 1512 490 auctor
1533 458 1619 501 suit,
1641 460 1861 491 mentionem
1880 459 2062 503 injecissc‘3
2083 462 2163 494 Sui-

1142 511 1225 544 dam
1241 524 1328 546 vero
1343 540 1351 555 ‚
1368 515 1428 558 qni
1453 515 1487 547 in
1508 515 1775 561 distinguendis
1799 516 2007 562 l’alaephatis
2031 518 2165 553 dubins

1142 569 1333 613 lia·1·ct,ad
1355 571 1573 616 Abydcnnm
1596 574 1772 615 retulisse,
1793 586 1872 618 qnae
1892 574 1936 608 nd
1950 576 2164 621 mythogra—

1141 627 1256 672 plnnn
1295 629 1494 673 pertinent.
1530 630 1697 663 Ceterum
1731 630 1824 663 ordo
1846 632 2095 677 alphabeticus
2119 633 2163 667 ab

1143 684 1323 728 ejusmodi
1344 685 1438 718 libro
1466 686 1666 721 abhorrere
1691 688 1846 723 videtur.
1873 691 2033 723 Fortasse
2055 692 2164 736 igitur

1142 742 1378 776 scribendum
1401 756 1407 776 :
1426 743 1457 777 ἐν
1479 744 1526 790 τῷ
1543 745 1601 787 τῆς
1618 743 1792 793 τριτεύχου
1814 748 1872 789 τ’ἧς
1893 745 1969 795 περὶ
1989 761 2073 795 παρ.
2094 748 2162 783 ἱστ.

1145 797 1265 848 βιδλίῳ
1283 797 1327 833 α’.

1149 888 1265 924 ΠΕΡΙ
1299 888 1499 924 ΠΟΛΕΩᾹΤ
1532 889 1613 925 ΚΑΙ
1645 890 1742 926 ΟΥΣ
1776 892 1972 928 ΙῗΚΑΣΤΙΙ
2001 894 2163 930 ΑΥΤΩΝ

1404 945 1665 983 ΕΝΔΟΞΟΥΣ
1696 948 1907 985 llNEl'lx'lC.

1628 1045 1639 1066 I
1654 1046 1664 1066 l
1678 1063 1683 1068 .

1196 1118 1324 1164 steph.
1347 1119 1432 1163 Byz.
1458 1116 1667 1164 εΜεγοίλη
1685 1117 1851 1158 πόλις...

1145 1173 1218 1224 ρίας
1234 1174 1381 1222 Μεγάλη
1400 1173 1498 1216 πόλις
1513 1203 1523 1222 ,
1544 1176 1588 1215 ὡς
1608 1174 1742 1212 Φίλων.

1873 1119 1884 1130 ”
1894 1122 1976 1157 Ιζστι
1991 1121 2047 1157 καὶ
2069 1121 2166 1167 'Isim

1636 1275 1690 1296 12.

1195 1348 1299 1383 Idem
1322 1359 1329 1383 :
1353 1345 1532 1394 Ἀγοίθη,
1555 1345 1651 1388 πόλις
1672 1346 1807 1395 Λιγύων
1831 1346 1851 1391 ἢ
1876 1348 2024 1386 Κελτῶν.
2071 1349 2166 1386 Σκύ-

1145 1421 1225 1454 μνος
1247 1404 1280 1441 δε
1302 1403 1482 1442 Φωκαέων
1504 1403 1610 1448 αυτήν
1635 1418 1736 1455 φησιν
1757 1405 1790 1440 ἐν
1807 1407 1847 1454 τῆ
1875 1404 2038 1456 Εὐρώπῃ.
2057 1408 2166 1455 ’.[ιμο-

1444 1462 1655 1510 Σταδιασυιι)
1677 1460 1819 1531 Ἀγαθὴν
1840 1460 1960 1512 Γύχην
1976 1463 2080 1508 αυτὴν
2097 1479 2172 1515 φη-

1143 1537 1212 1558 σιν.
1240 1522 1280 1558 Ei
1302 1521 1330 1556 δ’
1350 1519 1440 1556 ούτω
1458 1519 1609 1568 λέγοιτο,
1627 1519 1836 1562 καὶόξύνοιτ’
1859 1520 1898 1556 ἂν
1916 1523 1958 1562 ὡς
1973 1523 2171 1567 επιθετικὸν,

1143 1594 1185 1620 ως
1199 1578 1237 1614 τὸ
1249 1578 1391 1628 Ηραῖον
1409 1593 1520 1627 τειχος
1538 1577 1595 1613 καὶ
1615 1575 1775 1628 εἨροιιον,
1792 1594 1849 1614 και
1880 1578 2045 1628 Ἕρμαιος
2070 1579 2171 1631 λόφος

1143 1636 1201 1673 καὶ
1217 1634 1400 1686 Ἕρμαιος.
1429 1633 1532 1672 ’Ἐστι
1554 1635 1588 1671 δὲ
1611 1635 1668 1671 καὶ
1705 1635 1792 1680 ἄλλη
1827 1635 1941 1680 πόλις,
1963 1639 2007 1678 ὡς
2037 1637 2169 1681 Φίλων,

1144 1463 1200 1499 σθέ
1203 1479 1260 1508 νης
1277 1461 1310 1498 δε
1326 1463 1358 1498 ἐν
1379 1478 1427 1497 τι)

1281 1695 1287 1706 r
1387 1694 1397 1706 2
1431 1692 1439 1705 x
1485 1693 1492 1706 t
1748 1693 1755 1706 Ι
1809 1694 1826 1712 >4
1861 1696 1870 1706 r
1905 1693 1913 1705 s
1981 1695 2007 1710 fl,
2041 1698 2050 1708 r
2107 1697 2115 1707 a
2157 1696 2165 1708 s

1144 1697 1348 1744 Λιγυστιων,
1379 1708 1446 1729 απο
1460 1695 1581 1741 λιμνης
1610 1695 1795 1742 Λιγυστιας
1833 1721 1839 1728 .
1867 1695 1962 1743 [αχοι
1979 1710 1994 1730 ο
2035 1709 2054 1740 η
2078 1711 2165 1739 αυτη

1146 1754 1217 1789 ἐστι
1233 1755 1274 1801 τῇ
1293 1751 1432 1801 πρώτῃ,
1455 1754 1498 1792 ὡς
1521 1750 1681 1794 Εὔδοξος·
1705 1750 1886 1802 βαρύνεται
1906 1751 1952 1788 δέ.

1631 1852 1643 1873 l
1654 1839 1688 1875 3.

1196 1920 1300 1954 Idem
1325 1933 1331 1953 :
1353 1916 1476 1968 Ἀρτέ
1491 1932 1613 1965 μιτα,
1638 1920 1736 1963 νῆσος
1764 1917 1961 1969 Τυρρηνικὴ
1989 1918 2084 1969 παρὰ
2105 1919 2166 1964 τὴν

1145 1976 1327 2014 Αἰθάλειαν
1343 1978 1457 2021 νῆσον,
1475 1977 1519 2016 ὡς
1537 1974 1670 2013 Φίλων.

1201 2033 1209 2045 ²
1223 2032 1304 2082 Εγέ
1317 2048 1362 2069 στ
1374 2047 1394 2067 α
1407 2061 1416 2078 ,
1437 2032 1533 2074 πόλις
1556 2032 1716 2074 Σικελίας
1728 2062 1736 2077 ,
1768 2032 1845 2069 ἔνθα
1864 2032 1972 2084 θερμὰ
1992 2033 2114 2083 ὕδατα,
2129 2037 2173 2076 ὡς

1147 2091 1278 2136 Φίλων,
1299 2089 1367 2126 ἀπὸ
1383 2089 1545 2138 Ἐγέστου
1565 2093 1622 2126 τοῦ
1640 2089 1768 2137 Τρωός.

1148 2213 1212 2249 DE
1241 2213 1457 2249 URBIBUS
1488 2213 1549 2249 ET
1579 2212 1706 2257 QUOS
1737 2212 1960 2258 QUAEQUE
1998 2214 2172 2252 EARUM

1308 2269 1453 2307 VIROS
1482 2269 1758 2307 ILLUSTRES
1787 2270 2023 2307 TULERlT.

1641 2351 1693 2381 11.

1191 2415 1409 2454 Meqalopolz's
1421 2436 1430 2450 ‚
1453 2415 1528 2445 urhs
1548 2415 1672 2449 therme,
1690 2416 1725 2446 ut
1741 2415 1828 2447 Philo
1844 2416 1896 2446 ait.

1642 2477 1695 2507 12.

1189 2539 1335 2578 ΑῃαίΙιθ,
1365 2539 1440 2569 urbs
1465 2539 1614 2579 Ligurum
1633 2540 1699 2571 sive
1725 2540 1897 2571 Celtarum.
1923 2542 2078 2579 scymnus
2096 2540 2176 2571 Pho-

1150 2591 1319 2621 caeensium
1335 2591 1366 2621 in
1385 2593 1509 2630 Europa
1525 2591 1682 2622 coloniam
1707 2592 1794 2622 dicit.
1822 2592 2038 2623 Timosthenes
2057 2591 2088 2622 in
2109 2593 2178 2623 sta-

1148 2641 1267 2672 diasmo
1299 2642 1439 2680 Agathen
1467 2642 1595 2680 Tychen
1611 2643 1762 2681 (Bonam
1789 2644 2004 2681 Fortunam)
2031 2643 2176 2682 appellat.

1151 2691 1270 2727 Quodsi
1289 2701 1361 2722 vcro
1376 2692 1417 2722 ita
1433 2692 1559 2731 dicitur,
1580 2692 1674 2723 etiam
1689 2695 1853 2724 accentum
1879 2693 1910 2724 in
1930 2694 2039 2724 ultima
2061 2693 2177 2732 syllaba

1150 2750 1212 2771 vox
1226 2742 1334 2781 Ἀγαθή
1346 2766 1354 2781 ,
1372 2744 1483 2781 utpote
1500 2742 1691 2781 adjectivum
1702 2767 1711 2782 ‚
1730 2744 1893 2783 habuerit,
1910 2744 2175 2783 quemadmodum

1152 2794 1296 2822 Heraeum
1317 2793 1416 2823 tichos
1432 2794 1463 2823 et
1477 2795 1625 2823 Herceum
1637 2817 1646 2832 ‚
1663 2796 1825 2824 Hennaeus
1845 2795 1954 2834 lophos
1971 2796 2001 2825 et
2019 2797 2178 2825 Hermaeus

1151 2843 1275 2873 dicitur.
1293 2844 1345 2873 Est
1366 2851 1441 2873 vero
1459 2843 1551 2873 etiam
1571 2844 1632 2874 alia
1646 2844 1720 2874 urbs
1733 2845 1850 2883 Agathe
1870 2846 2029 2884 Ligurum,
2052 2845 2178 2875 Philone

1151 2895 1230 2924 teste
1243 2918 1250 2931 ,
1265 2902 1337 2933 quae
1363 2902 1380 2923 a
1407 2894 1477 2923 lacu
1497 2894 1628 2933 Liguriae
1654 2895 1749 2926 distat
1764 2896 1808 2925 **.
1830 2898 1972 2926 Fortasse
1987 2898 2093 2926 autem
2124 2904 2176 2925 ea-

1152 2944 1223 2974 dem
1242 2953 1312 2983 quae
1330 2945 1414 2983 prior
1430 2946 1494 2983 est,
1510 2946 1544 2975 ut
1564 2945 1723 2976 Eudoxus.
1755 2949 1926 2977 Arcentum
1953 2947 1982 2977 in
2005 2946 2176 2985 penultima

1154 2996 1257 3026 habet.

1647 3053 1702 3083 31.

1195 3116 1377 3148 Artemita,
1398 3115 1498 3145 insula
1518 3115 1709 3154 Tyrrhenica
1728 3123 1824 3155 prope
1847 3114 2012 3145 AEthaliam
2027 3113 2174 3152 insulam,

1155 3164 1284 3195 Philone
1297 3166 1387 3196 teste.

1196 3217 1348 3254 seqesta,
1380 3216 1494 3247 Siciliae
1524 3217 1619 3255 urbs,
1643 3218 1695 3248 uhi
1719 3225 1808 3256 aquai
1833 3216 1957 3252 calida),

1156 3267 1276 3305 stante,
1295 3266 1333 3296 ab
1348 3268 1469 3305 Segeste
1482 3268 1570 3298 'frois
1586 3268 1648 3298 lilio
1662 3276 1774 3298 nomen
1791 3267 1892 3296 hahet.

1983 3214 2108 3244 Philone
2129 3214 2173 3243 10⁶
