2338 3765
129 182 203 214 «¹36

196 260 264 274 mist
301 261 307 273 Ι

128 262 220 312 αὖτῳ
235 275 267 297 οε
287 264 422 310 ἁμεινον
439 254 538 309 εἶναι,
556 260 725 297 τοσούτων
744 261 873 312 ἐχθρῶν
890 262 1105 313 ἐφεστώτων,
1122 265 1155 300 ἐν

127 319 208 369 φίλη
227 319 322 355 πόλει
343 318 385 354 τὰ
401 318 545 366 ἐσόμενα
563 319 780 368 καραδοκεῖν.
839 318 882 357 ‘O
903 320 938 356 δὲ
958 321 1160 370 βουλόμενος

126 374 245 426 παρὼν
275 377 344 417 τοῖς
372 375 616 425 πραττομένοις
647 376 926 426 καιροφυλακεῖν,
950 379 987 414 οὐ
1009 379 1158 429 παρέλυε

126 432 187 478 τὴν
205 432 360 482 γνώμην,
374 433 451 469 ἀλλ’
463 435 648 482 ἀναγκαῖον
661 432 724 484 ἔςρη
740 428 827 470 εἶναι
845 435 1025 472 ἀποπλεῖν·
1039 435 1160 473 Ἀπολ-

127 489 297 531 λωνιάτας
329 490 362 526 δὲ
392 490 466 526 τότε
497 489 540 539 (a)
563 489 726 540 ἐπῄνεσε,
746 491 806 527 καὶ
834 491 1013 543 παρελθὼν
1034 494 1079 535 εἷς
1099 493 1159 538 τὴν

128 547 253 597 ἀρχὴν,
271 547 463 599 ἐλευθερίαν
480 563 516 584 τε
538 549 650 590 αὐτοῖς
667 548 726 585 καὶ
744 549 899 586 ἀτέλειαν
919 550 1025 593 ἄλλας
1045 567 1080 588 τε
1100 553 1161 588 οὐκ

125 605 242 653 ὀλίγας
258 604 404 656 χάριτας
421 605 566 652 ἐπιδοὺς,
581 606 639 643 καὶ
655 605 839 655 εὐδαίμονα
856 606 917 652 τὴν
931 607 1030 644 πόλιν
1046 609 1079 644 ἐν
1094 609 1160 650 τοῖς

126 662 279 711 μάλιστα
299 662 459 708 ποιήσας.
485 663 574 702 Τότε
595 664 629 701 δὲ
653 663 740 713 μετὰ
756 664 911 715 δακρύων
935 665 1036 702 αὐτὸν
1057 668 1074 702 ὁ
1093 673 1161 708 πᾶς

127 722 232 769 δῆμος
261 721 511 770 ἀποσπώμενον
542 721 768 773 προῦπεμψε,
791 723 974 771 θαυμάζων
1002 723 1040 759 τὸ
1061 725 1093 760 ἐν
1118 727 1160 774 τῇ

126 778 365 830 παρεπιδημία
385 779 525 828 κόσμιον
543 779 602 816 καὶ
628 782 779 831 σῶφρον,
802 780 860 816 καὶ
881 779 954 829 ἅμα
986 781 1160 832 οἰκτείρων

125 837 186 883 τὴν
215 837 338 888 τύχην.
394 833 526 876 ὟΗλθον
548 839 576 875 δ’
595 841 640 881 ὡς
657 838 759 876 αὐτὸν
781 840 819 875 ἐκ
839 841 899 884 τῆς
920 846 1083 889 στρατιᾶς
1101 841 1161 877 οὐκ

125 895 232 946 ὀλίγοι
249 898 364 940 ἱππεῖς
382 912 418 933 τε
435 896 493 933 καὶ
511 897 620 946 πεζοὶ,
634 896 811 948 χιλίαρχοί
828 912 863 933 τε
879 896 937 932 καὶ
951 897 1161 948 ἑκατοντάρ-

126 968 188 1004 χαι
204 955 245 1005 (4)
262 954 357 992 ἄλλοι
373 970 408 992 τε
429 954 631 1003 πάμπολλοι
646 954 826 1005 θεραπείας
837 954 954 1005 χάριν,
974 956 1004 992 οἱ
1018 954 1052 991 δὲ
1068 956 1157 1005 [καὶ]

127 1014 205 1049 κατ’
227 1012 314 1055 ἰδίας
332 1013 468 1063 χρείας·
491 1011 522 1050 οἳ
544 1011 621 1050 τότε
641 1011 814 1063 παρῄνουν
843 1012 895 1048 ἐπὶ
916 1012 957 1048 τὰ
979 1011 1068 1049 ὅπλα
1089 1028 1160 1063 χω-

128 1076 212 1121 ρεῖν,
229 1071 287 1107 καὶ
312 1070 408 1108 αὐτοὶ
427 1073 654 1121 ὑπισχνοῦντο
677 1069 938 1121 συστρατεύσειν
954 1086 989 1107 τε
1019 1070 1077 1106 καὶ
1097 1072 1160 1107 ἅλ-

126 1129 204 1170 λους
221 1128 465 1179 προσποιήσειν
493 1128 685 1172 ἐπεξιόντας
711 1127 766 1165 τὸν
797 1127 971 1179 Καίσαρος
997 1127 1157 1166 θάνατον.

126 1186 172 1223 ‘O
193 1187 220 1223 δ’
233 1187 414 1229 ἐπαινέσας
435 1185 573 1234 αὐτοὺς,
590 1185 684 1223 οὐδὲν
703 1186 769 1222 δεῖν
788 1185 851 1236 ἔφη
873 1186 906 1221 ἐν
928 1187 976 1236 τῷ
997 1185 1159 1237 παρόντι·

126 1244 207 1281 ὅταν
225 1244 339 1293 μέντοι
360 1246 450 1294 καλῇ
469 1243 525 1281 ἐπὶ
542 1242 602 1289 τὴν
621 1243 804 1294 τιμωρίαν,
825 1242 919 1288 ἠξίου
937 1242 1091 1292 ἑτοίμους
1111 1237 1159 1280 εἶ-

126 1318 195 1341 ναι.
218 1305 264 1340 Οἱ
281 1304 309 1340 δ’
325 1302 508 1340 ἐπείθοντο.
523 1304 662 1353 Καῖσαρ
676 1303 703 1338 δ’
721 1301 856 1352 ἀνήχθη
872 1306 941 1342 τοῖς
960 1302 1160 1351 ἐπιτυχοῦσι

126 1359 274 1407 πλοίοις,
295 1363 463 1411 χειμῶνος
481 1359 531 1397 ἔτι
551 1360 644 1402 ὄντος
664 1360 935 1411 σφαλερώτατα,
955 1359 1013 1395 καὶ
1034 1358 1160 1395 διαδα-

126 1417 195 1455 λὼν
207 1418 263 1455 τὸν
276 1418 392 1456 Ἰόνιον
409 1417 543 1464 πόντον,
559 1417 649 1468 ἴσχει
661 1420 719 1462 τῆς
733 1416 936 1468 Καλαῧρίας
946 1416 1007 1462 τὴν
1019 1416 1159 1466 ἔγγιστα

128 1475 248 1527 ἄκραν,
265 1475 343 1513 ἔνθα
354 1475 448 1512 οὐδέν
466 1491 520 1512 πω
535 1476 638 1526 σαφὲς
652 1475 830 1524 διήγγελτο
849 1476 889 1523 (5)
906 1474 973 1516 τοῖς
993 1475 1160 1511 ἐνοικοῦσι

130 1532 239 1583 [περὶ]
254 1536 312 1569 τοῦ
334 1534 367 1570 ἐν
381 1532 502 1584 Ῥώμῃ
521 1535 763 1584 νεωτερισμοῦ.
820 1531 949 1573 Ἐκὲὰς
968 1535 1025 1568 οὖν
1044 1531 1158 1582 ταύτῃ

125 1590 224 1633 πεζὸς
244 1589 368 1626 ὥδευεν
388 1591 444 1626 ἐπὶ
462 1589 614 1632 Λουπίας
635 1590 688 1639 (6).
708 1587 778 1626 Καὶ
798 1590 843 1630 ὡς
863 1587 1018 1638 ἀφίκετο,
1040 1589 1158 1637 ἐντυγ·

126 1647 225 1698 χάνει
243 1654 310 1690 τοῖς
332 1650 364 1684 ἐν
393 1647 515 1698 Ῥώμῃ
543 1646 746 1697 θαπτομένῳ
768 1644 920 1696 Καίσαρι
937 1646 969 1694 *,
990 1644 1021 1682 οἳ
1048 1645 1163 1692 ἀπήγ-

128 1707 249 1754 γελλον
268 1705 309 1742 τά
324 1721 359 1742 τε
377 1705 466 1742 ἄλλα
483 1705 540 1741 καὶ
559 1707 603 1747 ὡς
625 1706 658 1741 ἐν
679 1709 754 1746 ταῖς
768 1703 944 1748 διαθήκαις
961 1705 1005 1744 ὡς
1021 1702 1091 1745 υἱὸς
1108 1702 1161 1749 εἴη

128 1763 306 1815 Καίσαρος
329 1765 370 1813 (7)
391 1762 687 1814 ἐγγεγραμμένος,
704 1762 763 1799 καὶ
787 1761 864 1811 τρία
884 1760 970 1812 μέρη
993 1763 1058 1797 τῶν
1074 1776 1160 1811 χρη-

128 1821 262 1870 μάτων,
282 1821 319 1858 τὸ
338 1820 371 1858 δὲ
391 1821 551 1872 τέταρτον
569 1821 637 1862 τοῖς
657 1819 772 1862 ἄλλοις
790 1818 842 1864 εἴη
864 1818 1054 1868 δεδομένον,
1071 1819 1103 1862 ἐξ
1122 1814 1160 1856 οὗ

126 1879 184 1916 καὶ
204 1881 252 1931 τῷ
273 1879 372 1930 δήμῳ
393 1879 466 1924 δοίη
495 1880 572 1915 κατ’
603 1877 709 1928 ἄνδρα
736 1876 761 1914 ε’
789 1877 848 1914 καὶ
868 1876 895 1914 0'
920 1875 1078 1927 δραχμὰς
1098 1875 1160 1926 (8),

127 1937 328 1989 ἐπισκήψειε
348 1936 382 1974 δὲ
402 1936 461 1974 καὶ
478 1935 591 1987 Ἀντία
609 1938 652 1986 τῇ
671 1934 775 1986 μητρὶ
792 1938 851 1972 τοῦ
869 1933 991 1976 παιδὸς
1008 1936 1068 1980 τῆς
1083 1936 1161 1971 ἑαυ-

126 1999 184 2033 τοῦ
204 1999 313 2048 ταφῆς
333 1996 601 2045 ἐπιμεληθῆναι,
624 1994 715 2035 ὅπως
742 2008 778 2029 τε
799 1995 815 2029 ὃ
836 1991 934 2043 ὄχλος
955 1991 1163 2042 βιασάμενος

126 2056 160 2091 ἐν
183 2054 270 2103 μέση
293 2055 401 2105 ἀγορᾷ
435 2052 534 2089 αὐτὸν
565 2051 704 2089 καύσειέ
725 2066 761 2088 τε
787 2050 846 2087 καὶ
865 2051 1005 2102 θάψειε·
1030 2049 1107 2093 τοὺς
1127 2050 1161 2087 δὲ

125 2112 204 2163 περὶ
233 2115 382 2162 Βροῦτον
405 2110 464 2148 καὶ
495 2110 650 2148 Κάσσιον
680 2114 821 2160 σφαγεῖς
849 2109 1099 2159 κατειληφότας
1121 2108 1159 2146 τὸ

126 2164 346 2202 Καπιτώλιον
366 2166 536 2215 φρουρεῖν,
555 2161 632 2205 τούς
646 2178 681 2199 τε
701 2163 840 2214 δούλους
857 2161 973 2198 καλεῖν
992 2163 1047 2197 ἐπ’
1062 2162 1159 2197 ἐλευ-

127 2222 221 2273 θερία
248 2222 474 2272 συμμάχους·
495 2224 537 2271 τῇ
566 2236 603 2257 τε
630 2221 751 2271 πρώτῃ
777 2219 892 2270 ἡμέρα
919 2218 977 2255 καὶ
999 2218 1160 2270 δευτέρᾳ,

127 2279 472 2329 καταπεπληγμένων
486 2280 524 2328 (9)
538 2278 585 2315 ἔτι
601 2281 668 2315 τῶν
687 2277 860 2328 Καίσαρος
876 2276 1001 2329 φίλων,
1018 2276 1163 2319 πολλοὺς

128 2339 240 2379 αὐτοῖς
260 2337 454 2389 προσέχειν,
472 2337 546 2373 ἐπεὶ
562 2336 592 2373 δ’
609 2338 638 2373 οἳ
659 2338 696 2373 ἐκ
712 2338 778 2372 τῶν
797 2333 1013 2385 περιοικίδων
1030 2334 1162 2370 πόλεων

128 2398 332 2447 κληροῦχοι,
354 2395 408 2437 οὓς
429 2396 553 2436 ἐκεῖνος
580 2392 753 2443 κατῴκισέ
781 2407 817 2428 τε
839 2391 897 2428 καὶ
926 2392 1000 2432 ταῖς
1024 2391 1162 2428 πόλεσιν

130 2453 392 2502 ἐγκατέστησεν,
413 2447 495 2497 ἧκον
518 2452 738 2499 παμπληθεῖς
763 2452 808 2492 ὡς
825 2448 900 2491 τοὺς
919 2448 997 2499 περὶ
1016 2449 1163 2486 Λέπιδον

129 2510 185 2547 τὸν
203 2510 383 2561 ἱππάρχην
400 2510 459 2547 καὶ
482 2509 658 2547 Ἀντώνιον
679 2507 735 2545 τὸν
757 2506 947 2543 συνύπατον
965 2506 1140 2557 Καίσαρος
1153 2535 1162 2551 ,

129 2567 295 2611 ἐπεξιέναι
320 2569 379 2619 (to)
398 2569 501 2604 αὐτοῦ
522 2568 577 2603 τὸν
596 2566 693 2618 φόνον
711 2564 1020 2616 ὑπισχνουμένους,
1041 2565 1164 2601 σκεδα·

132 2630 253 2672 σθῆναι
274 2626 349 2667 τοὺς
370 2624 531 2666 πολλούς·
553 2624 697 2666 ἐκείνους
718 2622 752 2660 δὲ
775 2622 986 2672 μονωθέντας
1008 2621 1164 2671 μονομά-

130 2700 211 2734 χους
230 2683 320 2726 τινας
335 2682 498 2734 ἀθροίζειν
514 2681 572 2719 καὶ
584 2682 723 2728 ἄλλους,
740 2676 786 2723 οἷς
797 2677 836 2726 ἦν
856 2681 1044 2731 ἀκήρυκτος
1059 2679 1163 2731 ἔχθρα

129 2742 213 2790 πρὸς
241 2741 424 2792 Καίσαρα,
443 2739 476 2776 οἵ
502 2755 537 2776 τε
557 2742 616 2785 τ’ῆς
645 2741 702 2788 (ιι)
729 2738 912 2783 {memo-“qq
948 2736 1162 2775 ἐκοινώνουν.

132 2800 202 2836 Καὶ
229 2800 365 2840 τούτους
386 2798 498 2845 μέντοι
518 2797 629 2847 ὀλίγον
653 2796 791 2848 ὕστερον
818 2798 1012 2841 κατααῆναι
1033 2794 1164 2836 πάντας

132 2859 170 2895 ἐκ
195 2861 252 2894 τοῦ
278 2856 499 2894 Καπιτωλίου
520 2855 651 2898 πίστεις
670 2855 840 2898 λαὸόντας
863 2852 957 2904 παρὰ
983 2852 1161 2891 Ἀντωνίου

926 177 1129 216 NlCOLAl
1161 179 1449 219 DAMASCENI

1221 266 1352 305 cebant,
1367 268 1410 306 si,
1433 267 1480 298 tot
1497 266 1632 298 inimicis
1651 267 1857 307 instantibus,
1874 267 1904 298 in
1921 269 2022 300 amica
2047 269 2126 300 urbe
2148 270 2253 303 Caesar

1220 326 1352 357 eventus
1366 335 1470 358 rerum
1484 329 1691 367 exspectaret.
1710 329 1764 360 llle
1777 330 1884 360 autem
1896 338 1996 368 quum
2009 339 2147 369 praesens
2158 331 2254 363 vellet

1220 389 1365 428 tempora
1391 398 1495 420 rerum
1520 390 1705 430 observare,
1723 400 1786 422 non
1808 392 1943 423 mutavit
1966 393 2174 433 senteutiam,
2200 395 2253 426 sed

1221 452 1396 482 necessario
1409 452 1468 482 sihi
1483 453 1745 492 proficiscendum
1759 462 1826 485 esse
1842 454 1932 485 dixit.
1948 455 2162 494 Apolloniatas
2179 455 2263 488 vero‘

1222 516 1253 545 et
1271 515 1346 544 tune
1359 515 1572 553 collaudavit,
1590 516 1622 546 et
1644 517 1752 555 postea
1768 524 1864 556 reguo
1880 518 1999 557 potitus
2017 519 2196 552 libertatem
2219 523 2256 554 iis

1222 578 1252 607 et
1268 576 1499 607 immunitatem
1518 576 1658 616 aliasque
1672 577 1755 608 haud
1770 586 1887 617 paucas
1899 580 2014 618 gratias
2030 582 2204 614 concedens
2215 584 2256 614 se·

1223 640 1314 670 licem
1331 639 1566 678 quammaxime
1578 639 1689 671 urbem
1704 640 1851 672 reddidit.
1865 643 1954 673 Tune
1965 651 2038 673 cum
2051 643 2189 676 lacrimis
2201 655 2256 686 po-

1222 701 1315 740 pulus
1328 701 1491 732 universus
1507 710 1589 740 aegre
1602 701 1814 734 discedentem
1826 703 1974 744 deduxit,
1986 705 2144 738 admirans
2161 717 2256 747 quam

1222 768 1277 799 per
1294 760 1575 792 commorationem
1599 761 1784 794 ostendisset
1806 763 1994 796 modestiam
2011 767 2042 796 et
2066 767 2257 799 moderatio-

1224 829 1294 852 nem
1304 845 1314 861 ,
1329 822 1487 862 simulque
1500 822 1610 862 lugens
1623 823 1691 862 ejus
1705 824 1877 856 fortunam.
1892 827 2120 859 Convenerunt
2129 837 2203 860 eum
2217 838 2257 860 ex

1222 886 1363 917 exercitu
1378 895 1441 917 non
1459 887 1552 925 pauci
1566 888 1687 926 equites
1705 887 1906 928 peditesque,
1924 889 2043 920 tribuni
2059 892 2090 922 et
2103 894 2256 924 centurio-

1223 955 1278 977 nes
1289 969 1298 985 ,
1319 948 1350 977 et
1367 946 1418 977 alii
1436 946 1662 986 quamplurimi
1691 947 1857 979 ministerii
1874 957 1967 979 causa
1979 973 1988 989 ‚
2005 951 2148 982 nonnulli
2162 952 2258 983 etiam

1222 1009 1368 1048 privatim
1385 1022 1391 1040 :
1411 1010 1464 1049 qui
1477 1018 1565 1041 arma
1581 1019 1742 1050 capessere
1759 1011 1980 1051 hortabantur,
2001 1014 2032 1044 et
2049 1013 2104 1053 ipsi
2126 1015 2257 1053 pollice·

1222 1071 1336 1103 bantur
1353 1074 1452 1104 semet
1471 1074 1662 1113 expeditioni
1677 1073 1881 1112 adiuncturos
1897 1083 1963 1105 esse
1979 1075 2112 1114 aliisque
2134 1085 2259 1117 persua-

1221 1144 1327 1177 suros,
1351 1138 1407 1177 qui
1425 1146 1534 1169 secum
1559 1147 1670 1169 necem
1689 1139 1823 1170 Caesaris
1846 1139 2084 1170 ulciscerentur.
2109 1142 2259 1173 Octavius

1222 1203 1329 1233 autem
1348 1202 1532 1232 collaudans
1555 1210 1625 1241 eos,
1652 1202 1728 1232 nihil
1746 1202 1777 1232 in
1800 1203 1945 1242 praesenti
1970 1203 2108 1243 indigere
2130 1204 2235 1235 aiebat
2249 1229 2258 1244 ,

1223 1274 1334 1297 verum
1348 1266 1475 1306 quando
1490 1267 1617 1297 vocaret
1633 1266 1715 1305 ipsos
1728 1265 1768 1296 ad
1782 1266 1956 1298 vindictam
1969 1290 1978 1306 ‚
1994 1268 2029 1298 ut
2042 1269 2142 1307 parati
2156 1272 2258 1299 essent

1222 1329 1362 1369 rogabat.
1391 1329 1515 1366 Quibus
1540 1329 1584 1359 illi
1609 1329 1846 1368 acquieverunt.
1866 1332 1947 1360 Tum
1976 1332 2080 1362 Caesar
2106 1331 2257 1371 navibus,

1222 1398 1293 1429 quae
1307 1390 1347 1421 ad
1363 1398 1494 1421 manum
1509 1390 1615 1428 erant,
1633 1390 1665 1420 in
1681 1390 1781 1420 altum
1794 1392 1922 1421 evectus
1936 1391 2047 1422 hiemis
2062 1391 2167 1423 adhue
2183 1394 2260 1423 tem·

1225 1452 1342 1490 pestate
1360 1450 1639 1490 periculosissima,
1658 1450 1790 1489 trajecto
1806 1459 1893 1481 mare
1908 1451 2013 1489 Ionio,
2031 1441 2062 1481 i'n
2077 1451 2258 1491 proximum

1223 1513 1376 1545 Calabriae
1395 1513 1516 1553 appulit
1537 1512 1808 1552 promontorium,
1826 1513 1880 1544 ubi
1897 1513 2055 1544 nihildum
2077 1514 2193 1545 certius
2210 1514 2257 1545 in-

1223 1577 1300 1607 colis
1316 1576 1355 1606 de
1371 1576 1458 1606 urbis
1471 1575 1565 1606 rebus
1581 1576 1672 1606 novis
1687 1575 1867 1606 nuntiatum
1887 1576 1965 1606 erat.
1984 1578 2133 1615 Egressus
2146 1575 2188 1606 ibi
2202 1585 2258 1615 pe-

1223 1639 1319 1670 destri
1337 1639 1449 1670 itinere
1463 1638 1595 1678 Lupiam
1612 1637 1784 1668 contendit.
1802 1641 1873 1675 Quo
1887 1646 1986 1676 quum
2003 1637 2190 1677 advenerat,
2209 1646 2257 1668 rc-

1224 1703 1304 1742 perit
1320 1702 1374 1741 qui
1391 1702 1492 1732 funeri
1510 1702 1643 1733 Caesaris
1662 1701 1878 1732 interfuerant.
1897 1702 1937 1732 Hi
1953 1703 1984 1732 et
2001 1702 2123 1742 reliqua
2137 1702 2259 1733 nuntia·

1224 1766 1298 1796 runt
1312 1767 1343 1797 et
1369 1764 1532 1804 quomodo
1555 1764 1588 1795 in
1608 1765 1788 1796 testamenti
1810 1764 1926 1795 tabulis
1947 1773 2004 1804 pro
2018 1764 2081 1795 filio
2102 1774 2120 1795 a
2137 1766 2260 1797 Caesare

1223 1830 1393 1869 adoptatus
1421 1830 1453 1860 et
1480 1829 1571 1860 heres
1594 1830 1730 1869 scriptus
1754 1837 1794 1860 ex
1816 1828 1988 1868 dodrante,
2015 1829 2138 1869 reliqua
2163 1839 2259 1870 opum

1225 1901 1297 1933 pars
1310 1892 1377 1923 aliis
1394 1893 1474 1936 esset
1488 1892 1606 1931 legata,
1625 1900 1665 1923 ex
1684 1900 1748 1932 qua
1764 1891 1860 1923 etiam
1874 1891 1957 1931 plebi
1972 1891 2103 1923 urbanae
2118 1892 2262 1924 trecenos

1225 1958 1344 1990 viritim
1368 1959 1527 1990 sestertios
1558 1957 1762 1993 destinassem
1792 1958 1823 1988 et
1848 1956 2009 1997 quomodo
2035 1958 2134 1996 Atiae,
2165 1958 2259 1988 matri

1223 2021 1356 2059 Octavii,
1375 2021 1493 2052 funeris
1505 2021 1554 2052 sui
1570 2029 1682 2052 curam
1696 2020 1933 2059 demandasset;
1949 2019 2107 2059 quomodo
2123 2019 2261 2060 populus

1223 2089 1253 2119 vi
1270 2087 1409 2119 adhibila
1425 2088 1457 2118 in
1470 2087 1575 2118 medio
1597 2087 1665 2118 soro
1695 2095 1812 2126 corpus
1829 2086 1962 2117 Caesaris
1980 2086 2214 2118 concremasset
2229 2086 2260 2116 et

1224 2153 1332 2183 sunere
1348 2151 1543 2182 honorasset.
1563 2151 1719 2181 Praeterea
1734 2156 1944 2188 percussores,
1961 2148 2046 2179 Bruti
2057 2149 2090 2178 et
2102 2147 2199 2179 Cassii
2211 2155 2261 2178 so-

1223 2212 1306 2250 cios,
1329 2211 1501 2242 narrabant
1528 2210 1722 2249 Capitolium
1750 2217 1937 2248 occupasse,
1963 2216 2158 2247 servosque,
2184 2215 2259 2246 pro-

1226 2271 1320 2301 missa
1353 2269 1515 2307 libertate,
1543 2268 1733 2306 advocasse;
1762 2275 1798 2297 ae
1822 2266 1925 2306 prima
1960 2265 2010 2296 die
2044 2266 2081 2303 et&
2102 2265 2258 2303 secunda,

1228 2327 1400 2368 perterritis
1412 2327 1517 2357 adhuc
1532 2325 1665 2357 Caesaris
1678 2324 1788 2355 amicis
1797 2347 1805 2362 ‚
1819 2323 1935 2354 multos
1949 2323 2009 2354 illis
2018 2332 2051 2353 se
2061 2322 2259 2362 adjunxisse;

1228 2386 1281 2417 ubi
1299 2394 1374 2416 vero
1388 2394 1428 2416 ex
1441 2383 1551 2415 vicinis
1564 2383 1646 2423 agris
1659 2382 1782 2420 coloni,
1801 2390 1880 2421 quos
1897 2381 1937 2411 ibi
1955 2381 2130 2412 habitatum
2151 2381 2261 2412 missos

1227 2447 1331 2476 Caesar
1346 2443 1477 2474 urbibus
1489 2442 1702 2481 imposuerat,
1717 2442 1784 2471 tota
1806 2439 2008 2470 multitudine
2027 2439 2065 2469 ad
2083 2439 2258 2478 Lepidum,

1226 2502 1412 2541 magistrum
1438 2501 1601 2540 equitum,
1619 2502 1649 2530 et
1672 2498 1863 2536 Antonium,
1884 2497 2017 2528 Caesaris
2039 2496 2071 2527 iu
2093 2496 2257 2527 consulatu

1226 2561 1395 2599 wilegam,
1416 2559 1588 2596 venissent,
1611 2556 1728 2588 caedem
1755 2556 1821 2595 ejiis
1838 2564 1871 2586 se
1895 2555 2018 2586 ulturos
2039 2554 2220 2594 pollicentes
2250 2567 2257 2585 ;

1226 2618 1380 2658 plurimos
1396 2626 1461 2648 esse
1480 2616 1664 2655 dissipatos;
1684 2614 1866 2653 conjuratos
1882 2622 1957 2644 vero
1979 2612 2070 2643 sociis
2092 2611 2260 2643 destitutos

1226 2684 1428 2715 congregasse
1444 2674 1631 2714 gladiatores
1647 2673 1815 2703 nonnullos
1825 2672 1964 2711 aliosque
1982 2670 2096 2710 quihus
2110 2670 2258 2710 implaca-

1227 2735 1297 2766 bilis
1310 2735 1391 2765 esset
1402 2734 1434 2764 in
1443 2736 1601 2765 Coesarem
1612 2731 1788 2769 inimicitia,
1798 2732 1830 2761 et
1839 2730 1891 2770 qui
1900 2729 2084 2760 insidiarum
2094 2727 2259 2768 participes

1227 2794 1364 2824 tuissent.
1384 2794 1459 2823 Mox
1476 2792 1582 2822 tamen
1595 2790 1651 2820 hos
1668 2797 1795 2828 quoque
1805 2796 1914 2818 omues
1927 2796 1944 2818 e
1959 2786 2115 2826 Capitolio
2128 2785 2258 2817 deseen-

1226 2852 1325 2890 disse,
1342 2859 1440 2890 quum
1457 2849 1551 2880 tidem
1574 2848 1610 2878 iis
1629 2847 1765 2878 dedisset
1791 2845 1944 2878 Antonius
1956 2869 1964 2885 ‚
1987 2845 2041 2884 qui
2059 2852 2171 2883 magna
2191 2843 2257 2883 iam

133 2923 2249 2948 Μ

132 2971 428 3003 commemorandus
451 2972 517 3002 erat
544 2970 772 3009 Apollodorus,
803 2969 842 3000 de
870 2977 934 3007 quo
962 2967 1130 2999 Suetonius
1156 2969 1233 3004 Aug.
1262 2966 1301 2995 89
1332 2975 1338 2992 :
1366 2961 1533 2998 Maqistro
1558 2956 1691 2988 (licendi
1708 2963 1791 2986 usus
1816 2953 2014 3009 Apollodoro
2036 2955 2257 3007 Perqameno,

133 3027 232 3059 quem
252 3018 328 3057 jam
341 3017 508 3056 qramlem
526 3019 611 3047 natu
635 3016 846 3055 Apolloniam
863 3023 996 3054 quoque
1013 3021 1126 3045 secum
1151 3012 1193 3042 ab
1211 3009 1442 3047 urhejzwems
1460 3005 1574 3036 adsum
1593 3003 1772 3056 eduxerat.
1798 3006 1887 3056 —.2.
1909 3012 1927 3040 φ
1940 3012 1947 3030 ι
1959 2999 2027 3055 λῖῃ]
2043 3000 2118 3039 φυλῃ
2133 2997 2202 3028 cod.
2217 3014 2259 3023 -—

136 3070 166 3097 3.
184 3077 200 3095 τ
212 3065 253 3095 ὁτ
265 3069 301 3104 ε]
322 3063 415 3094 scrib.
432 3063 556 3093 videtur
569 3063 620 3092 καὶ
634 3062 702 3092 τότε
715 3085 723 3098 ,
738 3061 796 3091 nisi
811 3061 841 3091 in
858 3069 945 3099 seqq.
963 3069 1019 3099 pro
1040 3060 1172 3096 ποιήσας
1188 3058 1243 3089 suit
1259 3055 1395 3091 εποίησε.
1410 3072 1449 3079 -
1475 3055 1504 3083 4.
1520 3047 1817 3104 ἑκατονταρχαι]
1840 3056 2057 3103 εκατονταρχοι
2084 3044 2202 3083 codex3
2219 3052 2259 3075 ne

137 3112 241 3152 potius
257 3110 471 3149 ἑκατόνταρχοι
485 3109 708 3145 scriberemus,
726 3107 776 3137 alii
794 3106 912 3138 Nicolai
938 3106 997 3136 loci
1022 3105 1203 3136 movebant.
1231 3106 1305 3135 Mox
1322 3099 1427 3131 addidi
1443 3099 1507 3129 καὶ.
1521 3114 1561 3119 -——
1581 3101 1610 3127 5.
1628 3093 1855 3147 διηγγελτο]
1874 3093 2065 3131 οιηγγελλετο
2085 3090 2195 3122 codex.
2218 3107 2257 3112 —

138 3163 166 3189 (3.
191 3156 399 3195 Λουπίας]
422 3155 540 3189 λύππας
562 3153 672 3183 codex.
692 3151 828 3186 Λουπίας
856 3151 951 3181 habet
978 3151 1109 3189 Appian.
1137 3152 1170 3181 Β.
1191 3151 1226 3181 C.
1257 3150 1296 3179 ll!
1310 3171 1318 3185 ‚
1345 3151 1401 3184 103
1420 3144 1565 3182 idemque
1583 3141 1698 3182 oppido
1715 3148 1830 3171 nomen
1846 3148 1896 3179 ap.
1911 3141 2056 3194 pausem.
2079 3139 2143 3173 VI,
2163 3139 2217 3174 19,
2238 3139 2257 3167 9

136 3203 295 3242 (Λουπίας
312 3203 383 3241 φησὶ
398 3201 536 3241 κειμένην
552 3198 733 3239 Βρεντησίου
749 3208 780 3227 τε
795 3198 903 3236 μεταξὺ
927 3197 978 3226 καὶ
1003 3197 1176 3236 ἹῈροῦντος
1191 3193 1444 3235 μεταῧεῧληκέναι
1458 3191 1492 3221 τὸ
1506 3190 1614 3228 ὄνομα,
1633 3188 1761 3227 Σύὸαριν
1775 3185 1874 3237 οὖσαν.
1890 3195 1924 3216 το
1942 3183 2111 3237 αρχαῖον),
2123 3182 2255 3214 Ptolem.

135 3253 178 3282 lll
192 3274 201 3288 ‚
222 3254 255 3288 ¹3
283 3249 397 3281 Strabo
410 3250 450 3279 Vl
464 3271 473 3286 ‚
491 3256 521 3286 p.
541 3250 610 3277 282.
631 3247 702 3275 Mox
735 3245 804 3283 post
822 3251 851 3273 v.
878 3242 1008 3281 Καίσαρι
1028 3242 1172 3272 lacunam
1198 3240 1324 3277 notavi3
1344 3237 1461 3269 excidit
1483 3238 1614 3275 παροῦσι
1633 3234 1681 3265 vel
1705 3233 1806 3264 simile
1822 3231 1908 3285 quid.
1931 3248 1971 3253 —
1984 3233 2013 3262 7.
2038 3226 2258 3281 Καισαρος]

137 3297 185 3327 uel
205 3296 354 3335 Καίσαρις
372 3294 491 3332 Καίσαρ
509 3292 621 3323 codex.
641 3308 680 3313 —
698 3293 727 3321 8.
745 3289 767 3319 ε’
785 3289 835 3319 καὶ
852 3291 876 3318 ο’
897 3286 966 3327 δρ.]
987 3288 1031 3319 sic
1046 3287 1140 3318 etiam
1156 3287 1288 3326 Appian.
1307 3286 1358 3323 11,
1375 3285 1443 3314 143.
1458 3299 1498 3304 —
1511 3285 1540 3312 9.
1557 3275 2256 3316 καταπεπληγμενων]κατα-πεπλημενων

137 3343 249 3374 codex.
273 3360 310 3363 —
339 3346 384 3372 lo.
404 3338 618 3378 ἐπεξιέναι]
637 3337 779 3371 ἐπεξεῖναι
805 3334 913 3365 codex.
935 3351 973 3356 ——
995 3337 1039 3364 tt.
1066 3333 1100 3363 οἴ
1125 3343 1159 3362 τε
1180 3331 1263 3370 τῆς]
1289 3328 1392 3361 addidi
1419 3327 1498 3368 part.
1518 3336 1560 3356 τε.
