2289 3728
975 160 1300 198 FRAGMENTA.
2120 164 2193 195 269

83 253 195 303 ἑαυτῷ
222 249 293 292 τοὺς
319 249 441 289 ἄλλους
470 248 653 299 ἄρχοντας,
674 241 719 284 ὧν
741 246 905 292 ἠὸούλετο
926 245 1107 282 ὑποὸαλὼν

82 309 123 345 τὰ
145 309 309 356 ὀνόματα.

135 384 150 398 «
170 365 240 402 Καὶ
261 365 334 413 μετ’
360 365 397 400 οὐ
423 362 552 404 πολλὰς
577 362 707 412 ἡμέρας
725 361 886 412 τύραννον
904 361 1003 397 αὑτὸν
1029 362 1106 397 ἀνα-

84 422 191 465 δείξας
208 421 417 472 ὁφιλόσοφος
429 450 440 468 ,
458 420 516 457 καὶ
532 419 568 456 τὸ
585 421 651 455 τῶν
668 420 914 468 Πυθαγορικῶν
932 417 1108 460 ἀναδείξας

84 480 195 529 δόγμα
228 479 305 529 περὶ
333 481 392 523 τῆς
424 477 622 521 ἐπιδουλῆς,
653 475 710 512 καὶ
739 475 772 512 τί
803 475 969 520 ἠθούλετο
998 477 1110 517 αὐτοῖς

85 541 104 582 ἡ
126 537 329 588 φιλοσοφία,
346 536 386 581 ἣν
408 537 424 571 ὁ
444 534 546 576 καλος
569 533 769 582 Πυθαγόρας
789 532 1018 581 εἰσηγήσατο,
1045 548 1109 569 κα-

86 595 192 645 Οάπερ
212 593 371 644 ἱστόρησε
392 592 635 640 Θεόπομπος
621 607 654 627 εν
675 592 714 638 ὀγ
718 590 777 641 δόῃ
806 591 1030 627 Φιλιππικῶν
1051 606 1109 627 και

83 652 285 710 Ἕρμιππος
322 653 338 687 ὁ
367 649 640 699 Καλλιμάχειος·
665 648 785 690 εὐθέως
813 664 871 684 και
905 652 1000 690 οὗτος
1032 663 1108 690 τους

82 710 142 758 μὲν
169 713 204 746 εὐ
227 723 428 760 φρονούντας
454 710 521 744 τῶν
540 708 686 743 πολιτων
710 705 828 757 (παρὰ
853 705 895 742 τὰ
915 706 1105 756 Αριστοτέ-

82 770 158 809 λους
176 783 235 804 και
249 765 504 817 Θεοφράστου
487 765 523 801 οό
526 778 658 815 γματα·
675 767 719 806 ὡς
737 765 846 809 ἀληθῆ
864 768 949 800 εἰναι
965 762 1024 808 τὴν
1040 779 1106 799 πα-

84 825 218 876 ροιμίαν
238 824 298 868 τὴν
319 823 500 873 λέγουσαν,
526 823 573 871 μὴ
602 822 699 859 παιδι
729 822 928 872 μάχαιραν)
955 820 1106 859 εκποδὼν

82 882 176 924 εὐθὺς
191 882 388 927 ἐποιήσατο,
403 880 557 936 φύλακας
572 881 598 917 δ’
613 880 669 917 ἐπὶ
683 878 742 922 τὰς
758 881 869 922 πύλας
886 879 1107 925 κατέστησεν,

81 942 125 982 ὡς
140 940 272 989 νύκτωρ
299 938 445 980 πολλοὺς
468 940 534 974 τῶν
558 937 759 984 Ἀθηναίων,
783 937 1051 986 εὐλαέουμένους
1070 937 1107 974 τὸ

83 996 216 1044 μέλλον,
238 995 292 1032 διὰ
311 997 376 1031 τῶν
399 996 521 1044 τειχῶν
542 993 661 1035 αὑτοὺς
681 994 938 1042 καθιμήσαντας
960 993 1105 1046 φεύγειν.

84 1054 153 1091 Καὶ
174 1056 189 1090 ὃ
207 1053 365 1100 ’Ἀθηνίων
383 1051 509 1094 ἱππέας
523 1051 800 1100 ἐπαποστείλας,
820 1051 873 1093 οὒς
894 1051 954 1101 μὲν
973 1051 1106 1103 ἐφόνευ-

82 1126 149 1157 σεν,
164 1111 219 1153 οὒς
239 1111 273 1148 δὲ
292 1110 350 1147 καὶ
368 1108 563 1158 δεδεμένους
581 1108 755 1159 κατήγαγε
768 1139 777 1157 ,
799 1109 1001 1161 δορυφόρους
1020 1109 1108 1158 ἔχων

81 1168 226 1210 πολλοὺς
243 1170 308 1204 τῶν
331 1169 525 1219 φρακτικῶν
545 1166 778 1211 καλουμένων.
812 1167 977 1215 Συνάγων
996 1165 1029 1202 δὲ
1050 1166 1108 1202 καὶ

81 1226 264 1272 ἐκκλησίας
276 1225 453 1270 πολλάκις,
465 1224 508 1261 τὰ
521 1223 704 1273 Ῥωμαίων
719 1229 848 1274 φρονεῖν
859 1228 1107 1273 προσεποιεῖτο·

81 1284 139 1320 καὶ
163 1283 431 1325 πολλοῒςαῖτίας
450 1281 633 1334 ἐπιφέρων,
650 1284 696 1323 ὡς
715 1280 1006 1330 διαπεμπομένοις
1026 1281 1109 1332 πρὸς

79 1341 154 1384 τοὺς
168 1341 319 1391 φυγάδας
332 1370 343 1388 ,
363 1340 420 1377 καὶ
435 1339 699 1390 νεωτερίζουσιν,
720 1338 872 1390 ἐφόνευεν
891 1337 1012 1380 αὐτούς
1023 1352 1030 1359 ·
1051 1336 1121 1388 καὶ,

81 1399 141 1442 τὰς
165 1399 296 1445 πύλας,
325 1397 506 1449 τριάκοντα
526 1395 748 1441 καταστήσας
769 1397 818 1447 ἐφ’
842 1395 1011 1441 ἑκάστης,
1038 1394 1108 1432 οὔτ’

82 1457 220 1495 εἰσιέναι
239 1457 294 1495 τὸν
315 1456 533 1507 βουλόμενον,
555 1455 624 1493 οὔτ’
644 1454 765 1498 ἐξιέναι
787 1454 853 1493 εἴα.
877 1454 1109 1503 Ἀνελάμὸανε

82 1515 116 1552 δὲ
136 1514 268 1558 καὶτὰς
288 1513 403 1557 οὐσίας
425 1514 574 1559 πολλῶν,
596 1512 654 1549 καὶ
675 1516 824 1549 τοσαῦτα
844 1512 1010 1563 χρήματα
1031 1510 1108 1548 συν-

81 1573 250 1624 ήθροισεν,
274 1575 318 1615 ὡς
349 1572 407 1609 καὶ
435 1571 563 1623 φρέατα
584 1572 766 1621 πληρῶσαι
788 1572 939 1608 πλείονα.
962 1570 1110 1614 Ἐξαπέ-

81 1632 192 1668 στειλε
219 1629 254 1667 δὲ
280 1629 338 1666 καὶ
367 1629 423 1666 ἐπὶ
451 1629 511 1674 τὴν
534 1628 650 1680 χώραν
679 1628 796 1680 ὥσπερ
827 1628 1017 1671 ὁδοιδόκους
1043 1631 1109 1665 τῶν

82 1687 367 1738 ἀποχωρούντων,
394 1686 511 1729 οἵτινες
537 1686 656 1729 αὐτοὺς
678 1688 802 1736 ἀνῆγον
830 1688 874 1729 ὡς
905 1686 1025 1723 αὐτόν·
1052 1686 1110 1722 καὶ

83 1745 239 1795 ἀκρίτους
265 1745 446 1789 ἀπώλλυε,
476 1744 758 1795 προσὸασανίσας
787 1745 845 1781 καὶ
875 1743 1106 1794 στρεὸλώσας.

85 1802 265 1844 Πολλοῖς
248 1801 282 1838 οὲ
301 1801 360 1838 καὶ
374 1802 556 1852 προδοσίας
571 1803 665 1844 δίκας
683 1803 822 1851 ἐπῆγεν,
840 1803 884 1843 ὡς
899 1803 966 1843 τοῖς
983 1801 1110 1851 φυγάσι

81 1934 150 1962 tum
167 1940 224 1962 vos
238 1931 331 1962 simul
346 1940 467 1962 omnes.
478 1944 492 1957 »
510 1931 733 1969 Haeclocutus,
751 1931 828 1962 alios
843 1931 899 1961 sibi
915 1932 1111 1970 magistratus

83 1983 242 2023 cooptavit
252 2007 260 2020 ‚
274 1983 436 2022 propositis
451 1992 561 2014 eornm
581 1992 660 2023 quos
673 1984 816 2014 voluerat
835 1984 1026 2014 nominibus.

124 2036 164 2065 Et
187 2034 294 2074 paucis
321 2035 391 2073 post
418 2033 528 2065 diebus
558 2034 756 2073 tyrannidem
784 2043 940 2073 occupans
969 2034 1109 2073 philoso-

85 2087 164 2125 phus
176 2111 184 2125 ‚
200 2088 232 2117 et
249 2086 527 2125 Pythagoricorum
540 2086 668 2117 decreta
681 2086 719 2116 de
733 2086 850 2116 insidiis
864 2095 959 2125 quam
978 2087 1042 2117 vim
1058 2086 1112 2116 ha-

84 2138 177 2169 beant
202 2138 385 2175 ostendens,
404 2139 435 2168 et
456 2147 607 2177 quorsum
632 2138 800 2169 tetenderit
832 2139 892 2169 illis
917 2138 1112 2178 philosophia

83 2198 118 2219 ea
129 2213 137 2227 ,
151 2197 247 2228 qnam
258 2189 427 2227 praeclarus
438 2189 655 2219 introduxerat
679 2189 869 2228 Pythagoras
880 2201 889 2226 ;
903 2190 1112 2228 quemadmo-

83 2239 159 2270 dum
182 2240 402 2278 Theopompus
424 2239 533 2270 doeuit
551 2242 665 2270 octavo
684 2240 764 2270 libro
781 2242 898 2270 Rerum
925 2240 1110 2279 Philippica-

84 2298 174 2329 rum,
194 2292 225 2321 et
250 2290 439 2331 Hermippus
462 2290 646 2322 Callimachi
674 2290 863 2330 discipulus3
884 2292 1033 2321 continuo
1062 2291 1112 2321 hic

83 2350 227 2381 quoqne,
241 2342 433 2382 quicumque
447 2342 526 2373 bene
544 2342 673 2373 animati
690 2344 779 2373 erant
795 2352 831 2373 cx
847 2343 968 2373 civibus
986 2344 1112 2381 (contra

83 2396 255 2427 Aristotelis
268 2398 298 2427 et
311 2397 515 2436 Theophrasti
529 2398 702 2435 praecepta3
721 2405 758 2426 ex
772 2405 836 2435 quo
847 2397 1010 2427 veritatem
1021 2405 1112 2435 agno·

82 2456 152 2477 scas
165 2448 336 2487 proverbii,
353 2451 397 2480 Ne
416 2447 555 2487 gladium
570 2449 684 2487 puero!
698 2448 707 2487 )
719 2450 802 2478 recta
816 2457 832 2479 e
850 2448 953 2479 medio
967 2448 1112 2487 sustulit,

86 2498 233 2530 custodes
251 2508 326 2529 vero
339 2499 378 2529 ad
396 2501 500 2538 portas
514 2498 639 2529 locavit.
659 2501 729 2534 Quo
746 2499 882 2537 factum,
898 2501 933 2530 ut
948 2499 1114 2530 Athenien-

83 2549 165 2579 sium
197 2550 306 2588 multi,
331 2550 498 2580 imminens
519 2550 694 2580 metuentes
716 2549 908 2589 perieulum,
938 2552 1032 2580 noctu
1059 2558 1114 2589 per

83 2607 191 2630 muros
215 2600 288 2630 loris
309 2608 376 2630 sese
401 2599 603 2631 demittentes
622 2600 823 2639 profugerent
843 2613 850 2631 z
877 2609 956 2639 quos
981 2601 1113 2631 Athenio

84 2651 184 2681 missis
197 2651 356 2690 equitibus
368 2653 552 2691 persecutus
564 2675 572 2690 ,
590 2651 702 2690 partim
717 2652 848 2689 occidit,
863 2652 978 2691 partim
993 2652 1114 2682 vinctos

86 2702 219 2733 retraxit
237 2712 244 2732 :
262 2703 379 2733 multos
395 2703 478 2734 enim
495 2703 630 2733 habebat
649 2703 797 2733 satellites
812 2712 851 2734 ex
865 2712 973 2734 eorum
989 2712 1112 2742 genere,

83 2754 137 2792 qui
165 2753 379 2792 cataphracti
410 2754 457 2793 (id
484 2756 549 2791 est,
574 2753 712 2792 undique
739 2754 870 2793 armati)
902 2755 1110 2793 appellantur.

84 2805 314 2843 Nonnunquam
350 2804 444 2835 etiam
475 2803 656 2834 convocatis
694 2804 912 2840 concionibus,
945 2805 1113 2835 simulabat

85 2855 224 2885 studium
247 2855 382 2894 partium
412 2857 626 2885 Romanarum
646 2854 728 2894 [quo
754 2858 955 2893 cognosceret
982 2856 1112 2885 aliorum

86 2906 304 2936 voluntatem?
317 2905 345 2945 ];
361 2906 553 2944 multosque,
567 2905 695 2935 crimine
709 2905 845 2944 impacto
861 2906 944 2944 quod
959 2905 997 2936 ad
1009 2907 1112 2945 profu·

85 2965 140 2995 gos
165 2957 373 2995 missitarent,
391 2958 541 2995 novisque
564 2957 656 2987 rebus
677 2957 856 2993 studerent,
881 2959 981 2988 morte
996 2958 1112 2989 anicie-

86 3009 155 3046 bat3
183 3010 230 3045 et,
251 3009 290 3038 ad
310 3017 468 3047 quamque
486 3010 607 3046 portam
630 3008 755 3045 triginta
776 3008 885 3038 locatis
909 3009 1112 3046 satellitibus,

86 3060 242 3091 neminem
265 3060 381 3090 intrare
400 3061 505 3098 portas
524 3062 578 3089 aut
604 3059 707 3098 egredi
733 3059 921 3097 patiebatur.
941 3060 1112 3089 Multorum

85 3118 161 3141 vero
180 3110 274 3141 etiam
290 3111 456 3140 facultates
472 3111 631 3149 rapiebat,
653 3112 683 3140 et
696 3111 816 3140 tantam
834 3110 973 3148 pecuniae
990 3110 1114 3149 collegit

86 3162 162 3200 vim,
171 3163 207 3192 ut
217 3162 320 3201 plures
327 3162 419 3192 etiam
430 3163 538 3200 puteos
548 3162 698 3200 impleret.
711 3161 1010 3200 Emittebatquoque
1018 3162 1049 3191 in
1057 3162 1113 3191 eir-

86 3212 272 3250 cumjectam
299 3213 455 3251 regionem
467 3213 644 3243 obsessores
663 3212 798 3249 viarum,
811 3214 841 3241 et
868 3212 1112 3250 profugientium

87 3264 311 3302 exploratores,
325 3265 377 3303 qui
392 3273 445 3295 eos
458 3264 496 3295 ad
526 3265 627 3303 ipsum
643 3263 837 3294 retraherent
852 3273 858 3292 :
873 3272 965 3302 quos,
996 3263 1112 3295 indicta

88 3322 192 3352 causa,
208 3314 286 3345 inter
304 3316 462 3346 tormenta
488 3316 517 3345 et
536 3315 694 3345 cruciatus
719 3313 862 3345 necabat.
881 3314 997 3345 Multos
1017 3315 1111 3345 etiam

1170 245 1247 294 περὶ
1274 245 1416 282 καθόδου
1443 249 1678 297 συνεργοῦσιν·
1717 240 1763 282 ὧν
1788 247 1816 282 οἳ
1847 243 1908 294 μὲν
1934 245 1989 281 διὰ
2015 245 2071 282 τὸν
2092 244 2195 296 φόὸον

1171 302 1238 352 πρὸ
1266 306 1324 347 τῆς
1352 303 1494 353 κρίσεως
1523 304 1678 354 ἔφευγον,
1698 306 1727 340 οἷ
1756 305 1784 340 δ’
1811 305 1844 340 ἐν
1870 305 1938 345 τοῖς
1968 303 2196 353 δικαστηρίοις

1170 360 1450 405 κατεδικάζοντο,
1472 361 1572 397 αὐτοῦ
1602 361 1662 403 τὰς
1689 361 1818 412 ψήφους
1841 361 2007 412 φέροντος.
2064 361 2197 412 Ἰίνειρ-

1169 416 1300 465 γάσατο
1317 418 1345 454 δ’
1368 418 1401 453 ἐν
1422 420 1463 467 τῇ
1485 417 1581 454 πόλει
1599 418 1656 454 καὶ
1676 421 1742 454 τῶν
1764 419 1846 469 πρὸς
1865 419 1902 454 τὸ
1918 421 1977 464 ζῆν
1999 418 2195 469 ἀναγκαίων

1170 474 1314 523 ἔνδειαν,
1334 473 1479 524 κριθίδια
1498 474 1556 511 καὶ
1577 474 1700 526 πυροὺς
1719 476 1848 524 ὀλίγους
1876 477 2079 527 διαμετρῶν.
2100 477 2197 520 Ἐξέ-

1169 547 1285 580 πεμπε
1304 531 1337 568 δὲ
1353 531 1411 568 καὶ
1423 532 1478 568 ἐπὶ
1489 534 1547 576 τῆς
1559 532 1674 582 χώρας
1689 533 1846 578 ὁπλίτας,
1863 533 1938 576 τοὺς
1952 535 2174 605 θηρεύσοντας
2187 564 2196 577 ,

1172 589 1202 626 εἴ
1218 605 1266 631 τις
1284 591 1350 625 τῶν
1370 589 1685 659 ἀνακεγι)ρηκότων
1702 589 1792 631 ἐντός
1812 592 1882 626 ἐστι
1899 607 1936 627 τι
1937 607 1964 627 w
1986 590 2070 641 ὅρων
2087 590 2109 636 ἢ
2128 607 2195 628 των

1171 646 1355 692 Ἀθηναίων
1373 662 1420 688 τις
1438 648 1483 688 εἷς
1502 661 1563 690 την
1581 646 1756 697 ὑπερόριον
1777 649 1967 697 ἀποδημεῖ·
1984 664 2042 685 και
2059 648 2114 685 τὸν
2131 650 2195 694 λη-

1171 704 1281 755 φθέντ’
1308 703 1596 752 ἀπετυμπάνιζεν,
1619 707 1664 739 ὡν
1696 703 1798 745 ἐνίους
1818 720 1875 741 και
1898 705 2196 755 προκατανάλισκε

1169 764 1245 804 ταῖς
1263 761 1434 812 βασάνοις
1458 759 1655 811 Εκήρυσσέ
1672 776 1706 796 τε
1720 789 1729 806 ,
1749 761 1862 803 δύντος
1876 777 1932 798 του
1950 762 2047 807 ἡλίου
2067 762 2197 804 πάντας

1170 821 1349 870 οἰκουρεῖν,
1368 819 1424 855 καὶ
1443 818 1530 868 μετὰ
1546 818 1756 869 λυχνοφόρου
1777 819 1907 867 μηδένα
1925 826 2056 870 φοιτᾶν.

1224 877 1295 915 Καὶ
1326 877 1363 914 οὗ
1396 876 1497 924 μόνον
1531 875 1574 913 τὰ
1612 878 1678 912 τῶν
1710 878 1858 913 πολιτῶν
1892 877 2086 927 διήρπαζεν,
2121 877 2196 914 ἀλλ’

1170 935 1235 980 ἤδη
1256 934 1315 971 καὶ
1335 934 1377 970 τὰ
1396 936 1463 971 τῶν
1485 933 1599 983 ξένων,
1622 933 1772 976 ἐκτείνας
1790 932 1850 975 τὰς
1871 935 1988 985 χεῖρας
2005 935 2062 971 καὶ
2079 935 2135 971 ἐπὶ
2154 935 2198 972 τὰ

1170 995 1215 1035 εἷς
1235 994 1347 1037 Δῆλον
1365 995 1422 1028 τοῦ
1438 995 1513 1028 θεοῦ
1529 992 1707 1042 χρήματα.
1765 990 1968 1042 Ἐκπέμψας
1981 996 2060 1040 γοῦν
2076 994 2121 1035 εἰς
2137 993 2198 1038 τὴν

1169 1054 1270 1096 νῆσον
1290 1050 1544 1087 Ἀπελλικῶντα
1564 1049 1619 1086 τὸν
1644 1049 1763 1095 Τήιον,
1784 1049 1928 1094 πολίτην
1950 1048 1984 1085 δὲ
2012 1050 2196 1094 Ἀθηναίων

1169 1109 1361 1157 γενόμενον,
1391 1107 1638 1145 ποικιλώτατόν
1668 1123 1744 1143 τινα
1772 1106 1830 1143 καὶ
1858 1106 2019 1158 ἁψίκορον
2049 1107 2199 1153 ζήσαντα

1173 1166 1262 1217 βίον·
1291 1165 1346 1203 ὁτὲ
1376 1165 1436 1214 μὲν
1462 1164 1527 1216 γὰρ
1555 1165 1768 1216 ἐφιλοσόφει,

1170 1223 1296 1269 καιτὴν
1312 1223 1561 1274 Αριστοτέ)ους
1576 1222 1795 1273 βιίῖλιοθήκην
1807 1238 1866 1259 και
1878 1222 1984 1264 ἀλλας
1994 1223 2201 1275 συνηγόραζε

1170 1282 1314 1332 συχνάς·
1332 1286 1373 1328 ἠν
1392 1281 1457 1332 γὰρ
1475 1281 1760 1332 πολυχρήματος·
1780 1280 1823 1317 τά
1839 1283 1869 1317 τ’
1890 1282 1928 1317 ἐκ
1947 1295 2006 1317 του
2029 1280 2200 1345 Μητρώου

1170 1351 1236 1371 των
1270 1336 1427 1371 παλαιων
1469 1333 1669 1385 αὐτόγραφα
1715 1332 1923 1385 ψηφίσματα
1958 1332 2202 1384 υφαιρούμενος

1171 1393 1308 1441 ἕκτατο,
1322 1407 1380 1429 και
1399 1407 1437 1428 εκ
1448 1407 1514 1427 των
1530 1391 1643 1427 α’λλων
1660 1390 1809 1440 πόλεων,
1829 1389 1860 1427 εί
1869 1406 1900 1428 τι
1916 1390 2062 1428 παλαιὸν
2078 1407 2128 1437 ειη
2145 1407 2202 1428 και

1798 1165 1856 1201 καὶ
1879 1163 1921 1201 τὰ
1947 1165 2200 1215 περιπατητικὰ

1171 1450 1350 1487 ἀπόθετον.
1379 1449 1461 1501 Ἐφ’
1485 1443 1532 1491 οἷς
1552 1448 1718 1500 φωραθεὶς
1742 1450 1775 1485 ἐν
1795 1451 1870 1491 ταῖς
1892 1448 2046 1494 Ἀθήναις
2075 1450 2202 1486 ἐκινδύ.

1171 1523 1285 1544 νευσεν
1305 1507 1358 1553 ἂν,
1375 1509 1403 1544 εἰ
1422 1507 1468 1556 μὴ
1492 1507 1628 1559 ἔφυγεν.
1651 1507 1722 1544 Καὶ
1747 1507 1820 1556 μετ’
1841 1508 1879 1544 οὐ
1900 1506 1987 1544 πολὺ
2008 1507 2111 1544 πάλιν
2137 1523 2202 1544 κα-
2225 1539 2228 1540 ⁷

1171 1568 1296 1615 τῆλθε,
1325 1565 1536 1617 θεραπεύσας
1564 1564 1726 1607 πολλούς·
1756 1564 1814 1601 καὶ
1830 1564 2125 1616 ,συναπεγράφετο
2153 1567 2202 1616 τῷ

1171 1625 1344 1672 Ἀθηνίωνι
1359 1655 1369 1671 ,
1387 1628 1432 1668 ὡς
1446 1617 1485 1662 ἂν
1503 1625 1570 1662 ἀπὸ
1584 1627 1643 1670 τῆς
1657 1626 1759 1671 αὐτῆς
1776 1623 1816 1670 δὴ
1832 1625 1992 1675 αἱρέσεως
2006 1625 2090 1663 ὄντι.
2110 1625 2204 1670 Ἀθη·

1170 1684 1249 1721 νίων
1263 1685 1304 1730 δ’,
1316 1683 1556 1732 ἐπιλαθόμενος
1571 1685 1638 1719 τῶν
1654 1682 1834 1732 δογμάτων
1850 1685 1915 1719 τῶν
1926 1686 1984 1719 τοῦ
2001 1682 2203 1734 περιπάτου,

1170 1742 1305 1792 χοίνικα
1340 1744 1462 1792 κριθῶν
1495 1743 1539 1784 εἷς
1569 1740 1738 1791 τέσσαρας
1769 1740 1898 1791 ἡμέρας
1931 1740 2100 1793 διεμέτρει
2133 1746 2202 1783 τοῖς

1173 1799 1324 1844 ἀνοήτοις
1350 1799 1552 1845 Ἀθηναίοις,
1572 1799 1799 1850 ἀλεκτορίδων
1821 1798 1960 1850 τροφὴν,
1981 1798 2039 1836 καὶ
2059 1800 2119 1835 οὐκ
2140 1800 2198 1835 ἁν-

1171 1930 1357 1970 proditionis
1379 1930 1509 1961 erimine
1533 1930 1563 1960 in
1576 1930 1729 1968 judicium
1751 1928 1940 1968 postulavit,
1958 1928 2042 1968 quod
2057 1928 2201 1959 exulibus
2230 1957 2240 1966 ,

1174 1981 1309 2012 reditum
1324 1990 1491 2020 procurare
1501 1980 1664 2012 studerent
1679 1992 1685 2011 :
1698 1989 1833 2019 quornm
1845 1980 1896 2010 alii
1909 1980 2022 2010 timore
2034 1979 2201 2018 antejudi-
2220 1988 2223 1991 ⁴

1172 2032 1256 2062 cium
1267 2032 1482 2071 profugerunt,
1493 2032 1543 2062 alii
1555 2031 1729 2070 injudiciali
1738 2032 1816 2069 foro,
1826 2031 1891 2070 ipso
1902 2031 2049 2070 suffragia
2058 2032 2199 2069 rogante,

1173 2083 1374 2114 condemnati
1388 2085 1471 2113 sunt.
1491 2085 1607 2113 Rerum
1627 2082 1720 2113 etiam
1737 2081 1777 2112 ad
1795 2082 1891 2112 vitain
1906 2082 2153 2113 necessariarum
2168 2083 2200 2113 in

1174 2135 1253 2166 urbe
1279 2135 1415 2174 inopiam
1435 2135 1572 2173 invexit,
1600 2135 1660 2165 vile
1686 2134 1837 2164 hordeum
1863 2136 1894 2165 et
1920 2135 2085 2173 paululum
2104 2134 2200 2165 tritici

1173 2186 1373 2217 distribuens.
1389 2186 1533 2217 Mittebat
1547 2186 1641 2216 etiam
1656 2185 1686 2215 in
1700 2194 1789 2223 agros
1802 2184 1927 2222 militeS‚
1940 2186 2202 2224 pervestigaturos

1173 2238 1197 2268 si
1213 2238 1283 2276 quis
1297 2238 1345 2267 vel
1359 2245 1469 2267 eorum
1481 2261 1489 2275 ,
1504 2237 1559 2275 qui
1576 2236 1793 2275 profugissent,
1813 2236 1892 2266 intra
1909 2236 1983 2266 fines
1997 2236 2200 2275 reperiretur,

1175 2290 1229 2319 aut
1248 2289 1271 2319 si
1287 2288 1357 2327 quis
1370 2288 1606 2319 Atheniensium
1619 2289 1709 2318 extra
1723 2287 1799 2317 fines
1812 2286 2062 2326 proficisceretur
2077 2297 2084 2317 :
2103 2289 2134 2319 et
2147 2289 2201 2327 qni

1173 2339 1384 2379 deprehensus
1403 2339 1499 2376 esset,
1522 2339 1546 2369 is
1567 2338 1699 2369 fustibus
1722 2347 1821 2368 caesus
1838 2338 1938 2369 securi
1956 2339 2201 2378 percutiebatur,

1173 2401 1211 2422 ac
1233 2391 1376 2422 nonnulli
1394 2392 1490 2422 etiam
1508 2393 1581 2422 ante
1597 2393 1628 2421 in
1649 2392 1720 2430 ipsis
1737 2391 1902 2421 tormentis
1920 2391 2015 2422 vitam
2041 2391 2200 2422 finiebant.

1175 2443 1316 2482 Denique
1343 2451 1397 2482 per
1422 2450 1601 2481 praeconem
1627 2441 1787 2479 edicebat,
1814 2442 1851 2472 ut
1878 2441 1937 2471 sub
1961 2441 2035 2472 solis
2056 2450 2203 2473 occasum

1174 2493 1306 2532 quisque
1324 2493 1409 2524 domi
1428 2502 1461 2523 se
1477 2494 1617 2527 teneret,
1632 2493 1663 2523 et
1681 2500 1773 2523 nemo
1786 2500 1826 2522 ne
1843 2500 1916 2522 cum
1932 2492 2061 2523 lucerna
2074 2493 2202 2532 quidem

1174 2545 1256 2575 foras
1276 2544 1488 2583 egrederetur.

1227 2599 1290 2627 Nec
1320 2605 1395 2627 vero
1423 2596 1541 2627 civium
1573 2596 1674 2626 solum
1707 2596 1847 2626 fortunas
1875 2595 2058 2635 diripiebat,
2090 2604 2202 2627 verum

1174 2647 1269 2678 etiam
1289 2648 1544 2686 peregrinorum3
1570 2647 1724 2678 thesauris
1751 2655 1877 2686 qnoque
1900 2647 1979 2677 Delii
2004 2647 2053 2677 dei
2073 2656 2202 2678 manum

1174 2700 1325 2738 injiciens.
1360 2701 1445 2732 Misit
1472 2700 1588 2739 qnippe
1615 2700 1646 2730 in
1675 2700 1760 2730 illam
1794 2700 1928 2731 insulam
1956 2701 2201 2739 Apellicontem.

1174 2750 1283 2780 'seium
1301 2758 1433 2788 genere,
1449 2749 1501 2779 sed
1525 2750 1554 2779 in
1571 2750 1686 2779 civium
1704 2758 1871 2780 numerum
1895 2751 2131 2781 Atheniensium
2155 2759 2202 2781 re·

1174 2803 1324 2839 ceptnm;
1352 2801 1510 2831 hominem
1534 2801 1589 2839 qui
1617 2801 1714 2831 vitam
1738 2802 2056 2833 inconstantissimam
2076 2804 2107 2833 et
2130 2802 2202 2832 novi

1173 2861 1294 2891 semper
1312 2851 1429 2890 aliquid
1447 2853 1619 2882 sectantem
1640 2852 1760 2890 agebat.
1774 2852 1845 2883 Fuit
1861 2853 1945 2883 enim
1959 2855 2083 2892 tempus
2102 2862 2201 2892 quum

1174 2903 1458 2941 philosopharetur,
1474 2904 1505 2932 et
1519 2903 1731 2942 Peripatetica
1743 2905 1847 2934 omnia
1862 2905 1893 2934 et
1903 2904 2076 2935 Aristotelis
2089 2905 2201 2935 biblio-

1174 2953 1298 2983 thecam
1324 2953 1465 2991 aliasque
1483 2953 1598 2983 multas
1623 2956 1780 2985 coemeret
1801 2965 1809 2986 ς
1836 2956 1902 2985 erat
1926 2957 2008 2985 enim
2027 2964 2045 2985 a
2071 2956 2202 2994 pecnnia

1174 3005 1299 3035 abunde
1315 3007 1496 3036 instructus.
1519 3008 1600 3036 'l'um
1625 3015 1698 3037 vero
1715 3009 1746 3037 et
1762 3016 1801 3037 ex
1821 3009 1940 3045 Magnae
1959 3008 2066 3038 Matris
2084 3009 2201 3047 templo

1174 3057 1366 3095 autographa
1382 3059 1523 3088 veterum
1539 3057 1699 3097 plebiscita
1713 3058 1744 3088 et
1757 3059 2025 3089 senatusconsulta
2040 3061 2181 3098 surrepta
2191 3082 2199 3097 ‚

1174 3111 1205 3139 et
1223 3118 1262 3139 ex
1279 3110 1348 3148 aliis
1368 3110 1550 3141 civitatibus
1563 3134 1572 3149 ,
1598 3109 1752 3149 quidquid
1768 3110 1905 3149 priscum
1923 3112 1953 3141 et
1969 3119 2074 3141 rarum
2091 3119 2127 3140 ac
2151 3119 2200 3140 re-

1173 3160 1334 3191 conditum
1370 3162 1469 3199 esset,
1501 3162 1690 3192 corraserat.
1722 3163 1793 3197 Quo
1821 3161 1851 3191 in
1881 3162 1963 3192 furto
1990 3161 2199 3200 deprehensus

1173 3211 1320 3250 Athenis,
1341 3212 1451 3251 capitis
1468 3212 1593 3243 adiisset
1614 3213 1790 3251 pericnlum
1802 3236 1810 3249 ‚
1827 3211 1859 3241 ni
1876 3212 1946 3250 fuga
1962 3212 2119 3242 evasisset.
2138 3211 2196 3242 Sed

1173 3273 1235 3294 non
1258 3265 1359 3295 multo
1387 3266 1476 3303 post,
1493 3265 1604 3295 officiis
1628 3267 1659 3295 et
1684 3264 1841 3304 obsequiis
1865 3264 2035 3294 demeritus
2060 3263 2196 3300 multos,

1174 3315 1309 3346 Athenas
1329 3315 1437 3354 rediit;
1467 3316 1571 3354 ibique
1593 3316 1728 3346 consiliis
1754 3316 1925 3354 emptisque
1941 3314 2133 3352 suffragatus
2151 3313 2197 3342 est
