2289 3728
91 158 159 189 128

1097 231 1103 243 Χ

78 236 215 274 σθεῒσάν
237 251 323 277 τινος
350 232 547 272 Παυσανίου
569 232 767 275 Θετταλοῦ,
794 229 883 266 κατὰ
903 231 1022 281 φθόνον
1050 247 1108 268 και

79 294 260 340 δυσζηλίαν
278 298 351 334 ταῖς
368 291 512 334 ξυλίναις
526 288 692 339 χελώναις
706 286 923 336 τυπτομένην
944 290 977 325 ἐν
995 287 1110 340 Ἀφρο.

78 353 169 399 δίτης
185 355 279 403 ἳερῷ.
298 350 359 388 Διὸ
376 348 435 386 καὶ
454 348 492 384 τὸ
509 347 645 396 τέμενος
661 347 829 393 κληθῆναι
843 347 982 390 ἀνοσίας
996 348 1111 400 Ἀφρο-

78 411 179 456 δίτης.
198 408 399 448 Δείκνυσθαι
417 405 444 443 δ’
457 406 562 450 αὐτῆς
581 405 686 457 τάφον
702 404 796 455 παρὰ
811 407 859 456 τῷ
875 407 1032 457 Πηνειῷ,
1048 422 1109 452 ση-

79 470 171 517 μεῖον
192 467 314 518 ἔχοντα
333 464 450 517 ὑδρίαν
471 463 614 509 λιθίνην,
634 462 693 500 καὶ
713 463 918 515 ἐπίγραμμα
933 464 1007 501 τόδε
1021 481 1028 488 ·

157 556 182 584 T
184 554 258 590 ῆσδέ
270 552 338 583 ποθ’
352 548 370 588 ἦ
386 550 576 591 μεγάλαυχος
593 550 733 586 ἀνίκητός
746 561 778 581 τε
795 552 867 591 πρὸς
881 552 975 587 ἀλκὴν

199 600 306 634 Ἑλλὰς
323 598 474 633 ἐδουλώθη
488 597 612 632 κάλλεος
629 598 749 628 ἰσοθέου
760 621 768 635 ,

160 647 271 682 Λαΐδος
283 657 289 663 ·
305 646 340 681 ἢν
355 645 521 675 ἐτέκνωσεν
535 643 651 683 Ἔρως,
667 644 770 683 θρέψεν
787 644 818 673 δὲ
836 643 995 683 Κόρινθος·

200 696 297 723 κεῖται
312 691 336 721 δ’
353 691 383 721 ἐν
399 692 525 726 κλεινοῖς
541 691 735 725 Θετταλικοῖς
749 689 874 725 πεδίοις.

81 767 409 818 Αὐτοσχεδιάζουσιν
436 760 492 803 οὖν
521 767 552 802 οἱ
581 765 735 815 λέγοντες
760 765 866 810 αὐτὴν
892 766 925 801 ἐν
959 764 1111 814 Κορίνθῳ

78 827 242 878 τεθάφθαι
258 824 342 876 πρὸς
356 827 404 876 τῷ
422 823 591 875 Κρανείῳ.

132 886 302 932 Stephan.
318 886 402 931 Byz.
415 897 450 920 v.
468 880 644 932 Κραστὸς,
656 881 751 922 πόλις
768 879 939 921 Σικελίας.
955 878 1020 916 Ἐκ
1033 877 1113 914 ταύ-
1140 896 1142 907 ›

995 935 1022 948 ixx
1065 934 1081 949 cl

78 959 137 988 της
150 947 222 988 ἦν..
246 937 333 982 Λαῒς
352 945 373 987 ἡ
390 940 532 990 ἑταίρα,
551 942 596 981 ὡς
618 940 819 984 Νεάνθης...
842 937 969 974 Ἀπίων
991 951 1045 976 οε,
1061 951 1112 972 οτι

80 1001 177 1049 μόνος
200 1000 369 1049 Πολέμων
384 999 447 1050 ἔφη
463 997 524 1043 τὴν
539 997 651 1036 Λαίδα
671 996 867 1046 Κορινθίαν.
886 998 972 1031 Haec
987 1009 1110 1031 excer-

78 1057 196 1102 ptoris
210 1055 319 1102 culpa
334 1060 522 1100 corrupta.
539 1076 589 1082 —-
604 1052 695 1087 Cum
713 1051 913 1084 Polemone
934 1049 977 1084 de
993 1056 1111 1083 morte

79 1114 203 1149 Laidis
215 1114 355 1149 faciunt
373 1113 488 1148 schol.
506 1110 693 1157 Aristoph.
706 1110 761 1146 Pl.
789 1122 801 1143 1
813 1121 859 1155 79
874 1116 907 1143 et
922 1108 1109 1142 Plutarch.

80 1170 247 1201 Amator.
268 1180 298 1202 c.
317 1178 360 1200 21
378 1193 387 1208 ,
412 1177 453 1199 ex
480 1163 614 1210 quibus
636 1163 884 1196 narrationem
902 1161 1114 1194 Polemonis

79 1220 243 1266 supplere
259 1220 353 1253 licet.
369 1218 422 1253 Cf.
442 1218 589 1251 Pansam.
606 1216 640 1249 ΙΙ
655 1243 664 1261 ,
675 1226 702 1248 ‘2
715 1241 724 1258 ‚
743 1218 761 1255 4
775 1241 782 1257 ,
800 1220 836 1248 et
851 1214 888 1247 in
901 1214 1112 1247 universum

764 1271 780 1288 ¹)

77 1278 224 1314 Jacobs.
244 1276 335 1311 Mus.
365 1278 439 1311 Ati.
471 1276 545 1313 ΙΙΙ,
577 1286 596 1307 2
610 1301 618 1316 ,
648 1286 685 1320 p.
714 1285 782 1316 17³
813 1284 894 1318 sqq.
927 1284 997 1305 221
1028 1283 1110 1317 sqq.

79 1357 128 1362 -—
144 1332 480 1385 αὐτοσχεδιάζουσιν]
496 1334 593 1367 Inter
610 1344 689 1376 eos,
703 1337 744 1366 ut
758 1330 920 1376 vitlena,
938 1331 1108 1365 Timaeus.

567 1420 625 1461 45.

329 1516 353 1548 1¹]
382 1515 526 1548 Lumo
556 1513 859 1548 DITODECIMO.

134 1614 328 1648 Athenaeus
340 1612 421 1655 XV,
441 1624 477 1658 p.
495 1610 583 1657 698,
601 1614 633 1645 A
650 1622 657 1647 ζ
682 1608 812 1645 Πολλοί
830 1623 915 1649 τινες
930 1608 1114 1659 παρῳδιῶν

80 1670 219 1715 ποιηταὶ
239 1668 458 1719 γεγόνασιν...
482 1666 696 1709 ἐνδοξότατος
716 1666 743 1703 δ’
763 1662 802 1711 ἦν
828 1665 974 1708 Εὔὸοιος
995 1668 1011 1702 6
1034 1665 1115 1703 Ποί-

85 1744 169 1778 ριος,
195 1726 372 1777 γενόμενος
399 1731 467 1766 τοῖς
496 1724 628 1776 χρόνοις
658 1724 747 1761 κατὰ
779 1724 972 1762 Φίλιππον,
1007 1718 1116 1764 Οῧτός

83 1788 173 1822 ἐστιν
200 1788 217 1822 6
250 1784 308 1821 καὶ
337 1783 525 1829 Ἀθηναίοις
553 1782 859 1831 λοιδορησάμενος,
887 1780 945 1818 καὶ
972 1779 1116 1824 σώζεται

86 1845 188 1881 αὐτοῦ
221 1845 287 1880 τῶν
327 1843 510 1893 παρῳδιῶν
543 1839 660 1892 βιδλία
690 1841 856 1890 τέσσαρα.
893 1837 1116 1886 Μνημονεύει

83 1901 113 1938 δ’
131 1903 234 1938 αὐτοῦ
253 1900 375 1949 Τίμων
391 1901 424 1936 ἐν
442 1902 489 1951 τῷ
507 1898 634 1950 πρώτῳ
649 1900 716 1934 τῶν
736 1898 885 1935 Σίλλων.
948 1895 1115 1944 Πολέμων

82 1960 109 1996 δ’
136 1961 168 1997 ἐν
189 1961 238 2011 τῷ
258 1957 440 2009 δωδεκάτῳ
465 1959 532 1995 τῶν
563 1958 655 2008 Πρὸς
681 1955 831 2004 Τίμαιον
854 1954 932 2006 περὶ
959 1957 1024 1990 τῶν
1054 1953 1115 1996 τὰς

82 2070 199 2110 templo
217 2083 224 2100 :
240 2069 312 2100 inde
325 2069 443 2108 templo
463 2076 579 2099 nomen
596 2067 780 2106 impositum
795 2074 861 2097 esse,
876 2067 996 2104 Imptae
1018 2066 1116 2095 Vene-

80 2124 144 2152 ris.
166 2121 334 2152 Monstrari
351 2122 457 2151 antem
479 2120 522 2150 ait
551 2118 731 2158 sepulcrum
753 2117 821 2156 ejus
843 2116 935 2155 juxta
960 2118 1116 2153 Peneum,

82 2175 204 2213 signum
219 2174 336 2204 habens
350 2173 494 2212 hydriam
509 2171 682 2211 lapideam,
698 2179 771 2201 cum
793 2170 851 2199 hac
867 2167 1069 2207 inscriptione
1089 2181 1094 2198 z

152 2237 249 2270 Hujus
269 2235 469 2271 pulcritudine
482 2233 591 2261 deabus
599 2231 810 2268 aequiparandae
824 2231 853 2258 in
868 2231 1039 2258 servitutem
1050 2230 1118 2256 olim

188 2282 305 2310 redacta
317 2284 359 2309 est
373 2281 480 2308 invicta
496 2279 670 2307 fortitudine
685 2278 815 2312 glorians
827 2276 939 2303 Graecia
951 2297 959 2309 ‚

155 2328 263 2359 Laidis3
281 2335 367 2363 quam
381 2327 483 2361 genuit
504 2331 606 2358 Amor,
624 2324 808 2354 nuti-ivitque
824 2323 985 2350 Corinthus
1003 2332 1007 2347 :

186 2376 322 2409 jacetque
332 2381 414 2401 nunc
427 2373 456 2400 in
470 2372 579 2407 campis
591 2371 740 2399 nobilibus
753 2369 912 2398 Thessaliae.

84 2444 189 2476 Quare
203 2440 359 2477 nugantur
373 2438 426 2478 qui
441 2437 581 2468 Corinthi
597 2444 666 2467 eam
680 2443 777 2475 prope
791 2436 949 2466 craneum
964 2433 1118 2472 sepultam

83 2492 203 2520 dicunt.

573 2532 630 2563 45.

126 2588 329 2619 l’aroaeliarmn
367 2588 468 2627 poetae,
502 2586 594 2616 multi
621 2585 748 2616 suerunt
765 2594 773 2622 ;
806 2581 1018 2613 nobilissimus
1042 2589 1117 2610 vero

87 2641 225 2672 iiuboeus
252 2640 379 2677 Parius,
404 2639 458 2678 qui
485 2637 619 2677 Philippi
647 2636 726 2667 vixit
749 2636 853 2666 aetate.
880 2633 963 2664 idern
984 2633 1032 2663 hic
1055 2635 1117 2671 est,

84 2691 139 2730 qui
157 2691 362 2722 Athenienses
381 2691 476 2721 etiam
499 2688 676 2720 maledictis
692 2686 862 2725 exagitavit
878 2698 884 2715 z
903 2687 934 2715 et
950 2687 1119 2723 supersunt

85 2745 152 2782 ejus
169 2743 372 2774 Parodiarnm
386 2743 457 2773 libri
475 2743 638 2782 quattuor.
659 2739 849 2771 Mentionem
866 2738 960 2777 hujus
977 2738 995 2767 s«
1006 2738 1048 2767 eit
1066 2737 1117 2767 Ti-

86 2805 159 2826 mon
172 2820 180 2835 ‚
199 2796 300 2835 primo
317 2795 474 2826 Sillorum
493 2794 620 2825 Polemo
638 2802 711 2823 vero
725 2816 734 2831 ‚
749 2791 938 2823 duodecimo
955 2789 1034 2820 libro
1059 2789 1119 2820 Ad-

86 2857 194 2880 versus
206 2849 360 2879 'i'iniaeuin
371 2871 379 2884 ‚
395 2847 434 2877 de
445 2847 648 2877 Parodiarum
660 2845 865 2885 scriptoribus
878 2843 974 2874 verba
986 2842 1101 2872 faciens
1110 2867 1117 2880 ,

87 2901 153 2930 haec
172 2899 281 2929 scribit
298 2912 304 2930 ι
323 2911 337 2925 «
358 2899 460 2928 Etiam
480 2899 623 2928 Boeotmn
647 2899 678 2927 ct
695 2896 871 2934 Balneum,
893 2894 946 2933 qui
974 2893 1119 2924 Parodias

86 2950 295 2990 scripserunt,
314 2949 441 2980 laudeni
468 2949 617 2979 meruisse
641 2948 742 2978 dicam
765 2956 820 2984 eo,
850 2944 935 2984 quod
959 2945 1116 2983 ingeniosa

86 3000 272 3031 dexteritate
296 3000 428 3038 ludunt,
456 3001 487 3030 et
513 2999 688 3037 superiores
713 2999 822 3037 poetas
846 2996 1032 3036 posteriores
1062 2994 1118 3034 ipsi

86 3050 289 3084 antecellunt.
309 3053 456 3082 inventor
477 3050 604 3089 quidem
629 3049 722 3087 hujus
742 3048 861 3087 generis
884 3048 1050 3086 Hipponax
1075 3047 1116 3076 di-

87 3105 204 3135 sendus
214 3105 272 3141 est,
288 3104 463 3134 iamborum
478 3103 579 3142 poeta.
596 3101 678 3131 Dicit
690 3100 773 3131 enim
789 3100 838 3129 hic
851 3100 883 3129 in
898 3097 1094 3129 neminen-is
1111 3111 1116 3127 :

157 3174 235 3200 Musa
247 3193 255 3206 ,
272 3172 341 3199 mihi
356 3170 585 3206 Eurymedontis
599 3170 691 3197 tilium
709 3175 780 3196 cane
795 3165 1064 3200 l‘ontocharybdin,

156 3217 283 3251 gladium
298 3217 328 3244 in
343 3219 446 3245 ventre
459 3216 616 3243 habentem
627 3236 634 3246 ,
647 3215 696 3249 qui
714 3213 871 3241 immodice
885 3214 978 3240 vorat.

159 3270 208 3297 Dic
223 3269 292 3297 mihi
307 3276 366 3304 quo
381 3270 467 3304 pacto
480 3267 562 3294 malis
573 3265 721 3299 suffragiis
735 3265 807 3292 inula
823 3267 918 3291 morte,
933 3262 1050 3298 perierit
1064 3283 1069 3292 ,

159 3315 258 3350 populi
271 3314 382 3349 jndicio
396 3313 483 3341 maris
496 3311 530 3339 ad
547 3312 612 3339 titus
627 3310 800 3338 infructuosi
813 3312 818 3336 ἔ

1136 232 1141 256 l

877 144 1160 181 POLEMONiS
1191 144 1406 182 lLlENSlS

1169 236 1344 287 παρῳδίας
1359 235 1577 286 γεγραφότων
1592 236 1736 286 ἱστορῶν
1753 234 1833 271 τάδε
1853 234 1992 286 γράφει·
2015 252 2030 267 «
2059 234 2127 272 Καὶ
2143 233 2202 271 τὸν

1172 296 1318 334 Βοιωτὸν
1337 295 1371 332 δὲ
1400 294 1458 332 καὶ
1486 295 1544 332 τὸν
1565 293 1710 333 Εὔὸοιον
1730 293 1807 336 τοὺς
1835 293 1896 336 τὰς
1915 293 2092 346 παρῳδίας
2117 294 2202 345 γρά-

1169 357 1298 405 ψαντας
1318 352 1452 402 λογίους
1469 352 1509 390 ἂν
1530 352 1680 404 φήσαιμι
1705 351 1760 389 διὰ
1784 351 1821 389 τὸ
1842 352 1975 396 παίζειν
1998 351 2203 403 ἀμφιδεξίως

1169 411 1227 448 καὶ
1248 414 1313 448 τῶν
1339 410 1611 462 προγενεστέρων
1629 413 1780 456 ποιητῶν
1801 410 1980 462 ὑπερέχειν
2005 410 2204 460 ἐπιγεγονό-

1169 484 1241 511 τας.
1272 469 1423 519 Εὑρετὴν
1448 469 1510 516 μὲν
1536 463 1593 505 οὖν
1614 468 1730 518 γένους
1749 467 1975 506 Ἱππώνακτα
1998 468 2122 521 φατέον
2148 469 2205 506 τὸν

1140 543 1142 588 γ
1170 527 1386 576 ἷαμὸοποιόν.
1406 527 1506 576 Λέγει
1523 526 1589 578 γὰρ
1606 521 1699 570 οὗτος
1719 530 1752 564 ἐν
1768 533 1840 570 ταῖς
1861 527 2072 578 ἑξαμέτροις·

1140 630 1142 667 l
1253 625 1366 656 Μοῦσά
1380 636 1430 665 μοι
1450 625 1729 665 Εὐρυμεδοντιάδεα
1744 625 1798 661 τήν
1814 623 2054 664 ποντοχάρυὸδιν

1140 676 1142 680 '
1251 672 1304 708 τήν
1323 672 1635 712 ἐγγαστριμάχαιραν,
1654 672 1685 706 ὃς
1700 671 1792 702 ἐσθίει
1809 671 1844 701 οὐ
1860 670 1941 700 κατὰ
1955 669 2087 708 κόσμον,

1253 718 1347 757 ἔννεφ’
1359 718 1441 753 ὅπως
1455 719 1559 757 ψηφῖδι
1574 721 1654 757 κακῇ
1671 718 1767 748 κακὸν
1781 717 1862 747 οἶτον
1876 717 1980 752 ὄληται
1992 740 2000 753 ,

1252 766 1348 803 βουλῇ
1362 764 1496 803 δημοσίῃ
1510 764 1594 804 παρὰ
1611 763 1664 794 θῖν’
1680 764 1750 798 ἁλὸς
1765 764 1952 802 ἀτρυγέτοιο.

1140 684 1142 736 l

1140 851 1141 855 ’
1176 843 1355 894 Κέχρηται
1381 842 1415 879 δὲ
1436 842 1495 879 καὶ
1521 844 1539 878 ὁ
1560 841 1777 892 Ἐπίχαρμος
1805 843 1822 877 6
1849 839 2062 891 Συρακόσιος
2084 839 2118 876 ἔν
2141 854 2206 875 τινι

1171 904 1237 939 τῶν
1257 900 1441 952 δραμάτων
1463 900 1515 938 ἐπ’
1532 900 1645 951 ὀλίγον
1665 900 1724 937 καὶ
1749 901 1917 949 Κρατῖνος
1939 901 1957 936 6
1980 901 2040 944 τῆς
2060 898 2208 952 ἀρχαίας

1171 959 1355 1010 κωμῳδίας
1377 958 1522 1004 ποιητὴς
1547 961 1580 996 ἐν·
1612 957 1803 1003 Εὐνείδαις,
1835 957 1894 994 καὶ
1917 959 1983 994 τῶν
2007 959 2084 994 κατ’
2108 956 2208 1008 αὐτὸν

1140 1038 1142 1040 ·
1173 1017 1342 1067 (Ηγήμων
1369 1020 1386 1054 ὁ
1417 1017 1566 1064 Θάσιος,
1601 1016 1637 1054 ὃν
1669 1016 1812 1054 ἐκάλουν
1844 1017 1986 1060 Φακῆν.
2009 1015 2110 1066 Λέγει
2141 1014 2208 1066 γὰρ

1202 1076 1208 1089 Ι

1173 1092 1277 1118 Ουῗίιὶς
1287 1092 1294 1098 “

1254 1175 1304 1208 Ἐς
1321 1174 1351 1204 δὲ
1364 1174 1467 1205 Θάσον
1483 1174 1513 1213 μ’
1533 1174 1659 1204 ἐλθόντα
1677 1173 1906 1213 μετεωρίζοντες
1921 1173 2048 1203 ἕιῖαλλον

1254 1220 1394 1250 πολλοῖσι
1408 1221 1583 1250 σπελέθοισι
1594 1244 1603 1258 ,
1617 1221 1668 1250 καὶ
1684 1220 1743 1250 ὧδέ
1756 1218 1799 1255 τῖς
1814 1219 1880 1249 εἶπε
1893 1219 2051 1258 παραστάς
2063 1227 2068 1232 ”

1258 1266 1301 1297 ¹0.
1315 1266 1437 1296 πάντων
1455 1268 1571 1306 ἀνδρῶν
1590 1267 1796 1306 βδελυρώτατε
1808 1290 1816 1302 ,
1834 1265 1877 1300 τίς
1892 1266 1921 1296 σ’
1937 1265 2095 1296 ἀνέπεισεν

1258 1314 1285 1347 ἐς
1302 1314 1397 1349 καλὴν
1414 1313 1548 1353 κρηπῖδα
1562 1313 1652 1343 ποσὶν
1666 1312 1794 1343 τοιοῖσδ’
1812 1311 1981 1349 ἀναὸῆναι;

1257 1362 1344 1389 Τοῖσι
1361 1360 1386 1390 δ’
1403 1360 1464 1398 ἐγὼ
1482 1363 1557 1390 πᾶσι
1575 1360 1703 1400 σμικρὸν
1720 1359 1796 1399 μετὰ
1810 1359 1891 1388 τοῦτ’
1908 1358 1979 1393 ἔπος
1997 1358 2084 1389 εἷπον
2097 1368 2103 1374 ·

1256 1407 1365 1447 Λῆμμ’
1379 1407 1521 1439 ἀνέπεισε
1535 1408 1661 1448 γέροντα
1674 1409 1725 1438 καὶ
1748 1407 1804 1438 οὐκ
1818 1407 1944 1438 ἐθέλοντ’
1960 1407 2107 1444 ἀναὸῆναι

1257 1457 1307 1484 καὶ
1322 1454 1429 1490 σπάνις
1440 1479 1447 1491 ,
1462 1456 1480 1492 ἢ
1494 1456 1622 1490 πολλοὺς
1638 1454 1764 1485 Θασίων
1779 1455 1818 1489 εἰς
1835 1454 1949 1484 ὁλκάδα
1965 1453 2066 1493 βάλλει

1259 1500 1412 1540 εὐκούρων
1428 1500 1594 1540 βδελυρῶν,
1615 1500 1763 1530 ὀλλύντων
1778 1499 1804 1530 τ’
1821 1499 1993 1538 ὀλλυμένων
2009 1510 2040 1530 τε

1261 1548 1387 1586 ἀνδρῶν,
1402 1548 1429 1577 οἳ
1444 1550 1495 1577 νῦν
1510 1548 1586 1578 κεῖθι
1604 1551 1708 1582 κακῶς
1723 1547 1805 1577 κακὰ
1819 1547 2024 1586 ραψῳδοῠσιψ

1260 1593 1302 1627 οἷς
1317 1594 1367 1622 καὶ
1386 1593 1448 1631 ε’γὼ
1467 1593 1544 1630 μετὰ
1560 1596 1622 1628 τοῖς
1636 1593 1722 1623 σίτου
1737 1593 1857 1632 χρῄζων
1872 1593 2013 1628 ἐπίθησα.

1144 1613 1147 1669 i
1259 1639 1348 1674 Αὖθις
1363 1639 1388 1670 δ’
1407 1640 1464 1669 οὐκ
1478 1640 1526 1670 ε’πὶ
1545 1640 1649 1679 κέρδος
1670 1639 1861 1679 ἀποίσομαι,
1881 1640 1921 1674 εἰς
1940 1639 2074 1672 Θασίους
2089 1639 2119 1668 δὲ

1261 1686 1352 1725 μηδὲν
1366 1686 1528 1725 πημαίνων
1545 1687 1652 1716 κλυτὸν
1673 1686 1801 1726 ἄργυρον
1816 1685 1983 1724 ἐγγυαλίξω

1425 1733 1438 1747 ᾗ
1625 1733 1640 1747 ’ἁ
1868 1733 1884 1748 ἰ

1262 1780 1313 1815 Μή
1327 1790 1369 1813 τις
1390 1789 1440 1818 μοι
1455 1779 1535 1809 κατὰ
1552 1779 1637 1810 οἷκον
1655 1779 1827 1818 Ἀχαῖάδων
1840 1780 1994 1819 νεμεσήσῃ

1260 1827 1450 1865 πεσσομένης
1468 1826 1583 1866 ἀλόχου
1596 1827 1647 1857 τὸν
1661 1826 1810 1867 ἀχύρμιον
1828 1826 1918 1866 ἄρτον
1932 1827 1961 1856 ἐν
1973 1826 2068 1859 οἶκοις
2080 1848 2087 1861 ,

1260 1872 1312 1902 καί
1327 1873 1402 1902 ποτε
1417 1883 1460 1907 τις
1478 1873 1549 1912 ε’ίπῃ
1564 1874 1692 1913 σμικρὸν
1708 1874 1844 1914 τυροῦντ’
1860 1874 2014 1904 ἐσιδοῦσα·

1146 1943 1149 1976 Ι
1262 1921 1301 1953 ὡς
1322 1919 1437 1949 Φιλίων
1451 1919 1565 1958 Ὁρμην
1581 1919 1653 1958 παρ’
1671 1919 1869 1955 Ἀθηναίοισιν
1884 1918 1989 1953 ἀείσας

1261 1966 1438 2001 πεντήκοντ’
1457 1966 1546 1996 ἔλαθε
1560 1966 1697 2005 δραχμὰς
1707 1989 1715 2003 ,
1734 1966 1772 1996 συ
1786 1966 1817 1996 δὲ
1833 1965 1938 2005 μικρὸν
1953 1965 2095 2004 ἐπέμψω.

1180 2063 1298 2094 Eodem
1318 2073 1428 2103 genere
1447 2065 1541 2095 ctiam
1559 2064 1767 2104 Epicharmus
1781 2064 1968 2104 Syracusius
1989 2063 2216 2103 aliquantisper

1147 2130 1150 2146 ι
1178 2129 1254 2152 usus
1268 2123 1313 2152 est
1327 2130 1456 2152 suorum
1472 2122 1501 2152 in
1516 2121 1696 2152 dramatum
1714 2122 1818 2161 aliquo
1834 2134 1840 2151 :
1857 2121 1932 2152 item
1950 2120 2116 2157 Cratinus,
2129 2122 2213 2151 vete—

1179 2180 1221 2210 ris
1236 2180 1401 2211 comoediae
1418 2183 1509 2220 poeta
1522 2204 1530 2218 ‚
1556 2181 1585 2210 in
1607 2179 1751 2217 Eunidis;
1767 2180 1798 2210 et
1818 2179 1872 2218 qui
1892 2178 2001 2209 eadem
2021 2179 2115 2209 aetate
2135 2178 2216 2208 vixit

1180 2238 1338 2276 Hegemon
1355 2237 1503 2272 Thasius,
1523 2246 1619 2276 quem
1640 2236 1857 2268 Lenticulam
1876 2236 2042 2267 vocabant.
2061 2236 2111 2267 Sic
2130 2236 2213 2267 enim

1180 2295 1230 2326 ille
1244 2295 1351 2326 scribit
1367 2305 1374 2324 z

1248 2394 1370 2421 Thasum
1385 2401 1431 2421 mc
1446 2394 1613 2421 venientem
1627 2393 1747 2421 sublatis
1761 2393 1956 2427 conjecerunt

1251 2447 1349 2474 inuitis
1361 2446 1553 2478 stereoribus,
1568 2449 1596 2473 et
1610 2445 1726 2473 adstans
1737 2445 1841 2480 aliquis
1854 2446 1892 2472 ita
1908 2453 1954 2473 me
1968 2444 2156 2480 compellavit
2171 2453 2178 2471 ε

1248 2502 1272 2526 0
1286 2501 1419 2526 omnium
1432 2499 1585 2526 hominum
1601 2498 1817 2531 scelestissime,
1830 2498 1895 2533 quis
1909 2497 1960 2525 tibi
1976 2497 2117 2533 persuasit

1249 2553 1358 2589 pulcrze
1372 2554 1405 2580 ut
1419 2551 1547 2587 crepidse
1561 2551 1667 2579 talibus
1682 2551 1828 2578 insisteres
1842 2549 1986 2585 pedibus?

1249 2605 1359 2638 Quibus
1374 2612 1428 2639 ego
1442 2604 1579 2631 omnibus
1592 2604 1648 2631 hoc
1662 2603 1786 2631 verbum
1799 2602 1937 2638 respondi
1954 2612 1960 2629 ε

1250 2660 1385 2691 Qufflslus
1398 2664 1443 2683 me
1457 2656 1574 2693 impulit
1588 2663 1686 2683 senem
1699 2658 1728 2683 et
1742 2656 1868 2683 invitum
1881 2654 2074 2686 adscendere,

1250 2712 1285 2737 Et
1298 2710 1412 2744 inopia,
1428 2709 1535 2737 multos
1548 2716 1613 2744 quae
1626 2708 1743 2736 Thasios
1756 2708 1786 2734 in
1800 2715 1904 2735 navem
1920 2706 2067 2742 compellit
2081 2726 2089 2737 ‚

1250 2763 1385 2790 scelestos
1393 2763 1517 2797 J'uvencs
1526 2780 1533 2794 ‚
1548 2764 1578 2790 et
1590 2761 1747 2796 perdentes
1760 2763 1975 2796 percuntesquc

1251 2816 1344 2845 viros;
1360 2816 1408 2850 qui
1424 2822 1504 2842 nunc
1515 2814 1573 2840 illic
1589 2820 1677 2849 prave
1690 2820 1780 2848 prava
1794 2812 1955 2839 cantillant.

1252 2869 1293 2895 Ad
1310 2868 1385 2895 idem
1397 2874 1563 2902 genuscuin
1577 2866 1620 2893 his
1630 2868 1660 2894 et
1670 2873 1723 2899 ego
1736 2865 1834 2901 inopia
1846 2864 1991 2892 adductus
2002 2872 2048 2891 me
2058 2864 2196 2900 applicui.

1251 2924 1359 2948 liei-nin
1376 2928 1445 2947 vei-o
1458 2922 1586 2954 quaestus
1599 2926 1684 2946 causa
1698 2925 1758 2946 non
1772 2918 1859 2945 abibo
1873 2927 1880 2944 e
1895 2917 1944 2944 sed
1957 2917 2034 2952 apud
2047 2915 2164 2944 'thasios

1251 2974 1386 3000 innoxiusv
1401 2972 1499 3000 nobile
1512 2971 1658 3007 deponam
1672 2973 1837 3004 argentum.

1481 3033 1493 3045 v
1707 3031 1721 3043 nx
1889 3029 1904 3044 ν

1251 3093 1291 3118 Ne
1305 3098 1359 3126 qua
1374 3089 1445 3117 mihi
1458 3089 1635 3116 Achivarum
1648 3086 1833 3123 popularium
1849 3086 2019 3112 succenseat

1251 3137 1371 3171 uxorein
1386 3142 1465 3169 domi
1479 3148 1631 3168 acerosum
1647 3146 1752 3176 panem
1767 3138 1949 3172 subigentem
1960 3158 1966 3170 ,

1250 3198 1278 3223 et
1299 3203 1343 3222 ine
1357 3202 1480 3230 parvum
1494 3200 1610 3221 caseum
1627 3183 1772 3220 rerffionto
1785 3189 1996 3218 admiscentem
2009 3187 2210 3223 conspexerit,

1252 3259 1261 3271 ιι
1280 3247 1394 3274 l‘hilion
1408 3246 1485 3282 apud
1500 3246 1691 3273 Athenienses
1705 3245 1850 3278 Impetum
1864 3248 1988 3273 canem,
2098 3239 2188 3273 [dicat
2200 3251 2207 3266 :

1252 3311 1261 3323 «ι
1279 3301 1398 3326 rentum
1409 3299 1518 3334 aceepit
1533 3296 1683 3325 drachmas
1697 3298 1742 3325 :tu
1754 3302 1824 3324 vero
1832 3301 1934 3330 parum
1942 3293 2062 3320 domum
2071 3291 2181 3322 misisti,
2196 3307 2206 3321 n
