2289 3728
926 137 1251 176 FRAGMENTA.

20 233 102 268 quae
117 222 241 256 insunt
258 222 294 255 in
318 222 521 255 cavernulis
538 224 596 256 τοῦ
616 220 767 268 κέρνους,
786 234 867 267 quae
888 224 1051 267 plerum—

20 290 94 326 que
117 278 292 313 dieuntur
320 276 361 312 τὰ
384 275 517 328 ἄρρητα
534 281 608 313 sive
625 280 732 314 etiam
756 276 798 313 τὰ
820 278 986 325 μυστικά,
1007 279 1049 314 τὰ

20 334 211 385 μυστήρια,
232 335 278 371 cf.
314 336 480 373 Lobcck.
503 337 584 383 Agl.
606 349 643 383 p.
669 335 729 370 56.
751 337 835 370 Haec
864 337 967 370 labiis
994 338 1051 370 vel

19 393 187 428 manibus
217 393 507 428 attrectabantur
529 406 548 427 a
580 392 819 442 mystisostiiiv
852 391 1050 441 μυστηρίων

21 447 213 498 ἅπτεσθαι,
244 448 442 498 γεύεσθαι),
471 462 582 496 caque
602 451 697 483 actio
717 451 948 496 particularis
973 459 1051 485 erat

19 520 145 542 earum
162 508 455 541 caerimouiarum
469 535 477 550 ,
500 520 580 553 quae
607 514 748 541 cunctae
768 508 1052 553 appellabantur

20 563 139 608 τελετὴ
159 567 230 600 sive
256 562 439 613 μυστήρια.
460 566 540 599 Jam
560 565 645 599 hinc
676 561 952 611 interpretanda
974 566 1048 600 haec

20 622 120 669 apud
147 630 314 657 nostrum
341 634 348 656 :

20 680 38 715 ὁ
56 677 163 729 ἱερεὺς
186 681 240 715 vel
269 681 286 715 ὁ
308 678 529 729 ἱεροφάντης,
563 678 738 729 δᾳδοῦχος.
777 681 845 715 Hic
871 684 961 716 ποιεῖ
989 678 1049 724 τὴν

373 620 460 669 μετὰ
485 624 593 657 ταῦτα
614 619 675 666 τὴν
694 620 833 665 τελετὴν
859 625 948 657 ποιεῖ
969 625 1046 660 scil.

23 736 158 781 τελετὴν
177 739 215 774 h.
248 751 280 773 e.
313 736 480 781 δείκνυσι,
515 735 642 788 φαίνει,
676 734 845 787 παρέχει,
877 735 973 786 νέμει
1005 736 1048 773 τὰ

21 793 152 845 ἄρρητα
172 797 196 830 i.
218 809 248 830 e.
267 797 369 830 varia
389 797 447 829 illa
471 796 632 830 liborum
649 808 782 843 genera
795 824 803 839 ,
824 809 905 842 quae
922 796 1048 843 adspi—

19 854 175 897 ciantur,
196 854 372 900 labiisque
389 861 425 888 et
443 854 613 888 manibus
629 855 854 901 attingantur
875 866 895 888 a
913 855 1050 900 mystis.

18 932 69 936 --
94 912 307 957 Sequuntur
332 911 410 946 haec
438 922 446 947 ζ
468 909 526 946 καὶ
546 910 691 960 αἱρεῖται
709 912 776 958 (sc.
802 911 818 945 ὃ
838 909 1051 961 ἱεροφάντης)

19 967 56 1003 ἐκ
68 969 126 1011 τῆς
143 967 301 1015 θαλάμης
317 967 398 1019 (aut
411 969 656 1016 supplendum
669 967 706 1003 τὸ
718 966 847 1018 κέρνος,
862 977 904 1003 ut
916 966 1053 1016 θαλάμη

19 1027 65 1060 sit
84 1027 361 1072 receptaculum
382 1027 537 1072 aliquod
555 1038 698 1061 sacrum
718 1027 782 1060 ubi
803 1027 1056 1061 asservabatur

19 1081 208 1131 τὸκέρνος,
225 1091 287 1117 aut
307 1081 447 1130 θαλάμη
465 1091 518 1118 est
532 1084 653 1130 ipsum
674 1081 789 1131 κέρνος
801 1111 809 1127 ,
825 1091 866 1118 ut
886 1096 929 1118 ex
947 1084 1054 1128 liujus

20 1142 226 1176 cavernulis
253 1142 498 1189 hierophanta
520 1143 716 1188 sumpserit
734 1139 778 1176 τὰ
811 1139 962 1191 ἄρρητα)
994 1140 1052 1177 καὶ

22 1196 115 1246 νέμει
133 1196 205 1234 ὅσοι
227 1197 296 1234 ἄνω
319 1198 357 1235 τὸ
376 1198 490 1249 κέρνος
510 1199 800 1250 περιενηνοχότες.
824 1201 911 1234 Haec
930 1208 1056 1234 carent

18 1269 138 1292 sensu.
168 1257 322 1294 Casanb.
352 1258 591 1293 scribendum
622 1259 775 1305 putabat
791 1254 864 1292 ὅσοι
894 1255 934 1292 ἂν
958 1249 1022 1292 ὦσι
1043 1270 1051 1294 :

19 1327 87 1362 ego
106 1316 310 1362 interposui
325 1317 463 1351 lacunae
478 1316 613 1363 sigilla3
628 1328 713 1350 nam
730 1316 859 1350 omissa
874 1328 945 1350 esse
957 1329 1053 1349 non·

18 1374 118 1408 nulla
137 1375 258 1421 arguit
288 1381 324 1409 et
352 1386 541 1409 connexus
560 1375 846 1418 sententiarum,
875 1380 910 1408 et
934 1375 1054 1408 solent

17 1432 56 1464 in
77 1431 208 1465 talibus
232 1444 312 1478 quae
331 1440 488 1479 propter
504 1445 618 1467 unam
644 1444 776 1466 vocem
805 1439 1053 1479 excerpuntur

19 1489 108 1522 locis
122 1501 163 1523 ea
177 1490 398 1536 plerumque
413 1492 547 1534 omitti,
564 1503 645 1536 quae
661 1489 874 1525 officiebant
890 1489 938 1525 ad
952 1491 1052 1524 illam

18 1557 147 1580 vocem
167 1547 431 1583 festinantibus.
463 1548 603 1583 Omissa
632 1547 804 1583 videntur
832 1547 908 1582 fere
933 1547 1010 1581 haec
1042 1558 1050 1583 ε

18 1602 75 1637 καὶ
95 1601 189 1651 νέμει
209 1609 276 1646 τοῖς
296 1603 460 1652 μύσταις,
490 1605 548 1641 καὶ
567 1604 725 1654 γεύονται
753 1605 865 1657 αὐτῶν
895 1605 962 1655 (se.
986 1606 1051 1640 τῶν

19 1660 192 1710 ἀρρήτων)
212 1660 283 1698 ὅσοι
308 1663 377 1699 ἅνω
396 1663 464 1713 (sc,
492 1662 596 1710 εἶσί),
624 1661 661 1699 τὸ
678 1661 790 1712 κέρνος
811 1661 1054 1712 περιενηνοχό-

18 1732 83 1759 τες.
109 1721 193 1754 Haec
214 1720 288 1754 dici
307 1722 474 1768 suspicor
494 1722 537 1756 de
563 1723 605 1756 iis
632 1723 696 1768 qui
724 1718 1052 1770 κερνοφορήσαντες,

19 1777 57 1811 ἐκ
82 1776 260 1824 τυμπάνου
282 1778 445 1828 φαγόντες
466 1787 536 1814 etc.
560 1781 598 1814 in
617 1781 867 1814 sublimiorem
894 1780 1054 1824 aliquem

20 1835 143 1869 locum
155 1863 164 1879 ‚
181 1837 246 1870 uhi
263 1838 381 1871 stabat
398 1838 677 1884 hierophantes,
698 1838 984 1879 adscenderant,
1008 1837 1053 1871 ab

19 1894 92 1928 hoc
113 1895 176 1941 qui
195 1894 271 1940 jam
293 1895 450 1930 faciebat
468 1893 528 1939 τὴν
549 1893 686 1939 τελετὴν
712 1908 812 1930 sacra
840 1895 899 1928 illa
928 1895 1053 1929 abdita

20 1953 206 1998 accepturi
228 1959 263 1986 et
280 1954 461 2000 gustaturi
480 1966 486 1987 :
505 1955 522 1988 ὁ
542 1951 579 1988 τὸ
595 1951 710 2001 κέρνος
732 1950 908 2002 βαστάσας
925 1949 1051 1986 τούτων

20 2006 168 2057 γεύεται.
180 2011 258 2044 Jam
270 2012 523 2057 sequituripsa
534 2011 732 2058 descriptio
743 2013 802 2046 τοῦ
814 2007 961 2059 κέρνους,
972 2021 1054 2056 quae
1083 2023 1087 2031 ¹

21 2073 73 2101 est
93 2075 128 2102 et
143 2069 413 2103 accuratissima
429 2077 462 2103 et
476 2069 660 2115 expedita.
676 2070 840 2103 Primum
858 2069 978 2114 ipsum
995 2080 1055 2102 vas

21 2125 129 2171 quale
151 2126 261 2159 fuerit
280 2133 482 2160 enarratur.
507 2124 633 2174 Κέρνος
651 2134 730 2160 erat
749 2138 810 2160 vas
827 2125 937 2159 fictile
957 2123 1051 2174 (tum

23 2182 94 2217 hoc
106 2189 183 2217 tum
199 2182 317 2230 figura
331 2191 366 2218 et
377 2185 420 2218 iis
437 2197 516 2230 quae
531 2185 628 2218 intus
643 2190 745 2218 erant
761 2183 954 2218 disserebat
966 2195 987 2218 a
1003 2181 1053 2217 κί-

23 2253 102 2289 στῃ,
112 2253 192 2287 quae
204 2249 279 2276 erat
293 2240 431 2276 deabus
439 2243 630 2277 Eleusiniis
642 2249 676 2276 et
688 2242 821 2277 Libero
837 2254 935 2276 sacra
951 2254 957 2274 :
975 2253 1054 2286 quae

22 2306 101 2334 erat
116 2297 246 2343 πλεκτὴ
268 2300 327 2334 vel
344 2301 482 2347 lignea⁷
502 2313 536 2336 v.
558 2304 733 2336 Ammon..
758 2302 811 2335 De
832 2299 912 2335 diff.
944 2299 1051 2333 verb.

23 2369 60 2393 v.
93 2354 258 2404 κιὸωτός,
290 2358 439 2392 Miinter
470 2359 675 2394 Dissertatt.
717 2359 829 2404 antiq.
865 2371 904 2404 p.
939 2358 1030 2402 204)
1044 2385 1052 2397 ,

21 2414 153 2450 multas
178 2416 274 2449 intus
302 2417 517 2451 cavernulas
546 2418 702 2460 habens,
723 2418 761 2450 in
789 2417 924 2463 quibus
951 2422 1054 2450 erant

21 2471 214 2508 κοτυλίσκοι
234 2474 308 2508 sive
329 2476 512 2523 κρατῆρες,
533 2488 568 2511 v.
590 2476 722 2509 Pollux
742 2476 807 2521 IV,
831 2474 915 2517 103,
935 2480 967 2508 et
988 2474 1051 2519 qui

22 2530 221 2565 laudantur
234 2544 253 2566 a
267 2532 420 2569 Casaub.
439 2533 485 2567 ad
502 2534 635 2568 Athen.
654 2546 691 2579 p.
710 2533 798 2576 476,
818 2534 858 2575 F,
879 2531 1051 2567 Schneid.

22 2588 70 2623 ad
85 2589 259 2625 Nicandr.
282 2591 452 2637 Alexiph.
471 2604 510 2637 p.
538 2591 629 2633 145,
651 2591 819 2626 Lobeck.
839 2591 920 2635 Agl.
935 2602 970 2636 p.
988 2588 1049 2622 26.

22 2647 65 2680 In
85 2645 266 2693 cotyliscis
284 2648 358 2682 istis
375 2648 530 2683 discreta
550 2649 825 2683 asservabantur
844 2661 923 2694 quae
946 2660 965 2681 a
985 2659 1052 2680 no-

22 2710 98 2738 stro
114 2712 390 2749 enumerantur,
412 2703 565 2754 ὅρμινοι,
586 2704 739 2752 μήκωνες
756 2714 841 2752 etc.‚
858 2718 938 2752 quae
960 2717 1052 2751 par-

24 2761 89 2794 tim
104 2761 372 2796 beneficiorum
392 2763 437 2797 ab
455 2776 494 2798 ea
506 2791 516 2810 ,
543 2776 623 2810 quae
643 2765 698 2798 his
717 2765 826 2798 sacris
845 2763 1051 2805 colebatur,

24 2817 92 2853 dea
101 2819 314 2853 hominibus
327 2819 552 2856 tributorum
567 2822 793 2855 monimenta
807 2820 912 2854 fuisse
921 2819 1052 2853 viden-

24 2882 97 2919 tur,
131 2877 265 2923 partim
292 2878 456 2924 ipsorum
483 2890 691 2921 sacrorum,
723 2878 857 2924 quibus
884 2877 960 2910 haec
987 2875 1052 2910 dea

417 3003 481 3039 DE
510 3004 658 3040 ARTo.

503 3131 560 3161 89.

66 3231 146 3260 Λνίο
161 3230 266 3269 (pane
278 3232 286 3268 )
299 3230 387 3261 nohis
400 3241 478 3271 opus
492 3234 549 3263 est.
566 3235 629 3264 Nec
643 3242 717 3263 vero
729 3233 818 3263 illum
832 3235 954 3265 Areum
965 3233 1035 3264 dico
1045 3259 1052 3272 ‚

28 3281 251 3319 Messapiorum
270 3281 301 3311 in
324 3282 435 3320 Apulia
453 3292 555 3322 regem
569 3308 577 3321 ‚
592 3284 630 3314 de
646 3293 709 3323 quo
726 3284 818 3315 etiam
841 3286 944 3315 exstat
962 3286 1052 3316 Pole-

27 3331 128 3362 monis
141 3334 394 3364 commentarius.
408 3335 620 3375 Ejusdemque
636 3338 667 3366 et
680 3336 877 3375 Thucydides
892 3338 1050 3377 meminit,

118 3396 302 3418 FIMGMENTA
324 3398 442 3420 tltSTou.
461 3399 510 3420 cr..
534 3408 568 3413 -—
588 3400 656 3422 vot.
680 3401 722 3421 ιιι.

2074 147 2140 176 1-15

1114 226 1304 260 colebatur
1324 234 1354 260 ct
1380 240 1460 273 quae
1477 229 1521 261 al»
1541 230 1613 274 ipsa
1637 229 1732 262 haud
1750 226 1864 261 dubie
1883 228 2044 260 instituta
2065 239 2139 261 esse

1114 283 1371 337 nmarrabanlur,
1392 292 1566 331 {anquam
1586 287 1736 331 insignia
1750 315 1759 332 ,
1778 286 1876 319 velut,
1894 283 1995 332 μέλι,
2011 282 2140 327 ἔλαιον,

1113 339 1211 383 οἰνος,
1236 339 1343 386 γάλα,
1368 343 1503 387 quibus
1528 345 1745 377 constabant
1766 343 1799 377 αἱ
1826 341 1989 389 νηφάλιαι
2009 340 2142 383 Ουσίαι,

1116 394 1152 427 in
1179 396 1315 440 quibus
1343 398 1411 431 rite
1445 399 1619 433 faciendis
1648 402 1752 434 ctiam
1774 398 1841 435 ὄϊον
1872 398 1960 448 ἔριον
1993 397 2141 434 ἄπλυτον

1114 452 1279 487 adhiberi
1297 455 1458 495 solebat,
1477 457 1522 489 cf.
1544 458 1646 492 I'aus.
1669 459 1771 499 vill,
1794 463 1850 499 lm„
1877 457 1918 501 5,
1939 458 2000 503 qui
2020 456 2144 493 Cereri

1114 510 1233 555 Nigrae
1254 512 1354 558 apud
1378 513 1604 558 Pliigalcnsrs
1632 516 1735 549 cultae
1759 517 1829 549 rite
1853 514 2052 550 sacrificata
2072 528 2143 550 csse

1115 576 1239 602 narrat
1256 570 1350 603 inter
1369 571 1436 604 alia
1455 568 1552 618 ἐρίων
1566 568 1608 605 τὰ
1627 570 1674 617 μὴ
1696 572 1726 612 ἐς
1744 571 1906 621 ἐργασίαν
1926 587 1980 608 πω
1996 571 2138 616 ἥκοντα,

1114 623 1202 661 ἀλλὰ
1229 623 1277 661 ἔτι
1304 625 1459 661 ἀνάπλεα
1489 629 1546 661 τοῦΙ
1565 626 1706 663 οἰσύπου
1731 631 1752 666 i.
1772 642 1805 666 c.
1830 628 1896 664 δ”-ζον
1916 627 2002 679 ἔριον
2026 629 2136 666 ἄπλυ-

1115 698 1182 719 τον.
1211 701 1225 714 υ

1475 772 1587 807 llEl‘l
1616 772 1790 807 ΛΡΤΟΥ.

1604 883 1662 928 85).

1168 985 1360 1020 Athenaeus
1380 986 1454 1028 ΙΙΙ,
1488 997 1524 1031 p.
1560 984 1651 1026 108,
1682 984 1712 1020 F
1742 996 1749 1018 :
1783 980 1908 1032 Ἄρτου
1938 984 2004 1028 δεῖ,
2028 984 2085 1020 καὶ
2107 987 2143 1021 οὐ

1121 1043 1187 1077 τῶν
1216 1040 1431 1078 Μεσσαπίων
1465 1039 1653 1090 βασιλέως,
1682 1039 1772 1088 λέγω
1803 1043 1870 1076 τῶν
1899 1042 1932 1077 ἐν
1962 1040 2145 1093 Ἰαπυγίᾳ,

1117 1099 1194 1149 περὶ
1225 1093 1262 1136 οὗ
1284 1097 1342 1135 καὶ
1364 1098 1577 1150 σύγγραμμά
1601 1100 1673 1134 ἐστι
1703 1096 1898 1147 Πολέμωνι.
1931 1100 2146 1147 Μνημονεύει

1117 1158 1146 1193 δ’
1171 1158 1273 1193 αὐτοῦ
1306 1157 1364 1193 καὶ
1396 1157 1611 1201 Θουκυδίδης
1643 1158 1675 1192 ἐν
1700 1155 1830 1207 ἓὲδόμῃ
1861 1156 1919 1193 καὶ
1951 1157 2146 1208 Δημήτριος

1118 1217 1135 1251 ὁ
1153 1214 1396 1265 κωμῳδοποιὸς
1419 1216 1452 1251 ἐν
1472 1216 1521 1265 τῷ
1542 1212 1805 1265 ἐπιγραφομένῳ
1835 1213 1985 1264 δράματι
2004 1216 2146 1266 Σικελία

1093 1290 1103 1303 ›
1118 1271 1173 1309 διὰ
1191 1276 1340 1309 τοῧτων·

1201 1378 1348 1408 Κάκεῖθεν
1364 1378 1404 1412 εἷς
1424 1379 1477 1414 τὴν
1496 1376 1626 1407 Ἰταλίαν
1645 1376 1748 1416 ἀνέμῳ
1764 1377 1842 1416 νότῳ

1199 1424 1376 1463 διεβάλομεν
1390 1424 1424 1454 τὸ
1441 1425 1573 1461 πέλαγος
1588 1424 1628 1458 εἰς
1642 1423 1861 1458 Μεσσαπίους·

1199 1470 1299 1510 ’Ἁρτος
1316 1470 1342 1501 δ’
1358 1471 1519 1500 ἀναλοιὸὼν
1539 1471 1665 1505 ἐξένισεν
1684 1472 1763 1509 ’ἡμᾶς
1778 1471 1889 1504 καλῶς·

1199 1517 1279 1552 ξένος
1299 1527 1332 1555 γε
1350 1517 1465 1556 χαρίεις
1483 1517 1518 1554 ἦν
1532 1517 1644 1551 ἐκεῖνος
1661 1518 1712 1546 καὶ
1729 1517 1820 1555 μέγας

1198 1564 1248 1594 καὶ
1266 1563 1412 1603 λαμπρός.

1117 1663 1220 1699 Suid.
1242 1677 1276 1700 v.
1300 1658 1484 1712 Ἄρτος....
1507 1660 1577 1698 ἔστι
1602 1660 1712 1697 δὲκαὶ
1731 1661 1838 1709 ὄνομα
1858 1660 2020 1711 τυράννου
2050 1665 2146 1699 Μεσ-

1117 1719 1269 1765 σαπίων,
1289 1719 1325 1755 ὃν
1346 1721 1404 1756 καὶ
1432 1718 1590 1767 πρόξενον
1611 1718 1806 1764 Ἀθηναίους
1831 1719 2039 1764 ποιήσασθαί
2065 1735 2146 1770 φησι

1118 1777 1304 1826 Πολέμων.

1169 1839 1224 1872 De
1245 1840 1336 1872 Arto
1362 1837 1491 1883 regulo
1518 1836 1753 1883 Thucydides
1771 1837 1858 1879 Vll,
1888 1836 1933 1870 33
1949 1863 1957 1879 ,
1982 1841 2001 1878 4
2037 1850 2044 1870 :
2077 1836 2146 1873 Καὶ

1117 1893 1320 1945 ὁρμηθέντες
1341 1892 1478 1929 αὐτόθεν
1498 1893 1567 1941 (sc.
1589 1891 1811 1940 Δημοσθένης
1834 1891 1892 1928 καὶ
1914 1892 2143 1943 Εὐρυμέδων)

1117 1951 1340 2002 κατίσχουσιν
1363 1951 1395 1991 ἐς
1420 1949 1480 1991 τὰς
1511 1950 1686 2000 Χοιράδας
1715 1949 1836 1994 νήσους
1868 1949 2065 1999 Ἰαπυγίας,
2088 1951 2146 1987 καὶ

1121 2008 1321 2051 ἀκοντιστάς
1351 2007 1386 2044 τέ
1420 2023 1512 2049 τινας
1546 2011 1612 2044 τῶν
1644 2008 1815 2057 Ἰαπύγων
1844 2007 2054 2052 πεντήκοντα
2087 2010 2144 2045 καὶ

1121 2066 1242 2103 ἑκατὸν
1262 2070 1320 2103 τοῦ
1342 2065 1548 2103 Μεσσαπίου
1572 2065 1683 2107 ἔθνους
1716 2064 1982 2109 ἀναῧιὲάζονται
2006 2065 2061 2101 ἐπὶ
2085 2066 2145 2108 τὰς

1118 2129 1217 2174 ναῦς,
1236 2124 1294 2161 καὶ
1315 2126 1362 2175 τῷ
1381 2123 1419 2161 ”A
1433 2139 1526 2174 ρτᾳ,
1551 2123 1657 2171 ὅσπερ
1681 2124 1738 2160 καὶ
1764 2123 1840 2166 τοὺς
1861 2123 2060 2166 ἀκοντιστὰς
2083 2125 2144 2160 δυ-

1115 2183 1240 2228 νάστης
1259 2180 1304 2218 ὧν
1334 2182 1508 2231 παρέσχεν
1529 2183 1659 2227 αὐτοῖς,
1680 2180 1954 2230 ἀνανε(ι)σάμενοι’
1974 2196 2048 2217 τινα
2069 2197 2141 2218 πατ

1115 2240 1215 2277 λαιὰν
1240 2241 1353 2290 φιλίαν
1388 2241 1604 2289 ἀφικνοῦνται
1635 2238 1869 2275 Μεταπόντιον
1891 2241 1948 2282 τῆς
1978 2236 2139 2280 Ἰταλίας.

1120 2297 1263 2336 Παλαιὰ
1281 2300 1342 2333 illa
1366 2296 1459 2348 φιλία
1473 2327 1481 2340 ,
1504 2311 1584 2345 quae
1610 2299 1793 2345 Messapiis
1811 2311 1894 2332 cum
1912 2298 2145 2333 Atheniensi⁶

1116 2360 1184 2393 bus
1215 2358 1454 2392 intercessisse
1490 2357 1639 2398 dicitur,
1676 2356 1893 2403 explicanda
1925 2363 1977 2390 est
2006 2368 2051 2391 ex
2082 2357 2143 2399 iis,

1117 2429 1198 2463 quae
1221 2416 1266 2450 de
1286 2416 1424 2449 Theseo
1451 2428 1490 2449 ex
1510 2416 1616 2449 Creta
1638 2416 1675 2447 in
1701 2415 1843 2448 Italiam
1864 2413 2030 2460 profecto
2060 2426 2146 2448 nar-

1114 2482 1244 2509 rantur
1268 2473 1368 2519 apud
1399 2473 1584 2508 Plutarch.
1608 2472 1677 2518 Qu.
1700 2473 1760 2507 Gr.
1784 2485 1814 2507 c.
1848 2471 1892 2506 35
1915 2479 1950 2505 et
1970 2471 2141 2508 Strabon,

1114 2535 1184 2577 VI,
1209 2546 1244 2580 p.
1267 2532 1354 2566 282.
1385 2532 1542 2566 Uberius
1558 2532 1634 2565 haec
1655 2531 1862 2577 exposuisse
1886 2531 2143 2571 Polemonem,

1116 2597 1403 2624 consentaneum
1426 2596 1491 2624 est.
1513 2588 1616 2623 Idem
1637 2601 1724 2624 num
1743 2587 1969 2634 Thucydidis
1989 2588 2145 2621 maxime

1082 2631 1086 2713 i
1114 2647 1238 2680 locum
1256 2646 1513 2681 illustrandum
1528 2646 1596 2680 sibi
1615 2646 1871 2692 proposuerit,
1892 2657 1972 2691 quae
1992 2645 2142 2679 Prelleri

1113 2705 1273 2750 suspicio
1297 2711 1366 2747 est,
1400 2705 1438 2738 in
1465 2704 1589 2738 medio
1613 2704 1799 2750 relinquo.
1828 2704 1994 2739 Ceterum
2022 2703 2145 2749 potuit

1113 2762 1189 2796 haec
1203 2759 1280 2809 περὶ
1297 2757 1418 2809 Ἄρτου
1435 2762 1585 2807 scriptio
1598 2789 1606 2805 ,
1621 2769 1662 2795 ut
1678 2762 1861 2795 Prellerus
1877 2768 2018 2803 monet,
2037 2761 2144 2794 etiam

1112 2831 1195 2866 pars
1222 2818 1330 2853 fuisse
1363 2817 1440 2864 ejus
1470 2820 1592 2865 operis
1623 2819 1726 2864 quod
1753 2819 2020 2854 inscribebatur
2057 2816 2144 2853 Κτί-

1113 2890 1180 2916 σεις
1200 2874 1376 2913 Ἰταλικῶν
1405 2875 1462 2910 καὶ
1484 2876 1685 2913 Σικελικῶν.
1720 2876 1774 2914 Cf,
1808 2876 1853 2910 de
1873 2879 1963 2910 Arto
1985 2875 2141 2921 Hesych.

1114 2987 1145 3015 et
1171 2984 1347 3016 Demetrius
1372 2985 1511 3015 comicus
1538 2985 1569 3014 in
1594 2985 1717 3022 fabula,
1738 2984 1788 3014 cui
1814 2984 1916 3015 Sicilia
1950 2983 2078 3020 titulus,
2098 2982 2144 3012 liis

1113 3035 1216 3066 verbis
1231 3048 1238 3066 z

1183 3094 1217 3119 Et
1230 3092 1297 3119 inde
1310 3092 1338 3119 in
1355 3092 1466 3118 ltaliam
1480 3094 1569 3119 vento
1583 3094 1682 3118 austro

1184 3139 1354 3172 trajecimus
1368 3139 1502 3173 pelagum
1516 3139 1544 3165 in
1561 3139 1723 3173 Messapios.

1185 3187 1274 3212 Artus
1288 3187 1385 3212 autem
1399 3192 1452 3211 nos
1465 3184 1591 3219 hospitio
1606 3184 1730 3217 henigne
1741 3183 1852 3218 excepit
1865 3192 1871 3208 :

1183 3230 1286 3266 hospes·
1303 3231 1428 3258 liberalis
1438 3231 1476 3258 ihi
1489 3252 1496 3264 ‚
1511 3238 1633 3265 magnus
1644 3233 1672 3256 ct
1683 3229 1852 3264 splendidus
1860 3230 1931 3254 erat.

1155 3290 1275 3327 Ανίιιε,
1304 3298 1417 3319 nomen
1444 3289 1539 3327 reguli
1569 3289 1792 3327 Messapiorum
1803 3312 1811 3323 ,
1843 3295 1936 3326 quem
1967 3293 2138 3324 proxeuuui

1116 3340 1317 3370 Athenienses
1330 3340 1385 3369 sibi
1402 3340 1598 3369 constituisse
1615 3339 1741 3369 Polemo
1756 3340 1872 3368 narrat.

1938 3397 1967 3419 ll)
