2338 3765
143 185 221 218 476

140 261 280 312 νόὸας).
308 264 502 299 Herculem
525 266 678 312 intelligi
703 272 829 300 monet
854 266 910 300 vir
941 266 978 303 d.
1017 267 1063 302 ad
1088 268 1124 304 h.
1148 268 1172 302 l.

142 322 197 355 De
220 322 379 357 Hercule
400 334 529 370 regum
549 323 777 357 Mauritaniae
797 334 937 369 proavo
951 350 961 367 ,
987 336 1020 360 v,
1039 324 1084 359 fr.
1113 337 1173 372 19.

523 416 587 450 DE
616 415 803 451 ARABIA

335 499 414 550 (ET
444 501 621 538 vlcms
649 480 962 552 REGIONIBUS)

627 606 687 654 39.

192 715 332 749 PlinIus
364 717 412 751 H.
442 716 487 751 N.
518 717 580 760 VI,
604 716 666 760 26,
685 729 720 763 p.
742 716 813 761 367
837 730 844 751 :
866 718 942 751 Sed
959 721 1173 764 priusquam

138 773 221 807 haec
240 771 309 821 (sc.
319 774 365 808 de
379 774 582 808 Carmania
598 787 643 808 ac
656 775 804 809 Perside
817 783 927 821 atque
945 774 1101 823 Arabia)
1116 789 1175 823 ge-

136 835 290 866 neratim
296 844 572 879 persequamur,
595 834 756 867 indicare
768 836 936 876 convenit,
959 847 1044 879 quoe
1054 835 1177 880 prodit

141 891 378 931 Onesicritus,
405 890 521 924 classe
548 891 752 925 Alexandri
771 894 1021 925 circunwectas
1040 894 1075 924 in
1093 904 1172 925 me—

135 947 347 981 diterranea
380 948 538 982 Persidis
576 960 624 982 ex
657 949 783 992 India,
824 957 977 983 narrata
1002 952 1173 995 proa‘ime

136 1018 161 1039 a
183 1006 282 1040 luha
302 1018 314 1039 .·
337 1006 421 1039 dein
450 1018 531 1040 cam
562 1009 848 1052 navigationem,
882 1020 964 1053 qua’
992 1007 1047 1040 his
1067 1010 1172 1042 annis

135 1071 326 1111 comperta
339 1071 503 1098 servatur
516 1064 639 1099 hodie.
665 1065 851 1099 Onesicriti
867 1073 902 1099 et
921 1064 1083 1099 Nearchi
1100 1078 1172 1098 na—

137 1124 276 1167 vigatio
291 1134 357 1156 nec
374 1120 534 1170 (omnia)
554 1125 701 1156 nomina
717 1121 828 1156 habet
843 1126 1083 1164 mansionum,
1108 1134 1174 1156 nec

137 1183 262 1226 spatia
296 1192 307 1213 .·
336 1183 571 1227 primumque
600 1181 842 1226 Xylenopolis
876 1181 924 1214 ab
954 1182 989 1214 A
994 1181 1172 1214 leafandro

134 1239 306 1281 condita,
331 1239 426 1272 unde
445 1246 619 1285 ceperunt
635 1239 821 1272 erordium
830 1266 842 1281 ‚
855 1241 969 1283 juxta
989 1239 1088 1284 quod
1093 1238 1171 1283 slu-

138 1309 223 1331 men
254 1304 320 1331 aut
342 1297 402 1331 ubi
421 1295 555 1341 suerit,
585 1308 656 1330 non
689 1299 776 1330 satis
810 1296 1044 1342 explanatur.
1077 1298 1171 1330 Hoec

134 1362 256 1389 tamen
274 1356 389 1400 digna
408 1362 606 1389 memoratu
624 1355 841 1401 produntur.
870 1355 981 1388 Arbis
999 1355 1170 1401 oppidum

136 1426 161 1446 a
192 1412 362 1448 Nearcho
395 1413 575 1447 conditum
607 1415 643 1446 in
668 1415 898 1458 navigatione
929 1424 986 1448 ea.
1017 1413 1050 1446 F
1050 1413 1168 1446 lumen

136 1471 301 1504 Nabrum
319 1474 462 1504 narium
477 1483 601 1517 capax
616 1483 627 1503 .·
642 1478 767 1504 contra
781 1471 898 1504 insula
909 1471 1048 1504 distans
1060 1472 1173 1505 LXX

132 1529 230 1566 stad.
246 1529 477 1562 Alexandria
490 1529 634 1562 condita
649 1541 673 1561 a
689 1529 874 1562 Leonnato
881 1531 986 1572 jussu
999 1529 1169 1563 Alea-an—

135 1586 195 1618 dri
211 1589 248 1619 in
250 1586 392 1632 finibus
403 1588 533 1631 gentis,
550 1586 717 1631 Aigends
724 1592 835 1631 portu
850 1585 997 1619 salubri.
1019 1587 1171 1620 Flumen

148 1644 316 1677 Taberum
338 1644 560 1689 navigabile,
601 1646 697 1676 circa
720 1643 820 1688 quod
843 1643 999 1679 Pasiroe.
1029 1644 1172 1678 Deinde

138 1701 413 1748 Ichthyophagi
433 1709 506 1735 tam
534 1701 641 1746 longo
659 1707 792 1741 tractu,
820 1707 860 1733 ut
877 1703 1010 1745 viginti
1032 1701 1168 1735 dierum

132 1761 248 1805 spatio
256 1761 603 1806 prcenavigaverint.
630 1759 776 1800 Insula,
816 1770 902 1804 quoe
924 1758 1019 1792 Solis
1037 1760 1170 1805 appel--

139 1818 243 1860 latur,
276 1825 313 1852 et
340 1818 468 1852 eadem
497 1817 613 1850 cubile
642 1815 915 1863 Nympharum,
951 1816 1096 1860 rubens,
1133 1820 1170 1851 in

137 1888 211 1921 qua
227 1876 368 1910 nullum
393 1888 464 1909 non
483 1875 628 1909 animal
640 1874 847 1916 absumitur,
880 1876 1022 1907 incertis
1038 1877 1168 1908 causis.

140 1935 204 1967 Uri
211 1946 303 1979 gens
321 1946 333 1967 .·
342 1933 485 1979 flumen
502 1933 714 1968 Carmania?
731 1934 771 1966 H
763 1934 898 1977 ytanis,
911 1939 1123 1978 portuosum
1139 1940 1175 1967 et

135 2004 225 2026 auro
230 1990 373 2036 fertile.
388 1992 445 2026 Ab
461 2003 503 2025 eo
510 1995 666 2038 primum
676 1993 945 2036 septemtriones
961 1993 1173 2037 apparuisse

136 2050 370 2084 adnotavere.
390 2053 580 2084 Arcturum
601 2061 666 2083 nec
685 2049 848 2083 omnibus
869 2051 967 2082 cerni
986 2050 1163 2092 noctibus,

135 2119 201 2140 nec
214 2110 294 2142 totis
311 2119 485 2153 iniquam.
504 2106 790 2141 Achcemenidas
805 2118 916 2153 usque
929 2107 993 2140 illo
1010 2111 1171 2141 tenuisse.

132 2167 230 2198 AEm's
247 2163 386 2210 ecferri
414 2166 566 2198 metalla
594 2172 631 2198 et
651 2167 804 2198 arsenici
821 2172 856 2198 et
880 2167 981 2198 minii
999 2169 1169 2200 exerceri.

133 2224 228 2257 Inde
239 2226 520 2270 promontorium
548 2221 760 2257 Carmaniae
777 2230 843 2265 est,
871 2235 919 2257 ecc
941 2235 1010 2269 quo
1036 2226 1072 2256 in
1097 2225 1169 2258 ad-

133 2293 233 2315 versa
257 2294 322 2316 ora
338 2282 391 2315 ad
401 2289 545 2327 gentem
567 2275 717 2315 Arabioe
732 2282 864 2315 Macas
879 2285 1048 2326 trajectus
1063 2283 1173 2316 distat

133 2339 214 2372 LM
233 2351 424 2385 passuum.
454 2339 595 2372 Insulce
621 2346 712 2381 tres,
737 2350 889 2384 quarum
923 2338 1059 2372 Oracla
1077 2337 1170 2386 [Or-

134 2394 242 2444 gana]
254 2403 392 2430 tantum
402 2396 743 2445 habitaturaquosa‚
760 2408 783 2429 a
791 2398 984 2429 continenti
992 2397 1107 2430 XXV
1114 2397 1168 2433 Μ,

132 2465 319 2499 passuum.
336 2455 477 2487 Insuloe
490 2461 658 2499 quattuor
664 2457 748 2497 jam
764 2456 800 2486 in
812 2456 891 2486 sinu
906 2460 990 2486 ante
1004 2453 1168 2489 Persida.

138 2510 241 2544 Circa
267 2511 336 2545 has
354 2511 462 2556 hydri
487 2513 619 2544 marini
646 2511 803 2543 vicenu'm
824 2508 1019 2544 cubitorum
1049 2512 1171 2544 adua-

138 2576 254 2602 tantes
279 2576 437 2602 terruere
459 2569 625 2604 classem.
656 2569 786 2602 Insula
818 2569 1020 2602 Acrotadus
1047 2581 1057 2601 :
1086 2572 1168 2603 item

144 2628 341 2668 Gauratae,
366 2630 401 2659 in
419 2624 547 2672 quibus
574 2626 705 2660 Chiani
727 2639 830 2672 gens.
852 2628 1170 2674 FlumenIhperi-x*

139 2687 175 2716 in
193 2685 310 2718 medio
326 2687 405 2717 sinu
423 2685 580 2726 Persico,
605 2688 852 2718 onerariarum
870 2689 1013 2718 navium
1029 2698 1165 2732 capax.

137 2741 290 2774 Flumen
303 2741 518 2787 Sitiogagus,
539 2754 608 2787 quo
619 2742 857 2789 Pasargadas
865 2744 1019 2788 septimo
1031 2743 1089 2776 die
1099 2755 1169 2776 na·

138 2801 289 2844 rigatur.
309 2799 460 2832 Flumen
478 2799 684 2844 navigabile
703 2800 904 2833 Heratemis
924 2812 935 2832 .·
954 2801 1073 2833 insula
1093 2804 1169 2835 sine

137 2857 456 2890 nomineFlumeu
477 2857 615 2898 Granis,
639 2858 859 2892 modicarum
868 2860 1010 2891 navium
1027 2870 1159 2905 capax,

134 2926 203 2960 per
222 2913 399 2947 Susianen
409 2913 498 2958 stuit
515 2924 525 2948 .·
545 2914 678 2947 dextra
694 2918 771 2958 ejus
788 2916 954 2948 accolunt
969 2916 1169 2950 Deoeiinon-

140 2974 231 3013 tani,
255 2974 317 3017 qui
347 2969 501 3005 bitumen
518 2971 722 3017 petficiunt.
746 2973 898 3006 Flumen
919 2974 1058 3007 Zarotis
1081 2978 1168 3008 ostio

138 3027 292 3074 difficili,
308 3031 376 3062 nisi
374 3031 503 3075 peritis
518 3041 530 3061 .·
543 3030 671 3062 insula:
681 3029 765 3063 duce
768 3042 901 3075 parwoe
913 3042 924 3062 .·
937 3030 1018 3064 inde
1028 3031 1170 3065 vadosa

139 3088 321 3131 mwigatio
339 3087 494 3131 palustri
513 3086 654 3127 similis,
676 3099 745 3131 pcr
764 3090 903 3133 euripos
923 3094 1044 3121 tamen
1062 3101 1166 3134 quos-

139 3145 226 3177 dam
244 3146 447 3190 peragitur.
479 3143 614 3177 Ostium
639 3143 844 3189 Euphratis.
872 3145 1025 3183 Lacum,
1063 3158 1167 3191 quem

130 3199 282 3244 jaciant
308 3202 457 3235 Euloeus
483 3209 517 3234 et
550 3201 664 3245 Tigris
682 3205 794 3244 sumta
829 3201 1040 3236 Characem.
1074 3206 1095 3237 ]
1099 3205 1170 3237 nde

147 3260 243 3304 Tigri
261 3258 367 3292 Susa.
403 3259 525 3293 Festos
543 3259 618 3291 dies
648 3256 696 3291 ibi
715 3266 883 3302 agentem
919 3260 1167 3294 .›ll‹’.1.·andrmn

141 3320 348 3350 irwenerunt
364 3319 512 3362 septimo
527 3329 646 3350 mense
660 3324 852 3362 postquam
871 3317 1047 3361 digressus
1068 3319 1114 3351 ab
1129 3321 1168 3351 iis

968 182 1108 220 JUBAE
1157 182 1447 220 MAURITANI

1224 267 1358 312 ficerat
1386 268 1546 306 Patalis,
1579 270 1678 301 tertio
1706 268 1956 311 navigationis.
1975 266 2035 300 Sic
2064 268 2272 302 Alcoeandri

1233 326 1359 358 classis
1378 328 1570 371 navigavit.

1287 383 1400 417 Initio
1428 383 1534 428 liujus
1555 382 1628 416 loci
1648 392 1778 415 vocem
1799 384 1921 415 omnia
1937 381 2121 427 supplevit
2144 381 2266 417 Geier.

1234 439 1280 474 ad
1297 440 1475 475 Onescrit.
1494 439 1538 474 fr.
1561 438 1608 474 26
1635 437 1725 487 (ubi
1744 450 1781 474 v,
1800 437 1919 486 not.)3
1939 442 2108 473 continua
2124 451 2268 486 propo-

1234 504 1357 531 suerat
1385 496 1608 532 Dodwellus.
1633 496 1721 541 Quae
1748 503 1956 542 sequuntur
1983 496 2085 543 apud
2108 498 2267 532 Plinium

1235 554 1280 589 de
1297 555 1445 589 serioris
1473 553 1704 599 aetatisjuxta
1720 553 1878 588 eandem
1905 566 2010 588 oram
2033 555 2268 602 navigatione

1236 614 1321 647 item
1334 613 1473 647 bonam
1482 620 1628 658 partein
1644 610 1788 646 fluxisse
1802 623 1821 646 e
1832 611 1936 646 Jubae
1951 612 2057 647 libris
2069 613 2267 659 probabile

1236 677 1300 706 cst.
1317 670 1451 705 Procul
1471 670 1585 704 dubio
1603 677 1727 704 autem
1747 670 1766 704 J
1771 670 1851 704 ubae
1870 669 2054 705 debentur
2071 683 2154 717 quae
2178 683 2266 706 mox

1239 741 1283 763 cx
1309 729 1478 763 Nearcho
1500 729 1639 762 Plinius
1658 727 1766 762 affert
1786 740 1795 764 :

1287 787 1380 822 Sect.
1401 799 1448 831 27
1469 797 1477 822 :
1499 786 1714 820 Carmania.²
1727 798 1830 820 oram
1841 794 1970 833 patere
1980 787 2171 821 duodecies
2185 798 2265 821 cen·

1234 852 1318 878 tcna
1346 845 1437 878 LM.
1465 857 1639 891 passuum
1680 844 1872 878 Nearchus
1899 846 2047 891 scripsit.
2080 845 2138 878 Ab
2164 847 2266 879 initio

1234 906 1316 946 ejus
1342 902 1394 936 ad
1403 901 1546 947 flumen
1573 902 1686 936 Sabin
1712 909 1852 936 centum
1871 903 1932 937 M.
1954 914 2144 949 passuum.
2174 903 2270 936 Inde

1233 962 1362 993 vincas
1382 961 1451 994 coli
1474 968 1509 994 et
1525 972 1613 993 arva
1628 960 1681 993 ad
1683 959 1828 1004 flumen
1848 961 2039 1002 Andanin,
2069 961 2111 994 X
2111 961 2155 994 X
2157 961 2194 992 V
2213 961 2268 995 M.

1235 1021 1362 1064 spatio.

1290 1076 1386 1112 Sect.
1408 1076 1455 1110 28
1476 1088 1484 1112 τ
1506 1077 1724 1111 Onesicritus
1738 1083 1775 1110 et
1785 1075 2035 1111 Neai-chasab
2049 1076 2144 1111 Indo
2158 1088 2267 1110 amne

1236 1135 1289 1168 ad
1303 1138 1419 1168 sinum
1446 1136 1643 1175 Persicum,
1680 1142 1789 1180 atque
1813 1135 1913 1168 illinc
1931 1135 2158 1180 Babylonem
2184 1135 2268 1168 Eu.—

1232 1192 1376 1240 phratis
1394 1193 1609 1239 paludibus,
1645 1196 1863 1239 scripserunt
1887 1195 1999 1227 vicies
2023 1200 2060 1227 et
2082 1195 2269 1239 quinquies

1233 1258 1385 1284 centena
1402 1251 1460 1284 Μ.
1475 1263 1651 1297 passuum
1668 1262 1755 1286 esse.

1287 1309 1383 1345 Sect.
1406 1308 1452 1344 30
1475 1320 1482 1345 ζ
1503 1308 1694 1356 Euphrate
1714 1311 1881 1355 navigari
1898 1308 2126 1354 Babylonem
2144 1321 2164 1342 e
2178 1309 2267 1343 Per-

1232 1370 1305 1401 sico
1318 1370 1412 1401 mari
1425 1366 1488 1401 CC
1491 1366 1521 1401 C
1525 1367 1554 1401 C
1558 1368 1647 1402 XII
1658 1368 1714 1403 M.
1725 1379 1900 1414 passuum
1916 1367 2067 1401 tradunt
2077 1366 2270 1402 Nearchus

1234 1432 1271 1459 et
1292 1425 1520 1459 Onesicritus.
1544 1426 1615 1470 Qui
1635 1437 1724 1472 vero
1737 1433 1866 1472 postea
1888 1428 2075 1471 scripsere,
2102 1437 2126 1458 a
2144 1424 2269 1459 Seleu-

1236 1486 1292 1517 cia
1324 1483 1521 1519 CCCCXL
1540 1484 1632 1520 mill.
1659 1484 1756 1518 Juba
1789 1496 1813 1517 a
1841 1483 2033 1528 Babylone
2066 1482 2268 1518 Characem

1238 1541 1421 1576 CLXXV
1435 1543 1524 1576 mill.
1537 1553 1724 1588 passuum.

1283 1599 1496 1634 Dodwellus
1518 1600 1554 1633 in
1570 1599 1833 1634 Dissertatione
1854 1600 1910 1633 De
1926 1598 2075 1633 Arriani
2094 1597 2266 1633 Nearcho

1234 1657 1310 1691 haec
1331 1663 1496 1694 annotat,
1517 1672 1532 1687 «
1553 1656 1720 1691 Vidimus
1738 1656 1798 1690 hic
1817 1656 1950 1690 Jubam
1980 1656 2095 1703 spatia
2114 1655 2266 1691 Graeco—

1237 1726 1321 1748 rum
1357 1715 1480 1748 omnia
1508 1713 1556 1748 ad
1584 1715 1842 1748 Romanorum
1872 1714 2044 1748 milliaria
2070 1712 2265 1760 redegisse.

1230 1774 1402 1821 Congrue
1427 1772 1646 1820 admodum,
1673 1785 1789 1819 quum
1810 1773 2021 1820 regnaverit
2048 1773 2127 1818 ipse
2146 1773 2185 1806 in
2206 1785 2267 1807 re-

1229 1831 1352 1878 gione,
1371 1843 1451 1878 quae
1467 1831 1586 1865 fuerat
1605 1837 1688 1865 ante
1705 1830 1809 1864 illum
1823 1831 1994 1864 Romana
2007 1830 2214 1876 provincia,
2232 1838 2269 1866 et

1228 1890 1396 1924 moribus
1410 1889 1734 1936 pariterRomanis
1744 1895 1778 1923 et
1786 1888 1919 1935 linguae
1930 1888 2040 1922 etiam
2048 1895 2266 1925 assueverat.

1234 1947 1300 1984 Vel
1320 1948 1406 1982 hinc
1421 1947 1512 1981 mihi
1528 1953 1737 1994 suspectum
1754 1958 1831 1981 esse
1845 1946 1977 1989 fateor,
1992 1952 2141 1980 rectene
2158 1947 2262 1981 illum

1229 2005 1366 2040 eruditi
1384 2006 1497 2052 vulgo
1524 2006 1660 2040 Groecis
1678 2003 1918 2051 scriptoribus
1931 2010 2160 2039 accenseam.
2178 2005 2265 2039 Tam

1229 2063 1327 2097 enim
1359 2062 1494 2097 Graecis
1526 2062 1714 2109 plerisque
1750 2062 1878 2109 ignota
1911 2061 2063 2095 fuissent
2094 2062 2262 2098 Romana

1228 2120 1399 2154 milliaria
1412 2146 1422 2163 ,
1462 2131 1573 2165 quam
1623 2120 1702 2154 vice
1741 2130 1845 2153 versa
1897 2118 2112 2154 Graecorum
2150 2119 2265 2155 stadia

1230 2177 1453 2224 ignorabant
1486 2177 1658 2214 Romani.
1696 2176 1877 2211 Praedicto
1913 2177 2022 2210 Plinii
2054 2177 2139 2211 loco
2172 2177 2265 2212 illud

1229 2235 1338 2270 etiam
1356 2242 1512 2279 constat,
1530 2235 1689 2269 Nearchi
1707 2235 1924 2269 sententiam
1940 2241 2050 2281 atque
2069 2235 2265 2270 Onesicriti

1232 2305 1252 2327 a
1278 2293 1375 2328 Juba
1411 2293 1518 2327 fuisse
1550 2293 1782 2340 explicatam.
1813 2294 1868 2326 Ita
1895 2293 2055 2336 scilicet,
2082 2291 2130 2326 >ut
2158 2305 2177 2327 a
2206 2294 2261 2328 sui

1230 2352 1335 2398 regni
1362 2351 1606 2398 scriptoribus
1629 2358 1739 2397 atque
1758 2351 1960 2385 lectoribus
1990 2351 2259 2398 intelligeretur

1229 2410 1425 2453 Romanis,
1447 2409 1511 2455 qui
1531 2409 1675 2456 longius
1695 2408 1848 2443 aberant
1863 2408 1907 2443 ab
1924 2420 1964 2443 ea
1984 2408 2116 2443 Africae
2133 2415 2259 2456 parte,

1229 2479 1299 2512 qua
1318 2467 1451 2513 linguae
1468 2467 1602 2501 Graecae
1618 2478 1702 2500 usus
1722 2466 1936 2501 obtinuerit.
1956 2480 1970 2496 υ
1991 2466 2046 2503 Cf.
2067 2466 2261 2501 Salmasius

1227 2525 1387 2560 Exercit.
1406 2525 1499 2560 Plin.
1521 2537 1560 2571 p.
1585 2523 1672 2568 837.
1694 2525 1735 2558 V.
1753 2523 1994 2558 introductio.

1690 2609 1737 2657 39
1767 2623 1799 2645 a.

1281 2703 1395 2736 Solin.
1421 2715 1453 2736 c.
1479 2702 1526 2737 (io
1554 2701 1618 2751 (al.
1641 2701 1707 2749 49)
1733 2715 1740 2736 :
1771 2703 1876 2736 Indis
1894 2700 2055 2736 omnibus
2076 2706 2256 2748 promissa

1227 2763 1414 2802 ccesaries,
1441 2772 1512 2794 non
1530 2763 1608 2793 sine
1624 2758 1718 2804 suco
1733 2761 1881 2794 coerulei
1901 2767 1965 2793 aut
1985 2762 2099 2794 crocei
2113 2761 2252 2795 coloris.

1231 2818 1570 2865 Cultuspra’cipuus
1588 2821 1623 2851 in
1638 2821 1792 2863 gemmis
1801 2830 1815 2860 ,·
1830 2818 1951 2851 nullus
1957 2815 2128 2859 funerum
2143 2831 2255 2865 appa·

1226 2883 1337 2909 ratus.
1357 2876 1558 2915 Prreterea,
1584 2883 1620 2909 u!
1639 2876 1666 2910 J
1666 2874 1748 2910 ubre
1764 2883 1799 2910 ct
1821 2875 1995 2909 Archelai
2012 2887 2136 2921 regum
2159 2876 2254 2911 libris

1225 2933 1360 2966 editum
1377 2941 1436 2974 est,
1459 2936 1495 2966 in
1511 2941 1682 2979 (plantum
1697 2945 1812 2967 mores
1820 2934 2039 2979 populorum
2055 2934 2247 2976 dissonant,

1227 2988 1372 3024 habitus
1392 3003 1530 3037 quoque
1558 2991 1907 3037 discreparitissimus
1936 2998 2000 3024 est.
2024 2991 2099 3024 Alii
2127 2991 2246 3033 lincis,

1227 3048 1292 3081 alii
1314 3049 1428 3082 lancis
1448 3049 1573 3095 peplis
1602 3051 1811 3090 vestiuntur-5
1835 3059 1924 3094 pars
1951 3048 2056 3089 nudi,
2084 3060 2175 3094 pars
2193 3048 2254 3082 ob-

1227 3117 1349 3139 sccena
1359 3113 1498 3139 tantum
1508 3108 1625 3139 amicu
1631 3107 1704 3147 lati,
1718 3107 1870 3152 plurimi
1884 3104 2145 3148 etstexibilibus
2158 3106 2255 3139 libris

1227 3164 1451 3199 circumdati.
1477 3164 1617 3198 Vereor
1634 3175 1680 3198 ne
1701 3169 1838 3197 temere
1855 3162 1926 3196 hoc
1944 3162 1966 3197 l.
1987 3162 2083 3198 Juba
2107 3163 2251 3200 citetur.

1711 3235 1770 3272 [⁸0-

1282 3320 1418 3353 Plinius
1430 3320 1489 3362 vl,
1505 3319 1565 3362 Ἅι,
1580 3330 1616 3365 p.
1635 3318 1706 3353 382
1723 3329 1729 3354 :
1745 3318 2010 3351 Sinusintimus.
2034 3321 2070 3350 in
2083 3328 2152 3363 quo
2160 3319 2253 3353 Lei(-
