2338 3765
942 145 1272 183 FRAGMENTA.

52 240 166 281 φησιν,
196 230 399 281 ἀφικόμενον
425 233 470 273 εἰς
504 232 644 279 ἰΡιιμην
629 248 661 280 ν,
692 248 749 268 και
778 233 1077 284 θριαυιῦεύσαντα,

49 286 148 336 λόγον
167 303 203 324 τε
221 288 391 325 ἀποδόντα
408 292 466 326 τοῦ
484 290 567 339 πρὸς
585 290 798 341 Μιθριδάτην
819 290 989 339 πολεμου,
1009 289 1077 333 ἐξο

51 346 162 382 κεῑλαι
182 346 227 388 εἷς
248 347 418 391 πολυτελῆ
440 347 571 383 δίαιταν
591 349 628 384 ἐκ
647 351 706 393 τῆς
731 351 880 389 παλαιᾶς
903 346 1080 398 σωφροσύ-

49 417 127 449 νης,
155 405 282 454 τρυφῆς
308 418 343 439 τε
364 406 495 455 πρῶτον
525 406 571 446 εἷς
597 405 689 442 ἅπαν
720 405 907 454 Ῥωμαίοις
927 404 1079 453 ἡγεμόνα

47 459 221 508 γενέσθαι,
241 461 513 511 καρπωσάμενον
532 462 622 498 δυοῖν
644 462 817 512 βασιλέοιν
836 463 995 507 πλοῦτον,
1014 465 1079 499 Μι-

48 517 205 568 θριδάτου
222 518 278 554 καὶ
293 518 479 569 Τιγράνου.

529 595 590 636 84.

297 686 362 723 ΕΚ
392 685 494 723 ΤΟΥ
524 686 726 723 ΒΙΒΑΙΟΥ
756 685 826 723 Pl'.

99 778 204 813 Idem
219 779 284 822 IV,
300 790 337 825 p.
362 777 451 823 153,
472 780 499 814 F
517 791 525 812 ε
550 776 720 820 Νικόλαος
740 777 767 813 δ’
786 780 803 814 ὃ
821 777 1054 823 Δαμασκηνὸς
1066 807 1076 826 ,

46 827 91 876 εἷς
106 836 171 870 τῶν
186 834 323 871 ἀπὸτοῦ
335 834 524 884 περιπάτου
536 834 740 886 φιλοσόφων,
753 837 785 872 ἐν
800 839 841 886 τῇ
857 835 982 884 δεκάτῃ
994 835 1077 886 πρὸς

44 896 118 933 ταῖς
138 890 256 928 ἑκατὸν
274 894 341 928 τῶν
362 890 553 943 Ἱστοριῶν,
573 891 769 941 Ῥωμαίους
783 893 911 942 ἱστορεῖ
925 893 1020 944 παρὰ
1040 892 1078 929 τὸ

45 949 179 986 δεῖπνον
197 949 409 997 συμὸάλλειν
428 949 663 1000 μονομαχίας,
680 950 819 1001 γράφων
838 949 953 992 οὕτως·
970 968 985 983 τι
1003 949 1077 992 Τὰς

46 1009 113 1043 τῶν
132 1007 341 1057 μονομάχιον
363 1006 439 1050 θέας
459 1009 496 1044 οὐ
518 1008 619 1057 μόνον
639 1009 671 1044 ἐν
690 1007 903 1058 πανηγύρεσι
920 1007 978 1044 καὶ
999 1008 1076 1044 θεά-

43 1080 131 1115 τροις
160 1067 334 1103 ἐποιοῦντο
354 1064 547 1115 Ῥωμαῖοι,
569 1065 664 1116 παρὰ
695 1068 881 1117 Τυρρηνῶν
905 1067 1076 1117 παραλα-

905 1124 1076 1162 Ἐκάλουν

41 1183 120 1229 γοῦν
141 1196 227 1223 τινες
244 1180 409 1224 πολλάκις
427 1182 482 1218 ἐπὶ
500 1183 633 1219 δεῖπνον
651 1181 727 1224 τοὺς
746 1182 861 1233 φίλους
884 1182 940 1219 ἐπί
958 1197 995 1219 τε
1013 1182 1077 1220 ἅλ-

41 1239 129 1285 λοις,
149 1237 207 1275 καὶ
223 1238 316 1281 ὅπως
337 1237 376 1275 ἂν
398 1238 455 1276 δύο
475 1238 587 1289 ἢτρία
609 1239 710 1289 ζεύγη
729 1239 830 1276 ἴδοιεν
850 1239 1073 1291 μονομάχων,

41 1295 95 1333 ὅτε
119 1296 177 1333 καὶ
197 1296 410 1348 κορεσθέντες
429 1296 566 1334 δείπνου
583 1297 640 1334 καὶ
657 1297 762 1346 μέθης
782 1298 978 1335 εἰσεκάλουν
999 1297 1076 1341 τοὺς

41 1355 279 1405 μονομάχους,
296 1353 356 1391 καὶ
373 1356 390 1391 ὁ
414 1353 475 1404 μὲν
497 1354 570 1404 ἅμα
590 1355 792 1406 ἐσφάττετο,
809 1355 905 1393 αὐτοὶ
926 1355 953 1392 δ’
974 1357 1072 1407 ἐκρό-

39 1428 117 1450 τουν
142 1412 198 1449 ἐπὶ
221 1412 330 1464 τούτῳ
349 1412 524 1462 ἡδόμενοι.
544 1410 638 1458 ’Ἤδη
657 1413 693 1451 δέ
710 1429 759 1457 τις
778 1415 842 1450 κάν
859 1419 933 1456 ταῖς
953 1414 1074 1460 διαθή-

40 1487 116 1514 καις
132 1470 282 1523 γέγραφε
308 1472 472 1521 γυναῖκας
501 1472 778 1524 εὐπρεπεστάτας
803 1476 1071 1523 μονομαχῆσαι,

43 1529 81 1571 ἃς
100 1528 262 1575 ἐκέκτητο
275 1544 282 1552 ·
301 1528 411 1580 ἕτερος
431 1528 465 1566 δὲ
482 1531 608 1572 παῖδας
629 1530 774 1576 ἀνήὸους
791 1530 980 1582 ἐρωμένους
994 1533 1072 1568 ἑαυ-

38 1590 108 1632 τοῦ.
130 1586 235 1624 Ἀλλὰ
254 1586 321 1638 γὰρ
341 1589 401 1625 οὐκ
421 1586 588 1638 ἠνέσχετο
608 1591 625 1625 ὁ
642 1590 750 1638 δῆμος
770 1588 830 1634 τὴν
852 1589 1071 1640 παρανομίαν

37 1644 182 1694 ταύτην,
200 1645 276 1682 ἀλλ’
295 1645 419 1696 ἄκυρον
434 1645 495 1690 τὴν
513 1646 677 1692 διαθήκην
699 1646 871 1692 ἐποίησεν.
894 1666 906 1678 »

521 1739 581 1775 85.

43 1121 157 1165 εόντες
178 1123 217 1159 τὸ
237 1123 325 1168 ἔθος,
346 1122 435 1160 ἀλλὰ
455 1125 518 1160 κάν
544 1126 617 1166 ταῖς
637 1124 843 1162 ἑστιάσεσιν.

89 1837 271 1884 ,Iosephus
287 1839 332 1874 A.
353 1839 388 1874 J.
404 1838 507 1884 XIV,
533 1851 564 1881 1,
588 1838 607 1872 3
626 1851 634 1872 :
655 1837 764 1879 Φίλος
782 1838 816 1874 δέ
833 1853 882 1880 τις
899 1837 1070 1889 “Υρκανοῧ

39 1891 242 1941 Ἰδουμαῖος,
252 1893 472 1945 Αντίπατρος
486 1893 683 1965 λεγόμενος,
696 1896 831 1932 πολλῶν
845 1895 906 1944 μὲν
919 1897 1070 1947 εὐπορῶν

37 1950 241 2001 χρημάτων,
257 1951 488 2020 δραστήριος
472 1967 506 1988 οε
522 1951 584 1997 τὴν
601 1952 699 2003 φύσιν
714 1968 759 1989 ων
777 1952 836 1989 καὶ
848 1954 1069 2001 στασιαστὴς,

36 2007 221 2059 ἀλλοτρίως
247 2014 318 2059 εἶχε
342 2008 424 2059 πρὸς
443 2008 500 2045 τὸν
522 2009 778 2060 Ἀριστόοουλον
800 2011 857 2047 καὶ
879 2012 1065 2062 διαφόρως,

36 2065 92 2103 διὰ
111 2082 172 2112 την
194 2066 277 2118 πρὸς
294 2066 337 2104 ‘Y
342 2066 464 2117 ρκανὸν
482 2066 629 2106 εὔνοιαν
648 2068 818 2111 Νικόλαος
837 2068 952 2119 μέντοι
967 2086 1069 2121 φησιν

35 2127 53 2161 ὃ
69 2125 300 2174 Δαμασκηνὸς
316 2140 434 2162 τουτον
456 2129 542 2162 εἰναι
561 2125 655 2176 γένος
676 2142 713 2163 εκ
733 2129 799 2163 τῶν
820 2127 964 2196 πρώτων
983 2129 1071 2166 Ιου-

36 2181 140 2219 δαίων
157 2184 224 2219 τῶν
240 2184 277 2219 ἐκ
293 2182 501 2226 Βαὸυλῶνος
518 2184 562 2226 εἷς
575 2182 635 2228 τὴν
650 2183 855 2222 3Ἰουδαίαν
836 2185 1067 2236 αφικομένων.

34 2241 154 2278 Ταυτα
178 2239 212 2277 δὲ
233 2240 325 2290 λέγει
344 2240 568 2291 χαριζόμενος
589 2241 730 2294 εΗροίδη
751 2258 800 2294 τῳ
819 2243 917 2281 παιδὶ
943 2246 1067 2291 αὐτου,

38 2299 173 2349 βασιλεῖ
191 2301 258 2336 τῶν
276 2298 489 2336 'lovanium’
475 2315 513 2336 εκ
532 2299 640 2350 τύχης
660 2300 748 2343 τινὸς
767 2301 964 2353 γενομένῳ·
991 2303 1069 2354 περὶ

36 2359 73 2393 ου
94 2356 183 2394 κατὰ
201 2356 318 2408 καιρὸν
340 2355 556 2407 δηλώσομεν.

522 2451 581 2486 86.

86 2551 192 2587 Idem
211 2550 304 2588 ibid.
321 2551 419 2595 XIV,
438 2554 474 2594 4,
496 2551 533 2598 3,
554 2563 593 2597 p.
621 2550 695 2585 530
721 2550 784 2600 (de
806 2553 985 2599 Pompeio
1014 2555 1070 2588 lo-

37 2611 163 2656 quitur
180 2610 439 2655 Hierosolyma
459 2608 674 2656 obsidente)
694 2622 701 2643 :
720 2607 834 2645 Μάθοι
852 2607 880 2644 δ’
896 2608 937 2645 ἅν
952 2625 1000 2651 τις
1017 2612 1069 2647 ἐν·

35 2669 149 2703 τεῧθεν
161 2664 221 2711 τὴν
244 2664 435 2716 ὗπερὸολὴν
455 2659 493 2710 ἧς
509 2664 631 2715 ἔχομεν
653 2664 731 2715 περὶ
745 2665 801 2702 τὸν
814 2665 886 2702 θεὸν
898 2667 1070 2711 εὐσεὸείας

36 2724 93 2761 καὶ
110 2723 171 2769 τὴν
191 2722 346 2775 φυλακὴν
363 2725 429 2760 τῶν
450 2723 575 2772 νόμων,
593 2722 698 2772 μηδὲν
717 2723 782 2760 ὑπὸ
798 2726 857 2768 τῆς
873 2726 1071 2777 πολιορκίας

36 2781 91 2819 διὰ
106 2781 208 2835 φόὸον
224 2781 501 2831 ἐμποδιζομένων
518 2781 600 2831 πρὸς
614 2781 674 2824 τὰς
690 2781 899 2833 ἱερουργίας,
917 2784 1006 2820 ἀλλὰ
1022 2785 1070 2828 δὶς

35 2843 95 2885 τῆς
109 2839 257 2890 ἡμέρας,
275 2837 365 2891 πρωί
379 2855 415 2876 τε
429 2839 488 2876 καὶ
504 2838 582 2890 περὶ
597 2838 719 2885 ἐνάτην
734 2838 838 2890 ὥραν,
857 2842 1069 2892 ἱερουργούν-

36 2913 102 2935 των
122 2897 178 2936 ἐπὶ
198 2901 256 2936 τοῦ
279 2901 414 2948 βωμοῦ,
432 2897 490 2934 καὶ
507 2897 587 2946 μηδ’
602 2896 632 2933 εἴ
650 2913 682 2933 τι
702 2897 779 2948 περὶ
799 2896 859 2940 τὰς
875 2900 1069 2950 προσὲολὰς

37 2955 198 2994 δύσκολον
218 2955 287 3004 εἴη,
306 2955 365 2999 τὰς
383 2954 500 2998 θυσίας
516 2954 719 3006 παριέντων.
748 2956 816 2993 Καὶ
837 2955 903 3008 γὰρ
922 2957 1070 3004 ἁλούσης
1098 2949 1101 3006 l

36 3016 95 3059 τῆς
111 3014 242 3057 πόλεως
260 3013 340 3064 περὶ
363 3013 476 3065 τρίτον
504 3016 597 3062 μῆνα
617 3016 659 3064 τῇ
676 3015 736 3058 τῆς
753 3014 911 3058 νηστείας
932 3015 1046 3067 ἡμέρᾳ
1058 3046 1068 3066 ,

37 3070 126 3108 κατὰ
156 3071 217 3117 τὴν
248 3070 370 3118 ἐνάτην
402 3070 461 3108 καὶ
496 3070 755 3119 ἑὸδομηκοστὴν
790 3071 849 3108 καὶ
882 3073 1069 3119 ἑκατοστὴν

39 3129 283 3178 Ὀλυμπιάδα,
305 3129 542 3167 ὑπατευόντων
562 3127 669 3167 Γαίου
691 3128 866 3167 Ἀντωνίου
887 3129 946 3166 καὶ
966 3131 1070 3183 Μάρ-

39 3200 98 3224 κου
116 3186 265 3225 Τυλλίου
293 3185 503 3236 Κικέρωνος,
528 3189 558 3224 οἱ
586 3185 743 3235 πολέμιοι
764 3186 826 3236 μὲν
855 3187 1069 3230 εἰσπεσόντες

41 3245 202 3297 ἔσφαττον
217 3244 292 3288 τοὺς
309 3246 342 3281 ἓν
359 3247 408 3295 τῷ
421 3246 523 3296 ἱερῷ,
541 3246 571 3282 οἱ
593 3243 627 3282 δὲ
643 3244 726 3296 πρὸς
741 3250 815 3287 ταῖς
829 3245 958 3289 θυσίαις
973 3245 1068 3284 οὐδὲν

185 3319 369 3341 FRAGMENTA
392 3320 514 3341 unsrun.
537 3320 589 3342 ca.
612 3328 645 3334 -
664 3320 734 3342 vor..
757 3320 799 3342 m.

2096 165 2166 195 417

1141 241 1256 277 peratis
1285 242 1464 274 Mithridate
1491 247 1520 275 et
1550 246 1681 283 Tigrane
1710 247 1851 287 regibus,
1876 249 2118 289 triumphasset,
2141 253 2171 281 ι·ί4

1142 298 1293 328 rationem
1307 308 1416 330 corum
1430 325 1437 339 ,
1455 311 1526 341 quae
1541 305 1694 343 gesserat,
1710 306 1890 337 reddidisset
1906 332 1913 345 ‚
1928 317 1946 337 a
1959 308 2089 347 pristina
2103 310 2171 339 sru-

1141 355 1268 392 galitate
1291 357 1329 386 ad
1344 361 1565 398 sumptuosum
1588 370 1624 392 ac
1649 362 1818 395 delicatum
1845 365 1964 396 virtum
1986 366 2170 406 descivisse,

1141 413 1343 453 primumque
1361 417 1502 448 onmium
1522 421 1670 451 Romanis
1694 421 1733 451 ad
1754 422 1863 453 luxum
1887 424 1972 461 signa
1991 425 2170 464 sustulisse,

1140 479 1240 508 quum
1251 471 1387 502 duorum
1403 484 1510 512 regum
1521 500 1528 514 ,
1545 477 1732 510 Mithridatis
1745 488 1780 508 ac
1794 481 1935 519 Tigranis
1945 506 1953 519 ‚
1968 482 2080 521 opibus
2091 485 2171 513 essct

1140 528 1268 566 potitus.

1627 609 1684 639 si.

1493 690 1522 727 Ε
1553 692 1699 730 LIBRO
1731 695 1806 733 CX.

1180 788 1327 819 Nicolaus
1342 790 1554 822 Damascenus
1571 793 1785 832 Peripateticae
1803 799 1896 827 seclae
1914 799 2116 838 philosophus
2141 800 2173 830 li·

1140 852 1196 883 bro
1217 853 1426 885 Historiarum
1440 854 1563 886 decimo
1575 865 1670 895 supra
1680 859 1885 890 centesimum
1899 863 2054 894 Romanos
2065 865 2173 894 scribit

1138 914 1219 944 inter
1236 915 1423 946 coenandum
1438 916 1647 956 gladiatorum
1667 920 1753 958 paria
1770 923 1967 954 committere
1983 925 2108 963 solitos,
2126 926 2173 955 his

1138 975 1242 1006 verbis
1258 989 1264 1006 ε
1283 990 1297 1003 «
1315 977 1533 1009 Gladiatorum
1548 982 1654 1010 autem
1673 983 1851 1021 spectacula
1866 992 1927 1014 non
1949 986 2050 1016 solnm
2074 988 2103 1017 in
2118 997 2173 1026 pu-

1138 1038 1225 1069 blicis
1241 1039 1449 1070 conventibus
1463 1042 1494 1072 et
1513 1041 1752 1081 amphitheatris
1766 1043 1864 1076 edunt
1879 1048 2011 1077 Romani
2022 1072 2030 1086 ‚
2048 1049 2171 1080 inrecto

1136 1099 1175 1130 ab
1191 1102 1328 1133 Etruscis
1342 1111 1446 1143 more,
1466 1104 1520 1136 sed
1536 1106 1630 1136 etiam
1655 1106 1736 1138 inter
1761 1109 1881 1148 epulas.
1926 1111 2036 1150 ltaque
2058 1114 2175 1145 amicos

1136 1164 1175 1194 ad
1198 1173 1321 1196 coenam
1350 1167 1485 1199 invitant
1508 1168 1687 1208 interdum,
1705 1172 1775 1202 tum
1802 1174 1837 1203 ut
1865 1174 1942 1210 alia,
1969 1176 2037 1205 tum
2061 1180 2095 1206 ut
2110 1177 2174 1208 duo

1136 1226 1236 1258 triave
1252 1228 1463 1267 gladiatorum
1481 1232 1566 1270 paria
1586 1231 1768 1264 dimicantia
1792 1234 1828 1265 iis
1851 1236 2032 1268 exhibeant.
2078 1240 2174 1277 Igitur

1137 1291 1302 1329 postquam
1316 1293 1390 1324 vino
1404 1302 1440 1325 ac
1453 1294 1585 1334 dapibus
1597 1305 1663 1327 sese
1677 1297 1926 1338 ingurgitarunt,
1950 1300 2106 1331 introduci
2120 1302 2173 1340 ju-

1137 1352 1210 1383 bent
1226 1354 1430 1395 gladiatores;
1444 1363 1582 1396 quorum
1600 1358 1652 1389 ubi
1666 1359 1923 1401 quisjugulatur,
1941 1363 2078 1394 universi
2095 1373 2172 1395 con-

1136 1414 1216 1445 vivae
1230 1416 1386 1455 plaudunt
1401 1426 1438 1448 eo
1451 1419 1632 1457 spectaculo
1649 1420 1827 1453 exhilarati.
1853 1423 1990 1459 Quidam
2014 1425 2108 1456 ctiam
2126 1427 2171 1456 te-

1134 1479 1290 1509 stamento
1306 1478 1398 1517 Jussit
1411 1480 1559 1512 mulieres
1572 1481 1737 1522 formosas,
1752 1492 1831 1522 quas
1841 1487 1977 1524 emerat,
1991 1487 2073 1518 ferro
2093 1488 2173 1519 inter

1134 1549 1167 1571 se
1186 1540 1336 1572 dimicare
1354 1554 1360 1572 :
1377 1542 1457 1573 alius
1471 1543 1544 1573 item
1562 1552 1675 1583 pueros
1689 1544 1868 1585 impuberes
1880 1571 1888 1585 ‚
1908 1556 1988 1587 quos
2003 1549 2035 1580 in
2054 1550 2173 1581 deliciis

1135 1600 1298 1632 habuerat.
1321 1601 1382 1633 Sed
1405 1602 1539 1642 populus
1561 1612 1631 1634 eam
1656 1606 1856 1637 atrocitatem
1879 1607 2052 1641 detestatus
2076 1611 2172 1641 testa—

1135 1668 1277 1695 mentum
1296 1674 1405 1696 eorum
1418 1666 1542 1697 irritum
1560 1677 1626 1699 esse
1639 1668 1741 1707 jussit,
1763 1684 1775 1695 »

1626 1754 1682 1783 85.

1175 1844 1250 1873 Erat
1269 1844 1416 1882 Hyrcano
1439 1844 1560 1875 amicus
1578 1845 1707 1884 quidam
1731 1846 1908 1886 idumaeus,
1930 1850 2056 1880 nomine
2082 1852 2170 1882 Anti-

1133 1919 1233 1958 pater,
1249 1919 1343 1950 homo
1358 1920 1488 1959 quidem
1508 1923 1608 1954 multa
1622 1923 1787 1956 abundans
1804 1928 1935 1965 pecunia
1948 1951 1956 1965 ‚
1972 1930 2083 1959 natura
2097 1937 2171 1960 vero

1131 2002 1251 2032 gnavus
1268 1996 1299 2026 et
1311 1995 1487 2036 seditiosus,
1503 1997 1556 2037 qui
1575 1998 1676 2029 alieno
1693 1999 1733 2030 ab
1747 2000 1927 2031 Aristobulo
1941 2004 2007 2033 erat
2021 2004 2127 2034 animo
2141 2007 2171 2035 et

1132 2072 1172 2102 ab
1186 2081 1224 2103 eo
1240 2073 1408 2106 dissidebat
1419 2084 1456 2106 ex
1468 2084 1524 2106 sua
1537 2076 1568 2106 in
1583 2079 1765 2116 Hyrcanum
1780 2080 2008 2113 benevolentia.
2025 2083 2171 2114 Nicolaus

1131 2151 1259 2190 quidem
1274 2154 1486 2185 Damascenus
1500 2155 1594 2194 hujus
1611 2165 1709 2195 genus
1724 2166 1741 2188 a
1761 2159 1951 2197 primoribus
1968 2160 2149 2191 Judaeorum
2162 2186 2169 2199 ‚

1131 2226 1186 2264 qui
1209 2227 1240 2256 in
1256 2226 1402 2258 Judaeum
1419 2231 1574 2261 venerunt
1595 2231 1775 2271 Babylone,
1803 2233 1941 2265 deducit.
1966 2237 2086 2265 Verum
2110 2236 2169 2265 hoc

1132 2300 1207 2332 dicit
1224 2302 1255 2332 in
1271 2303 1402 2342 gratiam
1426 2305 1557 2336 Herodis
1579 2306 1646 2345 ejus
1663 2306 1736 2346 filii,
1760 2316 1854 2347 quem
1879 2308 1942 2339 fors
1957 2310 2105 2348 quaedam
2130 2310 2168 2341 ad

1132 2372 1315 2405 Judaeorum
1330 2384 1459 2415 regnum
1471 2377 1577 2409 evexit
1593 2391 1599 2408 :
1615 2378 1654 2409 de
1666 2388 1730 2418 quo
1744 2388 1801 2410 suo
1815 2382 1956 2420 tempore
1973 2382 2125 2413 dicemus.

1611 2466 1667 2496 86.

1177 2559 1263 2590 Licet
1278 2559 1348 2590 hinc
1368 2559 1486 2591 discere
1499 2569 1594 2600 quam
1616 2561 1769 2593 immenso
1794 2564 1918 2602 pietatis
1943 2564 2046 2595 studio
2074 2565 2169 2596 deum

1132 2641 1273 2672 colamus
1288 2642 1319 2672 et
1332 2649 1427 2680 quam
1444 2641 1646 2673 observantes
1659 2642 1762 2682 legum
1776 2643 1892 2683 simus,
1908 2644 1993 2684 quod
2011 2647 2168 2677 sacerdo-

1133 2724 1181 2753 tes
1194 2731 1235 2753 ex
1253 2721 1416 2753 obsidione
1429 2722 1504 2753 nihil
1520 2730 1584 2762 prae
1603 2724 1690 2754 metu
1705 2724 1846 2763 impediti
1872 2725 1987 2756 suerint
2000 2727 2170 2765 quominus

1131 2772 1219 2826 sacra
1241 2797 1443 2836 peragerent,
1468 2797 1521 2828 sed
1545 2797 1591 2828 bis
1614 2798 1775 2837 quotidie,
1799 2807 1893 2830 mane
1918 2801 1949 2830 et
1970 2800 2044 2830 hora
2066 2809 2167 2839 nona,

1133 2881 1198 2903 rem
1223 2872 1363 2903 divinam
1386 2872 1425 2903 ad
1448 2881 1533 2903 aram
1559 2873 1705 2910 fecerint,
1726 2883 1846 2914 neque,
1867 2876 1891 2906 si
1917 2876 1993 2915 quid
2016 2877 2046 2907 in
2066 2886 2167 2916 oppu-

1130 2942 1277 2981 gnatione
1305 2941 1432 2972 difficile
1460 2941 1622 2980 inciderit,
1658 2942 1810 2974 sacrificia
1842 2944 2015 2977 omiserint.
2044 2946 2167 2976 Etenim

1130 3023 1220 3062 capta
1234 3023 1328 3062 urhe,
1341 3022 1435 3053 tertio
1449 3031 1573 3061 mense,
1587 3022 1638 3053 die
1647 3022 1757 3061 jejunii
1767 3047 1776 3062 ,
1792 3023 1977 3063 Olympiade
1995 3025 2165 3055 centesima

1130 3098 1358 3137 septuagesima
1373 3106 1472 3137 nona,
1487 3097 1563 3129 Caio
1576 3097 1714 3128 Antonio
1728 3099 1759 3128 et
1778 3099 1882 3128 Marco
1897 3098 1999 3129 Tullio
2013 3098 2164 3128 Cicerone

1131 3173 1332 3212 consulibus,
1346 3181 1446 3212 quum
1467 3173 1498 3203 vi
1513 3173 1639 3212 ingressi
1655 3173 1762 3204 hostes
1782 3181 1835 3203 eos
1857 3173 1910 3211 qui
1934 3174 2024 3203 erant
2040 3172 2069 3202 in
2092 3172 2162 3202 sano

1128 3250 1324 3289 Jugularent,
1339 3249 1444 3280 tamen
1461 3249 1514 3288 qui
1529 3257 1616 3279 sacra
1628 3249 1839 3288 procurabant
1858 3247 1955 3277 nihilo
1973 3247 2074 3277 secius
2096 3254 2161 3275 rem

1974 3312 2005 3337 27
