2338 3765
936 204 1269 245 FRAGMENTA.
2089 212 2158 244 651

45 291 129 328 πάνυ
147 291 294 328 ἀπίθανα
316 290 373 328 καὶ
390 291 552 333 θανάτους
571 290 797 338 ἀλλοκότους,
819 292 864 332 ὡς
879 291 923 332 εἷς
940 289 1069 326 δάκτυ-

45 351 100 386 λον
117 352 174 386 τοῦ
186 349 284 391 ποδὸς
295 349 351 386 τὸν
369 348 477 399 μέγαν
494 349 631 399 τρωθείς
643 364 692 390 τις
712 347 836 384 αὐτίκα
856 347 1069 393 ἐτελεύτησε,

43 407 99 444 καὶ
131 409 176 449 ὡς
206 406 441 456 ἐμὸοήσαντος
462 407 562 456 μόνον
602 406 756 458 Πρίσκου
788 409 847 442 τοῦ
878 408 1070 456 στρατηγοῦ

42 462 130 501 ἑπτὰ
150 464 208 502 καὶ
228 463 335 501 εἴκοσι
364 467 431 501 τῶν
453 464 628 513 πολεμίων
657 463 822 507 ἐξέθανον.
842 463 923 501 ”Ετι
958 463 991 499 δὲ
1014 462 1071 500 καὶ

42 524 76 559 ἐν
109 524 158 573 τῷ
189 524 257 559 τῶν
277 524 404 573 νεκρῶν
434 524 587 574 ἀριθμῷ,
613 525 712 559 τοῦτο
746 520 808 570 μὲν
829 521 887 558 καὶ
906 520 1001 572 παρὰ
1028 520 1072 557 τὰ

43 579 264 632 γεγραμμένα
281 582 314 617 ἐν
326 581 400 622 ταῖς
415 582 481 617 τῶν
494 580 669 632 ἀρχόντων
681 580 876 622 ἐπιστολαῖς
890 579 1071 631 ἐψεύσατο·

43 638 98 675 ἐπὶ
117 640 183 689 γὰρ
204 638 365 690 Εὐρώπῳ
387 640 453 674 τῶν
476 637 537 688 μὲν
557 638 732 686 πολεμίων
750 639 931 674 ἀποθανεῖν
949 637 1071 688 μυριά-

44 697 102 738 δας
122 695 209 732 ἑπτὰ
232 696 290 733 καὶ
319 696 504 746 τριάκοντα
537 696 595 734 καὶ
625 695 658 748 ’ἐξ
678 695 761 748 πρὸς
774 696 842 737 τοῖς
872 694 1073 742 διακοσίοις,

43 752 231 803 Ῥωμαίων
263 753 298 791 δὲ
330 754 452 803 μόνους
480 755 559 801 δύο,
589 754 648 791 καὶ
669 753 885 804 τραυματίας
917 753 1073 804 γενέσθαι

46 811 152 850 ἐννέα.
172 813 294 850 Ταῦτα
308 813 370 849 οὐκ
390 806 467 849 οἶδα
488 812 520 849 εἴ
537 828 586 853 τις
607 811 645 848 ἂν
665 806 701 849 εῧ
721 814 852 864 φρονῶν
872 811 1071 862 ἀνάσχοιτο.

94 869 283 920 Πρίσκου]
319 873 487 919 Intellige
510 873 665 907 Statium
697 873 888 919 Priscum,
918 873 961 907 L.
988 872 1074 907 Veri

44 930 218 977 legatum,
232 943 300 977 per
323 943 434 977 quem
450 942 508 965 res
531 931 567 964 in
585 931 759 965 Armenia
769 942 947 977 prospere
968 937 1073 977 gestae

43 995 79 1022 et
95 988 235 1023 bellum
255 989 467 1023 Parthicum
487 988 714 1024 confectum.
736 989 808 1023 Jul.
826 989 984 1034 Capitol.
1004 989 1072 1023 vit.

41 1046 91 1080 M.
110 1047 238 1083 Aurel.
259 1060 292 1081 c.
316 1060 352 1094 9,
378 1047 467 1083 etL.
484 1048 568 1082 Veri
586 1059 617 1083 c.
640 1060 674 1091 7.

540 1153 559 1164 Η

545 1165 572 1183 s·

93 1237 158 1262 21.
179 1224 250 1262 Και
269 1224 337 1274 μὴν
369 1225 506 1261 κάκεῖνο
531 1223 686 1271 λεκτέον,
706 1225 742 1260 οὐ
780 1238 900 1275 μικρον
933 1223 988 1260 ὅν·
1010 1223 1076 1260 υπὸ

41 1279 106 1332 γὰρ
126 1296 183 1318 του
205 1283 330 1331 κομιδῆ
353 1282 503 1325 Ἀττικὸς
527 1277 613 1320 εἶναι
636 1282 694 1319 καὶ
718 1281 994 1332 ἀποκεκαθάρθαι
1013 1280 1075 1327 τὴν

43 1337 157 1390 φωνὴν
173 1340 205 1382 ἐς
217 1340 255 1377 τὸ
273 1341 547 1391 ἀκριὸέστατον
530 1340 603 1386 ηξίο
597 1356 673 1378 υσεν
685 1344 782 1382 οὗτος
796 1340 853 1377 καὶ
864 1339 907 1377 τὰ
921 1339 1076 1385 ὀνόυατα

43 1410 274 1444 μεταποιησαι
289 1398 330 1435 τὰ
346 1398 532 1448 Ῥωμαίων
552 1399 610 1435 καὶ
626 1397 894 1450 μετεγγράψαι
879 1414 911 1441 ες
930 1397 969 1434 τὸ
988 1396 1077 1436 Ελ-

42 1455 194 1504 ληνικὸν,
215 1458 260 1498 ὡς
281 1456 425 1508 Κρόνιον
441 1456 502 1507 μὲν
521 1457 747 1508 Σατουρνῖνον
775 1455 901 1506 λέγειν7
925 1456 1076 1507 Φρόντιν

44 1513 77 1551 δὲ
97 1514 154 1552 τὸν
169 1514 360 1565 Φρόντωνα
373 1546 383 1563 ,
406 1515 568 1554 Τιτάνιον
583 1516 618 1553 δὲ
635 1515 692 1553 τὸν
709 1514 886 1559 Τιτιανὸν,
908 1514 966 1551 καὶ
988 1515 1076 1552 ἄλλα

43 1574 162 1622 πολλῷ
177 1572 387 1625 γελοιότερα.
445 1573 526 1612 Ἔτι
546 1576 563 1611 ὃ
578 1573 676 1616 αὐτὸς
689 1567 781 1615 οὗτος
799 1572 878 1624 περὶ
893 1576 954 1619 τῆς
966 1575 1077 1620 Σευη-

45 1635 159 1682 ριανοῦ
177 1633 336 1678 τελευτῆς
352 1631 495 1684 ἔγραψεν
517 1635 561 1674 ὡς
583 1634 612 1668 οἱ
635 1631 695 1681 μὲν
711 1630 809 1668 ἄλλοι
823 1630 972 1674 ἅπαντες
991 1630 1077 1677 ἐξη-

43 1687 215 1733 πάτηνται
238 1688 386 1738 οἰόμενοι
417 1689 503 1741 ξίφει
521 1689 679 1727 τεθνάναι
705 1689 827 1738 αὐτὸν,
857 1688 1022 1725 ἀποθάνοι
1043 1688 1077 1725 δὲ

44 1748 61 1783 ὃ
84 1746 171 1797 ἀνὴρ
192 1746 307 1784 σιτίων
331 1748 586 1798 ἀποσχόμενος·
609 1750 726 1784 τοῦτον
753 1746 819 1797 γὰρ
843 1747 934 1795 αὐτῷ
952 1745 1079 1782 ἀλυπό-

43 1818 145 1839 τατον
163 1803 257 1846 δόξαι
276 1803 334 1841 τὸν
356 1805 520 1841 θάνατον·
540 1805 602 1841 οὐκ
630 1803 727 1847 εἰδὼς
752 1803 804 1841 ὅτι
824 1803 863 1840 τὸ
884 1803 945 1852 μὲν
973 1803 1079 1846 πάθος

43 1862 151 1898 ἐκεῖνο
171 1867 240 1899 πᾶν
259 1864 377 1913 τριῶν7
396 1857 511 1912 οἶμαι,
533 1865 671 1912 ἡμερῶν
695 1862 849 1913 ἐγένετο,
869 1860 1026 1898 ἀπόσιτοι
1043 1861 1078 1898 δὲ

43 1918 102 1956 καὶ
116 1920 148 1961 ἐς
169 1919 319 1970 ἑὸδόμην
334 1921 528 1973 διαρκοῦσιν
548 1922 579 1958 οἱ
601 1920 744 1969 πολλοὶ,
767 1919 862 1962 ἐκτὸς
878 1921 906 1956 εἰ
925 1919 972 1969 μὴ
988 1920 1078 1956 τοῦθ’

43 1977 209 2015 ὑπολάὲοι
246 1993 314 2024 τις,
347 1980 392 2021 ὡς
427 1978 573 2030 Ὀσρόης
608 1994 657 2022 τις
691 1977 841 2023 εἱστήκει
873 1977 1077 2028 περιμένων,

44 2034 112 2071 ἔστ’
133 2034 173 2072 ἂν
198 2036 407 2088 Σευηριανὸς
429 2038 522 2089 λιμῷ
542 2038 732 2084 ἀπόληται,
752 2035 810 2074 καὶ
831 2035 886 2073 διὰ
903 2039 1002 2073 τοῦτο
1019 2036 1080 2073 οὐκ

45 2093 150 2144 ἐπῆγε
171 2093 226 2130 διὰ
240 2097 300 2139 τῆς
315 2094 477 2144 ἑὸδόμης.

1185 292 1394 342 Σευηριανοῦ
1424 293 1611 336 τελευτῆς]
1640 309 1653 322 «
1684 293 1756 327 Sua
1787 305 1824 327 se
1849 305 1960 327 manu
1992 293 2167 328 occidisse

1132 351 1391 394 Severianum,
1426 364 1539 397 quum
1562 351 1608 384 ad
1629 351 1792 397 Elegiain
1825 351 2008 385 Armeniae
2033 352 2164 386 castel-

1134 407 1209 440 lum
1228 407 1273 441 ab
1294 408 1410 442 Osroc
1434 408 1654 442 Parthorum
1672 407 1766 441 (luce
1786 409 1822 441 in
1851 409 2033 454 angustias
2060 421 2166 443 com-

1132 465 1261 510 pulsus
1278 472 1381 509 essct,
1401 479 1488 500 mox
1504 478 1522 500 e
1538 478 1620 512 cap.
1640 465 1686 500 25
1703 473 1739 500 et
1755 466 1803 500 ’.ιῦ
1819 467 2033 513 apparebit3
2053 466 2167 513 idque

1134 523 1190 556 vel
1206 534 1249 557 ex
1261 523 1428 558 hostibus
1437 524 1637 570 comperiri
1652 524 1796 570 potuit,
1817 523 1863 558 dc
1877 536 2011 570 genere
2025 530 2167 558 tantum

1136 581 1265 615 mortis
1278 608 1287 624 ,
1306 593 1422 627 quum
1442 582 1552 628 pauci
1570 582 1628 615 vel
1652 582 1742 615 nulli
1764 582 1975 627 superstites
2000 582 2051 615 illi
2072 583 2169 617 cladi

1136 645 1270 681 essent,
1290 651 1423 685 parum
1445 640 1541 674 inter
1564 640 1762 686 scriptores
1782 639 1984 673 constitisse
2003 639 2166 676 videtur.

1134 698 1165 730 A
1196 697 1340 731 Parthis
1371 699 1531 732 occisum
1557 708 1634 731 non
1665 696 1836 739 creda1n;
1862 709 1946 731 nam
1976 698 2078 744 quod
2096 698 2168 732 Dio

1134 756 1228 790 Cass.
1257 755 1404 798 LXXI,
1428 767 1448 789 2
1481 756 1667 802 legionem
1690 768 1774 789 cuni
1803 756 1882 801 ipso
1914 755 2009 790 duce
2033 756 2170 801 sagittis

1135 813 1340 847 consectam
1362 813 1597 859 deletanique
1614 825 1688 848 esse
1714 820 1863 860 narrat,
1885 812 1932 847 de
1960 814 2169 848 necessitate

1135 872 1260 917 potius
1280 883 1391 917 quani
1419 871 1465 906 de
1493 883 1628 919 genere
1660 872 1723 906 leti
1754 870 2037 917 intelligendum
2069 872 2170 907 arbi-

1137 937 1227 965 tror.
1251 944 1265 959 »
1292 930 1418 964 HERM.

1637 1007 1670 1043 8.

1191 1119 1253 1142 22.
1291 1105 1380 1147 Τοὺς
1402 1106 1436 1142 δὲ
1463 1105 1522 1142 καὶ
1551 1112 1741 1151 ποιητικοῖς
1776 1108 1938 1156 ὀνόμασιν
1972 1108 2005 1144 ἐν
2036 1106 2171 1158 ἱστορίᾳ

1135 1162 1334 1214 χρωμένους
1363 1166 1429 1200 ποῦ
1465 1163 1504 1200 ἄν
1531 1179 1581 1206 τις
1602 1163 1696 1210 θείη;
1731 1167 1808 1207 τοὺς
1833 1165 1992 1214 λέγοντας
2012 1183 2025 1198 «ι
2048 1165 2173 1208 ἐλέλιξε

1138 1221 1200 1269 μὲν
1217 1223 1237 1266 ἡ
1257 1220 1421 1272 μηχανὴ,
1437 1221 1476 1258 τὸ
1494 1226 1607 1272 τεῖχος
1619 1222 1654 1258 δὲ
1669 1222 1773 1259 πεσὸν
1791 1224 1949 1272 μεγάλως
1964 1222 2131 1269 ἐδούπησε
2146 1241 2173 1266 υ,

1136 1279 1194 1316 καὶ
1211 1279 1345 1316 πάλιν
1331 1295 1364 1316 εν
1379 1279 1483 1331 ἑτέρι)
1497 1279 1592 1330 μέρει
1605 1296 1665 1326 της
1682 1282 1771 1318 καλ
1751 1297 1789 1326 ης
1802 1282 1951 1332 ιστορίας
1963 1297 1970 1303 ·
1993 1299 2007 1312 «
2020 1280 2173 1318 ”Ecetram

1139 1338 1200 1386 μὲν
1221 1338 1262 1410 δη
1283 1353 1373 1375 ουτω
1400 1341 1470 1381 τοῖς
1501 1338 1617 1381 ὅπλοις
1644 1344 1956 1391 περιεσμαραγεῖτο
1977 1355 2035 1376 και
2057 1339 2174 1382 ὄτοῧος

1138 1400 1178 1442 ἠν
1207 1413 1267 1434 και
1301 1396 1478 1439 mmeoq‘
1467 1396 1605 1433 άπαντα
1626 1398 1761 1445 ἐκεινα,
1797 1415 1811 1429 »
1834 1397 1892 1434 καὶ
1913 1415 1927 1429 «
1949 1400 1965 1434 ὑ
1986 1398 2176 1447 στρατηγὸς

1139 1470 1199 1504 εμε
1186 1454 1366 1506 ριιηριζεν
1391 1458 1419 1507 ᾧ
1438 1454 1554 1506 τρόπω
1585 1455 1737 1504 μάλιστα
1774 1455 1991 1507 προσαγάγοι
2025 1455 2107 1506 πρὸς
2137 1472 2176 1492 το

1138 1516 1249 1564 τεῖχος
1266 1532 1294 1553 υ.
1309 1507 1397 1551 Εἶτα
1415 1513 1541 1562 μεταξυ
1557 1529 1662 1556 ουτως
1677 1514 1826 1558 ευτελη
1812 1513 1964 1563 ονόματα
1988 1514 2045 1550 καὶ
2065 1515 2172 1563 &nu-0

1138 1572 1215 1608 τικὰ
1233 1587 1291 1608 και
1309 1571 1472 1622 πτωχικὰ
1489 1571 1602 1608 πολλὰ
1623 1571 1921 1622 παρενεῧέὸυστο,
1941 1571 1978 1608 τὸ
1995 1591 2008 1604 «
2025 1572 2175 1610 επέστει-

1139 1631 1193 1666 λεν
1214 1632 1230 1666 ὃ
1247 1630 1550 1680 στρατοπεδάρχης
1564 1632 1613 1680 τῷ
1630 1629 1755 1681 κυρίῳ,
1777 1648 1792 1663 »
1810 1630 1868 1667 καὶ
1884 1648 1898 1663 κ
1914 1632 1943 1667 οἱ
1960 1633 2169 1681 στρατιῶται

1140 1687 1307 1760 ἠγόραζον
1325 1704 1368 1725 τα
1385 1687 1617 1739 εγχρῄζοντα,
1641 1705 1655 1720 »
1675 1686 1734 1724 καὶ
1755 1705 1770 1719 «
1787 1687 1854 1733 ηδη
1878 1688 2075 1736 λελουμενοι
2096 1689 2175 1740 περὶ

1143 1745 1264 1788 αὐτους
1290 1745 1461 1796 εγίγνοντο
1480 1764 1512 1791 »,
1527 1745 1585 1782 καὶ
1607 1744 1650 1782 τὰ
1667 1748 1833 1782 τοιαῦτα·
1860 1761 1948 1782 ωστε
1975 1761 2013 1784 το
2030 1762 2174 1797 πραγμα

1141 1803 1246 1845 ἐοικὸς
1267 1807 1353 1841 εἰναι
1369 1819 1432 1854 τρα
1436 1819 1537 1854 γῳοω
1553 1803 1609 1840 τὸν
1632 1818 1744 1854 ετερον
1764 1803 1825 1851 μὲν
1841 1803 1929 1840 πόδα
1948 1803 2002 1840 ἐπ’
2020 1804 2173 1854 εμὸάτου

1141 1863 1273 1912 υψηλοῧ
1291 1861 1474 1913 βεέηκότι,
1494 1860 1662 1913 θατέριῃ)
1645 1861 1680 1898 οὲ
1702 1860 1900 1898 σάνοαλον
1888 1863 2075 1911 υποδεδεμε
2067 1862 2137 1914 ’μνω

1192 1921 1387 1969 Subjungit
1400 1922 1582 1956 Lucianus
1600 1921 1651 1970 (c.
1671 1921 1717 1955 23
1733 1920 1742 1968 )
1762 1921 1863 1955 aliud
1882 1922 2173 1969 incongruentia:

1143 1978 1182 2012 in
1201 1979 1346 2025 scriptis
1369 1979 1554 2013 historicis
1580 1979 1698 2012 obviae
1719 1979 1943 2025 exemplum.
1965 1979 2175 2012 Nonnullos

1142 2037 1250 2071 etiam
1269 2048 1343 2071 esse
1375 2037 1443 2080 ait,
1471 2037 1535 2083 qui
1565 2036 1719 2071 exordia
1745 2036 1939 2083 splendida
1968 2037 2175 2083 tragicique

1141 2094 1250 2129 fastus
1277 2095 1385 2141 plena
1416 2102 1450 2129 et
1482 2095 1578 2128 ultra
1609 2094 1763 2129 modum
1791 2095 1901 2142 longa
1921 2095 2175 2138 conscribant,

43 2205 331 2245 salsaineutumque
352 2206 445 2237 irruit
461 2215 562 2246 eoque
583 2215 617 2238 se
638 2207 764 2246 opplet,
788 2206 889 2237 donec
912 2206 1078 2244 rumpatur

44 2255 176 2288 edendo.
192 2257 230 2287 Et
243 2257 268 2287 is
283 2256 429 2296 quidem,
454 2257 494 2288 de
506 2266 570 2297 quo
591 2258 685 2289 modo
702 2258 767 2288 dixi
780 2281 788 2295 ‚
803 2257 936 2288 vulnera
951 2265 1078 2296 quoque

44 2308 227 2348 conscripsit
251 2309 381 2340 omnino
407 2309 600 2341 incredibilia
623 2310 798 2350 mortisque
819 2317 931 2349 genera
953 2317 1079 2348 prorsus

44 2360 161 2391 absona
177 2370 184 2391 2
203 2370 302 2391 unum
320 2361 458 2401 aliquem
470 2386 478 2401 ,
493 2363 626 2394 vulnere
649 2363 680 2393 in
694 2362 780 2403 pedis
800 2363 911 2402 pollice
927 2362 1057 2401 accepto
1068 2385 1077 2399 ,

44 2413 202 2452 extemplo
216 2414 407 2454 exspirasse;
424 2416 455 2445 et
474 2415 528 2445 ubi
544 2416 714 2446 clamorem
731 2416 856 2446 tantuin
873 2415 997 2445 Priscus
1012 2413 1078 2444 dux

44 2464 239 2502 sustulisset,
255 2465 365 2504 viginti
379 2468 498 2505 septem
518 2476 555 2498 ex
572 2467 709 2498 hostium
726 2475 859 2497 numero
873 2466 905 2497 in
918 2465 1013 2497 animi
1026 2464 1079 2495 de-

47 2515 175 2554 liquium
196 2516 354 2550 incidisse.
373 2520 527 2549 Praeterea
541 2520 649 2549 autem
672 2520 872 2549 mortuorum
895 2517 1022 2557 quidem
1048 2517 1079 2546 in

44 2575 177 2598 numero
199 2577 236 2599 ea
258 2577 386 2609 quoque
405 2579 477 2609 quac
501 2571 729 2610 imperatorum
750 2571 781 2601 in
804 2570 901 2601 literis
924 2568 1079 2600 conscribi

44 2618 145 2650 solent
158 2643 165 2656 ‚
183 2620 365 2652 mentiendo
381 2622 554 2660 superavit.
576 2623 612 2653 In
629 2622 739 2661 proelio
761 2622 844 2652 enini
860 2621 898 2651 ad
917 2623 1079 2660 Europum

45 2669 183 2700 hostium
199 2670 378 2702 interfectos
397 2681 462 2703 esse
478 2672 522 2703 ait
533 2673 675 2704 trecenta
691 2673 886 2712 septuaginta
902 2672 999 2703 millia
1018 2672 1078 2702 du-

46 2722 154 2752 centos
167 2730 221 2753 sex
235 2733 243 2761 ;
258 2725 474 2755 Romanorum
491 2726 598 2755 autem
614 2725 836 2756 tantummodo
849 2725 928 2755 duos
941 2748 949 2763 ‚
967 2725 1079 2756 vulne-

47 2773 192 2811 ratosque
209 2782 275 2805 csse
293 2783 420 2806 novem.
436 2777 513 2806 Haec
526 2776 632 2807 nescio
650 2785 690 2807 an
712 2784 787 2807 sana
803 2777 908 2807 mente
929 2775 1081 2814 praeditus

47 2822 212 2862 quisquam
233 2825 366 2856 tolerare
380 2826 489 2866 possit.

556 2871 590 2902 7.

88 2921 198 2959 Neque
212 2929 286 2952 vero
300 2922 377 2953 illud
392 2923 515 2954 silentio
532 2924 787 2963 praetereundum
806 2925 853 2955 est
866 2948 874 2962 ,
891 2933 954 2954 uon
976 2924 1080 2963 exigui

49 2977 98 3000 res
111 2972 273 3002 momenti.
292 2974 371 3004 Nam
385 2974 439 3013 qui
454 2975 518 3014 ipse
531 2983 626 3014 quani
641 2975 779 3005 maxime
790 2976 913 3006 Atticus
925 2977 1005 3006 esset
1018 2984 1082 3006 ser·

51 3028 206 3060 moneque
223 3023 364 3054 uteretur
378 3025 544 3064 purissimo
560 3027 591 3057 et
609 3025 649 3056 ab
666 3026 752 3056 omni
766 3026 843 3056 vitio
858 3029 978 3057 remoto
989 3051 997 3064 ,
1020 3029 1081 3058 Ro-

52 3079 218 3103 manorum
236 3082 364 3114 quoque
377 3076 505 3107 nomina
522 3078 623 3107 Attica
641 3077 741 3108 facere
757 3077 788 3107 iu
803 3079 992 3116 Graccusque
1006 3086 1082 3108 con-

51 3122 172 3153 vertere
195 3124 310 3156 formas
335 3126 418 3157 haud
448 3127 633 3167 dedignatus
654 3129 700 3158 est
725 3141 730 3158 :
758 3128 835 3158 adeo
858 3129 893 3158 ut
923 3131 1082 3160 Cronium

51 3171 168 3204 diceret
181 3176 405 3216 Saturninum,
430 3178 604 3210 Plaroncm
623 3180 728 3209 autem
754 3180 962 3216 Frontonem,
990 3181 1015 3210 T
1016 3181 1081 3210 ila-

53 3225 148 3254 m'um
169 3225 223 3263 qui
245 3227 387 3259 Titianus
402 3231 501 3267 esset,
525 3231 556 3259 et
575 3230 695 3268 reliqua
718 3230 818 3259 multo
841 3231 935 3260 ctiam
954 3230 1016 3260 risu
1034 3231 1081 3260 di-

53 3275 169 3312 gniora.
189 3278 344 3310 Praeterea
358 3280 441 3311 idem
457 3281 508 3311 ille
522 3281 561 3312 de
575 3282 734 3312 severiani
753 3282 841 3312 obitu
865 3282 989 3321 scripsit
1011 3283 1083 3313 reli-

54 3334 132 3363 quos
158 3335 268 3359 omnes
294 3329 442 3370 deceptos
468 3340 552 3370 esse,
584 3332 637 3371 qui
664 3333 767 3371 gladio
793 3341 865 3363 cuin
900 3333 1084 3364 occubuisse

58 3375 302 3418 arbitrarentur5
321 3383 482 3413 mortuum
499 3384 605 3414 autem
629 3392 693 3414 csse
717 3383 840 3423 i11<=1lia3
861 3384 916 3415 hoc
941 3384 1022 3415 enini
1040 3385 1082 3415 illi

1139 2203 1250 2234 mortis
1265 2212 1362 2242 genus
1375 2204 1517 2234 omnium
1533 2204 1669 2234 maxime
1682 2204 1798 2235 doloris
1816 2213 1929 2243 expers
1945 2205 2069 2243 visu1n3
2087 2205 2171 2243 iguo-

1141 2263 1211 2285 rans
1227 2255 1323 2285 totius
1338 2254 1421 2285 illius
1431 2255 1618 2286 calamitatis
1631 2256 1756 2294 tempus
1769 2255 1865 2285 trium
1883 2256 1945 2286 sere
1968 2255 2090 2285 dierum
2104 2264 2175 2295 spa-

1140 2306 1184 2336 tio
1198 2306 1371 2344 contineri,
1388 2306 1441 2344 qui
1455 2308 1560 2337 autem
1576 2306 1677 2337 inedia
1691 2307 1770 2336 mori
1786 2306 2021 2346 constituerint,
2037 2307 2177 2346 plerum-

1140 2366 1202 2396 que
1215 2357 1264 2387 vel
1282 2356 1321 2387 ad
1338 2357 1508 2396 septimum
1532 2366 1632 2397 usqne
1655 2357 1737 2388 diem
1756 2357 1854 2388 vitam
1874 2358 1990 2388 ducere
2009 2371 2015 2389 ι
2033 2358 2092 2389 nisi
2109 2358 2179 2397 quis

1141 2409 1216 2440 illud
1230 2409 1348 2440 scilicet
1367 2410 1424 2441 sibi
1439 2411 1646 2450 persuaserit,
1669 2410 1791 2441 stetisse
1807 2412 1926 2441 Osroon
1941 2413 2175 2449 exspectantem

1141 2461 1242 2492 donec
1255 2461 1358 2492 inedia
1371 2462 1558 2492 Severianus
1575 2464 1826 2501 consumeretur,
1842 2461 1976 2501 ideoque
1988 2470 2043 2502 per
2056 2463 2177 2501 septem

1141 2514 1208 2545 dies
1223 2514 1310 2553 signa
1324 2514 1438 2545 inferre
1453 2514 1602 2546 noluisse.

1646 2577 1681 2607 8.

1183 2665 1255 2696 Illos
1272 2666 1377 2695 antem
1392 2673 1532 2704 quonam
1547 2665 1618 2704 quis
1639 2665 1709 2696 loco
1732 2664 1846 2696 habeat
1858 2689 1865 2703 ‚
1880 2666 1933 2704 qui
1955 2665 2082 2705 poeticis
2099 2666 2178 2697 adeo

1142 2717 1245 2748 verbis
1258 2719 1391 2749 utuntur
1404 2718 1436 2748 in
1451 2718 1602 2749 historia?
1616 2718 1670 2758 qui
1687 2718 1798 2749 dicunt
1814 2731 1820 2749 ε
1843 2718 2038 2756 Tremqsecil
2051 2722 2178 2750 mmmm

1144 2771 1367 2807 tormentum,
1383 2771 1416 2799 et
1430 2769 1494 2799 illa
1521 2771 1651 2808 inqcnti
1674 2778 1751 2800 cum
1765 2769 1911 2808 sraqore
1933 2770 2176 2808 conciderunt,-

1142 2820 1173 2850 et
1192 2828 1318 2850 rursum
1334 2820 1363 2850 in
1376 2820 1435 2850 alio
1456 2820 1545 2850 bellae
1560 2820 1697 2850 historiae
1714 2821 1783 2851 loco
1805 2833 1811 2851 :
1827 2822 1907 2851 Jam
1924 2822 2031 2859 mitur
2049 2821 2178 2851 Edessa

1143 2879 1322 2902 (umorum
1343 2873 1461 2902 sonitu
1485 2872 1846 2911 circumstrepebatur‚
1865 2874 2033 2912 eranlquc
2050 2873 2179 2904 stridor

1135 2921 1339 2961 Ιἴνειηονᾳίιθ
1350 2924 1418 2953 isca
1430 2924 1555 2960 omnia,
1567 2925 1597 2953 et
1609 2935 1615 2954 ε
1630 2925 1710 2954 Dux
1725 2925 1837 2954 versat
1847 2923 1908 2953 suh
1920 2926 2051 2963 pectore
2061 2933 2176 2962 curas,

1144 2983 1213 3014 qua
1226 2977 1376 3006 maxime
1393 2977 1527 3006 ratione
1544 2976 1591 3007 ad
1606 2984 1722 3007 muros
1749 2977 1901 3008 accedat.
1918 2980 1996 3008 Tum
2016 2986 2090 3007 vero
2111 2977 2178 3007 hacc

1144 3026 1225 3056 inter
1250 3025 1316 3064 ipsa
1341 3026 1446 3057 media
1470 3027 1627 3058 inculcata
1649 3029 1739 3059 erant
1755 3028 1856 3058 muita
1883 3028 2062 3066 hujiismodi
2082 3037 2176 3058 voca-

1146 3077 1219 3108 bula
1235 3078 1328 3108 exilia
1341 3079 1373 3109 et
1392 3078 1550 3118 vulgaria,
1571 3089 1707 3119 quaeque
1730 3089 1747 3111 e
1769 3080 1986 3111 mendicorum
2007 3082 2176 3110 consuctuq

1145 3128 1217 3160 dine
1233 3129 1344 3160 hausta
1360 3131 1506 3169 putares,
1525 3132 1559 3162 ut
1572 3140 1602 3162 v.
1622 3140 1650 3161 c.
1681 3132 1850 3163 Tribunus
1868 3132 2019 3162 millium
2042 3131 2179 3163 domino

1149 3183 1260 3212 nostro
1276 3189 1336 3220 per
1363 3181 1482 3212 liceras
1500 3184 1692 3218 nunciavit,
1710 3186 1740 3213 et
1757 3195 1762 3213 :
1782 3182 2025 3214 Mercczbzmlzcr
2048 3183 2174 3213 milltes

1146 3240 1223 3270 quse
1234 3231 1282 3262 ad
1294 3234 1422 3263 victum
1436 3235 1625 3264 necessaria
1639 3235 1759 3271 essent,
1773 3235 1804 3263 ct
1817 3246 1824 3263 ι
1836 3235 1981 3272 Jamque
1994 3233 2053 3263 loli
2068 3242 2174 3273 quum

1147 3285 1272 3321 essent,
1290 3283 1337 3314 acl
1352 3284 1429 3314 illos
1452 3292 1487 3315 se
1509 3287 1768 3321 converterunt,
1791 3293 1890 3323 coque
1907 3284 1944 3314 de
1957 3292 2068 3321 genere
2092 3284 2173 3321 alia;

1147 3335 1181 3364 ut
1194 3334 1304 3365 similis
1326 3344 1374 3366 res
1395 3337 1476 3367 esset
1501 3336 1659 3375 trago—«10,
1677 3337 1728 3374 qni
1744 3336 1841 3365 alivi«)
1858 3334 1984 3373 quidem
2010 3334 2087 3374 pede
2111 3335 2175 3365 alto

1146 3386 1301 3417 cothurno
1315 3387 1443 3426 nitatur,
1460 3387 1593 3418 alterum
1606 3391 1710 3417 aulem
1722 3386 1861 3416 sandalio
1876 3386 2058 3417 devinctum
2073 3389 2170 3425 gerat.
