2289 3728
927 127 1254 165 FRAGMENTA.

22 210 56 247 δὲ
78 209 300 261 ἀνδρωθέντες
320 210 466 260 γίνονται
493 210 582 247 κατά
608 226 644 247 τε
670 209 807 254 ἀξίωσιν
836 213 967 262 μορφῆς
996 210 1053 246 καὶ

22 268 236 319 φρονήματος
251 267 351 317 ὄγκον
369 270 405 305 οὐ
424 269 603 320 συφορὸοἷς
623 268 681 305 καὶ
700 267 1053 318 βουκόλοιςέοικότες,

21 327 97 362 ἀλλ’
115 324 202 368 οἵους
223 325 263 362 ἅν
283 341 331 368 τις
351 326 504 369 ἀξιώσειε
524 326 599 369 τοὺς
618 327 656 363 ἐκ
674 326 848 376 βασιλείου
867 341 903 362 τε
928 326 1054 376 φύντας

19 383 156 433 γένους,
178 383 236 420 καὶ
261 383 329 420 ἀπὸ
351 384 521 433 δαιμόνων
547 390 676 435 σπορᾶς
693 383 849 432 γενέσθαι
868 382 1053 432 νομιζομέ-

20 457 110 485 νους,
128 444 173 484 ὡς
191 443 224 477 ἐν
241 448 309 484 τοῖς
327 442 481 488 πατρίοις
500 442 616 491 ὕμνοις
633 442 698 478 ὑπὸ
718 441 904 490 Ῥωμαίων
930 440 978 477 ἔτι
995 440 1054 477 καὶ

294 500 371 543 Βίος
391 501 418 537 δ’
442 501 554 541 αὐτοῖς
580 494 619 545 ἦν
645 499 840 549 βουκολικὸς
861 513 919 534 και
939 497 1052 534 δίαιτα

20 558 225 608 αυτουργὸς,
252 560 285 595 ἐν
310 558 402 608 ὄρεσι
429 557 472 594 τὰ
494 557 605 594 πολλὰ
633 557 840 606 πηξαμένοις
866 556 920 593 διὰ
945 556 1052 600 ξύλων

19 515 77 536 νυν
101 499 235 538 ἅΟΞταῑ.

19 615 76 652 καὶ
92 615 259 664 καλάμων
275 615 401 662 σκηνὰς
417 615 651 667 αὖτωρόφους·
667 631 713 651 ων
733 614 782 651 ἔτι
799 614 858 652 καὶ
876 616 920 657 εἰς
937 614 997 664 εμὲ
1014 618 1052 661 ἠν

17 688 66 715 τις
94 689 131 710 εκ
163 677 222 710 του’
256 673 452 712 Παλαντίου
484 674 540 711 ἐπὶ
568 676 628 719 τῆς
656 673 738 725 πρὸς
756 673 812 710 τὸν
840 673 1052 744 ἷππόορομον

17 731 226 782 στρεφούσης
254 731 414 780 λαγόνος,
436 731 620 781 Ῥωμύλου
644 730 810 781 λεγομένη
826 759 835 777 ,
860 730 901 776 ἢν
923 731 1053 782 φυλάτ-

16 804 128 826 τουσιν
138 789 238 859 ιερὰν
257 793 304 831 οἷς
324 790 450 827 τούτων
471 789 650 838 ἐπιμελὲς,
673 788 748 827 οὐσὲ
752 805 766 825 ν
788 788 844 825 επὶ
873 788 910 825 τὸ
930 788 1052 825 σεανό-

16 860 112 898 τερον
132 846 322 896 ἐξάγοντες·
341 849 369 884 εἷ
386 848 421 884 δέ
436 863 469 884 τι
482 848 662 893 πονήσειεν
677 847 742 884 υπὸ
755 849 922 897 χειμῶνος
937 845 958 891 ἢ
975 845 1052 897 χρό-

17 919 88 953 νου,
105 905 142 941 τὸ
155 906 271 943 λεῖπον
285 905 518 955 ἐξακούμενοι,
531 906 588 943 καὶ
604 909 652 957 τῷ
663 907 808 956 πρόσθεν
824 904 1053 953 ἐξομοιοῦντες

17 963 64 1004 εἷς
90 961 247 1011 δύναμιν.
308 963 410 1001 ’Ἐπεὶ
431 962 465 1000 δὲ
487 963 575 1015 ἀμφὶ
593 963 637 1000 τὰ
662 962 895 1000 ὀκτωκαίδεκα
920 962 978 1007 ἔτη
996 977 1052 1011 γε-

16 1019 148 1069 γονότες
178 1015 281 1069 ἦσαν,
314 1020 502 1072 ἀμφίλογόν
536 1037 568 1057 τι
601 1036 680 1072 περι
711 1023 770 1066 τῆς
798 1023 908 1070 νομῆς
939 1022 1053 1063 αὐτοῖς

16 1078 145 1127 γίνεται
178 1078 263 1130 πρὸς
289 1094 366 1121 τους
398 1078 587 1131 Νομίτορος
615 1078 822 1129 βουκόλους,
852 1080 882 1115 οἱ
911 1093 986 1129 περι
1015 1094 1052 1115 το

17 1136 177 1174 Αὖέντιον
206 1137 281 1187 ὄρος
307 1136 445 1187 ἀντικρυ
471 1141 529 1174 τοῦ
561 1137 757 1175 Παλαντίου
785 1136 940 1185 κείμενον
962 1140 1052 1187 εἰχον

15 1193 74 1237 τὰς
95 1195 307 1245 βουστάσεις.
336 1195 504 1249 ’,ΤΗτιωντο
524 1195 558 1232 δε
579 1195 746 1241 ἀλλήλους
765 1196 900 1246 θάτεροι
925 1194 1050 1231 θαμινὰ

14 1252 35 1297 ἢ
52 1251 113 1298 τὴν
133 1252 180 1302 μὴ
193 1234 435 1306 προσήκουσαν
449 1254 578 1303 ὀργάδα
592 1253 810 1302 κατανέμειν,
825 1253 846 1298 ἢ
861 1253 922 1298 τὴν
937 1253 1050 1298 κοινὴν

15 1310 135 1359 μόνους
165 1311 359 1362 διακρατεῖν
379 1311 400 1356 ἢ
427 1309 448 1347 ὅ
464 1327 496 1348 τι
522 1311 648 1357 δήποτε
673 1311 786 1362 τύγοι.
845 1311 888 1349 ’il
892 1326 912 1347 κ
939 1311 972 1347 οε
993 1314 1052 1356 τῆς

15 1368 208 1427 ἁψιμαχίας
229 1369 358 1414 ταύτης
385 1371 439 1418 ἐγε
426 1385 537 1406 νοντο
565 1369 698 1418 πληγαί
726 1384 807 1405 ποτε
835 1367 890 1405 διὰ
912 1384 1050 1420 χειρων,

15 1429 87 1462 εἶτα
108 1426 149 1462 δι’
169 1426 298 1466 όπλων.
322 1427 519 1479 Ιραύματα
545 1426 579 1463 δε
601 1426 714 1463 πολλὰ
740 1442 823 1497 προς
842 1429 909 1463 τῶν
930 1442 1050 1477 μειρα-

13 1483 94 1520 κίων
111 1483 344 1534 λαμὸάνοντες
361 1486 390 1522 οἱ
409 1488 468 1521 τοῦ
494 1484 704 1536 Νουαίτορος
722 1485 781 1521 καί
806 1500 899 1527 τινας
925 1485 1051 1522 ἀπολέ-

15 1556 133 1584 σαντες
161 1544 229 1578 τῶν
261 1542 433 1594 σφετέρων
459 1542 517 1580 καὶ
546 1545 612 1580 τῶν
640 1542 776 1593 χωρίων
807 1543 898 1579 κατὰ
929 1542 1052 1594 κράτος

13 1599 255 1651 ἐξειργόμενοι,
283 1602 604 1652 παρασκευάζονται
628 1601 725 1638 δόλον
747 1602 823 1638 τινὰ
845 1601 898 1638 ἐπ’
919 1601 1051 1644 αὐτούς.

17 1659 291 1710 Προλοχίσαντες
306 1659 372 1711 γὰρ
392 1663 452 1706 τ’ῆς
471 1661 646 1713 φάραγγος
666 1660 704 1697 τὸ
731 1660 875 1712 ἀφανὲς,
892 1660 951 1697 καὶ
971 1676 1051 1697 συν-

13 1716 145 1766 θέμενοι
161 1719 228 1761 τοῖς
243 1718 373 1768 λοχῶσι
391 1717 435 1755 τὰ
451 1719 613 1770 μειράκια
627 1718 682 1755 τὸν
696 1722 755 1764 τῆς
769 1718 952 1760 ἐπιθέσεως
973 1734 1051 1755 και-

15 1774 85 1825 ρὸν,
104 1776 134 1811 οἱ
152 1775 265 1812 λοιποὶ
285 1775 375 1812 κατὰ
395 1778 524 1822 πλῆθος
540 1776 596 1813 ἐπὶ
613 1776 656 1813 τὰ
672 1777 919 1826 μανδρεύματα
937 1777 1049 1812 αὐτῶν

13 1832 144 1884 νύκτωρ
162 1832 339 1870 ἐπέὸαλον.
357 1833 536 1882 Ῥωμύλος
557 1833 618 1883 μὲν
638 1828 694 1871 οὖν
716 1834 771 1871 τὸν
788 1834 910 1885 χρόνον
930 1837 1048 1870 τοῦτον

13 1891 173 1942 τυγχάνει
190 1892 263 1940 ἅμα
280 1893 348 1934 τοῖς
362 1893 641 1944 ἐπιφανεστάτοις
661 1895 728 1930 τῶν
746 1894 919 1941 κωμητῶν
940 1907 1050 1929 πεπο-

14 2021 151 2059 Romuli,
162 2021 204 2051 illi
217 2029 290 2051 vero
301 2021 386 2052 Remi
402 2030 515 2052 nomen
523 2021 617 2051 dedit.
636 2020 697 2056 Qui
711 2029 811 2059 quum
827 2019 1047 2057 adoleverunt,

14 2073 101 2103 erant
111 2073 142 2102 et
152 2071 301 2111 dignitate
315 2072 424 2102 formae
434 2071 566 2102 etanimi
581 2071 764 2102 celsitudine
776 2079 836 2100 nou
845 2070 985 2100 subulcis
995 2072 1049 2100 aut

15 2123 160 2154 bubulcis
170 2123 286 2153 similes
297 2146 305 2160 ,
325 2122 378 2153 sed
392 2122 430 2153 iis
440 2131 519 2161 quos
531 2122 636 2161 quivis
658 2122 753 2161 stirpe
767 2121 849 2159 regia
871 2123 957 2151 ortos
967 2120 1049 2159 judi-

14 2177 114 2205 casset
126 2197 135 2212 ‚
150 2175 181 2204 et
198 2174 302 2215 iis‚qui
319 2182 360 2204 ex
373 2173 505 2204 deorum
519 2173 637 2204 semine
650 2172 824 2203 creduntur
838 2172 902 2202 nati
919 2184 925 2202 :
940 2180 1047 2210 quem-

14 2225 187 2256 admodum
205 2225 237 2255 in
253 2224 361 2264 patriis
376 2227 589 2256 Romanorum
607 2223 800 2254 carminibus
819 2231 903 2253 nunc
921 2231 1049 2261 quoque

15 2275 148 2307 canitur.
163 2276 269 2307 Vitam
283 2277 389 2307 autem
403 2275 559 2314 degebant
576 2275 776 2314 pastui-iciam
788 2299 796 2313 ‚
812 2276 843 2305 et
857 2274 977 2304 victum
991 2274 1049 2304 sibi

15 2327 161 2359 manibus
184 2327 359 2366 parabant,
377 2327 409 2357 in
426 2327 587 2358 montibus
614 2327 799 2365 plerumque
815 2325 1050 2365 compingentes

15 2379 156 2418 exlignis
171 2380 203 2409 et
216 2378 371 2409 arundine
395 2378 461 2408 sine
474 2377 539 2408 ulla
564 2377 795 2416 contignatione
809 2376 941 2407 casulas.
960 2378 1048 2412 Qua·

17 2439 88 2461 rum
111 2439 174 2461 una
196 2430 235 2460 ad
256 2438 325 2460 mea
341 2438 440 2469 usque
459 2430 603 2468 tempora
618 2427 780 2466 exstabat,
805 2427 845 2458 ad
863 2428 944 2458 latus
962 2427 1047 2466 quod

15 2490 32 2512 a
59 2482 177 2513 Palatio
197 2481 237 2512 ad
254 2480 381 2512 Circum
403 2480 512 2519 ducit,
537 2488 610 2519 quae
631 2479 755 2510 Romuli
775 2479 907 2509 vocatur
926 2488 933 2508 z

22 2541 143 2563 sacram
159 2534 286 2563 servant
305 2532 325 2562 ii
343 2532 458 2571 quibus
472 2540 507 2562 ea
521 2541 596 2562 cura
617 2533 665 2562 est
681 2531 828 2562 mandata
842 2555 850 2569 ,
867 2531 944 2561 nihil
959 2531 986 2561 ei
999 2540 1050 2561 or-

17 2587 109 2616 natus
124 2585 225 2624 gratia
238 2584 400 2615 addentes.
414 2584 533 2620 Quodsi
552 2592 614 2623 qua
629 2583 696 2622 ejus
710 2592 781 2622 pars
794 2583 841 2613 vel
858 2583 1052 2622 tempestatis

17 2636 65 2667 vel
79 2636 228 2675 temporis
247 2636 361 2674 injuria
377 2635 529 2666 laborarit
541 2659 549 2673 ,
564 2635 647 2674 quod
664 2634 821 2672 reliquum
834 2635 881 2664 est
899 2633 1050 2671 sarciunt,

15 2690 46 2719 et
63 2690 218 2728 quantum
246 2687 313 2718 fieri
341 2687 444 2726 potest
461 2686 499 2716 ad
518 2686 680 2725 pristinam
707 2685 841 2715 sormam
860 2685 1050 2715 instaurant.

17 2741 125 2776 Quum
159 2740 266 2769 autem
294 2746 412 2767 annum
438 2737 561 2767 circiter
588 2736 878 2766 duodevicesimum
903 2737 1051 2774 agerent,

16 2790 259 2822 controversiain
276 2788 436 2829 quandam
450 2788 489 2818 de
501 2787 625 2827 pascuis
649 2787 828 2817 babuerunt
850 2796 923 2817 cum
940 2787 1051 2818 Numi-

17 2843 93 2874 toris
109 2843 306 2882 pastoribus,
329 2841 384 2880 qui
406 2841 437 2871 in
460 2840 616 2872 Aventino
645 2840 725 2870 colle
749 2848 766 2870 e
793 2839 918 2877 regione
943 2839 1052 2869 Palatii

17 2895 76 2924 sito
95 2902 151 2925 sua
164 2893 287 2924 stabula
303 2892 471 2923 habebant.
490 2892 683 2930 Frequenter
701 2893 807 2921 autem
826 2890 865 2920 de
885 2899 918 2921 se
940 2891 1052 2920 mutuo

20 2945 307 2984 conquerebantur,
324 2943 376 2974 vel
391 2942 475 2982 quod
493 2951 583 2981 agros
598 2942 717 2972 alienos
730 2941 821 2972 alteri
845 2941 1051 2980 depasceren-

19 2999 82 3035 tur,
105 2997 154 3028 vel
177 2997 264 3036 quod
279 3005 463 3027 communes
475 2995 563 3026 alteri
584 2994 641 3025 soli
665 2995 826 3032 tenerent,
848 2994 898 3024 vel
921 2993 997 3024 alias
1012 2993 1052 3024 ob

19 3057 127 3079 causas
141 3056 370 3087 quascumque.
386 3050 430 3078 Ex
445 3048 503 3077 ista
518 3048 624 3077 autem
635 3045 835 3076 altercatione
846 3044 1003 3075 interdum
1013 3045 1051 3075 ad

20 3107 130 3129 manus
143 3100 174 3129 et
183 3099 222 3129 ad
235 3107 323 3129 arma
336 3100 382 3129 est
396 3099 537 3128 ventum.
564 3100 669 3134 Quum
681 3098 788 3127 autem
799 3095 971 3127 Numitoris
988 3105 1048 3134 pa·

20 3153 118 3182 stores
140 3151 240 3182 multa
258 3151 392 3182 vulnera
408 3151 447 3181 ab
467 3150 526 3181 illis
540 3149 792 3180 adolescentibus
807 3148 998 3187 accepissent
1022 3149 1053 3178 et

21 3202 188 3232 nonnullos
209 3201 248 3232 de
263 3201 327 3232 suis
340 3201 518 3232 amisissent
537 3202 568 3231 et
587 3201 626 3230 ab
648 3200 707 3230 illis
723 3200 798 3229 loeis
811 3208 865 3237 per
883 3199 946 3228 vim
968 3207 1051 3228 arce·

21 3254 139 3291 rentur,
161 3252 269 3283 dolum
289 3251 445 3291 quendam
464 3252 523 3282 illis
539 3252 734 3282 struxerunt.
761 3252 867 3285 Quum
882 3251 989 3280 autem
1003 3250 1051 3280 iu-

21 3303 112 3334 sidias
123 3304 152 3334 in
166 3303 289 3334 occulta
302 3303 390 3333 vallis
403 3305 489 3341 parte
503 3304 574 3333 ant(¹
586 3301 757 3341 pusiiissent
770 3325 777 3339 ,
793 3302 821 3331 el
838 3309 910 3331 cum
925 3300 984 3331 illis
998 3302 1051 3339 qui

954 2487 1050 2517 quam
1071 2500 1073 2502 -

2101 135 2148 166 85

1116 212 1272 261 ρευμένος
1300 212 1344 254 είς
1377 227 1406 248 τι
1436 212 1559 263 χωρίον
1590 214 1751 250 Καινινᾶν
1781 212 2044 262 ὀνομαζόμενον,
2075 212 2151 263 ἱερὰ

1115 269 1269 313 ποιήσων
1291 269 1375 319 ὑπὲρ
1398 274 1456 306 τοῦ
1478 273 1588 306 κοινοῦ
1607 270 1754 321 πάτρια·
1775 270 1909 319 Ῥῶμος
1929 270 1962 307 δὲ
1984 271 2044 315 τὴν
2073 269 2151 321 ἔφο<

1115 326 1170 362 δον
1199 328 1310 363 αὐτῶν
1339 327 1536 375 αἰσθόμενος
1564 328 1750 375 ἐξεῧοήθει,
1770 328 1812 366 τὰ
1833 328 1923 365 ὅπλα
1951 327 2068 365 λαῧὼν
2096 327 2151 364 διὰ

1114 383 1260 433 ταχέων,
1282 383 1412 432 ὀλίγους
1432 387 1497 421 τῶν
1519 387 1557 422 ἐκ
1576 390 1635 430 τῆς
1653 386 1773 435 κώμης
1798 387 2000 438 φθασάντων
2020 386 2094 422 καθ’
2116 385 2150 423 ἓν

1113 440 1270 489 γενέσθαι
1299 442 1527 490 παραλαῧών.
1587 445 1747 481 Κάκεῖνοι
1779 447 1815 482 οὐ
1846 444 2003 495 ’δέχονται
2035 444 2172 488 αὐτὸν,’

1115 497 1203 534 ἀλλὰ
1218 497 1397 549 φεύγουσιν
1412 499 1620 546 ὑπαγόμενοι
1638 500 1715 536 ἔνθα
1734 501 1876 550 ἔμελλον
1895 504 1927 539 ἐν
1946 503 2042 552 καλῷ
2063 504 2149 538 ὑπο-

1114 554 1319 606 στρέψαντες
1344 555 1577 600 επιΟήσεσΟαι.

1681 559 1707 572 ‘Nl
1742 559 1751 571 <

1605 557 1649 595 ()
1678 573 1712 595 05
1759 562 1878 608 Ρῶιιος
1907 563 1984 597 κατ’
2007 560 2146 632 οίγνοιαν

1113 628 1173 649 του
1201 613 1474 663 μηχανήματος,
1508 616 1551 655 ὡς
1578 614 1659 665 α’χρι
1691 618 1819 653 πολλοῦ
1849 618 1979 654 διωκων
2009 617 2150 663 αὐτους,

1113 673 1350 722 παραλλάττει
1366 688 1403 709 το
1421 672 1664 722 λελοχισμένον
1680 675 1816 725 χωρίον,
1832 676 1890 712 καὶ
1907 678 1939 713 ἐν
1957 677 2066 728 τούτῳ
2080 678 2100 713 ὅ
2114 693 2149 714 τε

1112 729 1212 780 λόχος
1242 730 1423 767 ἀνίσταται
1451 730 1509 766 καὶ
1536 732 1565 766 οἱ
1586 730 1762 781 φεύγοντες
1789 734 2048 784 ὑποστρέφουσι.
2076 737 2150 773 Κυ-

1113 788 1330 837 κλωσάμενοι
1356 789 1391 824 δὲ
1418 785 1538 829 αὐτοὺς
1557 789 1615 824 καὶ
1638 790 1776 831 πολλοῖς
1804 790 2002 840 ἀράττοντες
2029 793 2148 840 λίθοις,

1112 846 1349 896 λαμὸάνουσιν
1376 846 1604 896 ὑποχειρίους.
1630 846 1771 892 Ταύτην
1799 847 1863 898 γὰρ
1894 844 1984 900 εἶχον
2014 852 2051 886 ἐκ
2083 854 2149 888 τῶν

1114 905 1286 942 δεσποτῶν
1307 904 1369 949 τὴν
1385 903 1653 956 παρακέλευσιν,
1675 907 1801 948 ζῶντας
1819 908 1931 948 αὐτοῖς
1947 907 2023 949 τοὺς
2041 909 2150 945 νεανί-

1114 977 1213 1004 σκους
1234 961 1460 1011 ἀποκομίσαι.
1518 960 1622 999 Οὕτω
1642 962 1705 1010 μὲν
1726 962 1766 1007 δὴ
1787 963 1960 1014 χειρωθεὶς
1980 967 1996 1001 ὁ
2017 964 2152 1015 Ῥῶμος

1113 1020 1277 1067 ἀπήγετο.

1166 1081 1425 1127 Interponitur
1451 1080 1535 1114 AElii
1559 1080 1768 1121 Tuberonis
1794 1080 1840 1115 de
1870 1081 1998 1116 eadem
2021 1083 2089 1117 hae
2113 1097 2152 1118 re

1113 1140 1291 1176 narratio.
1308 1139 1452 1173 Deinde
1469 1139 1588 1186 pergit
1599 1140 1796 1185 Dionysius
1809 1139 1908 1173 hunc
1924 1140 1959 1173 in
1971 1140 2125 1175 modum
2143 1154 2149 1175 :

1165 1210 1212 1233 80.
1246 1194 1289 1232 ‘O
1308 1195 1368 1244 μὲν
1387 1189 1443 1231 οὖν
1463 1194 1600 1244 <Ρῶμος
1622 1195 1678 1231 ἐπὶ
1696 1199 1764 1236 τοῖς
1781 1194 1956 1243 πολεμίοις
1976 1196 2153 1245 γενόμενος

1113 1252 1218 1295 οὕτως
1238 1252 1297 1289 εἴθ’
1321 1255 1401 1295 ὡςὸ
1430 1252 1566 1294 Φάῧιος
1594 1252 1840 1303 παραδέδωκε,
1867 1250 2003 1301 δέσμιος
2024 1255 2068 1295 εἷς
2093 1253 2154 1298 τὴν

1112 1308 1242 1348 ’Άλὸαν
1260 1311 1427 1362 ἀπήγετο.
1451 1311 1631 1359 (Ρωμύλος
1650 1312 1677 1347 δ’
1694 1311 1767 1348 ἐπεὶ
1787 1310 1825 1348 τὸ
1840 1310 1918 1362 περὶ
1934 1311 1989 1348 τὸν
2010 1313 2153 1364 ἀδελφὸν

1114 1368 1200 1418 ἔγνω
1217 1368 1344 1414 πάθος,
1362 1368 1495 1405 διώκειν
1516 1367 1610 1410 εὐθὺς
1627 1368 1711 1420 ᾤετο
1727 1369 1793 1405 δεῖν
1808 1367 1883 1410 τοὺς
1901 1369 2153 1416 ἀκμαιοτάτους

1115 1426 1204 1478 ἔχων
1225 1429 1291 1464 τῶν
1315 1426 1458 1475 νομέων,
1479 1429 1524 1469 ὡς
1545 1425 1593 1462 ἔτι
1614 1425 1702 1463 κατὰ
1721 1425 1784 1471 τὴν
1805 1425 1880 1462 ὁδὸν
1901 1426 1980 1463 ὄντα
1998 1428 2152 1472 καταλη-

1113 1485 1259 1535 ψόμενος
1275 1484 1331 1521 τὸν
1349 1484 1501 1533 Ῥῶμον.
1560 1483 1809 1535 Ἀποτρέπεται
1831 1485 1859 1521 δ’
1884 1484 1949 1520 ὑπὸ
1974 1488 2030 1521 τοῦ
2049 1487 2153 1522 Φαυ-

1114 1543 1238 1580 στύλου
1256 1545 1399 1593 ὁρῶντος
1412 1545 1514 1579 αὐτοῦ
1529 1541 1590 1587 τὴν
1608 1542 1759 1588 σπουδὴν
1781 1542 2017 1594 μανικωτέραν
2035 1537 2151 1582 οὖσαν.

1114 1601 1296 1650 Νομισθεὶς
1311 1600 1376 1652 γὰρ
1393 1600 1528 1651 πατὴρ,
1549 1600 1604 1637 τὸν
1626 1599 1816 1651 ἔμπροσθεν
1833 1600 1953 1652 χρόνον
1973 1601 2152 1652 ἀπόρρητα

1113 1659 1312 1707 ποιούμενος
1337 1660 1406 1701 τοῖς
1438 1658 1626 1710 μειρακίοις
1657 1658 1857 1705 διετέλεσεν,
1885 1661 1931 1701 ὡς
1957 1658 2004 1708 μὴ
2031 1663 2150 1696 θᾶττον

1113 1717 1293 1766 ὁρμήσωσι
1311 1716 1624 1767 παρακινδυνεῦσαί
1637 1732 1668 1752 τι
1688 1716 1766 1768 πρὶν
1784 1718 1816 1753 ἐν
1834 1718 1882 1768 τῷ
1903 1717 2075 1769 κρατίστῳ
2090 1720 2148 1762 τῆς

1113 1777 1226 1823 άκμῆς
1237 1773 1403 1823 γενέσθαι·
1416 1774 1491 1811 τότε
1504 1774 1538 1811 δὲ
1550 1774 1632 1824 πρὸς
1643 1777 1704 1818 τῆς
1714 1773 1865 1824 ἀνάγκης
1879 1775 2029 1824 βιασθεὶς
2041 1791 2153 1825 μονω·

1113 1832 1202 1869 θέντι
1214 1834 1260 1882 τῷ
1273 1832 1446 1883 (Ρωμύλῳ
1457 1832 1561 1882 λέγει.
1580 1832 1733 1869 Μαθόντι
1746 1832 1780 1868 δὲ
1792 1834 1839 1883 τῷ
1854 1832 2021 1884 νεανίσκῳ
2033 1840 2149 1870 πᾶσαν

1114 1890 1147 1934 ἐξ
1163 1892 1271 1942 ἀρχῆς
1285 1889 1345 1935 τὴν
1361 1894 1605 1941 κατασχοῦσαν
1621 1889 1741 1932 αὐτοὺς
1757 1889 1879 1940 τύχην,
1896 1893 1955 1935 τῆς
1971 1906 2006 1927 τε
2025 1891 2153 1942 μητρὸς

1109 2018 1361 2049 adolescentibus
1369 2017 1595 2048 insidiabantur
1603 2017 1762 2048 adoriendi
1771 2019 1896 2057 tempus
1904 2017 2152 2057 constituissent,

1112 2069 1225 2108 reliqui
1251 2068 1395 2099 conserto
1417 2069 1541 2107 agmine
1566 2077 1685 2099 eorum
1695 2068 1817 2099 stabula
1842 2070 1937 2099 noctu
1956 2068 2149 2100 invaserunt.

1109 2123 1198 2151 Tunc
1210 2123 1315 2152 autem
1332 2121 1410 2151 sorte
1419 2121 1574 2151 Romulus
1588 2129 1660 2150 cum
1671 2129 1863 2160 paganorum
1875 2121 2042 2160 1›1·aeci1)uis
2058 2121 2090 2151 in
2102 2130 2154 2151 ur-

1110 2172 1180 2202 bem
1189 2173 1349 2211 quandam
1361 2173 1487 2203 nomine
1503 2172 1664 2203 caeninam
1677 2181 1733 2211 pro
1747 2172 1872 2211 publica
1885 2172 1985 2202 salute
1996 2180 2084 2202 sacra
2096 2181 2153 2212 pa-

1108 2224 1168 2253 tria
1182 2224 1443 2254 facturusiverat.
1470 2223 1530 2254 Sed
1542 2232 1640 2262 quum
1655 2225 1773 2253 Remus
1789 2232 1898 2253 eorum
1914 2223 2084 2254 adventum
2101 2224 2153 2254 lio-

1109 2275 1210 2305 stilem
1223 2275 1429 2314 cognovisset,
1439 2274 1477 2304 ad
1485 2283 1576 2313 opem
1586 2274 1745 2305 ferendam
1753 2275 2003 2312 accurrit‚armis
2011 2275 2154 2306 celeriter

1109 2325 1282 2365 correptis,
1306 2327 1337 2356 et
1362 2325 1470 2365 paucis
1492 2325 1682 2364 quibusdam
1709 2326 1854 2364 paganis,
1885 2325 1940 2364 qui
1965 2334 2001 2356 eo
2030 2328 2153 2356 mature

1109 2379 1341 2416 convenerant,
1359 2387 1465 2408 secum
1483 2377 1601 2408 ductis.
1620 2379 1660 2408 At
1673 2377 1716 2407 illi
1740 2386 1813 2407 eum
1831 2386 1893 2407 non
1910 2378 2153 2416 exspectarunt,

1111 2429 1166 2460 sed
1195 2430 1266 2468 suga
1290 2438 1322 2460 se
1343 2430 1533 2469 receperunt
1558 2429 1663 2460 hostes
1687 2428 1859 2459 allicientes
1875 2428 1906 2458 in
1930 2437 2002 2459 eum
2024 2429 2153 2467 locum,

1113 2481 1168 2511 ubi
1193 2481 1361 2512 commode
1383 2481 1528 2511 conversi
1554 2490 1606 2511 eos
1621 2481 1797 2519 aggressuri
1814 2482 1915 2511 erant.
1941 2482 2057 2511 Remus
2080 2489 2155 2511 vero

1111 2531 1176 2562 doli
1194 2532 1341 2571 ignarus,
1354 2532 1477 2571 longius
1493 2541 1546 2563 eos
1563 2534 1763 2571 persecutus,
1783 2531 1887 2562 locun]
1906 2531 1936 2561 in
1957 2540 2021 2570 quo
2037 2531 2155 2562 insidia}

1113 2584 1222 2623 positae
1237 2586 1325 2615 erant
1346 2584 1511 2624 praeteriit.
1543 2585 1667 2615 Interea
1685 2585 1717 2614 et
1744 2583 1927 2614 insidiarum
1951 2592 2062 2614 manus
2083 2592 2154 2614 sur-

1113 2635 1212 2673 rexit,
1229 2636 1330 2674 etqui
1355 2635 1519 2674 fugiebant
1547 2643 1580 2665 se
1606 2636 1851 2673 com'erterunt,
1878 2643 1995 2673 eosque
2016 2635 2153 2665 circum-

1112 2687 1223 2716 ventos
1248 2686 1420 2725 multisque
1448 2685 1608 2724 lapidibus
1631 2688 1780 2716 contusos
1802 2686 1833 2715 in
1855 2694 1946 2716 suam
1970 2687 2153 2724 potestatem

1114 2738 1310 2778 redegerunt.
1335 2740 1401 2769 Hoc
1415 2738 1499 2768 enim
1516 2738 1589 2776 ipsis
1602 2738 1722 2768 domini
1743 2737 1931 2768 mandarant
1950 2739 1986 2768 ut
2000 2737 2069 2768 illos
2082 2737 2155 2768 ado-

1114 2789 1266 2820 lescentes
1280 2789 1372 2820 vivos
1391 2789 1431 2819 ad
1458 2798 1490 2820 se
1506 2788 1712 2819 adducerent.
1729 2791 1846 2819 Remus
1872 2789 1965 2827 igitur
1985 2789 2044 2819 hoc
2061 2789 2155 2819 modo

1113 2842 1224 2879 captus
1237 2840 1393 2870 abductus
1418 2841 1475 2870 est.
1500 2852 1514 2866 »
1537 2840 1546 2876 (
1558 2841 1794 2879 Interponilur
1810 2839 1850 2870 (Ie
1867 2839 1984 2870 eadem
2011 2848 2048 2870 re
2069 2848 2152 2870 nar-

1113 2893 1205 2921 ratio
1223 2892 1311 2922 AEle'i.
1328 2891 1545 2928 Tuberonis.)

1155 2946 1205 2974 80.
1217 2945 1334 2974 Remus
1343 2943 1446 2982 igitur,
1458 2952 1556 2982 quum
1564 2942 1613 2973 vel
1624 2943 1683 2973 boc
1697 2942 1805 2980 modo,
1820 2943 1868 2973 vel
1878 2941 2149 2982 quemadmodum

1113 2994 1228 3025 Fabius
1236 2994 1342 3032 tradit,
1354 2994 1384 3024 in
1395 2995 1582 3033 potestatem
1593 2994 1731 3024 hostium
1741 2993 1886 3031 venisset,
1900 2994 2027 3024 vinctus
2040 2993 2151 3023 Albam

1113 3046 1159 3075 est
1173 3044 1342 3076 deductus.
1359 3045 1515 3076 Romulus
1534 3053 1609 3075 vero
1628 3054 1729 3084 quum
1745 3044 1850 3075 fratris
1867 3044 2073 3074 intortunium
2098 3052 2150 3073 co-

1112 3097 1288 3136 gnovisset,
1312 3107 1386 3128 cum
1412 3098 1657 3128 fortissimorum
1683 3098 1846 3136 pastorum
1872 3105 1968 3126 manu
1997 3096 2065 3126 illos
2089 3095 2146 3125 sibi

1113 3149 1345 3188 persequendos
1365 3149 1508 3188 putavit,
1531 3157 1658 3188 sperans
1684 3148 1749 3178 t'ore
1767 3149 1802 3178 ut
1823 3156 1878 3178 eos
1899 3147 2001 3177 adbuc
2027 3147 2057 3176 in
2085 3146 2149 3184 ips.»

1113 3200 1222 3230 itinere
1252 3200 1500 3231 nancisceretur.
1528 3199 1586 3230 Sed
1611 3208 1628 3229 a
1656 3199 1825 3236 Faustulo,
1845 3198 1897 3237 qui
1922 3198 1988 3236 ejus
2006 3197 2147 3226 insanum

1114 3251 1266 3290 impetum
1284 3250 1411 3281 videbat
1424 3275 1433 3288 ,
1450 3250 1610 3281 cohibitus
1623 3251 1681 3280 est.
1704 3250 1863 3281 Hactenus
1879 3248 1960 3279 enim
1977 3249 2062 3286 paler
2081 3247 2147 3276 exi-

1113 3302 1257 3332 stimatus
1271 3301 1484 3332 adolescentes
1499 3303 1596 3332 totam
1615 3310 1680 3330 rem
1706 3296 1860 3330 celaverat
1873 3323 1881 3336 ,
1908 3306 1944 3326 ιιι·
1964 3297 2046 3337 quod
2065 3297 2145 3336 perl-
