2289 3728
293 143 1105 234 PROMATHJDAS
1163 145 1947 254 HERACLEOTA.

866 364 1410 396 ww

122 509 375 544 I’romathidas
411 508 611 554 Apollonio
642 507 790 542 Rhodio
823 508 1013 554 antiquior
1040 509 1098 543 vel

65 574 163 602 certe
180 567 328 612 aequalis
348 565 434 606 fuit,
453 565 636 611 siquidem
651 570 750 599 recte
763 566 956 600 scholiasta
971 563 1035 613 (fr.
1055 563 1095 613 4)

66 625 308 671 Apollonium
323 623 491 669 quaedam
509 635 528 657 e
543 622 781 657 Promathida
799 629 1007 657 mutuatum
1023 635 1097 657 esse

66 682 169 718 dicit.
201 683 338 716 Contra
367 681 505 715 erravit
524 681 716 715 scholiasta
744 688 854 726 atque
880 680 1009 726 junior
1031 680 1098 714 fuit

66 738 340 781 Promathidas,
354 739 521 773 siveram
540 745 604 781 est,
624 739 676 772 uti
689 744 740 773 est
753 738 961 782 verisimile,
976 740 1096 772 uera-

65 797 382 831 ‹·leensishistoriae
391 802 580 831 auctorem
590 796 749 830 eundem
760 808 834 830 esse
846 808 927 830 cum
943 795 1098 831 Droma—

66 855 166 890 thida
182 855 407 895 Heracleota,
433 845 536 899 eujus
556 851 752 901 ἡμιάμὸους
765 860 878 899 atque
893 853 994 888 aliud
1008 854 1097 887 scri-

63 918 166 959 ptum
185 912 376 958 quoddam
392 911 517 946 laudat
531 913 726 946 Athenaens
749 910 811 958 (fr.
828 911 848 945 6
865 919 900 946 et
922 911 983 959 7).
1005 912 1099 945 Ε11111

63 971 188 1016 paullo
204 976 284 1004 ante
302 976 469 1016 tempora
484 971 669 1016 Augustea
684 969 811 1003 vixisse
829 970 954 1003 statuit
972 970 1098 1003 Passo-

63 1029 143 1062 vius
159 1029 196 1061 in
211 1026 361 1062 Schedis
376 1027 512 1061 criticis
524 1026 579 1075 (v.
600 1026 741 1061 Praefat.
761 1026 808 1061 ad
825 1027 998 1073 Stephani
1012 1028 1096 1073 Byz.

65 1087 154 1122 edit.
186 1086 284 1132 Lips.
310 1097 346 1132 p.
366 1085 504 1132 LXII),
532 1085 647 1130 Quod
675 1085 880 1119 accuratius
910 1085 1096 1122 definiam.

64 1144 216 1178 Viderat
232 1150 267 1178 et
282 1143 523 1189 descripserat
538 1142 793 1178 Promathidas
806 1143 985 1189 poculum
998 1142 1101 1189 quod

66 1202 263 1248 Dionysius
282 1201 403 1235 Thrax
424 1208 576 1248 argento
598 1213 618 1234 a
641 1200 829 1246 discipulis
851 1201 985 1234 collato
1003 1213 1096 1234 con—

65 1258 125 1294 fici
144 1260 213 1293 sibi
246 1265 438 1293 curaverat
463 1258 509 1292 ad
531 1258 773 1292 imitationem
798 1258 973 1292 celebrati
999 1259 1100 1292 istius

64 1317 206 1364 poculi,
226 1316 330 1362 quod
347 1316 492 1350 Nestori
510 1315 642 1349 tribuit
656 1317 853 1351 Homerus.
872 1316 1005 1350 Narrat
1024 1316 1100 1350 haec

66 1375 260 1409 Athenaeus
290 1373 353 1421 (fr.
377 1371 439 1421 7);
467 1385 588 1419 neque
608 1380 730 1407 tamen
754 1373 830 1419 ipse
853 1374 1100 1408 Promathidae

65 1433 242 1479 scriptum
271 1433 493 1478 inspexerat,
516 1431 579 1466 sed
598 1444 662 1465 sua
679 1438 882 1477 sumpserat
908 1444 952 1465 ex
973 1432 1101 1465 Ascle-

66 1490 175 1536 piade
191 1490 397 1536 Myrleano,
414 1490 478 1536 qui
495 1490 673 1537 peculiari
695 1502 807 1536 opere
828 1491 882 1524 De
905 1489 1100 1524 Nestoride

67 1559 272 1595 exponens,
307 1554 504 1593 antequam
537 1559 639 1581 suam
674 1548 891 1582 sententiam
930 1547 1100 1591 afferret,

67 1606 225 1639 aliorum
239 1605 380 1651 judicia
395 1606 592 1640 recensuit.
611 1604 810 1652 Colligitur
826 1606 896 1639 hoc
915 1618 959 1640 ex
974 1606 1098 1640 verbis

69 1664 233 1697 Athenaei
247 1690 255 1706 ‚
278 1664 342 1709 qui
361 1669 444 1709 post
457 1670 702 1698 memoratum
716 1664 840 1698 locum
855 1663 1103 1697 Promathidae

70 1722 191 1768 pergit
211 1734 218 1754 :
238 1718 305 1769 ἐγὼ
323 1717 356 1754 δὲ
371 1719 491 1770 (φησὶν
510 1722 526 1755 ὃ
549 1718 770 1771 Μυρλεανὸς)
797 1718 874 1755 τάδε
900 1718 1003 1768 λέγω,
1023 1721 1098 1756 κτλ.

69 1781 150 1813 jam
174 1791 263 1813 vero
290 1778 523 1824 Asclepiades
551 1779 760 1825 Myrleanus
784 1780 912 1813 Romae
936 1778 1102 1813 floruisse

69 1837 206 1870 dieitur
225 1837 391 1882 Pompeii
413 1836 642 1882 temporibus
671 1836 822 1882 (Suidas
849 1848 876 1870 s.
908 1834 974 1881 v..)
1010 1837 1104 1869 Dio-

68 1895 191 1939 nysius
221 1894 342 1927 Thrax
373 1892 501 1927 floruit
519 1894 617 1928 circa
635 1906 647 1927 1
660 1905 704 1927 10
722 1905 752 1927 a.
770 1894 809 1928 C.
825 1894 943 1940 Igitur
958 1892 1101 1927 medius

69 1950 265 1997 ponendus
285 1957 336 1985 est
352 1951 627 1994 Promafflidas,
651 1951 714 1997 qui
744 1951 962 1997 (discipulus
976 1978 985 1989 ,
1023 1951 1106 1996 opi-

72 2022 156 2051 nor,
188 2007 375 2057 Dionysii)
394 2008 529 2043 ssorere
551 2010 705 2055 eoeperit
725 2009 811 2043 inde
831 2009 876 2042 ab
897 2021 956 2044 an.
990 2008 1037 2041 So
1071 2021 1103 2044 a.

70 2069 108 2102 C.
128 2067 318 2102 Laudatur
337 2066 413 2112 jam
429 2067 474 2101 ab
492 2067 704 2101 Alexandro
726 2067 957 2113 polyhistore
979 2066 1037 2113 (fr.
1057 2065 1104 2114 5),

72 2126 135 2171 qui
156 2132 259 2159 aetate
279 2137 414 2171 suppar
435 2131 522 2159 erat.

125 2182 237 2227 Quod
263 2183 453 2217 historiam
471 2182 657 2216 Heracleae
680 2182 830 2224 attinet,
851 2193 930 2216 eam
952 2180 1104 2215 fortasse

72 2241 288 2288 provectior
318 2240 394 2286 jam
425 2246 528 2274 aetate
571 2239 830 2274 Promatbidas
862 2240 986 2286 paullo
1025 2246 1108 2286 post

73 2298 271 2344 annun169
287 2310 319 2334 a.
335 2299 375 2333 C.
397 2299 617 2344 composuit.
634 2299 688 2332 Eo
704 2298 801 2332 enim
812 2310 909 2332 anno
930 2298 1107 2332 Heraclea

73 2369 93 2390 a
109 2357 285 2390 Romanis
301 2368 423 2390 eversa
441 2362 506 2391 est.
527 2356 656 2390 Fatum
671 2367 760 2389 vero
775 2355 845 2389 hoc
861 2356 1105 2389 tristissimum

74 2414 198 2460 patriae
225 2413 495 2456 celeberrimae,
528 2411 701 2448 idoneam
731 2413 989 2460 suppeditabat
1018 2426 1106 2447 cau-

74 2485 148 2506 sim
170 2483 235 2505 cur
254 2478 336 2518 post
361 2471 600 2505 Herodorum
624 2478 659 2504 ct
688 2471 935 2517 Nymphidcm
954 2482 1012 2504 res
1033 2472 1108 2504 He-

76 2530 318 2564 raclecnsium
328 2529 450 2564 denuo
466 2528 669 2563 enarranda
681 2530 812 2563 Noster
823 2529 1106 2575 sibisumpserit.

361 2616 389 2651 ll
400 2615 477 2651 EPl
509 2617 537 2651 H
547 2615 678 2652 PAKA
688 2616 815 2652 EIAE.

580 2726 607 2747 I.

133 2801 255 2836 Schol.
281 2801 404 2847 Apoll.
424 2801 547 2835 Rhod.
568 2803 607 2844 Ι,
632 2803 726 2836 1126
754 2814 761 2836 :
797 2801 865 2838 Καὶ
888 2802 1110 2852 Προμαθίδας

319 2917 557 2955 HISTORIA
589 2918 885 2957 HERACLEAE.

587 3013 613 3042 1.

64 3125 66 3127 q
126 3080 226 3110 Etiam
243 3080 463 3112 Promathidas
476 3081 507 3111 in
522 3081 577 3119 iiS‚
592 3090 663 3121 quae
677 3081 715 3113 de
730 3083 877 3113 Heraclea
893 3082 1014 3121 scripsit
1025 3105 1032 3120 ,
1043 3083 1114 3122 quis

85 3130 177 3161 tuerit
189 3131 289 3162 Titius
302 3132 440 3170 exponit.

584 3187 601 3198 n

584 3199 616 3217 ι).

128 3243 185 3273 Hic
198 3245 245 3274 est
262 3244 391 3282 Idmon,
406 3254 501 3284 quem
520 3247 555 3276 ut.
578 3246 738 3285 placarent
754 3248 783 3276 el
808 3255 862 3284 pro
884 3246 967 3276 urhis
983 3248 1114 3285 patrono

87 3293 225 3324 colerent
241 3295 367 3325 oraculo
385 3295 433 3325 dei
454 3295 528 3333 jussi
547 3297 616 3326 sunt
639 3298 830 3335 alogia-enses
851 3298 882 3327 et
900 3297 996 3327 ssoenti
1015 3299 1112 3328 Hera-

1161 507 1244 558 (vg.
1273 508 1519 559 Προμαχίδας)
1551 509 1586 546 δὲ
1609 512 1640 547 ἐν
1661 512 1729 553 τοῖς
1758 513 1843 565 Περὶ
1873 514 2078 565 Ἡρακλείας
2100 515 2189 564 λέγει

1158 566 1234 616 πῑρὶ
1255 567 1374 604 Τῑῒῖθυ
1392 567 1483 609 ὅῦτῑς
1499 563 1554 613 ἦν,
1571 569 1628 605 καὶ
1646 571 1837 620 Θεοφάνης.
1858 575 1949 608 Vide
1966 576 2190 610 Callistratus

1158 623 1246 674 Περὶ
1267 624 1475 672 Ἡρακλείας
1491 627 1535 661 fr.
1558 640 1593 661 2.

1660 728 1695 752 2.

1212 806 1316 842 Idem
1345 808 1402 851 ΙΙ,
1434 806 1522 851 815,
1553 808 1600 843 de
1618 808 1774 844 Idmone
1801 812 1898 856 apud
1933 814 2192 860 Mariandynus

1159 872 1308 899 mortuo
1326 865 1601 900 Promathidam
1621 865 1862 916 (Προμηθίδας
1888 869 1993 915 libri)
2017 878 2051 905 ct
2072 873 2168 906 llcro
2186 894 2190 897 -

1161 922 1296 958 dorum
1315 924 1413 961 citat.
1431 925 1472 958 V.
1493 924 1681 959 Herodor.
1703 924 1749 961 fr.
1768 924 1834 969 56,
1857 932 1948 961 tom.
1971 929 2025 972 ll,
2046 941 2084 974 p,
2110 933 2171 969 [00.

1661 1017 1695 1051 3,

1214 1107 1319 1142 Idem
1335 1109 1386 1151 ΙΙ,
1407 1106 1480 1149 845
1503 1100 1633 1148 εΟῦτός
1653 1107 1743 1143 ἐστιν
1762 1108 1779 1143 ὁ
1795 1106 1939 1156 Ἴδμων,
1957 1107 1993 1144 ὃν
2010 1109 2193 1162 ἐχρησμιξι-

1162 1165 1262 1210 δησεν
1288 1167 1305 1201 ὃ
1327 1164 1398 1206 θεὸς
1423 1164 1664 1208 ἐξιλάσκεσθαι
1694 1167 1891 1216 Μεγαρεῦσι
1923 1166 1981 1203 καὶ
2005 1168 2189 1217 Βοιωτοῖς,

1161 1222 1216 1259 ὅτε
1248 1222 1309 1266 τὴν
1338 1222 1548 1274 εΗροίκλειαν
1580 1222 1722 1271 ἔμελλον
1755 1223 1890 1267 κτίζειν.
1912 1226 2025 1262 Τοῦτο
2056 1225 2091 1262 δὲ
2128 1226 2191 1278 ἔφη

1161 1283 1178 1317 ὃ
1197 1281 1444 1331 Ἀπολλώνιος,
1462 1284 1506 1323 ὡς
1525 1281 1572 1330 μὴ
1594 1282 1731 1318 εἰδότων
1757 1284 1824 1319 τῶν
1857 1282 2124 1334 Ἡρακλεωτῶν,
2145 1286 2195 1328 τίς

1162 1339 1213 1385 εἴη
1235 1342 1251 1376 ὃ
1267 1339 1478 1390 τεθαμμένος
1498 1342 1579 1392 παρ’
1599 1341 1733 1386 αὐτοῖς,
1751 1340 1809 1377 καὶ
1825 1342 2088 1393 χρησμῳδηθεὶς
2110 1339 2196 1381 εἶναι

1161 1399 1342 1448 πολιοῦχος
1358 1398 1424 1435 ὑπὸ
1447 1401 1505 1435 τοῦ
1523 1401 1611 1435 θεοῦ.
1632 1398 1736 1448 Λέγει
1760 1398 1794 1435 δὲ
1813 1400 1872 1436 καὶ
1884 1401 2126 1450 Προμαθίδας,
2144 1400 2196 1438 ὅτι

1163 1455 1217 1492 διὰ
1235 1455 1272 1492 τὸ
1294 1456 1438 1505 ἀγνοεῖν,
1459 1456 1549 1498 ὅστις
1567 1455 1617 1502 εἴη
1630 1485 1639 1503 ,
1661 1455 1844 1508 ἐπιχώριον
1864 1457 1962 1508 ἥρωα
1983 1459 2145 1496 καλοῦσιν
2165 1462 2195 1496 οἱ

1163 1513 1417 1564 (Ηρακλεῶται.

1214 1574 1306 1610 Cod.
1328 1576 1440 1610 Paris.
1464 1575 1513 1609 sie
1532 1574 1645 1609 habet
1675 1586 1683 1611 ε
1706 1567 1815 1616 Οἷτός
1835 1575 1925 1611 ἐστιν
1949 1576 1966 1611 ὃ
1986 1572 2131 1623 Ἴδμων,
2161 1575 2195 1613 ὃν

1163 1631 1307 1682 ἔχρησεν
1328 1634 1349 1676 ἡ
1375 1630 1487 1668 Πυθία
1508 1633 1706 1681 Μεγαρεῦσι
1726 1632 1784 1668 καὶ
1806 1634 1967 1674 Βοιωτοῖς
1991 1635 2035 1674 ὡς
2060 1634 2196 1670 πολιοῦ-

1163 1704 1223 1740 χον
1239 1689 1457 1736 ἱλάσκεσθαι,
1473 1688 1528 1725 ὅτε
1546 1688 1755 1740 Ἡράκλειαν
1768 1690 1891 1733 κτίζειν
1906 1690 2061 1739 ἔμελλον.
2081 1693 2195 1728 Τοῦτο

1165 1747 1198 1784 δὲ
1213 1747 1323 1797 λέγει,
1341 1748 1456 1791 ἐπειδὴ
1472 1749 1503 1783 οἱ
1518 1746 1757 1797 ἹΙρακλεῶται
1772 1748 1914 1798 ἠγνόουν
1932 1748 1987 1785 τὸν
2003 1749 2196 1794 δηλωθέντα

1164 1806 1348 1854 πολιοῦχον
1369 1803 1435 1840 ὑπὸ
1451 1804 1663 1846 Ἀπόλλωνος
1681 1803 1736 1840 διὰ
1752 1809 1911 1855 χρησμοῦ
1922 1835 1930 1850 ,
1949 1805 2005 1842 καὶ
2028 1805 2082 1842 διὰ
2098 1810 2197 1843 τοῦτο

1165 1863 1235 1899 ἀντ’
1251 1862 1379 1899 ἐκείνου
1394 1862 1634 1913 Ἀγαπήστορα
1654 1864 1693 1912 (l,
1711 1863 1973 1914 Ἀγαμήστορα)
1989 1863 2079 1912 τινὰ,
2093 1865 2198 1915 ἐγχώ-

1167 1935 1235 1969 ριον
1249 1920 1367 1970 ἥρωα,
1386 1920 1526 1968 ἐτίμων.
1541 1922 1652 1957 Τοῦτο
1664 1920 1700 1957 δὲ
1717 1921 1937 1971 Προμαθίδας
1952 1921 2066 1971 φησίν.
2085 1924 2194 1959 Conf.

1166 1979 1356 2013 Herodor.
1376 1979 1420 2014 fr.
1444 1978 1506 2023 57.
1526 1980 1648 2014 Verba
1664 1979 1856 2025 Apollonii
1873 1980 1949 2014 haec
1968 1987 2052 2014 sunt
2073 1994 2079 2014 :
2101 1980 2142 2016 Εἰ
2162 1980 2198 2016 δέ

1167 2051 1209 2084 με
1230 2036 1287 2072 καὶ
1300 2035 1338 2072 τὸ
1357 2035 1472 2087 Χρειὼ
1489 2035 1687 2084 ἀπηλεγέως
1702 2036 1869 2074 Μουσέων
1885 2036 1951 2084 ὕπο
1971 2035 2198 2086 γηρύσασθαι,

1166 2094 1272 2132 Τόνδε
1289 2095 1518 2144 πολισσοῦχον
1537 2094 1739 2145 διεπέφραδε
1758 2095 1954 2132 Βοιωτοῖσιν
1973 2095 2148 2133 Νισαίοισί
2161 2111 2197 2132 τε

1169 2153 1299 2195 Φοῖῧος
1319 2152 1504 2203 ἐπιρρήδην
1525 2153 1704 2199 ἱλάεσθαι,
1729 2153 1830 2204 Ἀμφὶ
1852 2153 1886 2189 δὲ
1902 2152 1962 2197 τήν
1983 2168 2020 2201 γε
2037 2153 2198 2205 φάλαγγα

1168 2210 1391 2259 παλαιγένεος
1409 2211 1552 2247 κοτίνοιο
1574 2208 1679 2248 Ἄστυ
1702 2212 1837 2260 βαλεῖν·
1859 2213 1888 2247 οἱ
1909 2210 1936 2247 δ’
1958 2211 2032 2247 ἀντὶ
2050 2211 2198 2253 θεουδέος

1170 2269 1332 2306 Αἰολίδαο
1346 2266 1501 2318 Ἴδμονος
1518 2268 1621 2305 εἰσέτι
1638 2272 1694 2305 νῦν
1711 2269 1952 2318 Ἀγαμήστορα
1970 2269 2196 2308 κυδαίνουσιν.

1665 2367 1701 2404 4.

1221 2455 1325 2489 Idem
1345 2456 1394 2497 ΙΙ,
1413 2467 1456 2502 91
1469 2468 1483 2490 1
1508 2468 1514 2489 :
1533 2453 1592 2491 Ἐν
1611 2455 1652 2503 τῇ
1673 2452 1900 2504 Παφλαγονίᾳ
1915 2451 2082 2490 Σθενέλου
2097 2452 2199 2504 τάφος

1171 2510 1243 2547 ἐστὶ
1259 2515 1318 2548 τοῦ
1334 2510 1510 2563 Ἄκτορος·
1527 2511 1560 2553 ὃς
1574 2510 1828 2562 συστρατεύσας
1842 2510 2009 2561 εΗρακλεῖ
2027 2511 2079 2547 ἐπ’
2094 2510 2199 2558 Ἀμα-

1171 2568 1267 2612 ζόνας
1280 2599 1289 2615 ,
1322 2569 1459 2621 τρωθεὶς
1491 2569 1726 2620 ἀνεχώρησεν,
1750 2568 1806 2605 καὶ
1840 2569 1986 2604 ἀπέθανε
2016 2569 2091 2605 καθ’
2125 2570 2200 2606 ὁδὸν

1171 2627 1250 2677 περὶ
1279 2626 1340 2672 τὴν
1368 2627 1632 2678 Παφλαγονίαν.
1652 2626 1725 2671 Τὴν
1748 2626 1782 2663 δὲ
1804 2626 1882 2677 περὶ
1913 2627 2003 2676 [τοῦ]
2036 2626 2199 2664 Σθενέλου

1174 2685 1313 2736 [τάφου]
1333 2686 1485 2736 ἱστορίαν
1508 2685 1610 2722 ἔλαέε
1629 2685 1725 2735 παρὰ
1755 2684 1958 2735 Προμαθίδα
1973 2713 1982 2728 ,
2010 2683 2052 2720 τὰ
2071 2684 2104 2720 δὲ
2124 2686 2200 2736 περὶ

1173 2747 1230 2780 τοῦ
1248 2743 1387 2780 εἰδώλου
1409 2743 1508 2785 αὐτὸς
1526 2743 1688 2781 ἔπλασεν.
1744 2738 1750 2744 ’

1225 2805 1347 2849 Prope
1366 2804 1548 2837 tumulum
1576 2802 1737 2837 Stheneli
1757 2804 1978 2849 Argonautae
1999 2813 2098 2835 aram
2137 2814 2197 2835 cx-

1174 2913 1273 2942 cleam
1285 2912 1453 2943 condituri.
1468 2914 1516 2943 Ita
1530 2920 1604 2942 vero
1618 2912 1697 2942 dixit
1711 2912 1911 2951 Apollonius,
1925 2911 2010 2950 quod
2024 2911 2201 2942 nesciebant

1175 2963 1388 2993 Heraclienses
1407 2964 1552 3001 quisnam
1571 2964 1651 2993 esset
1673 2963 1724 2993 ille
1741 2962 1824 3002 apud
1841 2963 1923 3001 ipsos
1944 2962 2083 3000 sepultus
2098 2963 2128 2991 et
2146 2970 2201 3000 pro

1173 3016 1304 3054 patrono
1329 3015 1415 3045 urbis
1433 3015 1607 3046 secundum
1623 3015 1787 3045 oraculum
1808 3014 1857 3044 dei
1874 3014 2041 3051 colendus3
2065 3013 2143 3043 adeo
2167 3015 2200 3043 ut

1174 3066 1255 3096 illins
1269 3066 1336 3096 loco
1354 3067 1589 3105 Aganiestorem
1608 3066 1766 3104 quendam
1781 3066 1908 3096 heroem
1922 3064 2098 3104 indigenam
2116 3064 2197 3094 eole-

1174 3118 1259 3155 rent,
1274 3117 1364 3148 sicuti
1381 3117 1597 3148 Promathidas
1610 3119 1729 3148 nari-at.

1668 3182 1702 3212 4.

1216 3250 1250 3278 111
1278 3248 1487 3287 Paphlagonia
1513 3247 1653 3278 Stheneli
1675 3248 1722 3278 est
1747 3247 1925 3286 sepulcrum
1949 3244 2121 3280 Actorides,
2145 3244 2197 3281 qui

1175 3299 1316 3330 Herculis
1330 3299 1361 3329 in
1371 3299 1568 3338 expeditione
1580 3300 1689 3330 eontra
1705 3301 1877 3329 Amazones
1890 3296 2007 3333 socias,
2023 3303 2120 3333 quum
2137 3294 2199 3323 wil-
