2338 3765
121 165 194 195 (318

119 238 271 279 Πόπλιος
291 235 422 280 κατέῧη
441 234 508 271 ἀπὸ
524 236 583 279 τῆς
598 232 694 283 δρυὸς
710 232 767 268 καὶ
783 231 903 268 ἔπεσεν
921 230 1036 272 ὕπτιος
1047 260 1056 277 ,
1078 233 1095 268 ὃ
1113 230 1146 268 δὲ

116 296 214 337 λύκος
231 293 421 344 ἀνασχίσας
443 291 544 328 αὐτὸν
565 289 786 327 κατεδαίνυτο
812 290 949 326 πάντων
976 288 1145 340 ὁρώντων.

117 351 311 394 Ἀναλώσας
331 350 366 387 δὲ
385 349 423 387 τὸ
438 352 540 397 σῶμα
560 350 662 385 αὐτοῦ
680 346 769 392 πλὴν
789 349 850 392 τῆς
869 347 1022 397 κεφαλῆς
1041 346 1146 397 ἐτροί-

115 425 197 446 πετο
216 410 261 451 εἷς
277 409 314 446 τὸ
330 408 417 458 ὄρος.
476 405 729 457 Προσελθόντος
749 402 783 440 δὲ
799 407 856 440 τοῦ
875 403 978 454 ὄχλου
996 403 1055 440 καὶ
1072 406 1150 453 βου·

116 466 259 514 λομένου
278 464 457 502 ἀνελέσθαι
477 462 519 500 τὰ
541 460 818 510 ἀπολελειμμένα
832 490 842 509 ,
863 460 1017 511 κτερίσαι
1036 475 1072 496 τε
1089 461 1149 496 αὐ-

115 524 171 559 τὸν
188 523 341 573 νομίμως
353 554 361 569 ,
377 526 398 568 ἡ
414 519 546 573 κεφαλὴ
562 519 701 568 κειμένη
717 518 772 556 ἐπὶ
785 521 845 563 τῆς
860 521 922 568 γῆς
942 519 1057 554 ἀνεῖπε
1072 516 1150 558 τοὺς

116 581 255 631 στίχους
270 580 424 623 τούτους·

197 673 248 709 Mi]
262 671 334 711 ψαῦ’
351 670 494 711 ἡμετέρης
513 669 661 708 κεφαλῆς·
679 667 715 698 οὐ
731 667 788 707 γὰρ
802 667 883 706 θέμις
899 667 991 703 ἐστὶν,

197 719 276 749 οἷσιν
290 717 429 754 Ἀθηναίη
445 717 536 757 χόλον
554 715 657 755 ἄγριον
672 714 702 744 ἐν
721 714 806 754 φρεσὶ
824 714 927 751 θῆκεν,

200 765 351 796 ἅπτεσθαι
369 764 461 794 θείοιο
476 762 628 802 καρήατος
642 770 650 777 ·
669 761 745 791 ἀλλὰ
761 760 906 790 πέπαυσο
917 783 925 796 ,

204 811 395 852 μαντοσύνην
411 809 435 840 τ’
451 808 638 846 ἐπάκουσον,
656 807 769 843 ἀληθέα
783 807 859 845 ἤπερ
872 806 931 845 ἐρεῖ
944 816 1005 835 σοι.

195 859 281 894 Ἵ-Ιξει
297 858 355 897 γὰρ
368 856 463 897 χθόνα
476 856 563 892 τήνδε
578 855 670 889 πολὺς
683 853 734 884 καὶ
749 852 890 892 καρτερὸς
907 852 1008 891 Ἄρης,

198 906 230 941 ὃς
243 905 315 935 λαὸν
330 904 382 943 μὲν
395 902 519 932 ἔνοπλον
533 901 592 931 ὑπὸ
609 899 720 930 σκότον
738 899 799 929 &iet
814 898 927 937 πέμψει
939 918 948 934 ,

199 953 279 992 ῥήξει
296 950 319 980 δ’
335 949 372 980 αὖ
387 948 515 983 λιθίνους
528 947 660 987 πύργους
674 947 725 976 καὶ
739 945 842 984 τείχεα
863 945 976 983 μακρὰ,

200 999 289 1029 ὅλῧον
309 996 334 1027 δ’
350 997 495 1036 ἡμέτερον
511 994 563 1024 καὶ
578 993 672 1029 νήπια
685 990 765 1022 τέκν’
780 990 909 1030 ἀλόχους
928 999 958 1019 τε

200 1044 320 1085 μάρψας
331 1043 372 1077 εἰς
387 1041 489 1076 Ἀσίην
503 1040 564 1075 ἄξει
579 1040 629 1070 διὰ
643 1041 727 1077 κῦμα
741 1037 887 1076 περήσας.

199 1090 306 1121 Ταῦτά
319 1099 367 1119 σοι
382 1088 499 1127 ε’ίρηκεν
512 1085 661 1125 νημερτέα
675 1084 788 1118 <horem
798 1082 949 1113 Ἀπολλων

200 1137 312 1171 Πύθιος
323 1159 331 1173 ,
349 1135 380 1170 ὅς
399 1145 449 1173 μοι
462 1134 510 1164 ἑὸν
525 1131 668 1172 κρατερὸν
682 1129 838 1170 θεράποντ’
853 1127 1028 1166 ἐπιπέμψας

199 1185 312 1223 ἤγαγεν
329 1183 370 1216 εἰς
388 1179 532 1221 μακάρων
545 1189 578 1209 τε
594 1177 705 1216 δόμους
724 1177 775 1206 καὶ
795 1172 1026 1214 Περσεφονείης.

119 1257 339 1299 Ἀκούσαντες
352 1254 387 1293 δὲ
400 1257 467 1292 τῶν
482 1254 572 1291 ἐπῶν
588 1251 714 1290 τούτων
733 1251 770 1287 οὗ
791 1247 936 1300 μετρίως
955 1245 1151 1297 ἐταράχθη-

120 1332 195 1363 σαν,
217 1312 437 1366 ἱδρυσάμενοί
456 1327 492 1348 τε
509 1310 589 1348 ναὸν
609 1307 820 1349 Ἀπόλλωνος
848 1304 978 1344 Λυκίου
998 1303 1056 1340 καὶ
1078 1305 1151 1353 βω-

121 1379 200 1428 μὸν,
216 1371 318 1428 οἷπερ
351 1374 459 1412 ἔκειτο
488 1376 509 1418 ἡ
540 1370 694 1424 κεφαλὴ,
718 1368 884 1413 ἐνέδησαν
911 1368 955 1408 εἷς
986 1366 1047 1408 τὰς
1075 1368 1155 1406 ναῦς

121 1436 178 1474 καὶ
201 1435 371 1472 ἀπέπλεον
392 1432 534 1472 ἕκαστος
553 1430 608 1466 ἐπὶ
635 1428 694 1470 τὰς
718 1429 847 1464 ἑαυτῶν
873 1424 1057 1475 πατρίδας.
1086 1422 1154 1461 Καὶ

125 1493 252 1538 συνέὸη
271 1492 408 1529 ἅπαντα
428 1488 470 1526 τὰ
485 1488 551 1526 ὑπὸ
571 1490 628 1524 τοῦ
649 1484 802 1524 Ποπλίου
822 1481 964 1533 ῥηθέντα
983 1481 1152 1531 γενέσθαι.

610 1579 669 1614 33.

175 1677 323 1727 Ἱστορεῖ
341 1672 376 1711 δὲ
405 1673 463 1710 καὶ
484 1671 641 1712 Ἡσίοδος
670 1669 727 1705 καὶ
756 1666 964 1718 Δικαίαρχος
992 1665 1050 1702 καὶ
1073 1664 1157 1702 Κλί-

125 1749 250 1786 ταρχος
272 1735 315 1782 (l.
342 1730 541 1780 Κλέαρχος)
556 1727 612 1764 καὶ
635 1724 863 1774 Καλλίμαχος
882 1723 940 1760 καὶ
961 1722 1059 1759 ἄλλοι
1075 1721 1159 1764 τινὲς

130 1792 207 1844 περὶ
224 1789 400 1841 Τειρεσίου
417 1787 512 1825 τάδε.
533 1783 713 1836 Τειρεσίαν
732 1783 788 1820 τὸν
811 1781 964 1831 Εὐήρους
990 1783 1022 1817 ἐν
1042 1780 1159 1830 Ἀρκα-

126 1851 181 1901 δία
208 1848 311 1898 ἄνδρα
335 1846 416 1883 ὄντα
435 1847 468 1882 ἐν
485 1846 534 1895 τῷ
553 1843 623 1894 ὄρει
637 1845 686 1893 τῷ
709 1842 742 1877 ἐν
761 1839 924 1889 Κυλλήνη
940 1839 1029 1890 ὄφεις
1046 1837 1159 1874 ἰδόντα

131 1906 313 1958 ὀχεύοντας
331 1906 462 1955 τρῶσαι
477 1901 533 1939 τὸν
555 1900 668 1950 ἕτερον
689 1898 746 1936 καὶ
767 1900 985 1949 παραχρῆμα
1007 1895 1159 1945 μεταδα-

1182 1282 1196 1920 l

869 151 932 188 PH
941 150 1189 188 LEGONTIS
1217 149 1486 188 TRALLlANl

1210 232 1279 267 λεῒν
1307 230 1367 275 τὴν
1395 229 1505 266 ἰδέαν·
1523 226 1679 276 γενέσθαι
1707 224 1772 275 γὰρ
1802 224 1835 268 ἐξ
1868 225 1984 274 ἀνδρὸς
2009 226 2152 275 γυναῖκα
2180 226 2236 264 καὶ

1212 293 1375 341 μιχθῆναι
1397 288 1504 339 ἀνδρί.
1525 289 1596 324 Τοῦ
1614 285 1649 322 δὲ
1668 285 1878 326 Ἀπόλλωνος
1907 286 2000 336 αὐτῷ
2019 284 2210 335 χρήσαντος
2225 316 2235 334 ,

1211 349 1256 388 ὡς
1270 346 1327 383 ἐὰν
1347 345 1500 396 τηρήσας
1517 342 1699 393 ὀχεύοντας
1717 341 1842 390 ὁμοίως
1857 340 1974 393 τρώσῃ
1995 341 2052 378 τὸν
2070 341 2127 378 ἕνα
2145 342 2238 379 ἔσται

1212 398 1277 445 οἶος
1293 398 1346 449 ἦν,
1366 399 1659 452 παραφυλάξαντα
1679 398 1735 435 τὸν
1750 398 1934 448 Τειρεσίαν
1953 401 2092 443 ποιῆσαι
2113 399 2154 436 τὰ
2173 399 2239 436 ὑπὸ

1211 464 1268 497 τοῦ
1293 463 1366 497 θεοῦ
1391 458 1534 508 ῥηθέντα
1558 456 1616 494 καὶ
1641 455 1750 498 οὕτως
1773 455 1982 505 κομίσασθαι
2001 454 2062 501 τὴν
2089 456 2236 508 ἀρχαίαν

1212 517 1323 569 φύσιν.
1355 516 1432 558 Διὸς
1453 515 1487 552 δὲ
1508 514 1681 566 ἐρίσαντος
1710 511 1811 564 εἨριξι
1829 514 1888 549 καὶ
1917 511 2084 563 φαμένου,
2115 516 2148 550 ἐν
2167 519 2241 556 ταῖς

1213 573 1403 616 συνουσίαις
1423 572 1636 609 πλεονεκτεῖν
1651 570 1712 616 τὴν
1727 576 1872 620 γυναῖκα
1889 574 1948 607 τοῦ
1967 569 2086 621 ἀνδρὸς
2101 573 2160 616 τῆς
2175 573 2241 608 τῶν

1213 631 1414 684 ἀφροδισίων
1433 631 1574 676 ἡδονῆς,
1590 628 1649 666 καὶ
1670 631 1730 674 τῆς
1743 628 1857 678 ιἬρας
1874 626 2070 679 φασκούσης
2086 627 2128 664 τὰ
2143 630 2242 664 ἐναν-

1212 690 1267 727 τία
1282 719 1291 736 ,
1309 688 1402 732 δόξαι
1421 688 1534 730 αὐτοῖς
1555 685 1882 737 μεταπεμψαμένοις
1899 685 2034 736 ἐρέσθαι
2050 685 2105 722 τὸν
2123 688 2243 737 Τειρε-

1214 748 1289 785 σίαν
1307 746 1363 784 διὰ
1384 746 1422 783 τὸ
1447 748 1512 782 τῶν
1531 744 1666 796 τρόπων
1685 743 1884 796 ἀμφοτέρων
1907 747 2148 794 πεπειρᾶσθαι.
2172 744 2242 782 Τὸν

1213 805 1247 842 δὲ
1270 804 1487 856 ἐρωτώμενον
1506 802 1767 854 ἀποφήνασθαι,
1787 800 1872 838 διότι
1890 803 2016 852 μοιρῶν
2035 802 2144 838 οὐσῶν
2161 801 2242 838 δέκα

1213 863 1268 899 τὸν
1289 863 1394 913 ἄνδρα
1407 860 1592 912 τέρπεσθαι
1607 859 1670 906 τὴν
1690 859 1785 908 μίαν,
1802 858 1863 904 τὴν
1888 858 1922 895 δὲ
1943 859 2088 909 γυναῖκα
2108 857 2168 901 τὰς
2187 860 2244 896 ἐν-

1213 920 1284 959 νεά.
1340 919 1414 964 Τὴν
1433 920 1467 956 δὲ
1481 917 1596 969 ἽΙραν
1613 918 1827 968 ὀργισθεῖσαν
1846 915 2034 959 κατανύξαι
2048 917 2152 953 αὐτοῦ
2169 915 2245 958 τοὺς

1217 977 1412 1029 ὀφθαλμοὺς
1438 976 1496 1013 καὶ
1526 978 1669 1021 ποιῆσαι
1693 975 1834 1026 τυφλὸν,
1859 973 1914 1011 τὸν
1936 973 1971 1011 δὲ
2000 974 2066 1012 Δία
2088 974 2247 1025 δωρήσα-

1215 1040 1292 1073 σθαι
1313 1037 1404 1086 αὐτῷ
1418 1034 1478 1080 τὴν
1494 1033 1676 1083 μαντικὴν,
1691 1034 1749 1070 καὶ
1773 1036 1865 1083 βιοῦν
1882 1031 1938 1069 ἐπὶ
1954 1031 2070 1082 γενεὰς
2087 1031 2192 1070 ἑπτά.

1698 1130 1762 1173 34.

1266 1226 1310 1263 Οἱ
1334 1223 1429 1261 αὐτοὶ
1454 1225 1649 1274 ἱστοροῦσι,
1670 1221 1760 1259 κατὰ
1780 1220 1841 1266 τὴν
1869 1223 2031 1259 Λαπιθῶν
2052 1219 2170 1272 χώραν
2194 1236 2247 1272 γε·

1216 1282 1332 1319 νέσθαι
1356 1281 1497 1332 Ἐλάτῳ
1522 1283 1571 1331 τῷ
1602 1281 1736 1331 βασιλεῖ
1766 1278 1954 1330 θυγατέρα,
1989 1279 2248 1328 ὀνομαζομένην

1221 1339 1385 1377 Καινίδα·
1406 1339 1514 1389 ταύτῃ
1531 1337 1565 1375 δὲ
1589 1338 1789 1376 Ποσειδῶνα
1811 1336 1953 1386 μιγέντα
1979 1335 2249 1386 ἐπαγγείλασθαι

1216 1397 1370 1442 ποιήσειν
1391 1395 1496 1441 αὐτὴν
1512 1395 1528 1432 ὃ
1546 1395 1586 1432 ἂν
1605 1394 1704 1444 ἐθέλῃ
1718 1424 1727 1441 ,
1744 1394 1805 1440 τὴν
1824 1394 1858 1431 δὲ
1875 1394 2018 1438 ἀξιῶσαι
2037 1393 2250 1442 μεταλλάξαι

1218 1454 1322 1500 αὐτὴν
1343 1456 1387 1496 εἰς
1409 1453 1536 1504 ἄνδρα,
1557 1453 1701 1498 ποιῆσαί
1721 1468 1755 1489 τε
1778 1452 1942 1503 ἄτρωτον.
1965 1454 2036 1490 Tou
2062 1452 2096 1488 δε
2124 1453 2250 1490 Ποσει-

1218 1514 1318 1554 δῶνος
1349 1511 1437 1548 κατὰ
1465 1511 1504 1549 τὸ
1536 1510 1673 1554 ἀξιωθέν
1707 1510 1930 1556 ποιήσαντος,
1954 1513 2251 1559 μετονομασθῆναι

1219 1569 1363 1608 Καινέα.

1708 1638 1769 1674 35.

1276 1719 1346 1757 Καὶ
1368 1720 1400 1756 ἐν
1423 1718 1610 1769 Ἀντιοχείᾳ
1646 1717 1681 1754 δὲ
1705 1721 1747 1768 τῇ
1778 1717 1859 1768 πρὸς
1893 1717 2084 1769 Μαιάνδρῳ
2103 1720 2252 1769 ποταμῷ

1221 1776 1353 1827 ἐγένετο
1373 1775 1596 1827 ἀνδρόγυνος,
1625 1774 1786 1826 ἄρχοντος
1803 1774 1982 1821 Ἀθήνησιν
2004 1774 2229 1826 Ἀντιπάτρου
2244 1807 2252 1821 ,

1221 1835 1455 1873 ὑπατευόντων
1488 1836 1521 1871 ἐν
1546 1833 1669 1885 Ῥώμῃ
1700 1833 1845 1884 Μοίρκου
1880 1833 2034 1871 Βινικίου
2058 1833 2116 1870 καὶ
2149 1833 2254 1872 Τίτου

1224 1893 1408 1933 Στατιλίου
1426 1892 1578 1945 Ταύρου,
1591 1896 1649 1929 τοῦ
1673 1891 1860 1943 Κουρέίνου
1883 1891 2132 1938 ἐπικληθέντος.
2154 1894 2254 1943 Παρ-

137 1972 2244 1991 ——.-———-—————-———-—-———————-—-—-—--——-—·

125 2016 217 2047 cessit
233 2016 344 2054 lupus,
364 2020 458 2052 quem
473 2019 573 2050 quum
597 2009 717 2040 videret
743 2007 872 2038 Publius
884 2030 893 2044 ,
907 2006 945 2036 de
959 2014 1078 2045 quercu
1103 2005 1158 2035 de·
1188 2022 1192 2030 ι

125 2067 246 2099 scendit
266 2067 297 2097 et
314 2065 444 2104 supinus
469 2061 617 2093 concidit.
640 2062 750 2099 Lupus
766 2059 872 2089 autem
895 2066 968 2089 euni
986 2057 1116 2088 laniavit
1129 2056 1160 2087 et

128 2119 267 2156 voravit,
295 2117 442 2148 omnibus
466 2113 648 2145 videntibus
669 2124 676 2143 ι
701 2120 881 2151 quumque,
907 2111 1021 2149 praeter
1046 2110 1160 2148 caput,

127 2171 233 2202 mnnia
247 2167 505 2207 consumpsisset,
529 2166 668 2196 montem
690 2163 793 2202 petiit.
840 2164 937 2193 Porro
961 2160 1053 2191 turba
1069 2168 1160 2190 acce-

128 2224 239 2260 dente,
262 2223 294 2252 et
310 2220 456 2259 reliquias
473 2218 582 2248 tollere
598 2225 635 2247 ac
657 2215 806 2254 sepelire,
829 2214 875 2244 uti
890 2214 973 2252 leges
987 2212 1160 2251 jubebant,

130 2274 272 2310 volente;
292 2272 404 2311 caput,
422 2269 509 2299 liumi
525 2268 648 2306 jacens,
669 2266 729 2296 hoc
744 2273 873 2295 carmen
892 2263 1114 2303 pronunciavit
1133 2276 1139 2292 z

200 2350 265 2375 Non
285 2346 424 2379 continge
443 2346 532 2379 caput
548 2345 700 2373 nostrum;
721 2340 763 2368 tas
776 2348 837 2367 non
853 2340 923 2367 sinit
941 2339 1021 2368 illos.

200 2396 281 2425 Quos
297 2391 397 2418 animo
408 2389 524 2416 insenso
544 2387 626 2415 Jovis
639 2386 702 2414 odit
713 2386 770 2413 tilia
788 2385 896 2415 Pallas,

202 2438 396 2465 contrectare
416 2437 503 2469 caput
520 2440 636 2459 sacrum
652 2442 658 2458 ι
674 2433 706 2458 tu
726 2433 845 2463 tangere
859 2437 937 2457 cessa
948 2449 954 2459 ,

203 2484 249 2515 Et,
263 2489 327 2516 quae
342 2486 410 2507 vera
423 2485 526 2506 canam
541 2477 591 2504 tibi
607 2483 686 2503 nunc
697 2496 705 2508 ‚
722 2474 841 2502 oracula
860 2481 952 2500 serva.

204 2527 289 2554 Dirus
299 2526 329 2552 in
341 2524 392 2551 lias
408 2523 504 2550 mittet
517 2523 591 2548 Mars
604 2520 719 2554 agmina
731 2519 817 2546 tortia
831 2520 924 2546 terras
936 2539 943 2551 ,

204 2571 261 2604 Qui
280 2571 398 2604 nigrum
409 2568 533 2595 armatas
545 2565 643 2593 turbas
656 2564 793 2591 demittet
806 2563 841 2590 ad
852 2565 979 2593 orcum;

206 2616 432 2648 Prosternetque
446 2611 508 2639 solo
524 2613 634 2641 turres,
648 2611 677 2636 ct
691 2609 796 2635 mmnia
811 2608 897 2640 longa
915 2617 922 2633 ι

207 2663 325 2689 Nostras
338 2657 468 2690 divium,
487 2658 618 2683 teneram
632 2657 660 2682 et
677 2662 744 2681 cnm
762 2654 888 2686 conjuge
902 2653 1013 2687 prolem

208 2705 380 2740 AbripienS,
402 2702 475 2729 Asiae
495 2700 581 2727 veliet
595 2700 642 2726 ille
656 2706 707 2734 pcr
721 2706 822 2733 aequor
842 2699 870 2724 in
891 2706 965 2725 oras.

207 2753 277 2778 llaec
292 2749 340 2776 tibi
356 2748 414 2775 tata
434 2746 512 2773 canit
527 2745 639 2772 veracia
657 2744 785 2771 l'lnrlms
800 2743 906 2778 Apollo

208 2795 335 2831 Pythius
349 2803 355 2819 :
371 2793 393 2819 is
404 2791 474 2818 forti
490 2790 576 2817 misso
588 2797 651 2821 ine,
666 2788 768 2820 crede,
786 2788 922 2815 ministro

210 2841 253 2869 Ad
274 2840 356 2867 sedes
369 2838 468 2869 duxit„
488 2844 558 2870 quas
573 2835 731 2862 obtinuere
743 2834 834 2863 iwani,

209 2890 273 2921 Qua
287 2892 386 2913 manes
404 2884 482 2910 inter
503 2881 681 2915 Proserpina
701 2879 824 2907 eandida
844 2881 959 2913 regnat.

142 2951 235 2988 Quod
251 2958 350 2988 quum
372 2946 541 2977 annuisset
563 2943 751 2981 multitudo,
768 2952 829 2973 non
846 2943 954 2973 leviter
969 2943 1169 2981 perturbata,

143 3005 249 3034 tanum
267 2999 437 3040 posuerunt
457 2996 587 3035 Apollini
610 2994 703 3033 Lycio
723 2994 788 3023 sito
808 2994 946 3032 Lupino,
965 3002 1115 3032 aramque
1134 3002 1170 3024 ρο

144 3054 231 3092 loco,
246 3052 298 3082 ulii
316 3051 409 3089 caput
420 3048 556 3087 jacebat.
572 3049 652 3077 'l‘uin
664 3070 671 3084 ,
688 3046 818 3075 navibus
833 3046 1025 3082 conscensis,
1040 3046 1170 3076 domum

144 3105 276 3143 quisque
300 3110 388 3132 snam
424 3098 620 3136 navigarunt.
666 3098 815 3127 Ceterum
843 3098 1017 3127 evenerunt
1044 3097 1149 3126 onmia
1163 3121 1171 3135 ,

143 3164 215 3195 qua¹
229 3154 343 3185 eranta
361 3150 471 3182 Publio
486 3148 646 3188 [uindicta.

633 3200 688 3232 323.

187 3261 356 3297 llesiodns,
389 3256 606 3292 Dicaearchus,
634 3255 822 3292 clearchus,
852 3254 1081 3290 Callimachus,
1103 3254 1171 3284 alii-

146 3324 206 3356 que
231 3311 390 3348 nonnulli,
417 3308 455 3339 de
474 3305 591 3339 Tiresia
615 3305 682 3336 turc
710 3305 849 3335 narrant.
876 3305 1043 3342 Tiresiam,
1069 3305 1175 3336 linei-is·

1197 2816 1202 2904 Ι

1198 2998 1207 3321 l

1222 2004 1340 2042 filium,
1354 2005 1387 2034 in
1401 2003 1533 2035 Arcadia
1546 2011 1644 2042 quum
1664 2004 1743 2033 esset
1760 2011 1828 2033 mas
1841 2002 1872 2032 in
1888 2004 1996 2033 monte
2018 2002 2165 2041 Cyllene,
2188 2010 2254 2032 ser-

1221 2056 1351 2094 pentum
1361 2078 1369 2093 ,
1384 2063 1464 2093 quos
1474 2054 1558 2084 coire
1571 2053 1716 2091 videbat,
1727 2053 1863 2084 alterum
1877 2053 2057 2084 vulnerasse
2073 2065 2079 2082 :
2096 2053 2254 2091 illicoque,

1221 2106 1345 2136 mutato
1360 2113 1437 2135 sexu
1451 2127 1459 2142 ,
1477 2105 1507 2134 in
1523 2103 1670 2134 seminam
1687 2104 1846 2134 mutatum
1862 2111 1944 2142 esse,
1960 2111 1997 2133 ac
2011 2111 2083 2134 cum
2099 2103 2167 2133 viro
2180 2111 2256 2133 con-

1222 2157 1377 2187 cubuisse.
1388 2156 1542 2187 Monitum
1552 2157 1657 2186 autem
1667 2156 1794 2186 oraculo
1803 2154 1962 2194 Apollinis,
1970 2155 2018 2194 ut,
2029 2163 2128 2194 quum
2137 2163 2255 2185 coeun-

1221 2209 1269 2239 tes
1281 2209 1440 2248 serpentes
1464 2207 1579 2238 iterum
1602 2206 1875 2246 deprehendisset,
1897 2206 2032 2236 alterum
2056 2205 2163 2240 itidem
2182 2214 2255 2236 sau-

1224 2259 1338 2297 ciaret,
1354 2259 1394 2289 ita
1408 2258 1491 2289 enim
1511 2258 1542 2288 in
1560 2257 1725 2297 pristinum
1741 2265 1853 2288 sexum
1874 2256 2050 2287 rediturum
2063 2280 2072 2295 ,
2089 2256 2256 2287 observata

1223 2309 1474 2349 opportunitate,
1491 2308 1619 2339 consilio
1635 2308 1685 2339 dei
1698 2308 1790 2339 fuisse
1810 2308 1997 2338 obsecutum
2009 2330 2018 2346 ,
2035 2306 2142 2346 itaque
2166 2315 2257 2337 recu-

1224 2368 1347 2399 perasse
1365 2359 1528 2398 pristinam
1545 2360 1700 2389 naturam.
1719 2361 1817 2389 Porro
1835 2360 1915 2390 Jove
1931 2366 2004 2388 cum
2020 2359 2038 2388 J
2043 2366 2148 2388 unone
2161 2358 2255 2388 alter-

1226 2413 1333 2449 cante,
1353 2411 1470 2449 illoqne
1487 2409 1712 2446 contendente,
1727 2408 1797 2448 plus
1810 2408 1981 2447 voluptatis
1991 2416 2008 2438 e
2021 2417 2054 2439 re
2071 2416 2203 2439 venerea
2218 2409 2258 2440 fe·

1227 2462 1327 2491 minas
1342 2460 1499 2499 percipere
1510 2468 1606 2499 quam
1619 2459 1721 2498 viros,
1737 2461 1755 2490 J
1759 2467 1861 2490 unone
1875 2458 2068 2489 contrarium
2083 2460 2256 2496 asserente3

1227 2511 1378 2550 placuisse
1393 2511 1428 2541 ut
1444 2510 1563 2540 accitus
1579 2518 1614 2540 ea
1627 2509 1666 2540 de
1684 2518 1718 2541 re
1739 2509 1963 2549 pronunciaret
1980 2509 2132 2548 Tiresias,
2149 2510 2259 2549 utpote

1228 2566 1399 2602 utrumqne
1433 2571 1542 2593 sexum
1569 2562 1728 2601 expertus.
1752 2564 1847 2593 Hunc
1875 2562 2099 2600 interrogatum
2132 2570 2259 2601 respon-

1228 2614 1325 2652 disse,
1343 2613 1451 2643 ‹lecem
1479 2613 1508 2643 in
1533 2615 1635 2652 partes
1655 2613 1817 2652 voluptate
1840 2612 1893 2643 illa
1914 2612 2013 2642 divisa
2026 2636 2034 2650 ‚
2052 2621 2147 2642 unam
2169 2612 2258 2650 viro,

1231 2666 1350 2697 mulieri
1365 2674 1477 2696 novem
1494 2665 1663 2704 obtingere.
1679 2667 1696 2695 J
1701 2673 1836 2695 unonem
1852 2664 1961 2695 iratam
1981 2673 2053 2695 eum
2067 2664 2168 2694 oculis
2183 2673 2258 2694 con-

1230 2717 1316 2748 fossis
1346 2725 1539 2755 excaecassoe
1566 2717 1676 2747 Jovem
1701 2716 1728 2746 ei
1755 2715 1944 2746 vaticinandi
1971 2716 2070 2746 artem
2093 2714 2176 2745 dono
2203 2713 2258 2745 de-

1229 2770 1325 2808 disse,
1344 2771 1375 2800 ct
1389 2769 1487 2799 vitam
1501 2770 1620 2808 septem
1637 2768 1830 2799 seculorum.

1714 2829 1771 2860 34.

1272 2883 1367 2915 lidem
1382 2883 1563 2923 perhibent,
1577 2882 1660 2922 apud
1679 2883 1825 2922 Lapithas
1848 2882 1936 2913 Elato
1951 2882 2012 2920 regi
2029 2881 2123 2912 tiliam
2145 2881 2238 2912 fuisse
2250 2905 2258 2919 ,

1231 2935 1356 2965 nominc
1369 2934 1529 2965 Caenidem
1549 2946 1556 2964 ε
1574 2942 1647 2964 cum
1666 2934 1724 2964 hac
1746 2935 1927 2972 Neptunum
1945 2940 2145 2970 congressum
2159 2956 2167 2971 ‚
2187 2941 2259 2972 pro—

1232 2985 1362 3023 misisse,
1379 2985 1534 3015 t'actnrmn
1550 2994 1582 3015 se
1596 2985 1624 3015 ei
1638 2984 1861 3023 quodcmnqne
1877 2983 1972 3014 vellet
1987 2996 1994 3014 ε
2010 2983 2109 3021 ipsam
2126 2983 2260 3022 petiisse,

1232 3038 1267 3067 ut
1280 3036 1318 3066 ab
1332 3045 1369 3066 eo
1382 3036 1412 3066 in
1427 3035 1528 3065 virum
1545 3037 1731 3073 mutaretur,
1746 3034 1894 3073 tieretque
1905 3033 2162 3072 invulnerabilis;
2178 3042 2259 3073 prze-

1232 3087 1344 3120 stitisse
1360 3087 1390 3117 id
1405 3088 1604 3126 Neptunum,
1622 3095 1800 3125 nomenque
1817 3086 1884 3117 viro
1899 3087 2030 3117 Caeneus
2049 3086 2178 3116 tactum.

1720 3147 1776 3178 35.

1276 3202 1450 3233 Antiochiae
1475 3202 1587 3240 etiam,
1615 3209 1686 3240 qnae
1711 3202 1758 3231 est
1780 3199 1819 3230 ad
1850 3198 2046 3230 Maeandrum
2065 3199 2142 3236 sita,
2168 3199 2262 3228 homo

1236 3254 1334 3283 mixto
1348 3262 1423 3283 sexu
1436 3276 1443 3290 ,
1460 3261 1555 3291 quem
1572 3252 1788 3291 androgynum
1812 3250 1988 3289 appellant,
2016 3250 2090 3287 fuit,
2114 3249 2264 3280 areliontc

1237 3306 1364 3335 Athenis
1383 3305 1564 3344 Antipatro,
1581 3306 1688 3336 nomae
1703 3306 1743 3335 M.
1760 3304 1899 3341 Vinicio,
1912 3305 1941 3334 et
1955 3305 1990 3334 T.
2009 3302 2098 3341 (cleb.
2119 3303 2158 3333 M.
2173 3302 2182 3342 )
2199 3303 2263 3333 Sta·
