2338 3765
464 192 1029 282 ARRIANUS
1088 194 1938 284 NICOMEDENSIS.

194 575 377 611 Historiea
393 583 504 620 opera
520 578 654 618 praeter
668 569 952 617 Expeditionem
970 569 1172 605 Alexandri

140 641 175 668 et
198 633 327 668 Indica
350 631 527 666 Arrianus
546 629 689 675 scripsit
705 629 780 662 haec
805 640 811 662 ε

193 704 220 727 1.
253 687 309 726 Τὰ
327 686 414 737 μετὰ
435 684 652 736 Ἀλέξανδρον
670 683 763 735 βιὸλ.
785 683 818 720 ι’.

191 761 220 786 2.
251 746 308 785 Τὰ
325 745 402 795 περὶ
419 743 633 793 Τιμολέοντα
653 742 708 780 τὸν
727 741 914 792 Κορίνθιον.

192 817 222 843 3.
254 803 311 842 Τὰ
332 802 408 853 περὶ
424 801 538 840 Δίωνα
557 801 613 838 τὸν
635 799 880 851 Συρακούσιον.

194 877 222 901 4.
252 861 441 900 Βιθυνιακὰ
462 862 495 897 ἐν
514 858 606 910 βιὸλ.
623 858 667 904 η’.

193 936 222 958 5.
256 918 416 971 Παρθικὰ
435 920 467 955 ἐν
488 917 580 968 βιὸλ.
604 917 658 960 ιζ’.

192 994 221 1018 6.
254 976 418 1022 Ἀλανικὴ
435 974 582 1026 ἱστορία.

194 1051 222 1076 7.
254 1036 334 1074 Βίον
355 1033 565 1083 Τιλλιὸόρου
579 1036 638 1070 τοῦ
656 1034 796 1083 λῃστοῦ.

197 1130 394 1166 llistoriam
427 1138 677 1162 successorum
714 1124 916 1160 Alexandri
951 1122 1123 1156 novimus
1156 1132 1175 1154 c

143 1190 264 1224 Pliotii
281 1187 474 1234 excerptis,
491 1197 571 1231 quae
586 1185 624 1218 in
640 1184 839 1218 Didotiana
855 1181 999 1216 Arriani
1013 1179 1176 1213 editione

143 1249 315 1295 leguntur
331 1257 416 1292 pag.
436 1248 505 1285 241
527 1255 608 1288 sqq.
630 1240 683 1291 (*).
702 1241 833 1276 Libros
852 1242 907 1274 De
925 1239 1034 1273 rebus
1049 1237 1175 1270 Timo-

144 1306 276 1340 leontis
296 1311 332 1338 et
350 1302 497 1345 Dionis,
530 1301 683 1334 Photius
713 1301 749 1333 in
769 1298 984 1345 praefatione
1004 1295 1169 1340 Bithyni-

144 1376 275 1397 corum
315 1361 361 1395 ab
393 1360 552 1395 Arriano
583 1363 890 1392 commemoratos
924 1354 1085 1396 invenit,
1101 1364 1178 1386 non

144 1423 232 1468 ipse,
247 1426 428 1466 quantum
443 1418 532 1460 scio,
549 1416 664 1460 vidit,
678 1427 799 1461 neque
817 1414 907 1448 alius
921 1412 1093 1446 disertam
1106 1422 1169 1444 eo-

145 1492 228 1514 rum
245 1478 472 1512 mentionem
505 1474 634 1519 injicit.
672 1473 781 1507 llaud
808 1472 922 1518 magis·
951 1476 1093 1504 constat
1126 1468 1173 1502 de

144 1534 403 1570 VitaTillib01-i
421 1532 574 1566 latronis
587 1558 597 1577 ,
630 1529 732 1575 cujus
748 1529 915 1563 meminit
932 1527 1117 1562 Lucianus
1141 1526 1180 1559 in

144 1592 357 1628 Alexandro
375 1603 406 1626 c.
427 1594 462 1633 4,
488 1601 524 1635 b.
547 1589 618 1632 327
653 1587 711 1623 ed.
734 1586 862 1622 Didot.
884 1587 919 1619 Is
943 1585 1039 1619 enim
1060 1591 1102 1618 ut
1118 1596 1180 1619 ex—

145 1658 245 1685 (Περὶ
264 1663 319 1694 se,
341 1647 445 1694 quod
472 1646 632 1681 hominis
649 1645 882 1680 exsecrabilis
913 1642 1077 1677 facinora
1098 1653 1179 1676 me-

145 1709 273 1743 moriae
293 1706 471 1741 mandare
494 1703 717 1749 susceperit,
746 1702 795 1736 ita
815 1701 906 1736 dicit
926 1711 935 1736 :
958 1697 1048 1735 Ἀλλ’
1069 1697 1110 1743 ἦν
1132 1712 1181 1739 τις

187 1817 227 1855 (*)
253 1814 354 1846 Pliotii
369 1813 526 1852 excerptis
541 1811 621 1842 adde
644 1810 712 1841 liaec
728 1822 735 1841 ε
753 1809 851 1841 Bekli.
878 1811 937 1840 An.
962 1817 991 1848 p.
1022 1811 1077 1839 179
1090 1831 1098 1845 ,
1116 1812 1152 1839 26
1171 1818 1178 1838 :

145 1865 252 1894 Ψευσ
262 1863 325 1898 θῆν
335 1872 390 1898 αι,
402 1862 518 1898 γενικῄ.
535 1857 685 1898 Ἀρριανὸς
699 1857 812 1896 πρώτῳ
823 1865 829 1872 ·
848 1868 863 1882 «
879 1856 915 1886 Εἰ
935 1856 966 1886 δὲ
980 1855 1180 1895 ψευσθείημεν

143 1914 194 1946 τῆς
212 1909 259 1939 ἐπὶ
276 1910 319 1947 τῷ
335 1907 420 1937 παιδὶ
446 1909 500 1935 τοῦ
516 1904 706 1944 Ἀλεξάνδρου
727 1903 985 1943 προσδοκωμένης
1008 1901 1139 1935 ἐλπίδος.
1164 1914 1179 1928 »

144 1956 208 1986 ἀντὶ
222 1958 276 1985 τοῦ
291 1953 509 1992 ἀποτύχοιμεν.

186 2002 270 2032 luein
286 2009 315 2039 p.
336 2003 405 2038 131,
424 2002 459 2030 19
481 2011 487 2029 z
506 1999 746 2036 Γνωσιμαχῶ
761 2003 767 2010 ·
793 1995 872 2031 ἅπαξ
889 1995 1040 2035 ἐχρήσατο
1053 1998 1090 2034 τῇ
1104 1994 1179 2029 λέξει

144 2049 170 2079 Ἀ
177 2048 291 2088 ρριανὸς
305 2047 335 2077 ἐν
351 2046 437 2085 πάσῃ
452 2048 489 2084 τῇ
503 2044 607 2084 πράξει
623 2045 717 2074 αὑτοῦ
727 2066 735 2081 ,
756 2043 786 2073 ἐν
801 2043 930 2082 δευτέρῳ
946 2045 1005 2071 τῶν
1025 2041 1089 2080 μετ’
1101 2041 1180 2071 Ἀλέ-

144 2095 276 2134 ξανδρον·
293 2107 307 2120 «
334 2095 374 2124 Οἱ
394 2093 425 2123 δὲ
445 2091 740 2131 γνωσιμαχήσαντες
763 2089 917 2119 ὑπέδυσαν
941 2088 979 2118 τὰ
995 2087 1180 2127 ἐπαγγελλό-

145 2152 230 2180 μενα.
247 2153 261 2166 υ

190 2187 272 2218 idem
297 2194 326 2225 p.
354 2187 430 2222 173,
450 2187 488 2215 29
513 2192 521 2213 ε
549 2182 729 2220 Σισίνης,
756 2181 877 2212 Σισίνου
902 2180 995 2210 κλίνει
1019 2180 1054 2210 τὸ
1081 2180 1178 2219 ὄνομα

145 2233 307 2275 Ἀρριανὸς.
320 2232 492 2272 Ἐχρήσατο
503 2231 528 2261 δ’
541 2230 624 2269 αὐτῷ
636 2230 664 2260 ἐν
672 2229 758 2268 πάσῃ
771 2233 808 2269 τῇ
819 2228 1011 2268 πραγματείᾳ
1018 2232 1182 2267 τετραχῶς.

149 2281 268 2316 Σισίνης
282 2280 313 2309 δὲ
330 2280 346 2308 ὁ
359 2278 572 2317 Φραταφέρνου
586 2279 667 2311 παῖς.
686 2275 738 2306 Ἐν
754 2275 837 2315 μόνῳ
849 2275 880 2305 δὲ
893 2277 937 2314 τῷ
954 2274 1083 2313 δευτέρῳ
1099 2275 1182 2313 λόγῳ

146 2329 206 2356 τῶν
222 2326 296 2364 μετὰ
311 2323 495 2361 Ἀλέξανδρον
515 2322 618 2360 εὑρέθη
633 2322 667 2351 τὸ
682 2321 791 2360 ὄνομα.
809 2320 943 2360 Ὁμοίως
957 2321 1009 2350 καὶ
1024 2319 1184 2355 Ἀππιανὸς

146 2373 176 2402 ἐν
191 2371 330 2411 Ἰλλυρίδι
349 2369 469 2400 Σισίνου
487 2369 538 2398 καὶ
557 2367 679 2403 Σισίνην
695 2368 797 2406 φησίν.

190 2417 274 2447 {dein
287 2426 314 2455 p,
333 2420 399 2451 130,
416 2419 454 2445 25
471 2427 478 2444 z
498 2413 674 2444 Βουλεύω
685 2421 692 2427 ·
708 2413 883 2452 ἐνεργητικῇ
895 2412 1025 2442 διαθέσει
1037 2412 1184 2452 κέχρηται

149 2466 165 2493 ὁ
180 2463 329 2502 Ἀρριανὸς
347 2461 376 2491 ἐν
393 2464 496 2490 πᾶσιν.
512 2460 563 2490 Ἐν
581 2460 712 2498 πέμπτῳ
728 2462 787 2488 τῶν
803 2459 878 2497 μετὰ
892 2459 1092 2497 Ἀλέξανδρον·
1112 2470 1126 2483 (ι
1142 2459 1179 2488 Σὲ

147 2511 178 2539 δὲ
199 2510 275 2539 εἶναι
290 2508 340 2538 τὸν
362 2505 546 2546 βουλεύοντα
558 2516 590 2535 τε
604 2505 678 2544 ὑπὲρ
694 2508 755 2534 τῶν
781 2504 859 2534 ὅλων
880 2504 919 2534 τὰ
936 2505 1180 2543 συμφορώτατα,

150 2557 199 2585 καὶ
216 2555 440 2593 ἐπαγγέλλονται
454 2556 513 2582 πᾶν
529 2552 545 2581 ὅ
564 2563 591 2581 τι
613 2561 669 2590 περ
689 2552 726 2581 ἂν
744 2552 934 2589 ξυλλογισμῷ
950 2550 1027 2589 τύχῃ
1042 2550 1180 2589 συμῧου-

148 2601 249 2631 λευθέν
266 2609 272 2615 ·
291 2613 304 2626 >›
319 2601 368 2629 ἰ’να
379 2600 413 2629 τὸ
428 2599 480 2637 μὲν
495 2598 639 2637 βουλεῦον
653 2596 821 2635 πρόσωπον
835 2596 886 2625 καὶ
908 2595 1045 2634 ἐνεργοῦν
1063 2596 1183 2634 ε’νεργη·

149 2651 241 2681 τικῶς
266 2647 471 2685 προσφέρηται
482 2667 490 2682 ,
518 2644 552 2674 τὸ
586 2643 617 2673 δὲ
641 2642 852 2682 ἐνεργούμενον
882 2642 933 2671 καὶ
963 2641 1185 2681 βουλευόμενον

153 2699 339 2732 παθητικῶς.

195 2758 207 2769 ιι
238 2746 270 2773 ln
306 2741 456 2778 catalogo
482 2739 634 2778 Scipionis
667 2737 763 2768 Tertii
795 2737 876 2776 apud
910 2737 1070 2767 Labbeinn
1106 2737 1184 2768 Bibl.

152 2800 226 2821 nov.
245 2798 318 2819 niss.
334 2797 364 2826 p.
381 2791 453 2825 3³55»,
470 2788 620 2824 tanquam
635 2785 738 2814 aillinc
752 2785 782 2814 in
801 2784 898 2814 ltaliae
913 2784 1112 2814 llililiotliecis
1128 2794 1183 2815 ex-

151 2836 265 2865 stantia
280 2835 493 2864 memorantur
512 2831 630 2862 Arriani
647 2830 809 2868 Parthica,
825 2830 971 2868 Aminea,
988 2830 1131 2861 llistoriai
1148 2830 1187 2861 de

153 2881 244 2911 rebus
266 2882 335 2919 post
349 2878 579 2915 Alexandrum,
604 2879 635 2907 ct
659 2876 832 2915 uiuiynica.
855 2890 867 2902 »ι
895 2876 1056 2907 Fabricius
1076 2879 1108 2908 B.
1129 2880 1183 2907 Gr.

153 2930 229 2959 loni.
249 2928 287 2956 ΙΙΙ
302 2950 309 2963 ,
326 2935 354 2964 p.
374 2927 432 2955 279
447 2923 495 2954 ed.
513 2932 559 2962 pr.

1233 569 1315 615 ἡμῖν
1336 565 1465 611 ταύτην
1487 564 1632 618 ἐπιφέρῃ
1661 564 1722 610 τὴν
1752 564 1876 611 αἰτίαν,
1902 564 2018 615 ἕξομεν
2036 567 2093 604 καὶ
2115 568 2209 606 αὐτοὶ
2229 571 2261 612 ἐς

1232 623 1452 675 παράδειγμά
1479 639 1512 660 τι
1528 627 1678 660 τοιοῦτον
1699 625 1906 674 ἀνενεγκεῖν·
1925 624 1983 661 καὶ
2005 624 2178 676 Ἀρριανὸς
2195 626 2261 677 γὰρ

1232 684 1249 718 ὁ
1275 685 1332 719 τοῦ
1355 681 1565 727 Ἐπικτήτου
1596 680 1771 729 μαθητὴς,
1803 681 1888 733 ἀνὴρ
1920 682 2106 732 (Ρωμαίων
2134 686 2166 721 ἐν
2195 688 2263 728 τοῖς

1233 734 1381 785 πρώτοις
1398 734 1457 771 καὶ
1475 733 1613 784 παιδείᾳ
1634 735 1717 785 παρ’
1738 732 1815 771 ὅλον
1836 734 1891 771 τὸν
1911 734 1982 785 βίον
2002 737 2261 786 συγγενόμενος,

1233 791 1349 841 ὅμοιόν
1377 808 1410 829 τι
1438 791 1557 830 παθὼν
1590 791 1839 842 ἀπολογήσαιτ’
1870 791 1910 829 ἂν
1939 792 1999 830 καὶ
2028 793 2112 844 ὑπὲρ
2145 797 2259 843 ἡμῶν.

1233 849 1441 901 Τιλλιῧόρου
1463 853 1543 899 γοῦν
1567 853 1624 887 τοῦ
1645 852 1772 901 λῃστοῦ
1792 851 1946 893 κάκεῖνος
1974 851 2044 901 βίον
2067 852 2264 904 ἀναγράψαι

1235 907 1394 953 ἠξίωσεν·
1426 910 1524 957 ἡμεῖς
1557 907 1590 944 δὲ
1621 908 1708 945 πολὺ
1748 907 1923 959 ὠμοτέρου
1957 909 2085 958 λῃστοῦ
2124 909 2263 958 μνήμην

1234 967 1467 1016 ποιησόμεθα,
1496 965 1565 1017 ὅσῳ
1586 965 1634 1014 μὴ
1656 967 1689 1003 ἐν
1715 967 1812 1009 ὕλαις
1839 967 1897 1003 καὶ
1921 968 1955 1003 ἐν
1975 967 2102 1018 ὄρεσιν,
2134 968 2210 1004 ἀλλ’
2230 971 2264 1006 ἐν

1236 1024 1377 1062 πόλεσιν
1410 1019 1503 1066 οὗτος
1520 1023 1713 1075 ἐλῄστευεν,
1741 1025 1779 1061 οὖ
1808 1023 1950 1062 Μυσίαν
1972 1024 2078 1074 μόνην
2099 1024 2174 1062 οὐδὲ
2204 1025 2265 1071 τὴν

1235 1080 1329 1128 Ἴδην
1360 1082 1603 1133 κατατρέχων,
1637 1082 1712 1120 οὐδὲ
1745 1082 1844 1132 ὀλίγα
1878 1085 1937 1127 τῆς
1969 1082 2082 1126 Ἀσίας
2111 1083 2197 1134 με’ρη
2223 1083 2266 1121 τὰ

1237 1141 1429 1191 ἐρημότερα
1449 1142 1642 1188 λεηλατῶν,
1662 1139 1751 1177 ἀλλὰ
1773 1147 1888 1178 πᾶσαν
1908 1143 1954 1183 ὡς
1974 1143 2078 1178 εἰπεῖν
2096 1141 2157 1187 τὴν
2180 1141 2266 1179 Ἱ)ω-

1238 1198 1347 1247 μαίων
1369 1198 1480 1250 ἀρχὴν
1510 1199 1691 1248 ἐμπλήσας
1720 1202 1779 1245 τῆς
1796 1199 1957 1249 λῃστείας
1977 1202 2037 1244 τῆς
2068 1201 2184 1238 αὑτοῦ.
2217 1223 2268 1230 —-

1239 1260 1279 1293 ln
1292 1258 1449 1294 Alan'iccc
1461 1259 1612 1295 Ιιιῖςίοιία
1632 1260 1679 1307 (v.
1697 1260 1806 1295 Phot.
1824 1260 1861 1293 in
1878 1259 1924 1295 fr.
1951 1256 1987 1308 1)
2006 1259 2144 1294 bellum
2161 1271 2269 1295 enar-

1238 1319 1331 1352 ravit
1362 1319 1558 1363 Arrianus,
1581 1318 1685 1365 quod
1706 1318 1780 1364 ipse
1806 1317 2048 1364 Cappadociae
2076 1317 2270 1364 praefectus

1243 1376 1325 1422 (an.
1362 1376 1431 1411 136
1451 1388 1490 1422 p.
1514 1377 1580 1424 C,;
1601 1389 1634 1410 v.
1655 1376 1727 1410 Dio
1748 1376 1842 1411 Cass.
1860 1376 2003 1420 LXIX,
2029 1375 2091 1423 15)
2113 1384 2270 1423 gesserat

1239 1434 1405 1472 feliciter.
1426 1435 1691 1481 Fragmentum
1710 1432 1787 1479 ejus
1807 1433 1892 1468 libri
1909 1434 1948 1467 in
1967 1433 2098 1469 codice
2117 1434 2270 1469 Medio-

1241 1493 1377 1527 lanensi
1391 1493 1471 1527 Arti
1486 1493 1641 1527 Tactieae
1654 1503 1839 1526 annexum
1856 1498 1921 1535 est,
1939 1491 2043 1537 quod
2058 1492 2095 1525 in
2110 1492 2271 1526 Parisina

1241 1550 1326 1586 Arr.
1358 1549 1522 1584 editione
1551 1548 1720 1583 dedimus
1736 1562 1776 1596 p.
1803 1547 1892 1583 250.
1922 1550 2097 1596 Superest
2121 1557 2162 1584 ut
2189 1562 2271 1596 quae

1241 1620 1260 1641 e
1281 1607 1385 1641 libris
1408 1608 1463 1641 De
1483 1607 1655 1652 Bithynia
1675 1613 1710 1640 et
1730 1619 1775 1641 ex
1801 1606 1952 1641 historia
1972 1607 2157 1643 bellorum
2179 1608 2270 1641 Par—

1241 1664 1428 1698 thicorum
1447 1675 1569 1710 sparsa
1593 1675 1660 1710 per
1689 1664 1809 1698 varios
1835 1664 2032 1710 scriptores
2049 1663 2271 1707 asseruntur,

1241 1723 1279 1756 in
1299 1734 1415 1756 unum
1432 1733 1688 1767 congeramus.

1586 1888 1935 1980 HAPGMKA.

1602 2065 1664 2101 EN
1695 2065 1822 2101 sslssA.
1843 2063 1917 2101 lZ'.

1748 2177 1779 2200 1.

1298 2276 1450 2310 Photius
1483 2275 1578 2310 Bibl.
1610 2273 1697 2308 cod.
1733 2271 1780 2307 58
1814 2270 2066 2329 ΞΝἈνεγνώσθη
2099 2270 2274 2324 Ἀρριανοῦ

1246 2333 1279 2369 Π
1291 2347 1311 2368 α
1323 2347 1339 2382 ρ
1351 2331 1452 2368 θικὰ
1472 2332 1505 2367 ἐν
1525 2329 1668 2380 βιὸλίοις
1694 2329 1748 2372 ιζ’,
1773 2330 1783 2377 (
1799 2331 1910 2371 Οὗτος
1934 2328 1967 2365 δὲ
1985 2328 2163 2366 συντάττει
2183 2329 2276 2366 πάν-

1245 2405 1311 2426 των
1335 2389 1473 2438 ἄμεινον
1499 2387 1558 2425 καὶ
1583 2386 1626 2423 τὰ
1646 2385 1735 2424 κατὰ
1756 2385 1972 2437 Ἀλέξανδρον
1993 2386 2050 2422 τὸν
2076 2388 2276 2434 Μακεδόνα,

1246 2448 1294 2485 ἔτι
1309 2447 1342 2484 δὲ
1358 2447 1416 2484 καὶ
1431 2446 1539 2490 ἄλλην
1557 2443 1808 2496 πραγματείαν,
1824 2443 1867 2480 τὰ
1884 2443 2012 2494 πάτρια
2024 2446 2084 2489 τ’ῆς
2102 2445 2273 2491 Βιθυνίας,

1246 2505 1278 2549 ἐξ
1295 2500 1335 2551 ἧς
1347 2504 1404 2542 καὶ
1420 2503 1518 2546 αὐτὸς
1528 2503 1600 2555 ἔφυ,
1616 2501 1860 2555 ἐπιγράψας,τὸ
1878 2501 2008 2552 βιὸλίον
2025 2504 2053 2540 ss
2066 2506 2153 2539 ιθυν
2165 2503 2256 2541 ιακά
2267 2518 2274 2526 ·

1245 2563 1478 2614 συγγράφεται
1503 2561 1538 2598 δὲ
1561 2560 1620 2598 καὶ
1638 2560 1682 2598 τὰ
1704 2559 1794 2598 κατὰ
1812 2559 1994 2609 Ἀλανοὺς,
2021 2559 2062 2606 ἣν
2084 2560 2275 2612 ἐπέγραψεν

1245 2619 1510 2670 Ἀλανικήν.)
1531 2618 1713 2670 Διέρχεται
1742 2617 1775 2655 δὲ
1798 2620 1832 2655 ἐν
1859 2617 1969 2667 ταύτῃ
1988 2620 2030 2668 τῇ
2050 2617 2274 2668 πραγματείᾳ

1244 2679 1320 2721 τοὺς
1339 2677 1525 2727 πολέμους,
1545 2676 1600 2719 οὓς
1618 2675 1839 2725 ἐπολέμησαν
1858 2675 2029 2724 Ῥωμαῖοι
2049 2675 2108 2712 καὶ
2132 2674 2275 2726 Πάρθοι,

1245 2736 1431 2784 Ῥωμαίων
1450 2735 1696 2786 αὐτοκράτορος
1709 2734 1802 2777 ὄντος
1817 2736 1849 2772 Τ
1853 2736 2007 2785 ραϊανοῦ.
2066 2732 2164 2778 Φησὶ
2185 2733 2220 2770 δὲ
2236 2732 2275 2769 τὸ

1248 2795 1393 2845 Πάρθων
1411 2793 1504 2844 γένος
1521 2793 1700 2839 Σκυθικὸν,
1719 2794 1911 2837 ἀποστῆναι
1931 2790 1966 2828 δὲ
1983 2793 2043 2836 τῆς
2057 2793 2123 2828 τῶν
2147 2793 2275 2829 Μακε-

1247 2853 1350 2889 δόνων
1364 2850 1597 2901 ἐπικρατείας,
1616 2849 1690 2899 ἅμα
1708 2851 1853 2901 Περσῶν
1870 2847 2191 2899 καταστραφέντων,
2205 2846 2274 2884 πά-

1245 2912 1303 2946 λαι
1322 2909 1504 2957 δουλωθὲν,
1523 2909 1565 2945 δι’
1582 2907 1692 2944 αἰτίαν
1709 2906 1884 2951 τοιαύτην.
1942 2905 2109 2957 Ἀρσάκης
2126 2905 2184 2942 καὶ
2201 2907 2275 2951 Τη-

472 3025 851 3081 PARTIHCA.

510 3135 675 3172 Lissssis
708 3135 827 3172 xvii.

197 3276 279 3308 Lecti
312 3276 386 3305 sunt
409 3274 529 3306 Arriani
559 3272 804 3304 Parthicarum
832 3272 913 3302 libri
939 3272 1183 3310 srplmncleeien.

157 3334 164 3367 (
181 3330 237 3360 llic
251 3330 324 3359 ilem
341 3327 483 3357 oninium
500 3326 619 3365 optime
634 3329 686 3355 res
702 3326 812 3363 (sessus
827 3324 1011 3355 Alvil'cllldl'i
1033 3325 1110 3361 regis
1125 3327 1185 3354 Ma-

156 3378 517 3417 cedonumconscripsit
547 3376 637 3408 Aliud
662 3376 735 3407 ilein
761 3382 839 3414 opus
859 3374 896 3405 de
913 3374 1054 3412 llillipnia
1085 3375 1182 3413 patria

1246 3018 1337 3056 (liinc
1360 3018 1442 3049 enim
1465 3018 1558 3048 natus
1580 3017 1648 3056 est)
1671 3015 1866 3055 composuit,
1887 3014 2148 3054 Billzym'corum
2168 3014 2274 3045 titulo.

1245 3069 1373 3108 Scripsit
1383 3070 1477 3100 etiam
1487 3077 1535 3099 res
1542 3067 1581 3098 ab
1589 3067 1694 3098 Alanis
1705 3070 1816 3105 gestas,
1825 3074 1920 3105 quain
1929 3065 2090 3096 historiam
2098 3067 2119 3096 A
2126 3065 2275 3096 [articam

1245 3120 1410 3159 inscripsit.
1424 3120 1434 3158 )
1449 3122 1485 3156 ln
1501 3119 1602 3158 primo
1617 3118 1670 3149 illo
1692 3126 1786 3157 opere
1802 3117 1885 3147 bella
1900 3125 1918 3147 a
1935 3116 2057 3147 Parthis
2070 3117 2102 3146 et
2127 3115 2276 3146 Romanis

1245 3172 1329 3208 gesta
1356 3170 1469 3208 refert,
1492 3169 1590 3200 ductu
1616 3169 1713 3207 atque
1739 3167 1884 3207 auspiciis
1915 3166 2039 3205 Trajani
2067 3165 2274 3205 imperatoris.

1246 3222 1323 3253 Vult
1335 3222 1467 3252 Parthos
1477 3230 1495 3251 a
1508 3220 1631 3260 Scythis
1641 3219 1792 3258 originem
1805 3218 1937 3255 ‹luccre;
1953 3217 2161 3248 Macedonum
2169 3218 2275 3247 autem

1246 3272 1409 3311 imperium
1421 3272 1601 3309 excussisse,
1617 3270 1716 3301 Persis
1726 3278 1788 3300 una
1802 3268 2025 3300 rebellantibus
2035 3276 2144 3307 ‚quum
2156 3267 2274 3306 pridem

1244 3324 1427 3354 servitutem
1455 3324 1644 3361 servissent,
1668 3322 1727 3352 nac
1742 3322 1781 3352 ‹lc
1798 3329 1900 3351 causa.
1930 3323 2060 3351 Arsaces
2075 3321 2106 3350 et
2123 3319 2276 3349 Tiridates

1246 3376 1355 3406 fratres
1369 3378 1474 3413 erant,
1491 3373 1665 3412 Arsacidas,
1684 3381 1700 3404 a
1718 3373 1781 3403 lilio
1796 3372 1915 3404 Arsacis
1936 3370 2091 3410 l‘liriapita
2106 3378 2201 3410 genus
2220 3369 2273 3400 ‹lu-

1194 3436 1245 3462 δῖοι)
