2289 3728
942 133 1270 172 FRAGMENTA.

531 239 593 274 32.

334 331 360 364 E
389 330 535 365 LIBRO
563 330 798 366 SECUNDO.

103 421 298 456 Athenaeus
316 422 422 465 VIII,
448 434 486 468 p.
513 421 601 465 346,
620 423 653 456 D
683 434 690 455 :
714 418 877 461 Μνασέας
896 418 929 455 δὲ
948 420 981 455 ἐν
1006 420 1081 456 δευ-

53 476 137 528 τέρῳ
153 476 242 528 Περὶ
257 476 370 518 Ἀσίας
390 477 491 528 φησὶν
509 477 632 520 οὕτως·
651 495 665 511 «
684 476 787 526 Ἐμοὶ
805 476 865 526 μὲν
883 480 903 522 ἡ
922 477 1081 527 Ἀτεργοί-

53 550 101 576 τις
122 534 214 570 δοκεῖ
236 533 373 584 χαλεπὴ
394 534 579 584 βασίλισσα
603 534 795 584 γεγονέναι,
823 534 881 571 καὶ
900 536 966 570 τῶν
988 535 1080 570 λαῶν

51 593 208 642 σκληρῶς
239 591 526 639 ἐπεστατηκέναι,
547 592 635 629 ὥστε
655 593 714 630 καὶ
736 592 945 641 ἀπονομίσαι
966 593 1078 634 αὐτοῖς

53 648 148 700 ἰχθὺν
170 648 217 699 μὴ
239 649 371 696 ἐσθίειν,
393 649 482 687 ἀλλὰ
505 650 589 701 πρὸς
617 650 723 696 αὐτὴν
752 650 944 701 ἀναφέρειν,
967 649 1022 687 διὰ
1043 649 1081 686 τὸ

51 707 173 757 ἀρέσαι
189 709 274 759 αὐτῇ
289 708 327 744 τὸ
347 711 484 758 βρῶμα.
506 709 575 746 Καὶ
601 709 655 745 διὰ
677 708 753 745 τόῗε
770 707 912 757 νόμιμον
934 708 982 745 ἔτι
1003 709 1080 745 δια-

52 766 175 813 μένειν,
197 765 281 801 ἐπὰν
300 764 462 808 εὔξωνται
481 769 523 815 τῇ
547 768 629 817 θεῷ,
653 768 748 816 ἰχθῦς
766 768 930 816 ἀργυροῦς
950 763 971 810 ἢ
992 780 1080 815 χρυ-

50 826 128 865 σοῧς
145 823 354 860 ἀνατιθέναι·
379 822 455 866 τοὺς
473 822 507 860 δὲ
535 827 634 873 ἱερεῖς
659 830 774 861 πᾶσαν
801 823 932 874 ἡμέραν
953 826 994 874 τῇ
1017 825 1081 874 θεῷ

52 880 230 926 ἀληθινοὺς
262 884 359 932 ἰχθῦς
389 881 443 918 ἐπὶ
469 881 539 926 τὴν
571 882 743 932 τράπεζαν
768 881 1082 932 ὀψοποιησαμένους

52 939 290 989 παρατιθέναι,
309 939 477 990 ἑφθούς“τε
493 939 615 988 ὁμοίιος
630 939 690 976 καὶ
704 938 837 986 ὀπτοὺς,
853 938 906 980 οὒς
922 938 962 984 δὴ
987 940 1082 975 αὐτοὶ

51 996 362 1033 καταναλίσκουσιν
393 999 423 1033 οἱ
454 1000 514 1042 τῆς
549 1001 623 1034 θεοῦ
657 999 768 1047 ἱερεῖς.
804 1014 817 1028 »
853 996 923 1033 Καὶ
960 995 1080 1046 μικρὸν

51 1053 226 1103 προελθὼν
248 1055 353 1091 πάλιν
371 1054 471 1104 φησίν
487 1070 494 1077 ·
515 1073 528 1087 «
552 1054 598 1092 ‘H
628 1054 662 1090 δέ
679 1069 716 1103 γε
737 1054 947 1104 Ἀτςργάτις,
966 1052 1081 1103 ὥσπερ

51 1111 183 1153 Ξάνθος
201 1110 290 1160 λέγει
309 1114 325 1147 ὁ
341 1113 469 1158 Λυδὸς,
489 1111 553 1148 ὑπὸ
568 1111 690 1162 Μόψου
709 1113 753 1159 (l.
779 1111 982 1159 111όξου)τοῧ
1004 1113 1081 1148 Λυ-

53 1164 109 1200 δοῦ
134 1165 263 1200 ἁλοῦσα
287 1163 534 1209 κατεποντίσθη
557 1163 643 1211 μετὰ
672 1163 802 1213 Ἰχθύος
822 1166 880 1198 τοῦ
899 1164 969 1199 υἱοῦ
987 1163 1020 1198 ἐν
1039 1165 1080 1211 τῇ

50 1221 127 1271 περὶ
155 1220 355 1258 Ἀσκάλωνα
381 1221 483 1271 λίμνη
512 1221 567 1257 διὰ
599 1220 659 1264 τὴν
689 1221 798 1271 ὕὸριν,
831 1220 890 1257 καὶ
919 1219 983 1256 ὑπὸ
1015 1221 1081 1256 τῶν

49 1278 175 1329 ἰχθύων
201 1278 415 1330 κατεὸρώθη.
442 1297 455 1311 »
477 1281 531 1317 Cf.
567 1281 709 1315 Nieolai
736 1282 844 1315 Dam.
868 1279 914 1313 fr.
947 1278 1014 1322 25,
1048 1286 1083 1313 et

54 1351 135 1385 quae
151 1339 323 1385 proxime
348 1339 573 1373 antecedunt
597 1350 658 1384 ap.
684 1338 901 1372 Athenaeum
915 1349 959 1371 ex
976 1337 1083 1372 Anti-

49 1397 146 1443 patri
166 1397 350 1430 Tarsensis
365 1397 479 1431 Stoici
496 1397 593 1430 libro
615 1403 748 1442 quarto
766 1392 852 1444 Περὶ
869 1393 1083 1441 δεισιδαιμο-

51 1452 138 1501 νίας,
156 1453 259 1500 quod
271 1455 519 1489 testimonium
530 1454 776 1502 probabiliter
788 1453 832 1488 ab
846 1454 924 1500 ipso
935 1454 1082 1487 Mnasea

50 1519 128 1546 erat
147 1512 371 1558 appositum.

533 1570 595 1606 33.

102 1661 204 1696 Idem
221 1663 305 1707 VII,
323 1675 362 1708 p.
384 1662 472 1706 301,
494 1664 527 1697 D
547 1673 555 1698 ζ
572 1659 740 1701 Μνασέας
755 1660 782 1696 δ’
799 1662 816 1696 ὃ
842 1659 999 1707 Πατρεύς
1019 1674 1083 1710 φη-

51 1732 123 1755 σιν·
150 1736 165 1750 (ι
187 1717 320 1768 Ἰχθύος
350 1717 384 1755 δὲ
409 1719 538 1768 γίνεται
570 1717 628 1755 καὶ
657 1717 826 1768 Ἡσυχίας
850 1720 909 1762 τῆς
936 1718 1083 1768 ἀδελιρης

54 1774 195 1820 Γαλήνη
211 1775 269 1811 καὶ
286 1774 446 1826 Μύραινα
465 1775 522 1812 καὶ
539 1776 789 1821 Ἠλακατῆνες.
812 1794 826 1807 »

536 1864 580 1905 34

103 1953 283 1998 Josephus
299 1954 338 1987 C.
361 1953 500 1998 Apion.
527 1953 544 1985 I
558 1979 567 1995 ,
590 1951 652 1994 23,
675 1950 858 1985 Mnaseam
879 1952 973 1985 inter
992 1951 1081 1984 scri-

25 2040 34 2045 ..
50 2018 176 2058 ptores
201 2017 382 2052 recenset,
403 2011 467 2056 qui
485 2010 531 2044 de
548 2009 683 2044 Judaeis
705 2010 827 2055 aliqua
846 2008 1079 2043 tradiderint.

51 2068 156 2103 Idem
181 2069 219 2102 in
239 2069 325 2103 Ant.
352 2068 441 2103 Jud.
464 2069 500 2110 Ι,
522 2067 563 2114 3,
587 2067 629 2110 6,
655 2074 851 2113 postquam
873 2066 919 2100 de
943 2066 1082 2099 diluvio

53 2132 90 2160 et
118 2125 164 2159 de
183 2137 268 2160 arca
294 2124 461 2171 quaedam
486 2137 505 2158 e
525 2126 662 2158 Beroso
687 2125 883 2171 apposuit⁷
905 2122 1081 2168 subjicit:

53 2179 239 2228 Μέμηνται
261 2179 295 2216 δὲ
316 2179 443 2217 τούτων
464 2179 523 2217 καὶ
549 2179 753 2230 Ἱερώνυμος
776 2181 792 2215 ὃ
813 2179 873 2222 τὴν
899 2180 1081 2229 ἀρχαιολο-

50 2237 126 2287 γίαν
151 2237 213 2283 τὴν
234 2237 438 2283 Φοινικικὴν
466 2236 766 2288 συγγραψάμενος,
784 2236 843 2274 καὶ
860 2235 1023 2277 Μνασέας
1050 2234 1083 2271 δὲ

51 2295 112 2332 καὶ
135 2295 233 2332 ἄλλοι
253 2295 403 2337 πλείους.

540 2410 594 2440 32.

93 2463 234 2492 Mnaseas
254 2461 392 2492 seeundo
416 2462 495 2492 libro
516 2464 563 2492 De
580 2462 650 2492 Asia
666 2461 708 2491 ita
725 2461 832 2491 scribit
857 2474 863 2491 :
885 2473 899 2487 «
921 2461 998 2491 Mihi
1015 2460 1081 2499 qui

51 2513 124 2543 dem
146 2513 271 2544 videtur
294 2515 449 2552 Atergatis
465 2514 545 2544 dura
571 2515 664 2544 fuisse
680 2513 803 2552 regina,
829 2515 860 2544 et
878 2513 1082 2543 inclementer

52 2566 218 2603 imperasse
229 2566 370 2605 populis3
383 2568 416 2596 ut
429 2575 501 2605 quae
515 2567 608 2597 etiam
620 2566 757 2605 piscihus
768 2574 821 2596 eos
834 2565 917 2595 vesci
934 2565 1080 2603 vetuerit,

52 2615 105 2646 sed
116 2615 155 2645 ad
166 2624 198 2646 se
208 2616 336 2654 perferri
346 2618 454 2655 captos
464 2617 603 2656 jusserit,
619 2625 719 2655 quum
731 2616 801 2646 eiho
812 2625 848 2647 eo
859 2616 1080 2647 delectaretur.

55 2668 155 2704 Atque
173 2666 245 2696 inde
264 2667 357 2697 etiam
377 2677 462 2698 nunc
479 2676 598 2698 morem
619 2668 736 2698 servari
758 2668 819 2706 ait,
838 2669 874 2698 111
896 2676 994 2706 quum
1011 2668 1083 2697 vota

55 2716 172 2747 faciunt.
182 2716 262 2754 deae,
277 2719 439 2755 argenteos
449 2726 601 2748 aureosve
616 2717 755 2756 piscesei
769 2719 970 2748 consecrent:
987 2718 1084 2756 11111111

54 2767 229 2798 sacerdotes
237 2768 375 2807 qnotidie
388 2777 476 2799 veros
488 2769 584 2808 pisces
594 2769 661 2799 deae
672 2771 795 2808 paratos
806 2770 976 2808 apponant,
986 2769 1084 2799 elixos

58 2819 174 2859 pariter
199 2828 364 2859 assosque3
382 2830 462 2860 quos
478 2829 590 2859 nempe
609 2821 666 2859 ipsi
684 2821 795 2851 deinde
812 2822 1001 2851 consumunt
1017 2821 1065 2851 der
1066 2830 1083 2851 e

55 2873 281 2903 sacerdotes.»
305 2872 398 2910 Dein,
428 2871 535 2911 paucis
555 2871 742 2910 interjectis,
763 2872 807 2903 sic
829 2873 928 2912 penit
951 2873 1086 2903 scribere

57 2926 219 2955 Mnaseas·
241 2937 256 2951 «
275 2926 344 2963 Ipsa
361 2924 488 2963 quidem
510 2926 583 2954 Atei·
586 2924 680 2962 natis,
695 2925 731 2954 111
747 2925 892 2955 Xanthus
907 2925 1003 2955 tradit
1022 2926 1083 2963 Ly-

57 2974 145 3014 dius,
162 2983 180 3005 a
193 2977 286 3005 Moxo
306 2974 390 3013 Lydo
403 2976 494 3013 capta
510 2983 583 3005 cum
603 2974 732 3013 lchthye
745 2975 825 3011 silio,
840 2975 870 3004 in
884 2975 955 3004 lacu
971 2975 1026 3014 qni
1040 2977 1085 3005 est

58 3033 154 3064 prope
170 3025 353 3056 Ascalonem
370 3024 511 3055 demersa
537 3026 584 3055 est
602 3024 643 3055 ob
659 3026 885 3056 contumeliosa
910 3025 1086 3064 injustaque

58 3075 213 3114 facinora,
228 3076 259 3106 et
272 3084 290 3106 a
304 3075 440 3115 piscihus
458 3078 609 3106 vorata.»

539 3130 595 3161 33.

100 3185 239 3212 Mnaseas
255 3182 410 3213 Patrensis
427 3181 471 3212 ait
486 3194 492 3212 :
511 3195 524 3208 α
544 3184 592 3212 Ex
610 3181 752 3220 Ichthye(
766 3182 879 3219 Pisce)
895 3181 1026 3220 ejusque
1039 3189 1085 3211 so·

61 3240 130 3263 rore
148 3232 300 3271 Hesychia
319 3232 479 3271 (Quiete)
506 3233 675 3272 gignuntur
704 3233 821 3262 Galene
845 3233 876 3262 et
892 3234 1031 3262 Muraena
1055 3233 1087 3263 et

60 3282 250 3314 Elacatenes.

1625 247 1687 286 35.

1194 337 1315 372 Schol.
1334 339 1424 373 Luc.
1444 339 1535 373 Dial.
1555 339 1656 374 deor.
1676 339 1737 383 23,
1754 352 1790 386 p.
1810 339 1853 373 61
1880 339 1938 375 ed.
1956 339 2134 374 Jacobiiz.
2156 352 2163 375 :

1144 392 1309 434 Μνασέας
1330 392 1363 428 δὲ
1389 396 1405 429 ὁ
1437 394 1616 444 Παταρεὺς
1647 395 1892 446 ἑρμαφρόδιτον
1921 394 1976 432 τὸν
2010 393 2168 445 Πρίαπον

1141 448 1246 499 λέγει.
1267 451 1371 486 Idem
1396 454 1574 498 repetitur
1593 455 1627 487 in
1647 453 1763 492 schol.
1784 455 1831 489 ad
1847 456 1928 489 Jov.
1957 462 2047 502 trag.
2073 468 2106 492 c.
2128 455 2164 492 6.

1624 540 1684 576 36.

1194 630 1440 677 Harpocratio
1464 642 1471 663 :
1496 626 1644 664 Σαῧοί·
1667 629 1884 677 Δημοσθένης
1902 630 2012 681 εΥπὲρ
2035 633 2167 677 Κτησι-

1142 688 1269 737 φῶντος
1292 688 1327 734 (§
1345 686 1453 735 260).
1481 687 1525 722 Οἱ
1548 685 1607 734 μὲν
1631 686 1764 728 Σαὲοὺς
1782 687 1939 736 λέγεσθαι
1955 688 2030 731 τοὺς
2049 690 2171 726 τελου-»

1145 742 1263 792 μένους
1280 745 1328 793 τῷ
1347 742 1533 794 Σαὸαζίῳ,
1564 743 1718 779 τουτέστι
1738 746 1785 794 τῷ
1814 745 1984 794 Διονύσῳ,
2015 745 2167 797 καθάπερ

1141 800 1216 843 τοὺς
1230 803 1277 852 τῷ
1298 800 1427 851 Βάκχῳ
1446 801 1615 850 Βάκχους.
1634 800 1703 838 Τὸν
1724 800 1758 836 δὲ
1778 802 1876 839 αὐτὸν
1895 797 1979 839 εἶναι
1996 802 2167 846 Σαῧάζιον

1143 858 1202 895 καὶ
1228 857 1389 896 Διόνυσόν
1414 873 1514 909 φασιν
1537 858 1632 894 ἄλλοι
1661 873 1696 894 τε
1727 857 1785 894 καὶ
1814 858 1987 910 Ἀμφίθεος
2022 860 2052 908 β’
2083 861 2168 911 Περὶ

1144 916 1365 967 ἹΙρακλείας.
1394 915 1498 953 Οὕτω
1526 916 1562 952 δέ
1589 931 1671 967 φασι
1699 915 1757 952 καὶ
1784 931 1859 958 τους
1886 916 2061 963 Ελληνοίς
2084 934 2169 960 τινες

1146 976 1234 1023 (των
1264 973 1440 1018 Ελληνων
1469 990 1562 1016 τινας
1595 975 1697 1012 Suid.
1708 974 1717 1022 )
1746 989 1822 1015 τους
1851 974 2009 1025 Βάκγους
2036 975 2170 1018 Σαὸους

1142 1032 1272 1071 καλεῖν.
1305 1030 1468 1073 Μνασέας
1494 1032 1527 1068 δὲ
1554 1034 1571 1067 ὃ
1600 1030 1755 1082 Πατρευς
1787 1046 1856 1067 υιον
1887 1025 1972 1067 εἷναί
2003 1047 2085 1082 φησι
2112 1047 2170 1069 του

1142 1088 1305 1126 Διονύσου
1327 1088 1511 1132 Σαῖῧοίζιον

1195 1149 1332 1183 Eadem
1357 1149 1485 1184 Suidas
1499 1157 1534 1183 et
1550 1150 1713 1192 Pliotius,
1725 1150 1831 1183 missa
1849 1148 2059 1195 Amphithei
2078 1148 2119 1198 (i.
2137 1161 2169 1186 e.

1143 1207 1382 1253 Nymphidis)
1413 1208 1621 1251 lnentione3
1653 1209 1772 1254 Etym.
1798 1207 1850 1244 M.
1885 1207 1958 1241 Pro
1988 1205 2170 1251 Μνασέας,

1146 1272 1218 1299 tres
1229 1266 1412 1313 Harpocr.
1427 1265 1513 1299 libri
1528 1263 1703 1309 Μνασίας,
1717 1277 1787 1312 pro
1806 1261 1961 1314 Πατρεὺς
1971 1277 2065 1299 1111115
2078 1266 2172 1300 liber

1147 1320 1341 1371 Παταρεύς.

1627 1397 1689 1442 37.

1196 1485 1414 1519 Plutarchus
1431 1487 1483 1520 De
1503 1486 1550 1519 Is.
1575 1492 1610 1519 et
1630 1485 1689 1520 Os.
1712 1496 1743 1520 c.
1765 1483 1838 1528 37.
1830 1495 1839 1503 ·
1861 1481 1928 1520 Ἐ
1904 1498 1932 1518 (1
1951 1480 1986 1518 δὲ
2007 1481 2172 1519 Μνασέαν

1144 1540 1369 1620 τ11Ἐπάφ1ρ
1386 1540 1611 1592 προστιθέντα
1627 1541 1684 1578 τὸν
1704 1540 1867 1578 Διόνυσον
1884 1555 1943 1577 και
1959 1539 2016 1577 τὸν
2035 1537 2174 1590 Ὄσιριν

1143 1614 1200 1635 και
1220 1614 1276 1635 τον
1296 1599 1465 1651 Σάραπιν.

1575 1678 1779 1715 ..ΛΙΒΥΗ

1625 1758 1686 1794 38.

1196 1839 1432 1884 Paroemiogr.
1444 1837 1615 1884 Append.
1626 1838 1680 1871 III
1686 1850 1819 1907 ‚91‚p.
1836 1837 1979 1879 433ed.
1988 1838 2169 1873 Leutscha

1144 1893 1203 1939 Μὴ
1232 1895 1279 1930 ἔνι
1305 1894 1431 1930 δούλων
1458 1894 1574 1935 πόλις·
1602 1893 1699 1935 πόλις
1731 1894 1821 1930 ἐστὶν
1848 1895 1881 1930 ἐν
1902 1893 2013 1943 Λιὸύῃ
2035 1893 2171 1931 Δούλων

1143 1953 1239 1994 πόλις
1272 1951 1486 1998 καλουμένη,
1523 1954 1568 1992 ὡς
1601 1951 1763 1993 Μνασέας
1793 1953 1922 2002 ἱστορει
1961 1953 1979 1987 ὃ
2016 1950 2172 2001 Πατρεύς

1146 2010 1348 2060 ([Ιαταρευς
1364 2012 1450 2048 cod.
1466 2010 1568 2048 Vat.
1559 2010 1604 2060 J*

1119 2068 1276 2105 ὃοωντα
1296 2068 1426 2118 λέγειν·

1610 2010 1698 2046 *καὶ
1714 2025 1770 2047 τον
1791 2011 1836 2052 εἰς
1851 2009 2072 2060 ε’λευθιερίαν”ι
2087 2011 2169 2046 ἄνα-

1246 2149 1320 2184 Οὐκ
1338 2147 1409 2184 ἔστι
1430 2147 1557 2184 δούλων
1575 2148 1643 2184 οὐδ’
1663 2146 1846 2197 ελευθέρων
1866 2146 1961 2188 πόλις

1220 2219 1281 2253 *ἐν
1296 2221 1317 2265 ᾖ
1335 2216 1434 2265 μόνος
1449 2218 1559 2254 ἐκεύθε
1547 2216 1618 2267 ερός
1636 2218 1724 2253 ἐστιν
1740 2218 1826 2261 ὁτῆς
1844 2215 2036 2266 Ἀρτέμιδος
2052 2215 2170 2267 ἱερεύς.

1150 2296 1415 2328 Lacunosam
1439 2305 1512 2327 esse
1541 2300 1704 2327 nostiam
1730 2293 2014 2339 explicationem
2033 2304 2168 2337 nemo,
2209 2313 2213 2317 ·

1632 2405 1688 2435 35.

1183 2462 1324 2490 Mnaseas
1339 2458 1494 2490 Patrensis
1510 2458 1655 2497 Priapum
1673 2466 1738 2488 esse
1756 2456 2046 2497 hermaphroditum
2061 2457 2149 2488 dicit.

1625 2513 1683 2543 36.

1184 2568 1276 2598 Sabi
1289 2566 1512 2597 Demosthenes
1525 2566 1781 2604 mOrationepro
1795 2565 2004 2603 Ctesiphonte.
2022 2565 2169 2596 Nonnulli

1142 2619 1240 2650 Sahos
1264 2619 1353 2649 aiunt
1368 2618 1474 2648 voc-aii
1491 2627 1560 2656 eos,
1579 2618 1633 2656 qni
1652 2618 1747 2648 sacris
1763 2617 1885 2648 sabazii
1901 2617 1966 2647 sive
1982 2616 2094 2647 Bacchi
2111 2617 2170 2646 ini-

1143 2671 1183 2701 111
1186 2673 1278 2709 ntur
1293 2669 1562 2710 quemadmodum
1580 2670 1735 2707 Bam-hos,
1754 2669 1806 2708 qni
1824 2668 1935 2699 Bacchi
1950 2669 2044 2699 510115
2060 2668 2170 2698 initiati

1143 2722 1215 2754 sint.
1232 2723 1302 2754 Sal)
1304 2723 1397 2753 izinm
1408 2724 1480 2752 auti
1484 2732 1512 2752 m
1525 2724 1555 2753 et
1569 2722 1728 2753 Bacchum
1740 2720 1872 2751 eundem
1886 2729 1951 2751 esse
1963 2722 2030 2750 tum
2042 2720 2092 2750 alii
2104 2721 2171 2750 tum

1144 2775 1351 2814 Amphitheus
1368 2775 1404 2811 (.³)
1420 2773 1556 2804 secundo
1574 2775 1619 2803 De
1639 2772 1790 2803 Heraclea
1806 2771 1946 2802 tradunt.
1974 2771 2024 2802 Sic
2045 2770 2137 2803 etiarn
2154 2780 2170 2801 a

1145 2828 1328 2857 (31·1100111111
1344 2825 1502 2856 nonnullis
1519 2825 1655 2855 Euechos
1668 2824 1772 2854 vocari
1790 2823 1898 2854 sabos.
1914 2825 2054 2854 Mnaseas
2065 2825 2170 2853 autem

1146 2877 1299 2908 Patrensis
1311 2876 1477 2907 sabanum
1491 2876 1534 2907 ait
1548 2884 1613 2906 esse
1627 2874 1741 2906 Bacchi
1756 2873 1864 2904 filium.

1629 2929 1685 2960 37.

1186 2983 1275 3014 Mitto
1293 2985 1447 3014 Mnaseam
1470 2983 1523 3022 qui
1545 2991 1617 3013 cum
1637 2982 1766 3021 Epapho
1785 2980 1944 3020 componit
1963 2979 2121 3010 Bacchum
2140 2981 2171 3010 et

1146 3034 1249 3066 0511111
1267 3035 1297 3065 et
1311 3033 1452 3073 Sarapin.

1581 3101 1741 3137 LIBYA.

1626 3176 1681 3206 38.

1188 3233 1221 3261 ln
1236 3229 1331 3269 Libya
1344 3229 1417 3259 urhs
1433 3231 1495 3267 est,
1513 3237 1584 3268 quae
1603 3231 1771 3260 Servorum
1786 3225 1859 3256 111115
1876 3226 2017 3262 voratur,
2037 3227 2069 3254 111
2085 3225 2166 3254 Mna·

1145 3290 1212 3312 seas
1226 3280 1382 3312 Patrensis
1395 3280 1481 3310 dicit.
