2338 3765
0 2874 8 3188 *ffl—

1009 165 1138 203 rum
1152 166 1335 203 attexta.
2159 185 2231 215 (3³13

109 255 208 297 σθαι,
223 252 259 289 οὗ
276 250 544 300 διαγινώσκομεν
563 252 592 293 ἐς
608 250 804 300 ,ἀντιλογίαν
826 251 920 296 ἥκειν
938 254 996 296 τῆς
1013 266 1140 304 συμφο-
1202 254 1366 305 ἐλαχίστη
1385 255 1577 306 προμηθείᾳ
1594 256 1794 308 χρώμεναι,
1817 275 1876 296 συν
1895 261 2148 313 καταφρονήσει
2168 267 2235 301 rm

110 318 167 363 ρᾶς
187 311 277 361 πέρι.
303 313 354 349 Οὐ
376 311 430 347 διὰ
448 310 486 346 τὸ
505 309 552 358 μὴ
573 309 661 345 κατὰ
683 309 807 359 κράτος
823 312 1031 359 νενικῆσθαι,
1051 310 1141 346 κατὰ
1204 313 1560 361 ἀντιπολεμούντων
1546 330 1602 351 επι
1628 314 1687 358 τὰς
1711 317 1826 386 μάζας
1849 317 2052 369 πορεύεσθαι
2070 335 2127 357 και
2146 321 2236 358 κατὰ

108 369 141 405 δὲ
160 369 198 405 τὸ
220 369 345 414 ἄδηλον
365 372 423 404 τοῦ
445 367 676 416 ἐκδησομένου
698 367 832 418 εἰρήνην
850 366 1002 414 πολέμου
1023 382 1140 417 προτι-
1202 383 1240 405 το
1261 370 1456 416 ἀφύλακτον
1486 388 1529 414 ως
1550 372 1606 409 ἐπι
1627 374 1714 410 πολυ
1745 374 1783 411 τὸ
1803 370 1942 421 ἡττον”
1925 391 2028 427 εχειν,
2057 379 2091 414 αἱ
2122 378 2156 416 δὲ
2187 383 2236 416 τω

109 429 240 476 μῶμεν,
264 426 452 470 εἰκάζοντες
474 424 532 461 καὶ
552 427 631 473 ὑμῖν
650 427 694 466 ὡς
716 424 837 474 γένοιτ’
854 424 893 462 ἂν
922 423 976 461 διὰ
1002 425 1142 473 γνώμης
1204 441 1359 478 αιγνιοιω
1371 443 1511 479 καιπαρ
1514 429 1656 466 ἐλπίδα
1668 431 1870 483 χωρήσαντι
1878 434 2060 486 λογισμω
2073 451 2109 472 τε
2125 438 2236 488 ἀσφα-

106 484 188 536 πρὸς
206 483 433 533 ἸουΟούγγους
453 477 488 519 εῦ
508 483 689 533 παρασχὸν
715 486 775 528 τῆς
798 483 943 534 πρόσθεν
974 484 1139 533 διαφορᾶς
1202 485 1254 520 λεῖ
1272 485 1329 521 καὶ
1358 487 1536 538 περιουσίᾳ
1558 488 1735 537 δυνάμεως
1753 491 1900 540 βεέαίως
1915 493 2136 543 χρησάμεναι
2156 496 2239 531 δυσ-

107 542 301 591 συμὸἦναι,
324 536 376 578 οἶα
409 541 449 586 δὴ
478 540 629 586 ὑπούσης
655 540 713 578 καὶ
738 542 889 583 παλαιᾶς
918 542 1043 591 ἀμφοῖν
1071 542 1141 577 τοῖν
1204 542 1406 592 μαχώτατοι
1436 547 1504 587 τοῖς
1534 547 1730 590 ἀντιπάλοις
1749 548 1913 597 γίνεσθαι.
1937 549 2005 588 Σὺν
2026 549 2067 597 δὴ
2096 551 2238 602 τοιαύτη

1169 495 1173 689 Ι
1203 600 1315 637 ἐλπίδι
1332 601 1390 638 καὶ
1407 605 1516 651 ημεῖς,
1532 604 1610 656 διχῇ
1625 604 1686 650 τὴν
1704 606 1847 655 δύναμιν
1860 608 1949 644 διελ
1932 623 2022 651 οντες
2038 609 2076 646 τὸ
2093 625 2238 661 πρωτον,

1203 672 1262 693 και
1287 659 1320 694 ἐν
1342 674 1389 695 τω
1417 676 1564 709 ποταυιιι
1596 662 1639 698 τὰ
1666 663 1778 700 πολλὰ
1810 664 1898 715 τύχῃ
1930 666 2102 715 μᾶλλον
2084 684 2105 713 η
2135 669 2239 720 ἀρετή

1203 715 1351 766 ὑμετέρα
1370 717 1574 768 σφαλέντες,
1592 721 1652 757 οὐκ
1669 721 1922 772 ἀπροσδόκητοί
1942 725 2043 761 ἐσμεν
2064 723 2153 761 ἀλλὰ
2169 729 2239 771 νῦν,

1204 774 1278 822 ἅμα
1298 791 1346 812 τω
1365 780 1422 813 τοῦ
1442 777 1624 850 μέλλοντος
1647 784 1819 851 προμηθεῖ
1832 812 1840 828 ,
1868 783 1932 833 οὐχ
1952 783 2137 821 ὑπόστατοι
2159 786 2239 833 υμῖν

1203 847 1277 881 γενε
1265 832 1371 870 ’σθαι.
1431 836 1459 872 Κ
1467 835 1623 886 ράτιστον
1654 836 1694 883 οὴ
1727 838 1856 876 τούτων
1890 839 2002 877 εἵνεκα
2034 842 2077 878 δι’
2106 842 2241 893 εἰρήνης

1205 893 1411 941 αἱρεῖσθαι(
1399 899 1487 941 υμᾶς
1512 892 1572 936 τὰς
1592 897 1630 931 ἐκ
1650 899 1709 940 τῆς
1729 896 1884 945 ὁμονοίας
1905 898 2091 950 ὠφελείας,
2117 900 2175 936 καὶ
2195 899 2238 936 τὰ

1203 952 1261 985 τοῦ
1282 949 1436 999 πολέμου
1456 951 1648 1002 πράγματα
1670 969 1729 990 συν
1747 958 1829 1003 ἡμῖν
1852 955 2003 993 τίθεσθαι
2014 960 2085 1009 ,τῇ
2101 972 2137 994 τε
2157 957 2239 1007 παρ’

1203 1010 1286 1055 ἡμῖν
1302 1007 1487 1059 συμμαχίᾳ
1511 1009 1700 1061 ῥωσθέντας
1713 1012 1851 1050 πλεον”
1834 1029 1923 1064 εχειν
1938 1030 2022 1067 προς
2038 1031 2114 1058 τους
2129 1016 2240 1053 ε’πιόν-

1203 1080 1278 1108 τας.
1338 1066 1382 1104 Εἰ
1402 1066 1437 1103 δὲ
1454 1070 1563 1104 ταῦτα
1584 1071 1691 1105 ποιεῖν
1707 1071 1773 1107 ὧδε
1789 1071 1934 1122 κρίνοιτε
1944 1102 1953 1119 ,
1973 1072 2140 1125 υπάρχειν
2157 1075 2240 1123 ἡμῖν

1204 1122 1333 1161 δίκαιον
1355 1123 1413 1161 καὶ
1431 1124 1493 1161 όσα
1509 1126 1542 1162 ἐν
1559 1130 1688 1177 χρυσοῦ
1711 1128 1847 1177 ἀσήμου
1865 1145 1902 1166 τε
1921 1131 1979 1167 καὶ
1999 1132 2171 1181 ἐπισήμου
2187 1132 2242 1169 36-

1171 1022 1224 1227 i
1205 1195 1279 1217 σεσι
1299 1196 1357 1218 και
1380 1180 1529 1233 ἀργύρου
1547 1184 1628 1236 παρ’
1645 1186 1739 1232 ὑμων
1761 1185 1877 1237 ειροίτα
1891 1187 1947 1224 ἐπ’.
1969 1188 2082 1239 φιλίας
2105 1189 2242 1240 βεὸαιό-

107 1235 259 1273 τοπέδων
276 1236 504 1274 συνελθόντων
517 1236 586 1273 οὐδ’
600 1239 738 1282 ἡτισοῦν
755 1236 851 1286 ἑτέρα
869 1237 943 1287 χεὶρ
957 1237 1144 1289 ἀξιόμαχος
1170 1237 1210 1556 γ
1203 1253 1294 1283 τητι.
1354 1239 1615 1290 Απειπαμένων
1646 1241 1727 1292 γὰρ,
1757 1243 1820 1280 όσα
1852 1244 1990 1295 ε’·χθρους
2011 1246 2242 1295 ἀμυνόμενοι,

106 601 214 649 γενοῗν
234 600 317 651 πρὸς
348 599 483 645 ἄλληλα
513 599 658 641 πίστεως
687 601 717 641 ἐς
746 601 783 636 τὸ
812 598 1010 649 ἡσυχάζειν,
1039 600 1080 636 δι’
1100 600 1141 645 ἢν

105 658 173 709 χρὴ
194 657 255 704 τὴν
274 657 329 695 ἐπὶ
346 661 466 707 καιροῦ
490 656 653 707 διαφορὰν
676 657 927 708 ἀπερίσκεπτον
949 659 982 694 ἐν
1000 659 1047 708 τῷ
1065 673 1142 693 πα-

108 717 196 767 ρόντι
213 715 475 757 καταλύσαντας
493 716 576 766 πρὸς
591 715 629 752 τὸ
647 715 853 764 παλαίτερον
871 714 928 751 καὶ
944 716 1140 751 λυσιτελοῦν

107 773 347 822 μετατίθεσθαι
368 772 554 825 ἑκατέροις.
612 771 678 811 Ἔν
705 788 740 809 τε
765 776 811 823 τῷ
836 772 978 824 πολέμῳ
1003 775 1061 810 οὐκ
1086 774 1141 809 ἐπὶ

106 833 263 868 πλεῖστον
293 847 367 873 ταις
400 832 637 901 καταδρομαῖς
668 831 888 879 )ηϊζόμενοι,
912 831 1027 867 αλλ’
1007 847 1084 868 οσον
1112 833 1143 873 ἐς

106 888 263 940 ἀφορμὴν
283 905 350 925 των
365 888 568 934 ἐπιτηδείων
588 890 791 960 ἀγαπωντες
809 888 869 934 τὴν
889 888 1056 941 αθροισιν,
1077 889 1174 937 με’-

105 962 163 997 χρι
186 950 247 992 τῆς
262 945 447 994 γενομένης
467 946 584 996 μάχης
612 947 742 996 ησυχία
762 946 818 983 τὸν
836 946 953 997 καιρὸν
972 947 1139 998 διετρίέἷο·

107 1019 181 1052 μεν,
202 1007 246 1047 ὡς
266 1010 335 1047 τοῖς
349 1006 504 1041 ἐπιοῦσιν
524 1007 603 1052 ὑμῖν
620 1004 679 1041 σὺν
702 1008 742 1056 τῇ
767 1005 916 1055 ὑμετέρα
944 1005 1086 1054 δυνάμει
1105 1006 1142 1042 τὸ

106 1064 182 1098 καθ’
204 1063 326 1105 αὑτοὺς
351 1063 601 1105 ἀντιτάξαντες.
658 1062 706 1101 Ὃ
729 1061 768 1108 δὴ
792 1062 850 1099 καὶ
866 1067 924 1099 νῦν
946 1064 1054 1100 ποιεῖν
1074 1079 1143 1099 πα-

107 1120 362 1171 ρεσκευάσμεθα
375 1137 382 1143 ·
400 1120 458 1157 καὶ
477 1120 516 1158 τό
548 1136 583 1157 τε
604 1120 763 1171 ὑμέτερον
789 1120 871 1171 πρὸς
888 1119 1001 1157 πάντα
1026 1121 1139 1158 κίνδυ-

106 1194 160 1215 νον
176 1180 213 1215 ἐκ
230 1178 350 1216 τούτου
366 1178 564 1230 ἀδεέστερον
583 1178 664 1225 ἕξει,
683 1178 741 1214 καὶ
756 1181 823 1215 τῶν
845 1179 1017 1229 μεγίστων
1038 1195 1142 1230 στρα·

109 1297 192 1343 ἡμῖν
214 1295 472 1344 νομισθήσεται.
498 1296 541 1333 Εἰ
563 1294 599 1331 δέ
618 1310 666 1337 τις
686 1298 727 1345 τῇ
752 1295 892 1346 εὐτυχίᾳ
913 1299 970 1332 τοῦ
991 1296 1143 1346 πολέμου
1203 1297 1359 1332 καθότι
1342 1298 1484 1334 ουνατὸν
1513 1299 1820 1348 πολεμήσομεν.»
1854 1302 1947 1353 Προς
1975 1307 2084 1340 ταῦτα
2112 1306 2129 1340 ὃ
2151 1303 2243 1343 Ῥω-

1206 1354 1315 1391 μαίων
1336 1355 1496 1406 βασιλευς
1511 1356 1620 1401 ἔλεξεν
1636 1360 1702 1395 ὧδε
1715 1374 1722 1381 ·
1740 1377 1752 1391 ιι
1770 1361 1810 1397 Εἰ
1829 1359 1890 1408 μὲν
1907 1358 2015 1413 [μη]’
2001 1377 2032 1404 ες
2047 1361 2170 1414 ἀφανες
2180 1378 2243 1400 κα-

1204 1412 1313 1456 θεντες
1328 1414 1389 1459 τὴν
1410 1431 1551 1464 γνωμ.ην
1569 1419 1676 1465 ὓμων,
1696 1417 1775 1468 περὶ
1793 1421 1839 1455 ὡν
1858 1419 2109 1470 πρεσὸεύεσθε,
2131 1421 2242 1458 ἐδιδά·
2267 1448 2271 1452 «

108 1352 330 1403 ἐπαιρόμενος
344 1351 504 1403 ὀλίγωρός
520 1354 590 1389 ἐστι
606 1352 688 1403 πρὸς
702 1352 761 1398 τὴν
776 1352 962 1401 σύμὸασιν,
974 1355 1094 1405 γνώτω
1106 1359 1142 1394 οὗ

109 1410 238 1462 βεὲαίιρ
256 1410 436 1462 πράγματι
453 1411 720 1462 θρασυνόμενος,
740 1411 798 1448 καὶ
816 1411 866 1448 ὅτι
888 1412 943 1449 ἐπὶ
964 1413 1066 1451 παντὶ
1087 1415 1143 1465 (ρέ-

108 1484 163 1519 ρον
180 1467 465 1520 (σφαλερὸνῖΝ.)
482 1471 542 1514 τ’ῆς
555 1468 718 1514 δοκούσης
734 1470 923 1520 εὐπραγίας
937 1471 1144 1516 ἡττηθέντας
1205 1488 1325 1519 σκετε,
1344 1472 1415 1511 οὔθ
1434 1477 1515 1523 ἡμῖν
1543 1478 1612 1518 τοῖς
1632 1476 1866 1525 ἐκδεξαμένοις
1885 1477 1940 1514 τὸν
1961 1478 2060 1528 λόγον
2086 1479 2244 1530 χαλεπήν

1204 1546 1292 1582 παρε
1298 1531 1381 1581 {755'
1404 1531 1443 1568 ἂν
1464 1531 1524 1578 τὴν
1547 1533 1742 1584 ἀπόκρισιν.
1766 1535 1905 1573 Ἔπει
1888 1552 1922 1573 οε
1943 1536 1986 1573 τὰ
2018 1538 2138 1592 εἷρημε
2131 1537 2182 1573 ’να
2212 1539 2244 1579 ἐς

1206 1604 1267 1636 μεν
1286 1589 1491 1640 εὐπρέπειαν
1509 1590 1707 1640 σύγκειται,
1740 1592 1827 1644 ἔργῳ
1851 1593 1917 1631 δὲ
1904 1594 2063 1637 εναντίως
2089 1594 2173 1646 ἔχει,
2193 1598 2243 1646 πῇ

1206 1662 1246 1695 μτ
1239 1662 1266 1682 ,ν
1285 1647 1419 1698 εἰρήνης
1443 1649 1741 1699 μνημονευόντων,
1758 1649 1812 1687 ὅτε
1831 1651 1858 1688 δ’
1877 1645 1971 1695 αῦθις
1991 1652 2178 1701 πόλεμον’
2163 1669 2245 1690 επα-

1205 1705 1450 1755 νατεινομένων
1479 1708 1587 1755 ὑμων,
1619 1711 1665 1745 ὡν
1696 1710 1834 1760 συγχεῖν
1864 1710 1998 1748 ἐοίκατε
2024 1711 2183 1762 εκάτερον
2205 1713 2244 1749 ἐκ

1206 1762 1346 1813 θατέρου
1363 1792 1372 1809 ,
1403 1764 1595 1815 ἀμφίὸολον
1634 1765 1693 1803 καὶ
1716 1769 1799 1816 ἡμῖν
1827 1768 2031 1805 καθίσταται
2059 1768 2142 1819 πρὸς
2163 1768 2183 1805 ὅ
2211 1785 2243 1806 τι

107 1527 165 1563 καὶ
179 1526 262 1578 πρὸς
281 1526 343 1571 τὴν
360 1530 537 1578 παροῦσαν
554 1530 615 1572 τῆς
631 1526 738 1577 τύχης
758 1526 873 1576 ἀκμὴν
891 1529 1144 1571 ἀποκλίναντας

107 1587 173 1620 τῶν
199 1584 386 1632 ἀμεινόνων
420 1585 625 1635 ἐξηρτῆσθαι
662 1585 773 1633 μόνων
803 1585 963 1633 ἐλπίδων,
991 1587 1050 1624 καὶ
1080 1587 1144 1624 ὑπὸ

107 1641 282 1685 τοιαύταις
298 1641 455 1692 ἀνομίαις
473 1642 644 1690 (ἀνοίαιςΡ
670 1646 713 1681 Β.
730 1645 740 1692 )
763 1645 823 1687 τῆς
845 1659 881 1680 τε
897 1645 981 1695 πρὸς
1003 1645 1143 1692 θάτερον

110 1699 303 1748 μεταὸολῆς
317 1701 487 1752 ὑπεριδεῖν
502 1700 559 1737 καὶ
574 1699 779 1750 συμμαχίαν
795 1699 951 1751 εὔκαιρον
965 1702 1143 1751 διδομένην

108 1757 382 1807 παραιτήσαθαι.
403 1757 587 1809 Πεφύκασί
600 1773 635 1794 τε
654 1760 688 1794 αἱ
708 1758 840 1806 μείζους
854 1759 1033 1810 στρατιαὶ,
1048 1759 1144 1810 παρὰ

68 1827 71 1831 “
110 1814 171 1865 μὲν
180 1815 240 1861 τὴν
253 1815 391 1867 πρώτην
402 1816 519 1867 θάρσει
530 1815 654 1858 οἰκείας
666 1816 838 1865 δυνάμεως
851 1817 1075 1868 ἐπαιρόμεναι
1087 1834 1144 1856 και
1205 1819 1272 1871 Αχρὴ
1287 1823 1422 1872 πρῶτον
1437 1823 1729 1874 ἀποκριναμένους
1744 1823 1791 1873 μὴ
1807 1825 2034 1878 ἁμαρτάνειν.
2055 1826 2243 1865 Λέλειπται

117 1894 2234 1911 —-—-———-——---—————-————-—————

108 1925 266 1965 duplicem
288 1927 447 1966 equitatus
461 1935 631 1957 numerum
656 1926 880 1966 producimus,
905 1927 936 1958 in
957 1928 1005 1959 his
1018 1937 1147 1968 qnoque
1208 1931 1407 1971 propriarum
1427 1932 1542 1964 virium
1561 1934 1676 1965 fiducia
1698 1936 1858 1975 praecipue
1876 1936 2012 1975 maj0res
2024 1937 2122 1977 copiae
2136 1938 2242 1977 fretae,

109 1978 196 2009 nulla
224 1979 460 2019 peregrinorum
478 1979 674 2010 admixtione
704 1979 857 2010 invictum
878 1981 1010 2019 agminis
1035 1990 1144 2011 eorum
1208 1983 1338 2013 minima
1356 1984 1552 2023 providentia
1578 1985 1608 2016 in
1626 1986 1719 2017 rebus
1735 1987 1798 2017 suis
1821 1988 1955 2027 utentes,
1984 1988 2023 2018 ad
2041 1989 2243 2028 pugnandum

110 2030 207 2060 robur
223 2030 452 2061 deminuentes.
498 2033 609 2069 Itaque
631 2039 815 2070 quanquam
840 2031 1019 2070 hujusmodi
1047 2041 1146 2071 appa·
1209 2033 1360 2064 accedant
1383 2037 1413 2066 et
1443 2035 1547 2066 hostes
1561 2038 1755 2076 contemptui
1773 2038 1926 2078 habeant,
1943 2047 1962 2069 a
1986 2039 2099 2078 quibus
2115 2039 2244 2071 minime

111 2084 181 2113 ratu
209 2083 249 2113 ad
277 2083 492 2114 dimicandum
513 2083 678 2121 instructi,
698 2084 828 2114 minime
850 2086 955 2114 tamen
969 2084 1008 2115 de
1033 2087 1147 2115 eventu
1208 2084 1267 2115 sibi
1283 2087 1431 2117 caventes
1455 2089 1656 2126 superantur.
1680 2091 1759 2124 Quae
1776 2089 1897 2120 veroin
1914 2090 2083 2129 repentinis
2101 2093 2131 2121 et
2145 2091 2243 2130 inspe-
2258 2122 2265 2131 ,

109 2136 336 2167 decertandum
354 2145 420 2167 esse
436 2136 593 2166 ducimus.
622 2137 690 2166 Non
709 2138 816 2167 autem
835 2137 908 2175 quia
923 2137 994 2167 victi
1020 2146 1146 2176 snmus,
1210 2135 1283 2166 ratis
1297 2136 1421 2168 casibus
1446 2138 1575 2169 consino
1591 2139 1661 2169 tuto
1676 2141 1706 2170 et
1718 2140 1832 2170 virium
1848 2141 2033 2179 praestantia
2049 2150 2123 2172 cnm
2141 2142 2243 2173 firmi·-

110 2187 163 2218 sed
177 2190 303 2227 propter
316 2189 490 2218 eventuum
504 2187 758 2218 incertitudinem
774 2211 783 2226 ,
800 2196 910 2227 pacem
925 2188 1006 2218 bello
1025 2197 1147 2228 praepo·
1209 2188 1319 2219 tudine
1344 2191 1492 2229 utuntur,
1510 2199 1621 2230 magna
1637 2200 1709 2222 cum
1727 2191 1913 2223 difficultate
1936 2193 1975 2224 ab
1991 2193 2135 2225 hostibus
2148 2203 2244 2234 expu-

111 2238 233 2278 nimus,
253 2239 427 2278 praesertim
447 2247 547 2277 quum
571 2247 627 2269 vos
654 2247 793 2278 quoque,
808 2238 882 2269 data
901 2240 1086 2278 occasione,
1109 2240 1148 2270 ad
1208 2240 1294 2279 gnari
1314 2243 1453 2280 possunt.
1472 2242 1570 2281 Hujus
1584 2243 1626 2273 rei
1646 2243 1772 2281 fiducia,
1786 2244 1948 2283 quamvis,
1963 2245 2029 2276 acie
2042 2245 2190 2284 bipartita
2203 2247 2243 2277 ad

111 2290 344 2330 componendas
373 2290 550 2321 simultates
581 2299 652 2320 cum
678 2292 695 2320 J
701 2290 852 2328 utliungis
881 2298 1050 2329 propensos
1083 2300 1149 2322 esse
1210 2291 1360 2330 fluvium,
1380 2294 1505 2323 fortuna
1522 2294 1733 2333 potiusquam
1753 2297 1857 2325 vestra
1873 2295 1991 2326 virtute
2008 2296 2098 2327 nohis
2120 2297 2243 2328 cladem

111 2342 320 2381 suspicemur,
334 2340 484 2380 quoniam
497 2339 601 2379 aliqua
612 2341 694 2371 inter
708 2343 1008 2380 ntramquegentem
1020 2343 1147 2381 antiqua
1209 2343 1386 2382 intuleritis,
1407 2345 1491 2375 hand
1515 2354 1568 2385 spe
1587 2345 1727 2377 destituti
1754 2355 1863 2377 sumus
1875 2371 1883 2384 ‚
1902 2347 2097 2386 diligentiore
2113 2350 2244 2388 posthac

111 2396 143 2425 et
168 2394 341 2425 inveterata
369 2393 408 2424 ad
439 2394 578 2433 quietem
603 2396 713 2423 mutuo
741 2393 907 2424 colendam
932 2393 1007 2425 tides
1031 2396 1146 2425 exstat.
1210 2397 1325 2428 nostris
1355 2398 1450 2428 rebus
1466 2400 1610 2430 cautione
1628 2398 1786 2438 adhibita,
1804 2399 1870 2431 fore
1888 2401 1924 2430 ut
1939 2409 1996 2431 nos
2011 2401 2164 2432 sustinere
2186 2402 2244 2432 mi-

111 2445 325 2482 Quamobrem
340 2446 466 2484 oportet
484 2445 714 2475 inconsiderate
735 2446 914 2483 susceptum
931 2445 991 2475 hoc
1005 2446 1148 2485 tempore
1210 2449 1294 2480 nime
1309 2450 1447 2480 valeatis.
1466 2453 1576 2490 Itaque
1589 2450 1692 2490 potius
1706 2452 1764 2490 est,
1781 2452 1818 2482 nt
1840 2460 1896 2483 vos
1921 2452 2099 2491 commoda,
2118 2461 2190 2491 quae
2203 2462 2243 2484 ex

112 2496 275 2528 dissidium
291 2496 465 2535 deponere,
484 2497 515 2526 et
534 2496 572 2526 ad
587 2496 751 2535 antiquam
771 2495 990 2534 concordiam,
1011 2506 1082 2536 quae
1102 2499 1149 2528 est
1210 2509 1286 2539 pace
1306 2502 1512 2540 proveniunt,
1531 2502 1724 2541 percipiatis,
1744 2503 1775 2533 et
1799 2502 1916 2541 junctis
1944 2503 2107 2535 nobiscum
2125 2503 2244 2535 bellicis

113 2549 254 2588 utrisque
267 2549 387 2587 utilior,
405 2548 516 2579 redire.
530 2549 568 2579 Et
582 2548 613 2578 in
637 2548 702 2587 ipso
719 2548 801 2579 bello
812 2547 940 2587 quidem
954 2557 1017 2578 non
1036 2549 1147 2579 admo-
1210 2552 1345 2590 virihus,
1363 2552 1478 2584 nostris
1499 2552 1625 2584 auxiliis
1641 2553 1837 2592 confirmati,
1859 2554 2034 2593 superiores
2049 2554 2162 2586 vestris
2182 2555 2242 2586 lio-

114 2601 190 2632 dum
204 2601 331 2632 crebras
350 2600 544 2631 incursiones
566 2601 715 2631 facientes
728 2600 850 2639 praedas
860 2603 991 2640 egimuS‚
1006 2610 1146 2632 necessa
1208 2603 1320 2642 stibus,
1336 2604 1360 2634 si
1377 2605 1432 2643 qui
1446 2613 1501 2635 vos
1515 2604 1710 2643 adoriantur,
1728 2604 1879 2636 evadatis.
1895 2605 1987 2641 Quod
2004 2605 2028 2636 si
2046 2606 2089 2636 ita
2104 2606 2168 2636 lieri
2185 2606 2242 2637 de-

114 2653 176 2683 rias
194 2661 243 2683 res
264 2660 447 2691 comparare
461 2660 525 2691 qua
537 2652 658 2682 occasio
674 2652 747 2682 tulit
763 2651 943 2690 studentes,
964 2653 1147 2692 ceteroquin
1209 2654 1282 2685 bere
1307 2654 1544 2694 judicaveritis,
1570 2655 1656 2695 quod
1684 2656 1753 2687 auri
1779 2656 1851 2687 sacti
1879 2656 1930 2687 vel
1952 2656 2058 2687 insecti
2078 2657 2127 2687 vel
2148 2658 2242 2688 etiam

114 2712 213 2743 nsque
226 2703 266 2734 ad
283 2703 364 2733 banc
379 2703 555 2742 proximam
573 2711 708 2741 pugnam
722 2702 754 2732 in
770 2702 834 2732 otio
857 2704 888 2733 et
907 2703 1012 2741 quiete
1024 2705 1149 2743 tempus
1208 2707 1325 2745 argenti
1339 2715 1357 2737 a
1373 2706 1462 2738 vobis
1477 2708 1567 2738 antea
1583 2708 1672 2738 nobis
1694 2707 1836 2745 redibat,
1850 2707 1889 2738 ad
1908 2707 2056 2738 amicitiae
2073 2709 2241 2739 contirma-

114 2756 332 2794 contrivimus,
347 2757 378 2785 et
388 2754 515 2794 qnando
527 2755 630 2785 hostes
641 2754 736 2785 vestri
750 2754 780 2784 in
793 2754 1026 2792 vomi-ruerunt,
1039 2757 1148 2786 contra
1208 2758 1327 2788 tionem
1347 2766 1404 2789 vos
1420 2759 1569 2797 praestare
1586 2767 1715 2797 aequum
1740 2760 1796 2789 est.
1813 2759 1844 2790 Si
1858 2758 1889 2789 id
1914 2758 2158 2798 denegaveritis,
2186 2768 2243 2790 vos

114 2808 196 2846 ipsos
215 2816 279 2838 una
300 2815 374 2837 cum
400 2808 506 2837 vestro
525 2806 665 2836 exercitu
691 2805 723 2836 in
740 2805 806 2836 acie
823 2806 978 2836 stetimus.
1006 2807 1097 2841 Quod
1118 2809 1148 2838 et
1209 2818 1271 2848 qua
1288 2809 1392 2840 hostes
1419 2809 1628 2847 ulciscemur,
1648 2811 1680 2840 et
1707 2810 1862 2848 quantum
1891 2809 1922 2840 in
1941 2810 2032 2841 nobis
2057 2809 2132 2848 erit,
2159 2810 2242 2840 bello

114 2859 218 2889 adbuc
231 2866 316 2889 nunc
331 2859 432 2888 facere
449 2857 547 2896 parati
562 2865 691 2895 snmus,
706 2858 739 2887 nt
755 2858 896 2887 vestrum
910 2857 1084 2895 periculum
1103 2858 1148 2888 lc·
1208 2868 1443 2899 persequemur.
1478 2872 1492 2886 «
1527 2860 1573 2891 Ad
1605 2860 1673 2891 haec
1714 2862 1929 2891 Romanorum
1967 2860 2139 2899 imperator
2174 2861 2241 2891 {1³00

115 2918 226 2940 vemus
241 2910 348 2940 nostro
359 2932 366 2946 ,
381 2910 412 2938 et
430 2908 529 2938 tutius
543 2907 629 2938 vobis
648 2908 699 2938 sit.
715 2909 794 2939 Nam
810 2907 983 2946 conjunctis
1004 2909 1149 2940 maximis
1207 2911 1287 2941 dixit
1303 2920 1310 2941 :
1332 2924 1346 2937 »
1371 2911 1530 2950 Siquidem
1559 2913 1666 2950 aperte
1687 2913 1719 2942 et
1744 2911 1881 2943 dilucide
1899 2913 2036 2943 vestram
2053 2912 2240 2942 sententiam

116 2961 231 2992 nostris
250 2960 460 2999 exercitibus,
490 2960 576 2990 nulla
598 2960 656 2990 alia
679 2968 792 2990 manus
810 2968 866 2998 par
889 2959 978 2990 nobis
991 2960 1022 2990 in
1038 2969 1146 2992 conse-
1209 2964 1417 3001 exponentes,
1433 2970 1481 3000 ea,
1497 2962 1535 2992 de
1551 2962 1667 3001 quibus
1689 2963 1780 3002 legati
1797 2964 1881 3000 estis,
1896 2971 1955 2993 nos
1968 2962 2162 2999 docuissetis,
2181 2972 2239 2993 no-

116 3012 212 3044 renda
225 3022 328 3052 pugna
348 3012 536 3043 censebItur.
560 3012 612 3042 Sin
627 3013 731 3041 autem
749 3012 819 3050 quis
831 3019 979 3050 prospero
997 3019 1102 3041 rerum
1117 3013 1148 3042 in
1209 3013 1254 3043 bis
1267 3036 1274 3050 ,
1306 3012 1360 3051 qui
1379 3015 1515 3043 vestrum
1543 3022 1717 3044 sermonem
1741 3014 1939 3053 excepimus,
1955 3013 1993 3043 ad
2014 3022 2086 3043 eum
2110 3013 2242 3044 minime

115 3066 197 3096 bello
215 3074 359 3096 successu
375 3064 475 3095 elatus
484 3064 656 3094 contemnit
670 3065 701 3094 et
714 3065 833 3094 alienus
848 3064 894 3094 est
912 3072 930 3093 a
949 3072 1025 3102 pace
1039 3073 1045 3093 1
1057 3064 1146 3103 sciat,
1207 3063 1304 3094 dubia
1319 3064 1374 3094 aut
1388 3063 1521 3094 difficilis
1538 3064 1669 3102 praehita
1685 3066 1765 3095 esset
1782 3064 1939 3103 responsio
1956 3073 1962 3093 :
1979 3063 2030 3094 sed
2043 3064 2191 3102 quoniam
2204 3073 2240 3095 eii

116 3126 148 3147 se
161 3116 244 3147 baud
258 3117 332 3147 satis
346 3116 434 3145 tirma
448 3117 479 3145 et
495 3115 597 3145 stabili
613 3124 646 3145 re
662 3114 751 3145 inniti
762 3138 770 3152 ,
789 3114 841 3145 sed
865 3115 896 3144 in
910 3123 1071 3145 summum
1088 3114 1145 3145 dis·
1207 3123 1278 3153 quae
1292 3114 1375 3145 dicta
1387 3115 1478 3152 sunt,
1499 3114 1650 3146 decorum
1665 3116 1739 3154 quid
1757 3116 1788 3146 ct
1801 3116 1965 3145 honesturn
1988 3123 2053 3154 prae
2067 3123 2099 3146 se
2115 3115 2217 3145 ferunt
2231 3139 2239 3153 ‚

117 3168 235 3199 crimen
253 3168 365 3199 adduci
380 3191 388 3205 ,
408 3167 607 3206 quicunqne,
622 3166 767 3197 secundae
784 3166 919 3197 fortunae
933 3166 1034 3205 specie
1048 3166 1148 3197 victus
1208 3174 1239 3196 re
1253 3165 1317 3204 ipsa
1335 3175 1409 3197 vero
1423 3174 1512 3197 secus
1528 3175 1561 3197 se
1580 3166 1707 3204 babent,
1723 3176 1819 3205 quum
1835 3166 1928 3196 modo
1945 3166 2030 3205 pacis
2045 3166 2239 3197 mentionem

117 3221 149 3250 et
170 3220 315 3259 praesenti
330 3218 469 3250 felicitati
494 3218 642 3256 confisus,
668 3218 733 3248 sola
754 3217 919 3248 meliorum
946 3225 1147 3248 successuum
1208 3216 1344 3254 faciatiS,
1359 3217 1452 3247 modo
1472 3226 1580 3248 rursus
1593 3217 1710 3248 bellum
1728 3217 1888 3248 minemini
1903 3218 1934 3248 et
1956 3217 2143 3254 intendatis,
2157 3226 2235 3256 quon

116 3279 171 3309 spe
193 3270 322 3308 nitatur,
345 3271 464 3309 quique
478 3269 509 3300 in
534 3268 569 3300 ea
597 3269 693 3299 animi
718 3268 927 3299 immoderata
951 3267 1086 3299 elatione
1108 3269 1146 3299 ad
1208 3276 1277 3298 rum
1293 3269 1461 3307 utrumqne
1474 3269 1504 3298 in
1514 3268 1847 3308 utroqueconfumiere
1860 3269 1891 3298 et
1903 3267 2063 3299 involvere
2076 3266 2238 3303 videmini,

119 3321 324 3351 mutationem
350 3329 455 3351 rerum
484 3329 552 3351 non,
569 3319 713 3350 advertat
729 3320 761 3350 et
787 3319 945 3358 suppetias
971 3320 1147 3356 opportune
1207 3318 1435 3350 dubitationem
1456 3319 1545 3349 nobis
1569 3319 1736 3356 attulistis,
1757 3318 1806 3348 cui
1832 3318 1970 3358 primum
1992 3318 2163 3350 debeamus
2187 3327 2237 3348 re·

118 3371 173 3401 sibi
203 3371 320 3402 oblatas
340 3374 476 3411 respuat.
505 3374 550 3403 Ex
565 3380 627 3409 qno
648 3371 711 3402 scre
737 3370 777 3401 ita
796 3371 1014 3409 comparatum
1030 3372 1092 3408 est,
1112 3372 1144 3401 ut
1175 3388 1178 3394 -
1206 3370 1369 3410 spondere,
1385 3379 1423 3401 ne
1435 3369 1465 3400 in
1481 3370 1584 3409 aliquo
1597 3369 1803 3401 ostendamus.
1820 3369 1879 3401 Sed
1893 3369 2008 3409 aliquid
2023 3371 2127 3401 tamen
2142 3370 2236 3400 ctiam
