2289 3728
981 131 1302 171 FRAGMENTA.

83 211 154 249 δὲ
137 212 305 263 ημφίεστο
327 212 537 250 Λακωνικόν.
595 211 769 249 Ἀνίστατο
786 212 818 248 δὲ
838 215 934 249 τουτο
955 228 1107 263 μηχανι-

81 272 168 314 κῶς,
189 270 320 312 οὐδενὸς
339 271 401 312 τὰς
418 271 534 322 χεῖρας
555 270 801 320 προσάγοντος,
824 285 881 305 και
902 272 1045 306 σπεῖσαν
1072 273 1109 307 ἐκ

81 330 210 377 χρυσῆς
229 328 351 378 φιάλης
379 328 491 378 γάλα,
508 327 610 364 πάλιν
630 326 789 371 ἐκάθητο.
849 329 890 363 l'
869 341 934 376 ιχε
955 326 1023 363 δὲ
1010 343 1043 363 εν
1068 330 1109 377 τῆ

81 387 241 437 ἀριστερᾷ
265 386 386 436 Θύρσον
406 385 613 434 ἐστεμμένον
634 384 781 435 μίτραις.
839 383 934 430 Αὕτη
955 385 983 421 δ’
1011 387 1109 421 ἐστε-

79 441 213 494 φάνωτο
240 443 380 494 κισσίνῳ
408 445 547 494 χρυσῷ,
569 442 628 479 καὶ
651 441 789 493 βότρυσι
816 442 975 484 διαλίθοις
999 444 1108 479 πολυ-

78 500 222 539 τελέσιν.
242 494 326 550 Εἶχε
341 500 375 537 δὲ
392 501 531 549 σκιάδα,
547 500 605 537 καὶ
619 500 674 537 ἐπὶ
688 502 755 537 τῶν
771 502 901 550 γωνιῶν
918 502 977 545 τῆς
988 515 1110 550 τετρα-

78 556 204 595 κύκλου
231 557 519 606 κατεπεπήγεσαν
539 557 716 607 λαμπάδες
737 558 916 609 διάχρυσοι
939 557 1108 609 τέτταρες.

78 614 178 659 Ἑξῆς
225 614 356 652 εἵλκετο
409 616 497 661 ἄλλη
546 614 792 666 τετράκυκλος,
837 616 944 664 μῆκος
988 618 1109 665 πηχῶν

78 672 204 719 εἴκοσι,
233 673 360 715 πλάτος
388 674 597 721 ἑκκαίδεκα,
633 673 698 710 ὑπὸ
726 675 855 724 ἀνδρῶν
884 674 1108 725 τριακοσίων·

78 731 129 779 ἐφ’
155 728 195 775 ἧς
223 730 478 768 κατεσκεύαστο
503 732 623 781 ληνὸς,
644 734 766 782 πηχῶν
792 732 898 769 εἴκοσι
916 732 1107 782 τεσσάρων,

77 787 205 830 πλάτος
234 789 501 835 πεντεκαίδεκα,
526 789 660 840 πλήρης
692 792 877 841 σταφυλῆς.
933 789 1108 828 Ἔπάτουν

77 844 112 882 δὲ
133 845 294 891 ἑξήκοντα
313 846 481 897 Σάτυροι,
496 847 578 898 πρὸς
595 846 697 884 αὐλὸν
716 847 850 898 ᾄδοντες
868 847 967 896 μέλος
994 848 1112 891 ἐπιλή·

77 917 168 938 νιον·
187 903 379 971 ἐφειστήκει
400 906 430 941 δ’
453 906 566 947 αὐτοῖς
593 904 775 950 Σειληνός·
802 904 860 941 καὶ
886 906 928 942 δι’
949 905 1028 950 ὅλης
1054 909 1112 951 τῆς

77 960 153 996 ὁδου
185 961 224 997 τὸ
253 961 328 1010 γλε
316 966 394 1003 υκος
419 960 521 1012 ἔρρει.
578 961 678 1006 Ἑξῆς
707 961 843 1013 ἐφέρετο
867 962 1110 1013 τετράκυκλος,

77 1019 184 1065 μῆκος
201 1020 323 1068 πηχῶν
351 1017 457 1055 εἴκοσι
484 1017 604 1064 πέντε,
627 1018 756 1061 πλάτος
768 1021 1110 1079 τεσσαρεσκαίδεκα·

77 1074 178 1124 ἤγετο
195 1073 260 1111 δὲ
248 1074 313 1111 υπὸ
329 1074 503 1126 ἀνδρῶνε
471 1075 677 1119 εςακοσίων·
702 1075 751 1127 ἐφ’
765 1081 805 1122 ἧς
820 1080 862 1123 ἠν
882 1078 1110 1129 ἀσκὸς,τρισ-

77 1132 208 1182 χιλίους
241 1131 328 1183 ἔχων
351 1132 541 1184 μετρητὰς,
567 1134 605 1170 ἐκ
636 1134 822 1184 παρδαλῶν
848 1134 1024 1186 δερμάτων
1054 1150 1111 1185 ερ-

79 1205 271 1239 ραμμενος·
293 1190 382 1241 ἔρρει
404 1190 438 1227 δὲ
461 1190 520 1227 καὶ
539 1194 650 1237 οὗτος,
672 1191 761 1228 κατὰ
783 1192 902 1243 μικρὸν
923 1191 1111 1240 ἀνιέμενος,

77 1247 165 1284 κατὰ
185 1253 301 1285 πᾶσαν
320 1247 380 1293 τὴν
401 1247 490 1287 ὁδόν.
547 1248 814 1286 ΗΗκολούΘουν
796 1249 824 1286 0’
849 1250 942 1286 αυτιιΝ)
964 1250 1111 1301 Σάτυροι

77 1304 134 1340 καὶ
156 1304 314 1349 Σειληνοὶ
337 1305 458 1342 ἑκατὸν
478 1304 617 1352 εἴκοσιν,
638 1306 931 1357 ἐστεφανωμένοι,
957 1322 996 1358 φε
1002 1321 1111 1358 ροντες

77 1363 106 1398 οἱ
128 1360 189 1411 μὲν
210 1363 382 1413 οἰνοχόας,
403 1365 433 1399 οἱ
450 1362 484 1399 δὲ
505 1363 649 1414 φιάλας,
671 1365 700 1400 οἱ
722 1363 756 1400 δὲ
775 1363 985 1416 Θηρικλείους
1002 1363 1106 1413 μεγά-

80 1421 160 1468 λας,
180 1420 293 1456 πάντα
313 1427 437 1472 χρυσᾶ.
460 1422 537 1470 (Cf.
562 1422 606 1460 [Γ.
629 1422 692 1471 3.)

130 1496 144 1510 «
163 1477 361 1528 Ἐχομένως
393 1477 496 1528 ἤγετο
527 1477 686 1529 κρατὴρ,
717 1480 883 1531 ἀργυροῦς
919 1478 1111 1522 ἑξακοσίους

76 1537 198 1587 χωρῶν
218 1535 407 1586 μετρητὰς,
428 1535 484 1573 ἐπὶ
504 1536 733 1587 τετρακύκλου
759 1536 940 1585 ἑλκόμενος
962 1536 1026 1573 ὑπὸ
1052 1538 1113 1572 ἇν-

78 1596 165 1645 δρῶν
192 1593 387 1638 ἑξακοσίων.
444 1588 530 1645 Εἶχε
555 1594 589 1631 δὲ
617 1595 682 1632 ὑπὸ
706 1595 749 1632 τὰ
775 1595 874 1645 χείλη
901 1593 1020 1631 καὶτὰ
1039 1588 1111 1631 ῶτα

77 1652 135 1688 καὶ
155 1651 220 1688 ὑπὸ
242 1651 303 1697 τὴν
326 1651 425 1702 βάσιν
454 1655 527 1704 ζῶα
556 1652 822 1704 τετορνευμένα,
841 1652 900 1689 καὶ
925 1652 980 1689 διὰ
1007 1652 1111 1700 μέσου

815 1710 918 1756 Ἑξῆς
931 1709 1111 1761 ἐπεφέρετο

77 1769 231 1804 κυλικεῖα
261 1771 392 1818 ἀργυρᾶ
421 1767 656 1818 δωδεκαπήχη
689 1769 767 1814 δύο,
801 1767 882 1819 ὕψος
911 1770 1033 1818 πηχῶν
1063 1766 1108 1809 ἕξ.

77 1827 197 1863 Ταῦτα
215 1825 243 1861 δ’
263 1819 353 1876 εἶχεν
371 1825 441 1862 ἄνω
457 1841 493 1862 τε
511 1826 710 1877 ἀκρωτήρια
727 1825 786 1862 καὶ
806 1827 838 1862 ἓν
856 1826 930 1868 ταῖς
948 1825 1111 1876 γάστραις

76 1709 291 1756 ἐστεφάνωτο
302 1709 458 1761 στεφάνῳ
471 1713 590 1761 χρυσῷ
605 1710 759 1762 διαλίθῳ.

80 1937 194 1976 pallam
217 1937 324 1967 autem
346 1937 580 1976 circnmjectam
606 1937 744 1968 habebat
770 1937 971 1968 Laconicam.
1004 1938 1115 1975 Surge-

79 1988 133 2019 bat
147 1988 206 2019 hoc
219 1988 424 2019 simulacrum
438 1997 477 2019 ex
491 1989 725 2020 machinatione
741 1989 900 2028 ingeniose
922 1988 1091 2019 fabrefacta
1104 2011 1112 2026 ,

79 2039 205 2070 nemine
218 2047 349 2070 manum
365 2039 572 2078 admovente;
591 2040 642 2078 et,
661 2041 828 2079 postquam
846 2048 885 2070 ex
901 2047 995 2069 aurea
1012 2039 1115 2078 phiala

82 2092 130 2122 lac
149 2091 295 2130 libasset,
315 2100 422 2122 rursus
447 2091 613 2123 residebat.
641 2094 734 2123 Laeva
752 2092 897 2131 thyrsum
917 2092 1044 2122 tenebat
1068 2092 1115 2121 sa-

82 2142 155 2172 sciis
179 2143 385 2179 coronatum;
407 2143 500 2182 capiti
514 2151 662 2173 coronam
677 2143 856 2182 impositam
872 2142 1009 2173 habebat
1025 2142 1116 2172 hede-

82 2201 207 2223 raceam
218 2201 258 2223 ex
274 2201 363 2232 auro,
375 2201 448 2223 cum
468 2193 599 2224 racemis
612 2202 651 2224 ex
666 2194 798 2232 gemmis
811 2194 903 2224 inulti
917 2193 1019 2232 pretii.
1037 2195 1115 2223 Um—

81 2243 247 2274 braculum
264 2245 402 2274 statuam
417 2244 541 2284 tegebat
558 2256 565 2274 ι
580 2245 611 2275 et
634 2244 665 2274 in
682 2245 835 2283 quattuor
848 2244 977 2283 plaustri
996 2244 1117 2282 angulis

80 2294 192 2325 delixa}
205 2296 294 2326 erant
307 2295 467 2335 lampades
481 2297 632 2335 quattuor
649 2296 750 2327 multo
768 2305 845 2327 auro
860 2296 1024 2335 fulgentes.
1041 2295 1116 2326 Inde

82 2354 191 2376 rursus
219 2345 304 2376 aliud
327 2346 505 2385 plaustrum
527 2371 536 2385 ,
563 2346 757 2386 longitudine
782 2347 891 2386 viginti
917 2346 1115 2384 cubitorum,

82 2396 248 2427 latitudine
273 2396 430 2436 sedecim,
455 2397 641 2428 trahebatur
664 2398 703 2428 ab
726 2397 907 2428 hominihus
930 2397 1078 2428 trecentis
1107 2411 1113 2428 z

80 2457 175 2487 super
186 2457 249 2487 quo
260 2449 477 2479 constructum
492 2450 560 2479 erat
577 2449 729 2480 torcular
740 2449 847 2488 viginti
862 2450 1012 2488 quattuor
1027 2448 1111 2478 cubi-

81 2500 187 2529 torum
198 2499 229 2528 in
240 2498 484 2537 longitudinem,
497 2499 751 2539 quattuordecim
766 2500 798 2530 in
814 2499 1012 2530 latitudinem
1026 2523 1034 2537 ,
1048 2500 1111 2538 ple-

85 2559 162 2580 num
186 2558 333 2581 uvarum.
379 2550 617 2590 calcabantque
642 2552 784 2582 torcular
803 2542 964 2590 sexaginta
991 2550 1115 2589 Satyri,

82 2601 241 2631 canticum
263 2600 448 2632 vindemiale
467 2601 507 2632 ad
518 2601 630 2632 tibiam
659 2604 828 2641 canentes,
843 2602 957 2641 quibus
980 2603 1114 2641 praeerat

87 2652 211 2683 Silenus
225 2676 234 2691 ,
255 2654 286 2683 et
299 2661 354 2692 per
366 2654 466 2684 totam
489 2653 573 2683 viam
597 2653 715 2684 fluebat
737 2655 889 2685 mustum.
917 2656 1013 2692 Post,
1028 2654 1114 2685 aliud

83 2703 346 2733 transvehebatur
365 2704 558 2742 plaustrum,
585 2704 779 2743 longitudine
804 2705 984 2736 cubitorum
1009 2705 1116 2744 viginti

83 2753 246 2792 quinque,
268 2753 436 2784 latitudine
456 2754 712 2793 quattuordecim
731 2768 738 2786 :
754 2755 841 2794 quod
865 2755 924 2785 viri
949 2755 1117 2786 trahebant

85 2804 239 2834 sexcenti.
256 2805 355 2844 Super
370 2804 429 2835 hoc
444 2807 511 2836 erat
523 2807 613 2843 uter,
627 2806 686 2836 tria
704 2805 801 2836 millia
817 2805 982 2837 continens
996 2807 1114 2837 metre-

86 2855 191 2884 tarum
201 2877 210 2892 ‚
225 2863 267 2885 ex
276 2854 505 2894 perflandum
518 2856 663 2895 pellibus
678 2859 838 2888 consutus
852 2868 862 2888 .·
880 2857 997 2888 fluebat
1009 2859 1115 2888 autem

89 2906 121 2935 et
147 2905 198 2935 hic
222 2913 277 2944 per
294 2906 393 2936 totam
418 2906 518 2944 viam,
545 2906 697 2945 paulatim
721 2907 834 2938 emisso
858 2907 944 2939 vino.
965 2910 1047 2938 Eum
1066 2917 1115 2939 se-

92 2955 271 2994 quebantur
292 2956 393 2995 Satyri
419 2958 451 2987 et
473 2956 567 2988 Sileni
594 2958 721 2987 centum
743 2960 774 2988 et
796 2958 927 2997 viginti,
953 2960 1111 2997 coronati,

90 3008 247 3045 gestantes
278 3008 331 3038 alii
352 3017 481 3047 urceos,
509 3008 628 3048 phialas
649 3009 718 3047 alii,
746 3010 798 3040 alii
827 3019 938 3049 magna
962 3010 1112 3042 thericlea

86 3066 160 3096 quae
176 3061 329 3089 vocantur
344 3059 475 3098 pocula,
495 3059 602 3089 omnia
614 3068 654 3089 ex
675 3068 763 3091 auro.

131 3122 145 3135 «
163 3109 238 3141 Inde
261 3112 376 3141 crater
395 3111 584 3150 sequebatur
607 3113 792 3150 argenteus,
813 3113 977 3143 sexcentos
1004 3114 1114 3144 metre-

89 3161 137 3189 tas
162 3160 306 3199 capiens‚
326 3169 418 3200 super
445 3161 584 3200 plaustro
605 3170 625 3192 a
646 3161 722 3192 viris
742 3163 898 3193 sexcentis
921 3165 1034 3194 tracto.
1055 3166 1115 3195 Ha-

92 3210 185 3240 ltebat
199 3210 250 3241 ille
266 3212 298 3241 et
310 3211 368 3241 sub
385 3211 474 3242 labiis
487 3213 520 3243 et
533 3212 592 3243 suh
606 3212 736 3243 auribus
754 3214 785 3243 et
800 3213 830 3243 in
848 3213 912 3243 basi
926 3214 1040 3253 figuras
1054 3216 1115 3245 ani-

90 3260 243 3292 mantium
262 3261 399 3301 aliasque
414 3263 539 3293 caelatas
562 3276 567 3293 :
585 3262 705 3293 medius
722 3264 828 3294 antem
843 3264 1031 3303 praecinctus
1045 3268 1111 3297 erat

2148 143 2187 174 01

1169 217 1302 268 κύκλῳ,
1328 219 1385 255 καὶ
1411 220 1464 255 ἐπὶ
1490 221 1555 256 τῶν
1578 221 1688 257 ποδων
1709 221 1779 272 ζωα
1805 220 2022 271 τριημιπήχη
2049 236 2106 257 και
2130 237 2197 266 πη

1169 277 1296 324 γυαῖα,
1326 276 1447 320 πλήθει
1471 277 1595 314 πολλά.
1658 277 1725 314 Καὶ
1754 279 1912 328 λουτῆρες
1932 279 2113 327 μεγάλοι
2096 279 2198 324 οέκα,

1169 347 1227 367 και
1244 335 1409 382 κρατῆρες
1427 334 1628 379 ἑκκαίδεκα,
1645 338 1690 371 ὡν
1709 349 1737 371 οι
1756 334 1917 384 μείζους
1903 338 2053 386 εχώρουν
2073 351 2198 386 μετρη

1170 388 1229 429 τὰς
1245 389 1426 438 τριάκοντα
1441 420 1450 437 ,
1477 406 1506 426 οι
1531 391 1558 426 δ’
1579 392 1754 441 ελάχιστοι
1777 392 1892 431 πέντε.
1954 387 2037 430 Εἶτα
2057 393 2198 438 λέῧητες

1171 444 1225 491 ἓξ,
1247 446 1393 495 βανιι)τοὶ
1412 447 1447 496 <
1443 446 1585 484 μόνωτοι
1609 451 1781 497 1)ι“·οΙΙρι.)
1809 450 1916 487 εἴκοσι
1935 451 2116 501 τέσσαρες,
2145 452 2198 488 επ’

1171 501 1373 573 ἐγγυθήκαις
1393 503 1461 551 (cf.
1486 505 1532 541 fr.
1555 511 1574 547 l,
1593 507 1602 552 )
1624 505 1746 554 πέντε,
1761 522 1819 543 και
1838 507 1932 552 ληνοι
1953 510 2098 560 ἀργυραῖ
2116 509 2195 553 δύο,

1171 559 1222 609 εφ’
1241 561 1288 594 ὡν
1304 562 1391 604 ἠσαν
1411 562 1498 608 βῖκοι
1517 559 1622 597 εἴκοσι
1643 536 1784 613 τέσσάρε
1771 580 1832 635 ς,-
1848 565 2001 615 τράπεζά
2025 581 2061 602 τε
2087 567 2194 617 ὁλάρ-

1171 630 1271 666 γυρος
1295 615 1541 666 δωδεκάπηχυς
1559 646 1570 665 ,
1597 632 1655 654 και
1676 619 1777 655 ἄλλαι
1801 621 1980 670 ἑξαπήχεις
1999 622 2197 672 τριάκοντα.

1173 673 1264 724 Πρὸς
1280 672 1314 709 δὲ
1330 673 1461 715 τούτοις
1472 673 1626 723 τριποδες
1643 675 1800 726 τέσσαρες
1812 707 1821 723 ,
1838 682 1883 714 ὧν
1902 683 1947 721 εἱς
1965 679 2025 727 μὲν
2047 685 2116 731 εἶχε
2134 681 2196 725 τὴν

1171 730 1373 782 περίμετρον
1401 733 1524 781 πηχῶν
1553 732 1757 781 ἑκκαίδεκα,
1789 735 1997 787 κατάργυρος
2024 754 2070 774 ων
2099 738 2197 783 ὅλος,

1172 790 1201 824 οἱ
1224 787 1259 825 δὲ
1276 789 1364 838 τρεῖς
1389 787 1601 830 ἐλάττονες’
1582 804 1672 831 οντες
1689 790 1830 828 διάλιθοι
1851 808 1939 829 κατα
1960 794 2062 842 μέσον
2087 798 2198 847 υπῆρ-

1172 861 1248 896 γον.
1308 844 1408 883 Μετὰ
1427 844 1564 888 τούτους
1580 845 1738 897 ἐφέροντο
1755 850 1914 900 Δελφικοι
1928 851 2080 900 τρίποδες
2096 855 2199 904 ἀργυ-

1176 904 1228 954 ροῖ
1245 903 1453 953 ὀγδοηκοντα
1472 903 1528 940 τὸν
1551 903 1706 954 ἀριθμον,
1725 905 1883 948 ἐλάττους
1905 910 1969 943 τῶν
1995 911 2198 979 προειρημέ-

1171 977 1253 1009 νων,
1273 964 1319 997 ὡν
1341 962 1376 997 αἱ
1402 961 1524 1010 γωνίαι
1546 961 1785 1011 τετράμετροι·
1809 962 1919 1014 υδρίαι
1943 965 2048 1002 είκοσι
2067 967 2124 1002 καὶ
2151 967 2201 1013 ἒξ,

1174 1019 1337 1070 ἀμφορεῖς
1364 1018 1624 1064 Παναθηναϊκοι
1653 1019 1855 1065 ἑκκαίδεκα,
1883 1022 2051 1072 ψυκτῆρες
2083 1026 2201 1061 ἑκατὸν

1173 1076 1354 1122 ἑξήκοντα·
1386 1075 1514 1113 τούτων
1541 1079 1558 1112 ὃ
1587 1075 1743 1126 μέγιστος
1770 1071 1810 1122 ῆν
1838 1082 2014 1129 μετρητῶν
2044 1080 2096 1127 ἓξ,
2125 1085 2141 1119 ὁ
2168 1097 2202 1113 r:

1173 1134 1351 1185 ἐλάχιστος
1368 1133 1438 1171 δύο.

1496 1136 1618 1172 Ταυτα
1640 1132 1700 1184 μὲν
1718 1138 1773 1171 οὖν
1792 1139 1831 1180 ἠν
1852 1135 1987 1173 ἅπαντα
2006 1139 2146 1189 ἀργυρᾶ.

1230 1209 1245 1224 «
1270 1191 1453 1241 Εχόμενοι
1488 1190 1522 1228 δὲ
1559 1190 1686 1229 τούτων
1720 1192 1911 1241 ἐπόμπευον
1944 1196 1973 1230 οἱ
2002 1210 2044 1230 τα
2071 1198 2204 1246 χρυσιῖμ

1172 1264 1266 1297 ματα
1286 1248 1460 1300 φέροντες,
1479 1251 1653 1299 κρατῆρας
1673 1249 1895 1292 Λακωνικους
1911 1266 2091 1302 τετταρας,
2109 1252 2203 1303 ἔχον-

1171 1323 1231 1349 τας
1263 1306 1447 1358 στεφάνους
1480 1307 1700 1355 ἀμπελίνους.
1765 1308 2044 1367 Τετραμετρητοι
2076 1310 2204 1360 ἕτεροι,

1173 1366 1446 1415 Κορινθιουργεῖς
1475 1363 1534 1401 δύο
1556 1359 1669 1413 (ουτοι
1698 1366 1726 1401 δ’
1756 1369 1850 1436 εἰχον
1874 1366 1999 1402 ἄνωθεν
2028 1368 2160 1416 καθημε
2165 1385 2204 1404 να

1173 1425 1345 1474 περιφανῆ
1372 1422 1615 1471 τετορνευμένα
1639 1424 1727 1474 ζῶα,
1750 1423 1807 1459 καὶ
1837 1439 1870 1459 εν
1897 1427 1945 1460 τιΝι)
1966 1424 2129 1475 τραχή)ιι)
2148 1426 2206 1462 καὶ

1172 1480 1205 1515 ἐν
1239 1481 1312 1521 ταῖς
1344 1478 1506 1530 γάστραις
1542 1479 1742 1530 πρόστυπα,
1771 1481 1941 1529 ἐπιμελῶς
1973 1483 2204 1531 πεποιημένα·

1172 1536 1294 1587 ἐχώρει
1314 1537 1342 1573 δ’
1360 1536 1502 1579 ἕκαστος
1521 1537 1690 1588 μετρητὰς
1709 1536 1849 1587 οκτώ)’
1835 1553 1877 1574 επ
1904 1539 2115 1588 ἐγγυθήκαις.
2137 1540 2205 1577 Και

1171 1594 1292 1643 ληνὸς,
1319 1610 1352 1630 εν
1379 1598 1400 1644 ᾗ
1432 1588 1519 1640 ῆσαν
1551 1598 1639 1645 βῖκοι
1660 1594 1758 1631 δεκα·
1789 1596 1905 1631 ὁλκεῖα
1938 1595 2016 1642 δύο,
2046 1596 2205 1647 ἑκάτερον

1171 1667 1304 1702 χωρουν
1322 1651 1493 1702 μετρητὰς
1509 1651 1628 1688 πέντε·
1646 1650 1799 1693 κώθωνες
1827 1651 2022 1724 διμέτρητοι
2050 1653 2108 1690 δύο
2138 1656 2204 1702 (‹·.f

1173 1712 1218 1747 fi.
1246 1710 1316 1760 5)·
1337 1711 1505 1760 ψυκτῆρες
1539 1708 1644 1746 εἴκοσι
1670 1708 1745 1754 δύο,
1767 1712 1813 1745 ων
1845 1711 1862 1745 ὅ
1897 1708 2053 1758 μέγιστος
2085 1726 2205 1760 εγωρει

1172 1765 1340 1817 μετρητὰς
1357 1766 1563 1817 τριάκοντα,
1583 1768 1600 1802 ὃ
1619 1766 1653 1802 δὲ
1671 1765 1849 1816 ἐλάχιστος
1864 1767 2050 1817 μετρητήν.
2072 1767 2203 1816 Ρζπόμ-

1172 1839 1301 1875 πευσαν
1340 1823 1374 1860 δὲ
1409 1823 1564 1874 τρίποδες
1601 1824 1722 1873 χρυσοῖ
1762 1823 1904 1873 μεγάλοι
1937 1823 2111 1874 τέτταρες·
2143 1826 2195 1862 καὶ

1173 1944 1269 1966 aureo
1286 1936 1369 1965 serto
1379 1935 1510 1974 gemmis
1525 1934 1683 1965 distincto.
1700 1934 1819 1965 Deinde
1834 1934 2012 1965 serebantur
2025 1935 2087 1965 duo
2099 1943 2201 1974 pocu-

1174 1986 1285 2017 lorum
1295 1987 1492 2025 repositoria
1506 1984 1590 2025 [sive
1600 2008 1608 2023 ,
1622 1985 1744 2024 pocula
1754 1984 1765 2025 ]
1777 1986 1923 2024 argentea
1936 1985 2115 2016 cubitorum
2127 1986 2203 2015 duo-

1174 2038 1295 2075 decim,
1319 2037 1485 2068 altitudine
1507 2046 1563 2067 sex
1584 2036 1775 2067 cubitorum.
1799 2039 1875 2067 Haec
1896 2045 2029 2076 superne
2048 2037 2203 2067 habebant

1179 2089 1292 2128 figuras
1305 2089 1495 2128 eminentes,
1514 2091 1545 2119 ct
1559 2088 1590 2118 in
1604 2090 1715 2119 ventre
1728 2088 1951 2126 circnmcirca3
1968 2090 2000 2119 et
2018 2088 2050 2118 in
2067 2088 2200 2127 pedibus

1173 2140 1266 2172 alias,
1286 2140 1542 2179 sesquicnbitales
1560 2140 1591 2170 et
1608 2138 1776 2177 cubitales,
1801 2147 1912 2178 magno
1928 2148 2072 2169 numero.
2118 2140 2199 2169 Tum

1173 2190 1248 2220 solia
1271 2191 1373 2229 ampla
1390 2190 1517 2227 decem,
1540 2190 1571 2220 et
1592 2191 1727 2220 crateres
1745 2189 1898 2227 sedecim,
1916 2198 2051 2228 quornm
2071 2189 2204 2227 maJ'ores

1177 2241 1342 2280 capiebant
1356 2242 1508 2271 metretas
1520 2240 1658 2279 triginta,
1671 2240 1792 2270 minimi
1806 2248 1879 2270 vero
1892 2241 2041 2270 metretas
2051 2240 2201 2278 quinque.

1174 2293 1292 2323 Deinde
1309 2293 1425 2323 lebetes
1448 2301 1521 2330 sex,
1539 2294 1657 2322 monoti
1671 2291 1778 2330 viginti
1805 2293 1967 2330 quattuor,
1993 2300 2086 2330 snper
2108 2299 2202 2330 repo·

1174 2344 1288 2374 sitoriis
1310 2344 1449 2382 quinque
1476 2356 1483 2373 z
1505 2344 1536 2373 et
1559 2342 1721 2373 torcularii
1740 2342 1826 2372 lacus
1845 2343 1982 2381 argentei
2003 2341 2086 2379 duo,
2110 2350 2204 2380 super

1173 2395 1288 2434 quibus
1302 2404 1390 2425 urnac
1413 2396 1502 2425 erant
1520 2394 1628 2437 viginti
1647 2395 1797 2433 quattuor
1817 2395 1869 2424 :et
1891 2402 1996 2424 mensa
2011 2394 2078 2423 tota
2099 2401 2203 2431 argen—

1175 2449 1225 2476 tea
1238 2470 1246 2484 ,
1273 2446 1436 2476 duodecim
1465 2445 1663 2481 cubitorum,
1693 2445 1828 2483 aliaeque
1850 2444 1976 2483 triginta
1988 2468 1996 2482 ,
2023 2443 2202 2473 cubitorum

1176 2506 1241 2528 sex.
1285 2496 1331 2527 Ad
1351 2497 1418 2526 hacc
1435 2496 1583 2536 tripodes
1601 2497 1751 2535 quattuor
1778 2508 1785 2525 :
1803 2504 1937 2534 quorum
1962 2503 2062 2532 unns,
2078 2494 2203 2533 perime·

1174 2549 1260 2578 trum
1282 2547 1418 2578 sedecim
1441 2547 1642 2585 cubitorum,
1656 2548 1743 2577 totus
1767 2547 1930 2585 argenteus
1943 2546 2009 2576 erat
2023 2556 2032 2583 ;
2046 2547 2110 2576 tres
2130 2545 2200 2575 reli-

1173 2599 1227 2637 qui
1240 2622 1248 2636 ,
1262 2598 1400 2629 minores
1411 2621 1419 2636 ,
1432 2597 1464 2628 in
1482 2597 1585 2628 medio
1599 2597 1730 2636 gemmis
1742 2598 1832 2627 erant
1844 2596 1993 2626 distincti.
2038 2597 2111 2626 Post
2125 2595 2200 2626 istos

1175 2649 1357 2680 serebantur
1376 2648 1517 2688 Delphici
1531 2647 1669 2687 tripodes
1685 2647 1820 2686 argentei
1834 2647 2110 2686 quadrangulatos,
2126 2655 2200 2685 prae-

1173 2701 1266 2731 dictis
1288 2701 1443 2739 minores,
1465 2709 1597 2731 numero
1619 2708 1704 2730 Lxxx
1734 2698 1883 2738 εΙηοίιίιὋ
1909 2707 1987 2729 xxvi
2010 2712 2017 2729 ;
2043 2698 2202 2736 amphorae

1176 2751 1416 2783 Panathenaicae
1430 2760 1512 2781 xvr:
1533 2723 1761 2789 resritreratoria
1775 2758 1848 2779 vasa
1861 2757 1940 2787 CLx3
1954 2757 2089 2788 quorum
2107 2748 2201 2778 maxi-

1173 2813 1262 2835 mum
1279 2805 1431 2834 metretas
1453 2803 1594 2842 capiebat
1608 2812 1685 2841 sex,
1708 2802 1875 2832 minimum
1893 2800 1969 2831 du.o
2015 2802 2089 2832 Haec
2108 2799 2200 2838 igitur

1173 2856 1278 2886 omnia
1301 2855 1464 2893 arqentea
1481 2854 1580 2884 erant.

1214 2919 1231 2935 «
1254 2905 1392 2938 Proximi
1430 2905 1629 2942 incedebant,
1659 2904 1714 2944 qui
1747 2912 1855 2935 aurea
1886 2911 1968 2934 vasa
1997 2902 2157 2941 gestabant
2191 2914 2196 2931 ι

1174 2960 1311 2990 crateres
1335 2958 1505 2990 Laconicos
1532 2958 1696 2996 quattuor,
1723 2957 1846 2986 coronis
1871 2955 2039 2995 pampineis
2064 2955 2199 2989 cinctos,

1173 3012 1325 3051 quattuor
1336 3011 1484 3041 metretas
1497 3010 1664 3049 capientes.
1677 3008 1737 3039 Alii
1749 3008 1812 3038 duo
1824 3009 1912 3039 erant
1921 3006 2022 3046 operis
2034 3004 2198 3041 Corinthii,

1173 3071 1266 3102 super
1282 3061 1475 3101 repositoriis
1491 3073 1498 3090 :
1512 3060 1729 3098 habebantque
1746 3059 1776 3089 hi
1790 3067 1922 3098 superne
1934 3057 2076 3088 sedentes
2087 3055 2200 3093 figuras

1174 3113 1309 3151 integras
1322 3112 1498 3142 luculenter
1512 3111 1655 3148 caelatas,
1674 3110 1813 3148 aliasque
1827 3108 2015 3146 anaglyphas
2032 3106 2063 3135 in
2079 3106 2158 3135 collo
2168 3107 2199 3135 et

1175 3164 1205 3194 in
1220 3166 1344 3202 ventre;
1360 3163 1586 3202 capiebantque
1601 3161 1712 3200 singuli
1732 3161 1880 3190 metretas
1895 3160 1975 3188 octo.
2019 3158 2098 3186 Tum
2114 3156 2198 3186 lacus

1174 3214 1379 3252 torcularius,
1398 3214 1427 3243 in
1444 3222 1508 3252 quo
1521 3213 1610 3243 erant
1625 3220 1712 3242 urnae
1726 3211 1833 3241 decem
1850 3222 1856 3239 :
1873 3209 1960 3239 labra
1973 3207 2035 3237 duo
2046 3229 2054 3243 ,
2075 3206 2198 3244 capiens

1175 3268 1344 3305 uirumque
1360 3266 1505 3295 metretas
1518 3264 1656 3303 quinque
1672 3276 1678 3293 :
1694 3262 1842 3292 cothones
1852 3260 1913 3290 duo
1923 3283 1931 3297 ,
1947 3259 2093 3289 metretas
2109 3256 2198 3287 binos
