2338 3765
991 152 1122 190 FRAG
1132 152 1317 193 MENTA.

101 235 261 272 πάντοθεν
299 236 355 286 (19)
369 265 377 281 ‚
415 236 553 286 βρονταί
588 251 624 273 τε
661 236 809 285 γίνονται
852 237 909 273 καὶ
946 237 1121 287 ἀστραπαὶ

99 294 264 344 συνεχεῖς·
282 297 439 336 τοσοῦτος
460 293 493 329 δὲ
512 293 704 344 κατερράγη
723 293 832 340 ὑετὸς,
849 293 937 330 ὥστε
955 294 1003 343 μὴ
1022 294 1122 342 μόνον

97 350 157 394 τὴν
177 349 287 401 πυρὰν
312 350 517 397 σὸεσΟῆναι,
546 351 635 387 ἀλλὰ
663 352 719 400 (20)
741 350 799 387 καὶ
826 350 902 392 τοὺς
928 350 1122 401 ἀνθρώπους

97 407 192 455 μόλις
213 407 377 457 ἀντέχειν.
401 407 537 459 Κροίσῳ
559 407 619 456 μὲν
650 402 705 444 οὖν
723 407 812 458 ταχὺ
834 407 1014 458 στέγασμα
1035 423 1120 457 πορ-

96 468 218 515 φυροῦν
247 465 474 515 ὑπερέτεινον·
495 468 562 507 τοῖς
584 464 618 502 δὲ
634 465 820 516 ἀνθρώποις
840 465 882 502 τὰ
900 465 960 514 μὲν
984 465 1049 502 ὑπὸ
1068 466 1121 508 ζό-

94 537 156 572 φου
177 520 235 558 καὶ
252 522 416 563 λαίλαπος
434 522 711 572 ταραττομένοις,
726 522 768 559 τὰ
784 522 818 559 δὲ
834 522 898 559 ὑπὸ
912 523 969 572 (21)
992 524 1117 574 ἀστρα-

94 581 180 627 πῶν,
204 578 293 628 [καὶ]
316 580 634 628 καταπατουμένοις
654 579 718 615 ὑπὸ
744 582 809 616 τῶν
834 578 962 625 ἵππων,
992 594 1120 630 τραχυ-

94 635 243 684 νομένων
264 635 347 685 πρὸς
362 635 417 672 τὸν
437 635 543 687 ψόφον
561 639 627 673 τῶν
645 639 805 686 βροντῶν,
827 637 972 686 δείματα
994 638 1117 686 δαιμό-

92 708 146 729 νια
164 693 339 740 ἐνέπιπτε,
358 694 415 730 καὶ
431 693 464 731 οἵ
482 709 516 731 τε
527 697 584 739 τῆς
596 694 768 740 ..Ῑιὸύλλης
783 696 934 746 χρησμοὶ
952 695 993 731 τά
1002 711 1038 732 τε
1055 696 1117 745 (22)

94 751 320 802 Ζωροάστρου
355 752 452 801 λόγια
484 752 602 802 εἰσῄει.
646 755 790 804 Κροῖσον
830 752 890 802 μὲν
918 746 974 789 οῧν
1013 752 1119 790 ἑδέων

91 808 140 845 ἔτι
164 807 337 857 μᾶλλονῆ
366 808 475 845 πάλαι
496 809 633 852 σώζειν·
663 810 757 846 αὐτοὶ
788 810 822 846 δὲ
849 809 1120 852 καταπίπτοντες

91 867 137 908 εἷς
155 869 215 915 γῆν
241 865 480 917 προσεκύνουν,
505 866 678 914 εὐμένειαν
699 867 793 918 παρὰ
821 871 879 904 τοῦ
909 870 984 904 Θεοῦ
1005 866 1118 905 αἷτού·

91 939 196 972 μενοι.
218 924 315 961 Φασὶ
337 923 371 960 δέ
403 939 490 966 τινες
522 925 661 973 Θαλῆν,
692 925 932 974 προειδόμενον
963 924 1000 961 ἔκ
1019 941 1119 962 τινων

89 982 241 1031 σημείων
270 981 397 1033 ὅμὸρον
417 981 655 1031 γενησόμενον,
683 982 741 1019 καὶ
770 983 827 1034 (23)
852 982 1032 1032 ἀναμένειν
1056 983 1118 1028 τὴν

88 1038 180 1089 ὥραν
202 1039 350 1085 ἐκείνην.
386 1039 455 1077 Τόν
475 1055 513 1090 γε
545 1039 612 1088 μὴν
633 1042 862 1091 Ζωροάστρην
885 1043 962 1090 (24),
984 1040 1118 1089 Πέρσαι

92 1097 152 1133 ἀπ’
171 1097 299 1134 ἐκείνου
316 1097 461 1143 διεῗπαν,
494 1098 580 1147 μήτε
601 1097 734 1150 νεκροὺὲς
751 1099 872 1145 καίειν,
902 1098 984 1147 μήτ’
1007 1098 1118 1169 ἄλλως

89 1154 233 1204 μιαίνειν
248 1158 331 1205 π’ῦρ,
346 1155 524 1192 καὶπαλαι
541 1159 639 1192 τουτο
655 1159 735 1192 mos
724 1154 871 1198 εστωςτέ)
885 1155 1029 1205 νόμιμον
1042 1157 1117 1194 τότε

89 1215 127 1262 βε
114 1212 373 1261 ὅαιωσάμενοι.
394 1214 536 1263 Κυρος
519 1216 548 1250 ο’
563 1215 606 1255 εἰς
627 1212 669 1249 τὰ
688 1217 764 1263 βασ
761 1214 845 1250 λεια
865 1192 1039 1264 Κροῖσον
1025 1230 1117 1265 αγι)ν

87 1269 274 1321 παρεκάλει
291 1286 327 1307 τε
344 1286 401 1307 και
418 1271 677 1322 εφιλοφρονεῒτο,
690 1271 888 1320 πειθόμενος
905 1275 990 1308 εἰναι
1006 1275 1116 1310 Οεοσε-

87 1328 269 1366 δέστατον·
291 1327 426 1365 ἐκέλευε
444 1343 496 1373 τε,
517 1327 548 1365 εἴ
569 1344 600 1364 τι
629 1328 787 1379 βούλεταί
814 1345 843 1365 οι
861 1329 1039 1378 γενεσθαι,
1068 1331 1115 1379 μὴ

85 1387 206 1432 ὀκνεῖν,
228 1387 303 1423 ἀλλ
321 1387 502 1424 αἰτεῖσθαι.
523 1385 602 1423 ‘O
585 1402 647 1422 οεε
654 1390 739 1423 ἰ·πεν
761 1405 774 1420 (ι
787 1381 876 1424 ὙΝ,Ω
860 1402 893 1423 οε
899 1403 1024 1435 σποτα,
1042 1389 1117 1425 ἐπεί

87 1443 130 1492 με’
147 1459 198 1481 σοι
219 1444 285 1482 θεοι
306 1444 439 1489 ἔδοσαν,
463 1443 503 1480 σύ
527 1459 563 1480 τε
587 1444 722 1494 χρηστὰ
743 1444 980 1495 ἐπαγγελὶεις,
1001 1447 1116 1482 αἰτου-

86 1502 148 1550 μαί
181 1518 218 1539 σε
253 1501 369 1539 δοῦναί
403 1517 459 1550 μοι
487 1500 622 1553 πέμψαι
650 1503 796 1540 Πυθοῖδε
825 1504 885 1552 (25)
920 1502 979 1546 τὰς
1010 1504 1116 1547 πέδας

85 1560 211 1609 τάσδε,
233 1560 290 1596 καὶ
322 1559 378 1597 τὸν
406 1559 479 1597 θεὸν
501 1560 652 1611 ἐρέσθαι,
681 1560 713 1597 τί
739 1560 857 1597 παθὼν
890 1560 1043 1607 ἐξηπάτα
1073 1577 1114 1611 με

83 1622 151 1659 τοῖς
171 1622 341 1667 χρησμοῖς
358 1616 487 1668 ἐπάρας
504 1617 698 1669 στρατεύειν
720 1619 776 1655 ἐπὶ
797 1618 834 1655 σὲ
850 1621 894 1660 ὡς
913 1619 1113 1670 περιεσόμε-

84 1690 160 1720 νον;
181 1675 214 1718 ἐξ
244 1674 320 1712 ὅτου
342 1676 436 1726 αὐτῷ
456 1674 536 1711 τάδε
564 1675 740 1726 ἀκροθίνια
761 1676 888 1725 πέμπω
906 1677 1036 1726 (δείξας
1058 1677 1116 1720 τὰς

84 1731 235 1780 πέδας)·
255 1732 313 1769 καὶ
340 1732 371 1769 τί
401 1732 528 1776 δήποτε
560 1734 795 1781 ἀμνημονοῦσι
825 1733 965 1783 χάριτος
993 1735 1022 1770 οἱ
1049 1737 1115 1770 τῶν

83 1788 260 1834 Ἑλλήνων
269 1789 350 1826 Θεοί.
375 1807 387 1822 a
405 1791 516 1840 Κῦρος
530 1788 564 1827 δὲ
573 1790 720 1840 γελάσας
728 1789 787 1827 καὶ
803 1791 883 1827 τάδε
899 1791 962 1842 ἔφη
979 1791 1112 1839 δώσειν,

83 1847 142 1883 καὶ
163 1847 277 1883 ἄλλων
310 1849 369 1884 οὐκ
397 1847 580 1897 ἀτυχήσειν
611 1848 712 1884 αὐτὸν
741 1848 916 1896 μειζόνων.
948 1852 1061 1898 Κῦρος
1082 1847 1115 1884 δὲ

83 1903 197 1953 ὀλίγου
225 1903 347 1955 χρόνου
368 1904 463 1955 φίλον
494 1904 679 1950 ἐπεποίητο
703 1908 865 1956 Κροῖσον,
891 1905 985 1948 ἐξιών
1009 1922 1044 1943 τε
1078 1907 1115 1942 ἐκ

84 1961 245 2011 Σάρδεων
266 1961 421 1999 ἀπέδωκε
442 1963 567 2005 παῖδας
583 1963 642 1999 καὶ
657 1969 841 2013 γυναῖκας,
863 1964 921 2000 καὶ
943 1963 1001 2000 σὺν
1023 1966 1115 2014 αὑτῷ

83 2018 229 2067 ἐπήγετο
258 2020 330 2068 (26).
363 2020 462 2058 Φασὶ
486 2019 522 2056 δέ
552 2036 637 2062 τινες
664 2021 721 2056 καὶ
742 2020 920 2072 ἐπιτρέψαι
951 2021 991 2058 ἂν
1021 2023 1114 2073 αὐτῷ

83 2075 144 2121 τὴν
166 2076 276 2124 πόλιν,
300 2079 328 2113 εἰ
348 2076 395 2125 μὴ
418 2077 502 2126 ᾤετο
522 2083 722 2128 νεωτεριεῖν.

569 2182 631 2228 69.

133 2278 221 2314 Exc.
240 2279 294 2312 De
313 2278 397 2314 virt.

432 2290 440 2311 :
464 2275 523 2313 Ἐν
545 2270 572 2327 ᾧ
594 2277 626 2313 δὲ
654 2271 745 2314 οἷτοι
766 2278 843 2329 περὶ
872 2281 980 2315 ταῦτα
1010 2272 1113 2327 ἦσαν,
1144 2295 1147 2312 ε

2131 168 2209 199 409

1185 247 1403 284 comprecatus
1428 249 1491 286 est,
1517 251 1643 288 repente
1664 250 1809 290 dispersae
1828 251 1925 283 nubes
1947 253 2092 292 conjungi
2115 256 2210 293 atque

1183 301 1369 332 obnubilare
1385 304 1498 334 coelum
1516 314 1655 345 coepcre;
1674 308 1814 338 tonitrua
1837 308 1930 339 ctiam
1947 311 2085 349 strepere
2101 311 2132 340 et
2149 311 2208 340 tul-

1183 366 1258 396 gura
1277 359 1393 389 micare
1408 361 1534 401 erebra,
1549 364 1720 402 tantusque
1731 365 1835 395 subito
1852 365 1952 396 imbor
1965 367 2083 397 ei't'usus
2096 368 2160 404 est,
2177 371 2211 400 ut

1188 424 1250 445 non
1265 416 1358 446 modo
1371 426 1478 456 pyram
1490 420 1679 459 restinxerit,
1691 431 1800 453 verum
1815 423 1909 453 etiam
1920 426 2110 463 spectatores
2123 434 2212 464 paruo

1182 471 1337 502 aillixerit.
1362 474 1511 504 Ceterum
1542 475 1597 514 ipsi
1625 478 1752 515 quidem
1772 479 1880 509 Cro-so
1905 479 1991 509 brevi
2021 489 2210 519 purpureum

1182 528 1310 566 pallium
1325 530 1459 560 arcendo
1474 531 1566 561 imbri
1580 535 1770 571 praetensum
1785 537 1830 566 est
1847 548 1853 566 ε
1873 538 1981 566 Persas
1994 545 2067 566 vcro
2077 561 2084 575 ,
2098 537 2210 576 partim

1182 584 1318 615 tenebris
1336 594 1372 615 ac
1388 586 1514 617 turbine
1526 611 1534 625 ,
1551 590 1663 626 partim
1686 591 1845 628 fulgurum
1863 592 2028 623 crebritate
2043 594 2211 624 couturba-

1182 643 1247 679 tOS,
1271 643 1474 673 conculcatos
1500 646 1650 682 praeterea
1670 646 1708 675 ab
1731 648 1837 685 equis,
1861 657 1940 687 quos
1960 650 2110 688 strepitus
2133 650 2211 680 toui-

1180 699 1288 729 truum
1306 701 1510 738 efferaverat,
1538 703 1644 741 religio
1667 712 1702 733 ac
1726 706 1829 735 metus
1848 706 1956 736 divum
1982 708 2106 739 incessit
2127 721 2134 738 :
2160 709 2224 739 Si-'2

1184 755 1276 794 byllae
1298 765 1426 796 quoque
1451 757 1600 787 vaticinia
1616 766 1652 787 ac
1669 760 1841 790 zoroastris
1865 762 1992 793 oracula
2017 762 2046 793 in
2074 765 2211 794 mentem

1180 807 1358 839 veniebant.
1378 810 1488 848 Itaque
1503 809 1727 848 clamitabant,
1752 813 1868 851 multo,
1884 823 1979 852 quam
1999 817 2108 852 antea,
2128 825 2209 846 con-

1179 860 1312 897 tentius,
1332 860 1367 890 ut
1380 861 1505 891 Croesus
1517 862 1706 891 servaretur.
1724 863 1785 901 Ipsi
1804 863 1832 893 in
1850 865 1965 895 terram
1989 867 2077 905 proni
2097 876 2205 906 pacem

1179 910 1311 940 deorimi
1325 911 1480 950 supplices
1494 911 1676 950 poscebant.
1701 914 1780 943 Sunt
1803 915 1856 952 qui
1882 915 2005 954 dicant,
2027 917 2211 957 Thaletem,

1180 971 1279 1001 quum
1295 971 1334 992 ex
1346 962 1536 1001 quibusdam
1551 963 1643 1002 signis
1658 963 1790 994 imbrem
1806 966 1873 995 tum
1889 966 2030 997 futurum
2047 968 2207 1006 praevidis-

1179 1014 1242 1051 set,
1267 1013 1425 1044 monuisse
1442 1015 1586 1044 Crmsum
1597 1038 1604 1051 ‚
1620 1014 1703 1044 bono
1718 1015 1823 1044 animo
1841 1018 1876 1046 ut
1898 1019 1995 1055 esset,
2011 1026 2142 1058 eamque
2155 1020 2212 1050 ho-

1180 1074 1246 1095 ram
1258 1066 1463 1104 exspectaret.
1478 1067 1517 1096 At
1530 1068 1633 1096 Persae
1647 1066 1761 1097 exinde
1772 1069 2046 1107 sanxeruntjuxta
2059 1074 2213 1111 pra-cepta

1180 1117 1351 1147 zoroastris
1364 1140 1372 1154 ‚
1387 1126 1426 1147 ne
1443 1117 1580 1147 cadavra
1595 1126 1736 1148 cremare
1754 1127 1857 1157 neque
1872 1119 1973 1157 ignem
1997 1122 2213 1154 contaminare

1179 1168 1309 1206 posthac
1319 1168 1438 1206 liceret,
1451 1167 1536 1207 quod
1546 1177 1644 1207 quum
1658 1168 1740 1207 apud
1752 1178 1805 1199 eos
1818 1178 1856 1199 ex
1868 1170 1965 1200 veteri
1980 1171 2121 1202 instituto
2132 1174 2207 1204 olim

1179 1218 1378 1257 obtinuisset,
1395 1220 1463 1250 tum
1481 1219 1578 1257 magis
1591 1219 1870 1250 confirmaverimt.
1889 1223 1962 1251 Post
1978 1222 2045 1252 haec
2058 1225 2158 1261 Cyrus
2174 1224 2215 1254 in·

1182 1270 1365 1301 troductum
1381 1270 1412 1300 in
1432 1270 1546 1309 regiam
1561 1272 1703 1301 Croesum
1724 1271 1879 1301 consolari
1896 1280 1932 1302 ac
1946 1272 2078 1312 benigne
2096 1275 2212 1314 alloqui

1179 1323 1291 1362 coepit,
1310 1324 1403 1353 ratus
1418 1325 1523 1352 virum
1546 1322 1605 1353 diis
1619 1323 1816 1354 carissimum
1831 1332 1914 1362 esse,
1930 1325 2136 1365 hortatusque
2148 1331 2190 1358 csl
2204 1353 2211 1366 ‚

1179 1375 1231 1412 ut,
1258 1374 1281 1404 si
1302 1373 1375 1413 quid
1402 1374 1516 1411 vellet,
1544 1382 1671 1413 poscere
1690 1383 1729 1404 ne
1756 1374 1927 1406 dubitaret.
1954 1379 2034 1407 Tum
2063 1380 2190 1409 Croesus
2203 1404 2210 1416 ‚

1179 1438 1193 1451 ιι
1207 1424 1483 1463 Quandoquidem,
1503 1424 1616 1464 iuquit,
1631 1425 1739 1455 domin
1754 1436 1770 1459 ·,
1787 1425 1830 1456 dii
1846 1435 1895 1456 me
1907 1426 2016 1457 ditioni
2031 1430 2095 1458 tuae
2112 1430 2213 1468 subje-

1177 1484 1265 1514 cere,
1283 1484 1320 1506 ac
1339 1476 1375 1505 tu
1390 1476 1582 1514 pravcipuam
1609 1476 1837 1507 humanitatem
1858 1477 1933 1507 milii
1958 1479 2113 1517 ostentas,
2138 1489 2208 1519 per-

1182 1529 1289 1565 mitte,
1304 1536 1430 1567 quaeso,
1452 1528 1544 1558 hasce
1557 1529 1591 1558 ut
1608 1528 1774 1567 compedes
1796 1529 1919 1560 mittam
1941 1530 2078 1569 Delphos
2096 1533 2213 1571 Apolli-

1177 1588 1251 1610 nem
1272 1580 1454 1618 rogaturus,
1473 1578 1549 1617 quid
1567 1587 1686 1609 caussae
1711 1579 1821 1618 suerit,
1843 1589 1899 1610 cur
1924 1589 1975 1611 me
1992 1582 2127 1613 oraculis
2149 1584 2214 1614 suis·

1178 1631 1434 1660 circumventum
1450 1630 1628 1660 hortaretur
1639 1629 1679 1659 ad
1701 1629 1818 1660 bellum
1833 1631 1889 1661 tibi
1906 1631 2121 1670 inserendiun,
2140 1634 2213 1663 tan-

1183 1690 1279 1720 quam
1294 1681 1394 1711 victor
1419 1680 1579 1711 rediturus
1596 1689 1715 1717 essem,
1740 1680 1830 1719 cujus
1849 1681 1919 1712 belli
1936 1682 1990 1713 has
2012 1683 2038 1713 ei
2062 1683 2214 1722 primitias

1177 1732 1267 1762 mitto
1281 1730 1475 1769 (compedes,
1491 1731 1802 1770 inquam):r01gatur
1806 1740 1841 1761 us
1852 1734 2016 1770 ptmaeteleth
2032 1742 2109 1764 num
2125 1736 2170 1765 Gi
2173 1745 2212 1764 a».-

1176 1792 1285 1814 corum
1296 1783 1336 1813 dii
1352 1782 1446 1813 oflicii
1461 1792 1497 1813 ac
1510 1784 1617 1821 gratia:
1630 1783 1903 1816 immemoressint.
1938 1797 1953 1810 »
1967 1785 2021 1815 His
2035 1786 2161 1823 auditis,
2180 1788 2211 1817 in

1175 1834 1272 1864 risum
1292 1834 1412 1864 solutus
1426 1835 1527 1873 Cyrus
1537 1858 1545 1872 ,
1560 1835 1590 1864 et
1606 1834 1672 1865 liaec
1686 1836 1717 1865 et
1730 1835 1791 1864 alia
1806 1842 1936 1872 quoque
1950 1836 2073 1873 potiora
2087 1845 2212 1866 conces<

1176 1894 1288 1915 surum
1303 1894 1335 1916 se
1345 1885 1514 1924 spopondit
1528 1897 1534 1915 z
1546 1893 1582 1915 ac
1594 1885 1681 1915 brevi
1696 1887 1841 1916 Cro-sum
1855 1885 1885 1915 in
1896 1886 2066 1916 amicitiam
2082 1887 2212 1926 recepit.

1176 1938 1339 1967 Postremo
1357 1936 1507 1966 Sardibus
1522 1935 1698 1974 digrediens
1712 1936 1792 1966 filios
1811 1944 1990 1975 uxoresque
2010 1938 2038 1967 ei
2055 1937 2209 1977 restituit,

1175 1996 1313 2026 eumque
1346 1995 1453 2017 secum
1485 1986 1630 2017 abduxit.
1662 1987 1809 2017 Nonnulli
1840 1987 1933 2018 etiam
1960 1987 2064 2026 aiunt,
2093 1990 2210 2028 Cyrum

1178 2039 1401 2077 pia‘t'ectuiam
1417 2037 1561 2067 Sardium
1578 2037 1769 2068 traditurum
1793 2038 1886 2069 fuisse
1901 2040 2028 2076 Croeso,
2048 2039 2105 2070 nisi
2130 2040 2206 2071 veri-

1175 2091 1226 2120 tus
1241 2090 1340 2126 esset,
1356 2097 1395 2118 ne
1411 2087 1489 2127 Lydi
1506 2097 1555 2119 res
1568 2097 1666 2119 novas
1681 2088 1888 2119 concitarent.

1661 2188 1719 2219 69.

1219 2284 1342 2314 interea
1350 2282 1517 2314 Faustulus
1526 2282 1564 2313 ad
1574 2282 1735 2313 Amulium
1749 2282 1862 2314 abduci
1868 2284 1928 2313 tur.
1939 2283 2069 2314 Veritus
2076 2283 2156 2315 enini
2166 2292 2206 2315 ne

81 2406 120 2411 —
138 2389 186 2417 19.
202 2387 433 2426 νεφούμενος
448 2387 657 2428 πάντοθεν]
672 2389 856 2429 συνέδραμεν
873 2390 1066 2429 ἐνεφούμενος
1083 2389 1119 2420 οὐ
1136 2390 1282 2420 πάντοθεν
1298 2388 1368 2419 cod.
1390 2388 1595 2428 Negationem
1611 2388 1702 2427 ejecit
1720 2390 1832 2427 Coray.
1850 2386 2028 2428 νεφοὺμενος
2045 2388 2130 2420 dedit
2145 2391 2210 2420 Va-

82 2431 186 2463 lesius.
204 2446 245 2451 —
259 2436 307 2463 20.
324 2431 441 2471 ἀλλὰ]
456 2441 566 2464 vocem
582 2435 738 2474 supplevit
752 2436 904 2467 Valesius.
927 2453 966 2457 —
987 2441 1036 2467 21.
1062 2437 1121 2466 ὑπὸ
1138 2435 1246 2476 ἀστρ.]
1263 2436 1322 2466 ὑπὸ
1336 2438 1397 2465 τῶν
1416 2436 1502 2474 ἀστρ.
1529 2435 1617 2466 editt.
1643 2436 1752 2465 contra
1778 2435 1848 2465 cod.
1877 2435 2108 2466 auctoritatem.
2136 2437 2211 2466 Mox

82 2487 111 2509 v.
127 2479 178 2508 καὶ
196 2478 353 2517 supplevit
366 2479 479 2518 Coi-ay.
496 2498 533 2504 —
551 2484 600 2511 22.
618 2480 656 2510 τά
672 2481 779 2521 τε]5ἰο
793 2481 861 2512 cod.
877 2494 885 2521 ;
903 2484 954 2513 καὶ
971 2483 1009 2513 τὰ
1025 2482 1116 2513 editt.
1137 2500 1176 2505 -
1193 2487 1243 2513 23.
1261 2482 1344 2521 καὶ]
1362 2486 1415 2513 aut
1432 2482 1618 2513 exciderunt
1635 2481 1805 2519 nonnulla,
1822 2483 1877 2512 aut
1894 2490 1950 2521 pro
1963 2483 2014 2512 καὶ
2032 2482 2090 2512 suit
2106 2482 2208 2513 κελεῦ-

81 2535 154 2563 σαι,
169 2525 317 2555 monente
335 2525 463 2555 Orellio.
478 2546 519 2552 -
535 2529 585 2557 24.
604 2527 667 2558 τόν
683 2539 723 2566 γε
739 2529 807 2568 μὴν
826 2529 938 2569 Ζωρ.]
958 2542 972 2555 «
992 2531 1084 2560 Deest
1101 2530 1152 2559 hic
1168 2529 1299 2559 verbum
1317 2528 1464 2567 aliquod,
1485 2531 1560 2568 puto
1572 2528 1743 2567 αἰδούμενοι
1762 2529 1817 2558 ant
1829 2528 1904 2567 quid
1921 2528 2040 2565 simile,
2054 2528 2111 2557 nisi
2130 2528 2211 2566 legas

80 2573 125 2610 τῷ
137 2581 172 2610 γε
189 2571 246 2610 μὴν
262 2570 445 2611 Ζωροάστρῃ
458 2572 612 2612 ἑπόμενοι.
632 2576 820 2605 »Vacemus
838 2586 852 2600 «
872 2575 987 2606 valesii
1001 2575 1214 2613 conjecturam
1229 2574 1342 2613 probat
1359 2576 1473 2614 Coray.
1490 2575 1617 2606 Grotius
1633 2576 1758 2605 vertens
1772 2575 1971 2604 Zoroaslrzis
1989 2582 2065 2604 vero
2080 2573 2210 2604 (lienem

83 2616 173 2648 illud
189 2624 233 2647 ex
251 2617 309 2647 noc
327 2618 440 2648 Pei-sce
455 2618 831 2658 celebrarccoeperunt,
848 2620 955 2659 legisse
985 2621 1111 2651 videtur
1130 2620 1164 2650 τό
1181 2631 1214 2659 γε
1238 2622 1296 2660 μὴν
1313 2621 1513 2661 Ζωροάστρου
1538 2623 1599 2658 11„
1624 2620 1784 2659 quomodo
1810 2621 1841 2650 et
1868 2620 2010 2650 Bruuius
2043 2619 2209 2658 legendum

80 2662 250 2701 judicat.»
267 2665 401 2694 ΟιιΕιιι.
429 2664 512 2695 Nihil
530 2665 711 2695 novandum
730 2668 816 2705 puto.
830 2668 948 2698 Verzte
979 2667 1073 2703 Quod
1089 2668 1307 2698 Ζοωαείνεηι
1324 2668 1459 2697 attinet.
1479 2670 1525 2698 De
1552 2667 1611 2697 hoc
1626 2674 1746 2705 genus
1738 2665 1925 2695 (Ἱοιυιιειῑὶνί5
1941 2665 2095 2695 absolutis
2108 2673 2210 2703 ,quos

81 2709 176 2747 vulgo
192 2709 320 2748 dicunt,
340 2709 412 2741 vide
432 2720 512 2750 quos
528 2711 635 2742 laudat
649 2714 787 2745 Matthiae
802 2717 855 2746 Gi
867 2723 896 2753 p.
922 2717 981 2746 789
996 2716 1026 2746 et
1040 2714 1269 2745 Sclioemannus
1281 2713 1319 2743 ad
1334 2715 1447 2743 Isaeum
1464 2722 1493 2752 p.
1514 2716 1568 2744 331
1586 2732 1626 2739 -
1639 2717 1689 2743 25.
1709 2710 1893 2751 Πυθοῖδε]
1910 2711 1953 2742 sic
1970 2710 2063 2748 cod.;
2083 2711 2209 2741 Πυθῶδε

82 2753 170 2785 editt.
186 2772 224 2776 —-
244 2759 292 2785 26.
315 2755 504 2796 ἐπήγετο]
521 2758 633 2797 Coray.
649 2758 803 2797 ,ἀπηγετο
820 2759 930 2791 codex.

122 2806 173 2833 69-
202 2802 278 2833 C'Od-
303 2804 380 2833 Tffl'-
399 2803 466 2841 foc.
490 2809 564 2842 158,
582 2808 601 2836 9
615 2813 642 2836 r.
662 2823 700 2826 —
719 2810 774 2836 159
788 2829 796 2843 ,
820 2809 851 2837 [4
867 2815 895 2837 r.
913 2821 927 2833 «
946 2809 1021 2838 Haec
1038 2808 1151 2837 cuncta
1170 2807 1231 2844 (se.
1257 2806 1295 2836 sr.
1315 2808 1354 2836 69
1371 2806 1402 2835 et
1416 2805 1476 2843 70)
1494 2804 1531 2835 ad
1552 2804 1684 2835 verbum
1700 2803 1889 2842 transcripta
1912 2804 1986 2834 sunt
2004 2812 2043 2833 ex
2060 2802 2208 2842 Dionysio

83 2847 351 2878 Halicarnassense
367 2849 412 2887 (l,
429 2854 465 2880 32
479 2858 548 2888 sqq.
566 2852 597 2880 et
610 2852 649 2888 ΙΙ,
662 2855 698 2881 32
711 2860 756 2889 sq.
768 2852 791 2889 ),
809 2860 847 2882 ex
858 2861 921 2891 quo
931 2852 1076 2891 qumdam
1088 2855 1181 2883 etiam
1193 2853 1242 2883 hic
1254 2852 1500 2883 emendavimus.
1513 2852 1629 2882 Mirum
1640 2860 1714 2881 vero
1726 2852 1783 2889 est,
1798 2851 1962 2881 Nicolaum
1974 2851 2117 2880 nostrum
2128 2850 2206 2880 adeo

81 2901 226 2930 securum
249 2893 360 2932 fuisse,
378 2896 413 2925 ut
438 2904 476 2925 ex
499 2897 628 2926 auctore
649 2898 680 2926 et
703 2897 830 2935 quidem
850 2898 965 2936 aequali
992 2898 1127 2938 integras
1151 2899 1277 2938 paginas
1295 2898 1417 2928 furatus
1432 2898 1489 2936 sit;
1516 2897 1570 2927 sed
1588 2897 1717 2927 omnino
1734 2897 1787 2935 qui
1808 2896 1968 2927 historiam
1993 2895 2207 2925 universalem

82 2938 254 2977 scribebat,
274 2939 390 2969 multos
405 2939 573 2978 scriptores
598 2941 767 2980 compilare
793 2951 919 2973 necesse
937 2944 1057 2974 habuit.
1079 2945 1154 2984 Ejus
1170 2946 1291 2984 generis
1307 2946 1398 2982 sunt,
1416 2952 1489 2983 quse
1512 2952 1605 2982 supra
1632 2953 1671 2974 ex
1690 2943 1794 2975 Ctesia
1810 2943 1967 2981 descripta
1988 2950 2054 2973 esse
2072 2942 2207 2973 ostendi-

85 2993 167 3015 mus.
194 2987 241 3015 Ex
270 2985 395 3015 Xantho
425 2986 519 3016 etiam
542 2987 629 3026 Lydo
652 2988 751 3017 multa
774 2987 909 3019 eundem
939 2990 1113 3028 accepisse,
1137 2991 1252 3021 docent
1275 2991 1424 3030 Stephani
1448 2990 1600 3029 reliquiae.
1635 2990 1792 3020 Nimirum
1825 2988 2013 3028 properabat
2041 2988 2205 3025 Nicotaus,

83 3031 117 3061 ut
134 3030 294 3060 historiam
311 3039 401 3061 suam
418 3033 534 3063 Herodi
551 3034 613 3073 regi
628 3034 729 3064 amieo
744 3034 775 3064 et
791 3034 858 3072 ejus
875 3035 1060 3074 cognitionis
1074 3037 1214 3067 studioso
1228 3037 1402 3068 detexeret.
1424 3039 1519 3068 Porro
1538 3046 1577 3068 ex
1594 3037 1653 3068 boc
1668 3038 1751 3067 furto
1766 3037 1839 3067 satis
1857 3036 2026 3075 colligitur,
2043 3037 2203 3065 Damasce-

84 3084 159 3106 num
176 3077 380 3115 posteriorem
397 3086 463 3108 esse
480 3078 630 3117 Dionysio
652 3079 932 3111 Halicarnassense.
956 3094 970 3108 υ
993 3083 1158 3113 νΑιε5ιυ5,
1177 3096 1191 3109 n
1210 3085 1353 3122 Corayus
1369 3084 1531 3114 Nicolaum
1550 3092 1567 3113 a
1585 3083 1676 3122 plagii
1691 3083 1822 3114 erimine
1839 3082 2000 3113 vindicans
2016 3081 2202 3119 suspicatur,

83 3122 202 3161 insigne
219 3123 278 3153 hoc
294 3123 431 3162 Dionysii
444 3123 671 3155 Halicarnassei
694 3125 904 3165 fragmentum
923 3136 940 3157 a
966 3127 1099 3159 librariis
1126 3129 1355 3166 nescientibus,
1373 3129 1463 3168 cujus
1479 3129 1509 3160 id
1534 3129 1671 3159 auctoris
1690 3130 1787 3165 esset,
1813 3128 1893 3158 inter
1915 3127 2034 3159 Nicolai
2057 3127 2203 3163 excerpta

83 3168 176 3199 fuisse
190 3170 363 3208 intrusum,
378 3179 478 3209 quum
494 3170 622 3201 minime
635 3172 812 3203 verosimile
825 3173 886 3212 sit,
900 3173 1062 3204 Nicolaum
1079 3175 1155 3206 alias
1170 3175 1274 3206 decori
1291 3175 1602 3206 observantissimum
1613 3199 1621 3213 ,
1639 3176 1670 3205 et
1685 3175 1821 3205 historiae
1837 3175 2021 3212 scriptorem
2036 3172 2132 3202 nihilo
2146 3171 2201 3201 de-

83 3216 229 3247 teriorem
246 3217 313 3255 ipso
332 3217 499 3257 Dionysio,
516 3219 614 3249 tantae
634 3218 727 3249 fuisse
744 3219 947 3258 impudentia}
958 3245 965 3258 ,
981 3222 1016 3252 ut
1032 3222 1192 3261 scriptoris
1205 3222 1355 3252 coaetanei
1369 3230 1447 3261 opus
1464 3222 1501 3252 ad
1517 3222 1648 3252 verbum
1663 3222 1853 3251 exscriberet
1870 3229 1924 3259 pro
1943 3228 2000 3250 suo
2018 3217 2198 3252 venditans,

85 3261 180 3300 idque
198 3262 346 3294 dedicans
360 3263 491 3301 Herodi,
509 3265 561 3303 qui
589 3264 732 3296 facillime
748 3266 900 3304 potuisset
916 3266 1059 3297 fraudem
1081 3267 1244 3307 detegere,
1268 3277 1342 3298 usus
1359 3268 1475 3307 quippe
1495 3268 1632 3298 amicitia
1655 3268 1796 3306 Agrippae
1817 3267 2013 3303 aliorumque
2035 3266 2200 3302 Augusteac

85 3308 210 3339 t'ainiliac
227 3309 421 3349 principum,
440 3311 553 3350 quibus
572 3311 699 3343 historia
718 3312 873 3352 Dionysii,
891 3315 1000 3345 Romae
1018 3313 1133 3354 quippe
1154 3314 1268 3345 versati
1286 3315 1316 3345 et
1334 3314 1490 3345 historicis
1507 3322 1597 3352 aeque
1616 3322 1652 3343 ac
1670 3313 1850 3349 rhetoricis,
1871 3319 1950 3350 quos
1966 3312 2078 3341 ‘Romae
2095 3308 2198 3339 edide-
