2289 3728
950 158 1010 195 FR
1018 158 1278 196 AGMENTA.

34 252 75 298 ὴν
90 251 202 302 γήμας
218 249 397 301 Κέρκαφος
413 249 430 284 ὁ
446 246 588 297 ἀδελφὸς
605 247 652 283 διε
657 246 691 282 δε
685 244 775 288 ’ξατο
791 243 852 289 τὴν
870 243 1057 294 βασιλείαν.

35 309 134 348 Μετὰ
152 308 185 345 δὲ
203 307 264 352 τὴν
277 306 396 344 τούτου
413 307 571 349 τελευτην
593 302 695 340 διεδέ
665 318 780 346 ςαντο
796 300 890 346 τὴν
872 300 982 351 αρχὴν
1000 303 1057 347 [οἱ]

34 366 99 404 υἱοὶ
114 372 221 417 τρεῖς,
242 365 382 409 Λίνδος,
402 363 579 410 Ἰάλυσος,
607 361 795 411 Κάμειρος.
819 359 940 396 ’Fm
923 359 956 394 οὲ
982 358 1058 395 τού-

36 440 104 460 των
137 422 319 471 γενομένης
349 420 500 470 μεγάλης
526 419 786 468 πλημμυρίδος,
818 418 1058 453 ἐπικλυσθεῖσα

33 484 55 526 ἡ
76 480 195 531 Κύρὸη
215 480 339 531 ἔρημος
353 478 504 527 ἐγένετο,
522 475 617 512 αὐτοὶ
634 474 668 512 δὲ
683 475 842 512 διείλοντο
856 473 916 519 τὴν
930 474 1059 525 χώραν,

34 539 92 576 καὶ
108 536 248 579 ἕκαστος
265 539 383 573 ἑαυτοῦ
401 534 499 571 πόλιν
517 533 697 582 ὁμώνυμον
714 531 840 570 ἔκτισε.

89 593 219 633 [Vlll.
254 592 355 632 Κατὰ
373 591 408 629 δὲ
424 591 561 634 τούτους
583 605 659 632 τους
677 590 817 640 χρόνους
833 587 999 630 Δαναὸς
981 603 1061 639 εφυ-

33 669 90 704 γεν
111 653 144 696 ἐξ
171 651 347 702 Αἰγύπτου
372 649 459 698 μετὰ
479 652 545 686 τιὶν
574 647 790 698 θυγατέρων·
816 646 1061 688 καταπλεύσας

34 710 69 747 δὲ
85 712 144 754 τ’ἧς
166 708 302 750 Ροδίας
319 709 364 749 εἰς
384 706 504 745 Λίνδον
526 705 584 743 καὶ
599 704 847 756 προσδεχθεις
835 703 900 741 υπὸ
917 719 983 740 των
1007 718 1060 752 εγ-

34 767 181 818 χωρίων,
201 766 364 817 ἱδρύσατο
379 768 440 809 τ’ἧς
456 764 622 809 Ἀθηνᾶςε
615 778 701 814 ιερον
717 762 775 800 καὶ
792 762 829 798 τὸ
845 761 986 810 ἄγαλμα
1003 764 1062 806 τ’ἧς

35 829 109 862 θεοῦ
134 823 333 875 καθιέρωσε.
352 825 431 860 Τῶν
457 821 492 858 δὲ
515 825 573 858 τοῦ
599 823 734 858 Δαναοῦ
763 820 956 870 θυγατέρων
976 819 1063 870 τρεῖς

35 881 259 927 ἐτελεύτησαν
277 879 367 918 κατὰ
383 879 444 925 τὴν
465 879 651 928 ἐπιδημίαν
672 877 733 923 τὴν
755 879 788 914 ἐν
809 881 850 928 τῇ
870 877 1002 927 Λίνδῳ,
1026 878 1061 912 αἱ

34 941 64 977 δ’
78 938 181 976 ἄλλαι
196 937 284 987 μετὰ
298 941 354 974 τοῦ
369 937 495 988 πατρὸς
509 940 642 975 Δαναοῦ
655 937 700 978 εἷς
710 933 830 986 Ἄργος
845 934 1061 978 ἐξέπλευσαν.

35 996 167 1047 Μικρὸν
185 997 213 1032 δ’
232 995 370 1046 ὕστερον
386 995 512 1032 τούτων
534 997 601 1031 τῶν
622 993 753 1044 χρόνων
771 992 913 1042 Κάδμος
933 994 950 1028 ὃ
967 991 1063 1040 Ἀγή-

35 1069 128 1104 νορος
155 1053 411 1102 ἀπεσταλμένος
439 1052 504 1090 ὑπὸ
530 1056 588 1089 τοῦ
618 1051 785 1102 βασιλέως
808 1049 899 1087 κατὰ
924 1049 1063 1095 ζήτησιν

36 1115 96 1156 τ’ἧς
117 1110 304 1162 Εὐρώπης,
322 1110 551 1147 κατέπλευσεν
573 1110 619 1152 εἷς
639 1108 700 1153 τὴν
718 1108 876 1146 Ῥοδίαν·
898 1123 1066 1159 κεχειμα-

38 1169 159 1218 σμένος
188 1168 215 1205 δ’
244 1170 392 1219 ἰσχυρῶς
414 1167 504 1205 κατὰ
528 1166 585 1204 τὸν
616 1167 720 1203 πλοῦν
753 1165 812 1203 καὶ
840 1180 1066 1214 πεποιημενος

36 1225 138 1277 εὐχὰς
148 1226 351 1276 ἱδρύσασθαι
366 1225 580 1266 Ποσειδῶνος
594 1223 700 1274 ἱερὸν,
716 1222 891 1265 διασωθεὶς
905 1222 1067 1274 ἱδρύσατο

36 1283 127 1320 κατὰ
144 1282 204 1327 τὴν
227 1286 328 1328 νῆσον
346 1286 403 1319 τοῦ
421 1285 495 1319 θεοῦ
519 1281 638 1318 τούτου
655 1280 790 1330 τέμενος
811 1279 869 1317 καὶ
889 1282 954 1316 τῶν
977 1281 1066 1317 Φοι-

38 1341 139 1378 νίκων
165 1340 313 1377 ἀπέλιπέ
337 1356 430 1382 τινας
454 1338 530 1381 τοὺς
555 1337 883 1388 ἐπιμελησομένους.
905 1333 1011 1376 Οὗτοι
1032 1353 1067 1374 οε

38 1398 283 1448 καταμιγέντες
303 1396 486 1439 Ἰαλυσίοις
514 1396 707 1434 διετέλεσαν
740 1395 1067 1445 συμπολιτευόμενοι

38 1456 182 1498 τούτοις·
201 1455 234 1498 ἐξ
252 1450 298 1493 ῶν
316 1470 400 1504 φασι
414 1470 489 1497 τους
504 1456 604 1505 ιερεῖς
621 1453 709 1491 κατὰ
730 1468 768 1502 γε
761 1453 824 1496 ’νος
850 1453 1067 1503 διαδέχεσθαι

37 1530 98 1556 τας
126 1530 152 1551 ιε
139 1513 320 1564 ρωσύνας.
378 1513 422 1551 Ο
443 1512 470 1549 δ’
498 1515 556 1549 οὐν
589 1511 731 1561 Κάδμος
753 1527 811 1549 και
837 1527 898 1557 την
927 1510 1067 1549 Λινδίαν

38 1572 180 1617 Ἀθηνᾶν
200 1571 360 1619 ἐτίμησεν
377 1569 607 1640 ἀναθήμασιν,
630 1571 662 1607 ἐν
678 1573 726 1612 οἱς
740 1573 781 1615 ἠν
800 1570 949 1620 χαλκοῦς
964 1567 1067 1613 λέ6ης

39 1629 216 1702 ἀξιόλογος
239 1628 552 1677 κατεσκευασμένος
583 1629 628 1670 εἷς
659 1628 716 1664 τὸν
748 1631 893 1678 ἀρχαῖον
923 1626 1066 1678 ῥυθμόν·

39 1691 132 1729 οὗτος
144 1687 170 1724 δ’
187 1680 304 1737 εἰχεν’
291 1685 482 1738 επιγραφὴν
499 1685 708 1726 Φοινικικοις
721 1699 824 1735 γραυ
820 1699 842 1719 υ
847 1699 936 1729 ασιν,
952 1683 973 1719 ἅ
987 1698 1070 1733 φασι

38 1759 172 1794 πρωτον
190 1746 228 1781 ἐκ
245 1744 411 1788 Φοινίκης
429 1745 473 1784 εἷς
487 1741 548 1787 τὴν
568 1742 721 1780 Ἑλλάδα
735 1744 951 1790 κομισθῆναι.
969 1740 1068 1778 Μετὰ

41 1802 77 1840 δὲ
99 1806 209 1839 ταῦτα
231 1804 290 1847 τῆς
310 1800 446 1843 Ῥοδίας
465 1803 527 1851 γῆς
548 1799 683 1845 ἀνείσης
701 1799 790 1850 ὄφεις
815 1797 1071 1849 ὑπερμεγέθεις,

39 1860 163 1906 συνέ6η
183 1858 327 1901 πολλοὺς
345 1860 410 1895 τῶν
431 1857 604 1909 ἐγχωρίων
626 1856 691 1893 ὑπὸ
710 1859 776 1892 τῶν
796 1855 903 1907 ὄφεων
927 1857 1071 1905 διαφθα-

42 1921 155 1970 ρ’ἧναι.
188 1917 316 1967 Διόπερ
345 1918 375 1953 οἱ
403 1914 671 1966 περιλειφθέντες
703 1913 860 1964 ἔπεμψαν
889 1915 935 1955 εἷς
960 1916 1072 1958 Δηλον

40 1974 116 2017 τοὺς
134 1973 411 2026 ἐπερωτήσοντας
424 1972 479 2009 τὸν
495 1971 567 2008 θεὸν
583 1971 661 2022 περὶ
678 1974 736 2017 τ’ἧς
749 1973 815 2007 τῶν
830 1973 943 2007 κακῶν
961 1971 1073 2007 ἀπαλ-

997 1143 1002 1156 t

1004 1164 1013 1177 s

1035 1336 1063 1351 tNX

1311 1451 1319 1464 l

1130 1511 1186 1525 <x
1234 1512 1255 1520 ω

1217 1536 1226 1547 ι.

1134 1569 1148 1582 ’41
1207 1571 1217 1583 a
1270 1568 1279 1581 Ι

1139 1591 1145 1603 9
1266 1600 1279 1606 υ

1223 1626 1231 1638 r

1189 1663 1194 1676 Ι
1276 1642 1293 1663 V

1152 1684 1159 1695 t
1236 1686 1245 1699 c

1137 1709 1146 1721 ι

1137 1799 1198 1814 ,Ι

1315 1821 1324 1834 ι.

991 1916 1010 1923 Ν
1227 1913 1235 1926 e

1108 1959 1110 1961 .
1191 1947 1196 1962 1

1187 1969 1194 1983 Ι

2072 158 2139 188 177

1120 244 1242 291 λαγης.
1262 244 1369 281 Τοῦ
1353 243 1380 279 ο’
1403 243 1610 285 Λπόλλωνος
1631 242 1881 294 προστάξαντος
1895 241 2011 282 αὐτοῖς
2030 253 2145 289 παρα-

1118 300 1216 336 λα6ε
1190 316 1236 336 ειν
1263 299 1483 351 (1)ρό6αντα
1478 300 1564 337 μετὰ
1586 316 1653 337 τι)ν
1674 298 2012 338 συνακολουθούντων
2036 312 2150 348 αυτι),

1118 357 1176 393 καὶ
1209 357 1296 405 μετὰ
1324 357 1450 393 τούτων
1481 373 1649 394 κατοικειν
1676 358 1737 402 τὴν
1763 357 1901 395 Ῥόδον·
1931 359 2023 396 οὗτος
2049 356 2077 391 δ’
2108 370 2149 399 ην

1119 415 1187 457 υιὸς
1206 414 1266 462 μὲν
1292 416 1464 459 Λαπίθου,
1493 417 1540 451 διε
1534 415 1637 465 τρι6ε
1665 416 1698 452 δε
1730 416 1808 466 περὶ
1835 414 2030 453 Θετταλίαν
2062 411 2150 461 μετὰ

1119 471 1282 509 πλειόνων
1304 474 1412 517 ζητων
1433 472 1548 521 χώραν
1566 474 1611 514 εἷς
1634 473 1850 518 κατοίκησιν·
1864 488 1931 509 των
1952 471 1985 508 δε
2004 470 2148 508 Ῥοδίων

1121 529 1447 581 μεταπεμψαμένων
1466 529 1566 565 αὐτον
1587 545 1675 566 κατα
1692 530 1752 575 τὴν
1775 547 1799 566 υ
1804 530 1937 567 αντείαν
1959 545 2017 566 και
2043 543 2151 576 μετα-

1122 588 1246 624 δόντων
1266 590 1326 632 τῆς
1347 585 1483 637 χώρας,
1508 589 1524 622 ὁ
1546 586 1605 635 μὲν
1627 587 1770 637 ψόρ6ας
1798 589 1908 624 ἀνεῖλε
1935 586 2010 628 τοὺς
2034 585 2148 636 ὄφεις,

1123 645 1181 682 καὶ
1200 644 1260 690 τὴν
1287 647 1387 689 νῆσον
1406 643 1635 694 ἐλευθερώσας
1661 649 1719 680 τοῦ
1746 644 1849 695 φό6ου
1866 674 1875 692 ,
1899 643 2098 695 κατῴκησεν
2118 645 2151 679 ἐν

1122 706 1164 751 τῇ
1181 702 1299 753 Ῥοδίᾳ
1312 718 1319 725 ·
1337 701 1514 752 γενόμενος
1534 700 1569 738 δὲ
1585 701 1643 738 καὶ
1667 702 1778 738 τᾶλλα
1803 701 1886 753 ἀνὴρ
1905 701 2050 751 ἀγαθὸς,
2070 700 2150 751 ἔσχε

1123 762 1227 810 τιμὰς
1246 758 1397 811 ἡρωικὰς
1414 758 1499 808 μετὰ
1521 758 1580 803 τὴν
1597 759 1770 803 τελευτήν.

1178 819 1280 856 LIX.
1311 816 1481 867 Ἵ“στερον
1506 817 1541 853 δὲ
1557 815 1684 852 τούτων
1707 815 1928 864 Ἀλθαιμένης
1953 819 1970 853 ὁ
1991 815 2153 865 Κατρέως

1127 875 1194 917 υἷος
1205 878 1263 912 τοῦ
1281 876 1427 925 Κρητῶν
1445 872 1631 923 βασιλέως
1621 872 1809 923 περίτινων
1820 873 2153 942 χρηστηριαζόμενος

1125 932 1253 969 ἔλα6ε
1245 931 1402 983 χρησμὸν
1421 928 1472 967 ὅτι
1489 930 1715 981 πεπρωμένον
1732 931 1823 967 ἐστιν
1839 932 1931 967 αὗτι)
1948 934 2006 966 τοῦ
2023 930 2151 980 πατρὸς

1126 990 1309 1041 αυτόχειρα
1335 987 1505 1038 γενέσθαι.
1540 987 1751 1037 Βουλόμενος
1779 982 1836 1024 οῦν
1858 991 1957 1024 τοῦτο
1982 987 2020 1024 τὸ
2050 987 2154 1035 μύσος

1125 1064 1209 1100 εκςρυ
1212 1053 1296 1099 γεῖν,
1325 1046 1485 1088 ἑκουσίως
1514 1045 1574 1097 ἐφυ
1578 1061 1633 1095 γεν
1662 1062 1699 1083 εκ
1726 1048 1786 1091 τ’ῆς
1816 1044 1956 1096 Κρητης
1979 1044 2066 1103 lfff&
2088 1047 2154 1080 τῶν

1127 1106 1342 1159 βουλομένων
1369 1111 1588 1155 συναπᾶραι,
1615 1104 1779 1141 πλειόνων
1806 1104 1926 1142 ὄντων.
1958 1097 2066 1144 Οῦτος
2095 1118 2135 1151 με
2139 1118 2155 1138 ν

1126 1169 1182 1203 οὐν
1199 1164 1408 1202 κατέπλευσε
1424 1166 1483 1208 τῆς
1504 1161 1639 1204 Ῥοδίοις
1660 1163 1704 1204 εἷς
1724 1162 1915 1212 Καμειρον·
1934 1160 1989 1197 ἐπι
2010 1161 2039 1196 δ’
2060 1159 2156 1210 ὄρους

1128 1222 1315 1273 Ἀταὸύρου
1338 1221 1445 1263 Διος
1439 1220 1525 1272 ιερὸν
1546 1220 1708 1271 ἱδρύσατο
1736 1223 1794 1256 τοῦ
1817 1217 2156 1269 προσαγορευομένου

1126 1279 1348 1330 Ἄτα6υρίου,
1378 1278 1461 1329 ὅπερ
1487 1276 1536 1314 ἔτι
1566 1277 1625 1314 καὶ
1653 1280 1712 1313 νῦν
1736 1291 1880 1325 τιμαται
1912 1273 2154 1326 διαφερόντως,

1127 1336 1281 1386 κείμενον
1299 1336 1354 1372 ἐπί
1373 1351 1460 1377 τινος
1476 1336 1607 1386 υὼηλης
1625 1334 1752 1385 ἄκρας,
1770 1334 1826 1382 αφ’
1850 1337 1890 1379 ἧς
1918 1332 2008 1369 ἔστιν
2029 1334 2157 1383 ἀφοραν

1127 1394 1188 1440 τὴν
1218 1393 1374 1445 Κρητην.
1397 1393 1440 1431 Ο
1460 1392 1520 1442 μὲν
1541 1396 1596 1429 ουν
1619 1390 1780 1441 Αλθαιυιέ
1766 1407 1868 1440 Ενης
1863 1406 1949 1427 μετα
1966 1406 2031 1427 των
2056 1404 2156 1426 συνα-

1128 1454 1409 1497 κολουθησαντων
1428 1450 1627 1503 κατῴκησεν
1647 1452 1679 1487 ἐν
1698 1453 1738 1500 τῇ
1761 1449 1927 1500 Καμείρῳ
1940 1480 1948 1495 ,
1967 1448 2159 1497 τιμώμενος

1129 1526 1194 1547 υπο
1210 1526 1276 1547 ’ων
1292 1508 1485 1561 ἐγχωρίων·
1502 1512 1519 1545 ὃ
1534 1508 1568 1545 δὲ
1583 1507 1697 1559 πατὴρ
1718 1509 1821 1544 αὐτοῦ
1842 1506 1996 1557 Κατρεὺς
2010 1535 2018 1552 ,
2036 1504 2159 1556 ἕρημος

1129 1586 1175 1606 ων
1199 1584 1346 1620 αρρενων
1367 1567 1499 1604 παίδων
1525 1567 1583 1604 καὶ
1602 1567 1826 1619 διαφερόντως
1843 1568 1985 1616 ἀγαπῶν
2006 1566 2061 1602 τὸν
2084 1563 2157 1602 Ἀλ·

1130 1631 1273 1672 θαιαενη
1301 1656 1310 1676 ,
1339 1624 1500 1662 ἔπλευσεν
1525 1627 1569 1666 εἷς
1591 1625 1724 1671 Ῥόδον,
1752 1622 2031 1675 φιλοτιμούμενος
2050 1622 2157 1672 εὑρεῖν

1130 1700 1186 1721 ὀν
1213 1684 1286 1721 υιὸν
1315 1683 1373 1721 καὶ
1404 1685 1597 1732 ἀπαγαγεῖν
1618 1685 1663 1726 εἷς
1683 1683 1841 1734 Κρήτην.
1861 1684 1933 1727 Τῆς
1957 1681 1991 1717 δὲ
2012 1679 2101 1717 κατὰ
2121 1680 2158 1716 τὸ

1129 1740 1355 1792 πεπρωμένον
1387 1740 1538 1790 ἀνάγκης
1576 1740 1825 1790 ἐπισχυούσης,
1856 1742 1873 1775 ὁ
1908 1738 1967 1787 μὲν
2003 1738 2156 1789 Κατρεὺς

1131 1800 1245 1844 απε6η
1264 1798 1351 1848 με’-ά
1370 1813 1468 1835 τινων
1483 1799 1538 1835 ἐπὶ
1557 1800 1617 1843 τὴν
1636 1798 1773 1836 Ῥοδίαν
1790 1797 1928 1844 νυκτὸς,
1946 1796 2004 1833 καὶ
2023 1796 2161 1845 γενομέ-

1131 1872 1190 1901 νης
1209 1857 1409 1904 συμπλοκῆς
1424 1856 1482 1892 καὶ
1504 1855 1619 1906 μάχης
1633 1855 1716 1906 πρὸς
1735 1854 1811 1897 τοὺς
1826 1852 2027 1904 ἐγχωρίους,
2046 1855 2063 1889 ὃ
2082 1852 2160 1890 Ἀλ-

1132 1916 1293 1958 θαιυιενης
1321 1912 1493 1959 ἐκ6οηθῶν
1526 1913 1683 1958 ἠκόντισε
1717 1912 1828 1962 λόγχῃ
1860 1911 1918 1948 καὶ
1947 1911 1987 1946 δι’
2019 1910 2157 1959 ἄγνοιαν

1132 1985 1259 2012 παισας
1293 1970 1470 2007 ἀπέκτεινε
1497 1971 1553 2007 τὸν
1579 1969 1726 2021 πατέρα.
1794 1967 2006 2012 Γνωσθείσης
2035 1967 2069 2003 δὲ
2101 1971 2160 2010 τῆς

41 2085 221 2124 usurpavit;
239 2093 293 2124 per
309 2087 401 2123 cujus
416 2083 543 2122 nuptias
559 2082 741 2122 Cercaphus
757 2082 839 2113 illius
855 2083 950 2112 frater
966 2081 1003 2112 ad
1020 2090 1069 2112 re-

41 2146 136 2175 gnum
150 2136 305 2176 pervenit.
320 2136 395 2166 Post
412 2135 533 2165 obitum
547 2134 642 2173 hujus
656 2136 720 2165 tres
739 2134 771 2164 in
789 2133 998 2173 principatum
1018 2132 1071 2164 tilii

41 2190 269 2226 successerunt,
279 2187 408 2225 Lindus,
418 2187 551 2226 Ialysus,
560 2187 715 2217 Camirus.
728 2187 870 2222 Quorum
879 2185 1074 2224 temporibus

43 2242 150 2280 ingens
166 2242 276 2271 exorta
299 2239 461 2270 inundatio
484 2239 608 2278 Cyrben
628 2239 751 2269 vastam
768 2239 799 2268 et
814 2237 968 2268 desertam
988 2237 1071 2268 fecit.

45 2292 105 2332 Ipsi
117 2301 193 2323 vero
207 2291 363 2330 regionem
382 2291 462 2321 inter
475 2299 507 2321 se
521 2289 625 2329 partiti
639 2291 731 2328 sunt,
746 2290 776 2319 et
791 2288 1008 2328 unusquisqne
1023 2288 1072 2319 sui

43 2343 179 2374 nominis
195 2342 304 2373 urbem
321 2341 500 2372 aediticavit.

85 2396 197 2425 LVIII.
227 2396 271 2425 Eo
292 2395 435 2432 tempore
458 2395 600 2431 Danaus,
624 2401 663 2423 ex
686 2394 741 2423 Αῑσ
724 2394 818 2431 ypto
840 2401 913 2422 cum
937 2391 1073 2422 tiliarum

44 2446 167 2484 agmine
183 2445 293 2484 prosug³
285 2452 349 2482 us,
370 2444 402 2474 in
424 2443 568 2475 Rhodum
583 2443 726 2483 trajecit,
742 2445 774 2473 et
791 2443 830 2473 ab
849 2443 1001 2481 indigenis
1017 2451 1073 2473 ex·

43 2498 153 2536 ceptus
170 2496 324 2535 templum
341 2468 492 2526 ltlinervae
512 2494 638 2532 statuit,
662 2494 755 2534 eique
770 2494 939 2525 delubrum
961 2503 1072 2533 conse-

44 2548 154 2580 cravit.
176 2549 210 2578 ln
232 2546 293 2577 hac
319 2546 416 2577 Danai
434 2545 680 2585 peregrinatione
696 2547 760 2576 tres
783 2545 809 2575 ei
831 2545 902 2575 filiae
923 2546 954 2579 in
976 2545 1074 2576 Lindo

23 2592 28 2594 ’
44 2598 110 2630 sato
125 2598 363 2635 coneesserunt;
381 2600 494 2627 ceterae
514 2605 587 2626 cum
610 2598 699 2635 patre
714 2600 810 2635 Argos
825 2596 973 2635 profectae
988 2597 1071 2626 sunt.

44 2653 115 2682 Non
133 2650 176 2680 ita
192 2650 283 2688 longe
300 2651 370 2688 post
395 2648 535 2679 Cadmus
555 2648 719 2688 Agenoris,
741 2647 781 2678 ad
805 2647 1074 2687 investigationem

45 2704 178 2741 Europae
191 2710 209 2732 a
222 2709 293 2740 rege
306 2700 491 2730 amandatus
501 2724 509 2739 ,
524 2701 556 2731 et
568 2700 633 2739 ipse
645 2699 789 2731 Rhodum
810 2699 947 2738 petebat.
991 2701 1074 2729 Dum

45 2754 152 2783 autem
166 2751 343 2783 vehementi
354 2751 493 2790 jactatur
503 2751 698 2790 tempestate,
711 2750 748 2780 ad
766 2750 919 2789 templum
930 2751 1075 2788 Neptuno

46 2803 245 2835 condendum
259 2803 335 2832 voto
353 2809 420 2832 sese
442 2801 569 2839 obligat.
593 2801 753 2840 Superatis
767 2809 839 2839 ergo
862 2801 1022 2839 periculis,
1043 2801 1073 2831 in

0 2857 15 2866 ’“
46 2856 106 2887 hac
125 2855 224 2886 insula
242 2853 350 2884 sanum
373 2852 512 2891 dedicat,
527 2854 558 2883 et
573 2853 740 2883 nonnullos
756 2861 796 2883 ex
811 2852 1010 2884 Phoenicibus
1024 2862 1074 2883 sa-

0 2901 1 2907 *
46 2916 173 2938 crorum
189 2908 351 2937 curatores
368 2905 526 2944 relinquit.
548 2905 585 2935 Hi
598 2905 629 2935 in
643 2904 783 2943 ejusdem
802 2913 875 2935 cum
892 2905 1012 2944 Ialysiis
1029 2905 1074 2935 ci-

48 2959 153 2990 vitatis
164 2958 346 2989 societatem
363 2958 525 2995 coaluere,
540 2958 635 2996 atque
651 2965 689 2988 ex
709 2957 822 2987 horum
841 2956 964 2987 familiis
975 2966 1075 2987 sacer-

48 3009 156 3040 dotum
173 3008 239 3039 fieri
253 3008 480 3039 successionem
493 3008 593 3038 aiunt.
609 3009 688 3039 Tum
699 3007 841 3039 Lindiam
853 3007 947 3038 etiam
964 3008 1077 3038 Miner-

48 3070 122 3092 vam
132 3061 267 3092 donariis
278 3061 414 3092 Cadmus
426 3060 605 3097 honoravit,
618 3060 699 3090 inter
707 3068 778 3099 quae
793 3060 850 3090 fuit
861 3068 968 3090 aeneus
978 3060 1074 3097 lebes,

48 3121 127 3152 opus
140 3112 359 3150 memorabile,
374 3112 503 3150 antiqua
516 3111 727 3142 concinnitate
743 3111 962 3142 fabretactum.
982 3111 1074 3142 Phoe-

49 3163 145 3194 nicias
159 3163 208 3193 hic
225 3163 331 3194 literas
349 3163 522 3202 insculptas
536 3163 689 3200 habebat,
704 3171 782 3202 quas
795 3171 834 3193 ex
851 3162 997 3193 thnice
1012 3163 1075 3202 pri-

50 3222 137 3243 mum
155 3213 186 3244 in
202 3215 356 3244 Graeciam
370 3214 481 3245 allatas
497 3215 675 3244 autumant.
699 3213 891 3244 Rhodiorum
906 3212 977 3242 inde
993 3214 1076 3243 terra

50 3266 208 3304 serpentes
221 3264 369 3304 produxit
382 3265 551 3303 immanes,
566 3265 620 3304 qui
632 3264 773 3304 plurimis
788 3264 961 3294 incolarum
977 3264 1076 3302 perni-

50 3316 128 3345 ciem
147 3316 329 3346 afferebant.
349 3316 537 3355 superstites
553 3325 642 3355 ergo,
661 3315 760 3345 missis
775 3315 805 3345 in
824 3315 935 3345 Delum
950 3314 1075 3353 legatis,

190 3378 373 3401 FRAGMENTA
396 3378 516 3400 lils'ron.
537 3379 586 3399 cn.
605 3387 630 3391 --
658 3378 725 3399 voi..
753 3378 795 3399 ιιι.

1131 2082 1171 2112 de
1187 2083 1446 2113 averruncatione
1462 2082 1623 2121 praesentis
1640 2082 1713 2113 mali
1730 2081 1824 2112 deum
1839 2080 2074 2111 consuluerunt.
2092 2080 2108 2109 J
2115 2088 2162 2109 us-

1133 2133 1173 2164 sit
1194 2135 1299 2164 autem
1320 2134 1429 2172 Apollo
1446 2135 1482 2164 ut
1498 2142 1570 2164 cum
1590 2133 1769 2164 Phorbante
1785 2133 1913 2171 ejixsque
1933 2131 2024 2161 sociis
2040 2139 2160 2169 posses-

1131 2184 1251 2215 sionem
1266 2185 1377 2215 insulae
1394 2186 1625 2224 participarent.
1650 2187 1724 2215 Erat
1740 2184 1765 2215 is
1779 2184 1918 2223 Lapithae
1934 2183 2031 2221 tillus,
2047 2183 2078 2212 et
2093 2182 2161 2212 tum

1133 2237 1165 2266 in
1178 2236 1337 2267 Thessalia
1355 2245 1427 2266 cum
1448 2236 1588 2276 pluribus
1604 2236 1670 2266 aliis
1681 2235 1883 2273 subsistebat,
1897 2232 2095 2264 commodam
2108 2232 2164 2265 lia-

1134 2287 1279 2318 bitationi
1297 2289 1414 2318 terram
1429 2296 1583 2326 qumrens.
1602 2286 1775 2318 Arcessitus
1790 2286 1883 2324 igitur
1898 2293 1916 2315 a
1929 2283 2071 2322 Rhodiis,
2086 2283 2118 2314 et
2133 2284 2162 2313 in

1134 2339 1389 2369 communionem
1409 2340 1502 2369 terrae
1518 2340 1680 2377 susceptus
1695 2337 1849 2374 Phorbas,
1867 2336 2062 2375 serpentibus
2077 2335 2162 2366 dele-

1134 2391 1173 2421 tis
1183 2414 1192 2428 ,
1205 2389 1339 2420 insulam
1355 2398 1394 2420 ex
1405 2391 1490 2420 metu
1506 2390 1558 2420 illo
1570 2389 1704 2426 exemit,
1716 2388 1810 2427 inque
1821 2387 1928 2419 Rhodo
1941 2386 2086 2425 deinceps
2096 2394 2164 2425 per-

1134 2440 1261 2472 mansit.
1307 2440 1446 2472 Tandem
1458 2465 1466 2480 ,
1486 2440 1572 2480 quod
1588 2440 1619 2470 in
1644 2440 1713 2470 aliis
1732 2448 1859 2478 quoque
1877 2438 1995 2468 honum
2011 2445 2043 2467 se
2058 2437 2162 2466 virum

1133 2492 1345 2531 praestitisset,
1360 2491 1475 2522 heroici
1489 2493 1559 2531 post
1575 2492 1708 2521 mortem
1723 2490 1849 2520 honoris
1864 2488 1992 2528 praemia
2004 2487 2090 2518 tulit.

1175 2545 1254 2574 LIX.
1278 2544 1353 2574 Post
1368 2543 1445 2573 illud
1462 2544 1585 2582 tempus
1604 2543 1832 2579 Althaemenes‚
1848 2540 1951 2571 Catrei
1968 2538 2163 2570 Cretensium

1136 2595 1215 2633 regis
1228 2594 1310 2625 filius
1320 2618 1328 2633 ‚
1343 2594 1508 2624 oraculum
1525 2594 1564 2624 de
1578 2593 1766 2632 quibusdam
1780 2591 1957 2627 sciscitans,
1981 2598 2163 2629 responsum

1135 2645 1255 2685 accepit
1265 2670 1273 2684 ,
1288 2646 1351 2676 sato
1365 2644 1570 2676 constitutum
1584 2653 1651 2675 esse
1663 2645 1699 2674 ut
1712 2652 1767 2674 sua
1781 2651 1876 2673 manu
1893 2645 2013 2681 patrem
2028 2640 2163 2670 occidat.

1136 2698 1202 2727 Hoc
1217 2697 1305 2727 nefas
1318 2697 1353 2727 ut
1369 2696 1538 2735 effugeret,
1553 2696 1663 2734 sponte
1677 2703 1751 2725 eum
1764 2693 1831 2724 aliis
1844 2691 2095 2732 quamplurimis,
2109 2691 2162 2728 qui

1136 2749 1219 2779 ultro
1241 2757 1273 2780 se
1288 2748 1517 2787 adjungebant,
1538 2747 1569 2777 in
1584 2747 1713 2777 exilium
1728 2745 1821 2784 abiit,
1840 2746 1871 2775 et
1887 2745 1917 2775 in
1934 2743 2034 2774 Rhodi
2054 2742 2163 2772 urbem

1135 2800 1296 2831 Camirum
1316 2800 1451 2838 traJ'ecit.
1497 2799 1565 2830 lllic
1586 2799 1617 2829 in
1637 2798 1776 2837 Atabyro
1798 2798 1904 2827 monte
1920 2795 2008 2827 Jovis
2025 2794 2162 2833 Atabyrii

1136 2853 1288 2891 templum
1303 2852 1458 2890 fundavit,
1471 2851 1556 2891 quod
1569 2860 1679 2890 magna
1692 2851 1847 2881 honorum
1861 2848 2058 2880 solemnitate
2070 2846 2163 2877 etiam

1136 2903 1227 2934 hodie
1244 2904 1471 2942 frequentatur.
1488 2905 1522 2934 In
1537 2902 1700 2933 cacumine
1715 2900 1838 2931 excelso
1853 2898 1987 2939 positum
2003 2900 2066 2935 est,
2080 2897 2165 2928 unde

1135 2955 1175 2986 ad
1187 2957 1314 2986 Cretam
1326 2964 1424 2994 usque
1435 2957 1617 2994 prospectus
1627 2953 1776 2985 excurrit.
1790 2953 2000 2984 Althaemenes
2011 2959 2082 2989 ergo
2091 2959 2162 2980 cum

1136 3006 1204 3036 aliis
1221 3015 1293 3037 eum
1313 3006 1427 3037 secutis
1445 3006 1561 3037 Camiri
1584 3005 1808 3035 habitationem
1829 3003 1977 3041 adeptus,
1995 3000 2165 3031 honoribus

1136 3057 1258 3089 eximiis
1267 3066 1284 3087 a
1295 3057 1416 3087 civibus
1426 3057 1632 3087 afficiebatur.
1647 3058 1683 3087 At
1694 3057 1781 3095 pater
1791 3054 1857 3092 ejus
1868 3054 2010 3089 Gatreus,
2019 3051 2068 3082 cui
2077 3051 2162 3081 nulla

1135 3110 1258 3141 soboles
1273 3110 1415 3140 mascula
1429 3110 1620 3148 superesset,
1639 3116 1746 3138 amore
1761 3106 1877 3137 eximio
1892 3103 2095 3136 Althaemenis
2108 3102 2164 3132 im-

1137 3161 1259 3201 pulsus,
1287 3160 1318 3190 in
1335 3160 1481 3191 Rhodum
1499 3160 1557 3190 iter
1581 3159 1732 3198 suscepit,
1751 3158 1810 3188 hoc
1827 3156 1917 3187 unice
1939 3156 2104 3193 expetens,
2128 3154 2163 3181 ut

1137 3214 1247 3243 natmn
1258 3211 1371 3241 alicubi
1385 3213 1542 3250 repertum
1553 3211 1583 3240 in
1596 3211 1719 3240 Cretam
1733 3206 1921 3248 postliminio
1935 3204 2107 3236 reduceret.
2125 3204 2161 3232 lit

1135 3263 1197 3302 jam
1213 3261 1431 3300 insuperabilis
1450 3270 1521 3292 eum
1536 3261 1588 3291 fati
1607 3260 1772 3290 necessitas
1790 3257 1928 3296 urgebat.
1948 3256 2048 3286 Noctu
2070 3252 2162 3291 igitur

1137 3322 1209 3343 cum
1226 3313 1343 3351 aliquot
1361 3320 1490 3341 suorum
1514 3311 1542 3340 in
1562 3310 1703 3340 llhodum
1722 3308 1890 3339 exst-ondit.
1936 3308 2019 3336 Inter
2038 3312 2115 3342 (pios
2132 3305 2159 3332 et

1952 3367 1978 3388 ιε
