2338 3765
189 197 260 228 342

184 278 363 327 θεαμάτων
381 278 476 329 [μὲν]
501 279 599 316 ἕνεκα
612 280 854 329 πεμπομένους
875 280 934 318 σὺν
952 282 1081 326 θυσίαις
1104 283 1137 320 δὲ
1155 283 1214 321 καὶ

184 335 340 387 εὐσεὸείᾳ
356 366 365 383 ,
385 337 514 379 πάντας
528 337 706 386 ὠνόμαζον
719 338 875 388 θεωρούς.
895 339 964 378 Καὶ
977 340 1014 377 τὸ
1034 344 1101 384 τοῖς
1116 342 1215 387 Ἀθη-

184 393 286 435 ναίοις
306 393 480 442 διδόμενον
497 394 668 445 θεωρικὸν,
690 395 767 446 οὐχὶ
787 396 842 433 διὰ
864 396 925 440 τὰς
944 398 1021 442 θέας
1038 400 1104 449 (ὡς
1123 402 1215 437 Και-

183 450 287 493 κίλιος
303 451 515 500 ὑπέλαὲεν),
537 452 626 489 ἀλλὰ
643 452 699 489 διὰ
718 453 756 490 τὸ
773 454 806 490 ἐν
827 460 900 497 ταῖς
922 458 1054 506 ἑορταῖς
1075 458 1119 499 εἰς
1139 457 1215 498 τοὺς

184 506 276 550 θεοὺς
300 508 451 546 efisae&
476 509 535 546 καὶ
561 511 686 548 ἐπιθεῖν
712 512 887 560 (ἐπιθύειν
905 515 1058 564 Valck.)
1081 514 1139 551 καὶ
1156 516 1215 551 εὐ-

184 565 400 617 φραίνεσθαι.

237 626 324 660 Post
351 638 482 661 vocem
507 624 688 674 θεαμάτων
723 629 859 664 inserui
888 631 1109 677 particulam
1138 627 1213 677 μὲν,

182 683 360 718 suadente
377 697 417 719 re
439 686 515 731 ipsa
532 691 565 720 et
586 697 666 732 quae
685 688 854 733 sequitur
869 689 1050 735 particula
1067 686 1123 734 δὲ,
1144 700 1215 734 pro

184 754 260 787 qno
280 742 499 780 Valckenar.
525 744 637 778 scribi
656 745 775 779 voluit
805 758 813 779 z
837 743 968 786 θυσίαις
996 760 1031 781 τε
1053 745 1110 781 καὶ
1142 746 1213 781 εὐσ.

183 819 235 826 ——
252 801 423 835 Ceterum
441 801 488 836 de
500 802 611 837 titulo
627 802 711 837 libri
730 803 779 838 ita
799 804 1082 839 Valckenaerius
1101 804 1216 838 disse-

185 860 254 895 rit:
271 877 286 890 u
299 860 378 907 Ego
387 867 483 895 certe
491 861 615 895 nullus
627 860 825 907 adsequor,
840 863 904 908 qui
914 863 951 896 in
960 861 1217 907 hujuscemodi

184 918 392 964 argumenti
406 917 504 952 libro
521 918 597 953 haec
610 919 763 953 materia
782 919 980 954 commode
997 920 1217 966 pertractari

183 976 361 1021 potuerit.
387 975 503 1011 Modo
523 988 542 1011 a
559 976 693 1011 Caecilii
711 977 936 1024 cogitatione
956 978 1097 1012 animus
1112 978 1157 1012 sit
1173 977 1218 1010 li-

184 1031 268 1075 ber,
299 1044 378 1067 non
402 1032 590 1067 dubitabis
609 1045 757 1068 mecum
779 1046 963 1080 reponere
996 1045 1004 1068 2
1035 1031 1114 1084 περὶ
1149 1034 1216 1069 τῶν

185 1086 283 1138 παρὰ
298 1093 366 1130 τοῖς
383 1087 546 1130 Ἀττικοῖς
565 1090 701 1139 ἑορτῶν.
722 1092 958 1126 Levissimam
977 1091 1218 1148 mutationem

184 1147 315 1183 suadet
339 1149 632 1195 Harpocration,
658 1149 777 1195 quiin
801 1161 837 1183 ν.
863 1146 988 1198 Σκίρον
1007 1155 1114 1184 testes
1134 1150 1220 1184 citat

185 1203 260 1245 τοὺς
279 1203 478 1256 γράψαντας
496 1204 574 1255 περί
594 1219 630 1241 τε
659 1205 784 1256 ἑορτῶν
803 1203 862 1241 καὶ
885 1207 1003 1254 μηνῶν
1024 1204 1218 1254 Ἀθήνησιν,

184 1254 231 1297 ὧν
250 1262 321 1298 ἐστι
340 1260 398 1298 καὶ
419 1261 726 1312 Λυσιμαχίδης....
745 1263 850 1298 Idem
875 1264 1149 1311 Lysimachides
1166 1272 1221 1299 te-

184 1321 246 1355 stis
259 1321 459 1356 adducitur
476 1322 514 1355 in
529 1322 645 1356 schol.
668 1322 785 1368 Soph.
802 1322 900 1358 OEd.
921 1322 961 1358 C.
980 1321 1047 1367 56,
1063 1334 1221 1369 quaeque

184 1378 236 1412 ibi
256 1378 303 1413 de
321 1380 543 1414 Prometheo
564 1386 600 1414 et
625 1380 792 1415 Vulcano
812 1380 964 1415 Athenis
983 1392 1058 1414 uno
1078 1380 1115 1414 in
1136 1381 1220 1414 loco

185 1436 292 1471 cultis
300 1437 369 1471 sub
382 1436 458 1482 ejus
469 1437 620 1471 nomine
633 1437 912 1483 producuntur,
923 1450 966 1472 ex
978 1437 1108 1473 eodem
1122 1438 1220 1472 libro

184 1494 359 1529 videntur
384 1494 591 1541 desumpta.
616 1493 700 1530 Haec
727 1495 879 1542 quidem
906 1496 1024 1542 specie
1053 1508 1116 1533 sua
1145 1509 1223 1530 non

184 1559 331 1596 carent3
350 1558 386 1586 at
401 1552 548 1587 Coecilie·
567 1565 705 1587 nomen
723 1552 946 1598 conjecturae
963 1565 1051 1587 meae
1066 1553 1222 1588 dubium

185 1609 374 1654 obmovet,
386 1611 443 1644 cui
456 1623 532 1645 non
548 1611 615 1645 sim
626 1611 817 1646 solvendo.
834 1612 1019 1647 Caecilium
1035 1612 1222 1659 quendam

184 1667 251 1701 sub
279 1670 445 1715 Augusto
475 1669 643 1715 inprimis
663 1669 804 1703 clarum
822 1670 862 1703 in
891 1670 1105 1704 oratoribus
1124 1672 1223 1705 anti-

185 1725 267 1771 quis
281 1760 285 1764 ,
300 1725 526 1760 illustrandis
548 1738 698 1773 operam
717 1739 820 1761 suam
843 1726 1043 1762 collocasse
1076 1728 1223 1779 liquido

185 1790 344 1828 constat,
364 1783 486 1829 deque
506 1796 550 1818 eo
571 1791 703 1819 notant
732 1793 1039 1820 commentatores
1059 1786 1106 1820 ad
1125 1788 1223 1821 Lon-

183 1841 322 1886 ginum.
341 1841 391 1875 Ea
405 1853 462 1875 res
481 1842 648 1876 Vossium
667 1849 704 1876 et
722 1844 907 1877 Joannem
926 1843 1034 1877 etiam
1054 1845 1222 1879 Jonsium

183 1898 374 1932 hominem
393 1899 682 1934 eruditissimum
701 1901 740 1934 in
761 1899 852 1938 Hist.
875 1901 941 1937 Ph.
962 1902 1114 1948 Scriptt.
1137 1903 1193 1937 ΙΙΙ
1211 1931 1222 1950 ,

189 1967 222 1998 1,
240 1954 261 1990 5
278 1957 481 2002 permovit,
499 1964 538 1991 ut
557 1969 668 2004 super
687 1965 838 2005 recepta
855 1959 893 1993 in
910 1960 1111 1994 Ammonio
1128 1961 1224 1994 scri-

183 2019 292 2058 ptura
314 2014 406 2047 nulli
423 2013 689 2050 dubitaverint.
707 2017 965 2063 Suspicionem
990 2029 1100 2064 quam
1115 2019 1224 2064 posui

184 2070 354 2105 nondum
371 2078 494 2107 tamen
517 2073 678 2120 repudio
689 2103 698 2118 ,
718 2087 786 2110 nec
800 2075 937 2109 horum
954 2088 1011 2110 me
1026 2077 1225 2112 auctoritas

187 2126 234 2162 de
250 2129 369 2174 priori
383 2131 562 2165 sententia
581 2130 750 2166 dimovit.
770 2134 825 2168 De
842 2133 1055 2168 rhetoribus
1070 2135 1223 2181 scripse-

184 2192 243 2220 rat
263 2185 451 2235 Caeciliu53
471 2188 570 2223 idem
590 2188 636 2224 de
652 2191 911 2237 Lysimachide
931 2203 1040 2226 nemo
1057 2192 1222 2227 tradidit.

185 2243 235 2279 Ac
254 2251 454 2291 propterea
473 2258 518 2281 eo
536 2246 686 2282 devenit
704 2249 872 2293 Jonsius,
888 2256 930 2283 ut
944 2250 1012 2284 hac
1030 2250 1174 2285 ratione
1188 2251 1225 2284 in

185 2303 384 2336 Ammonio
405 2304 626 2338 vertendum
651 2306 831 2340 censuerit
849 2319 856 2340 :
879 2308 923 2343 L.
948 2308 1038 2341 libro
1057 2309 1226 2342 adversus

714 191 866 229 LYSIM
875 193 969 230 ΑΕΗ
979 192 1019 230 lS
1049 194 1405 233 ALEXANDRINI
1438 197 1772 234 FRAGMENTA.

1277 287 1467 322 Coecile'um
1485 288 1530 321 (le
1545 291 1588 321 iis
1601 300 1684 334 quoe
1697 288 1800 334 apud
1813 287 1974 322 rhetores
1991 290 2232 325 Athenienses
2250 306 2302 326 oc-

1275 352 1438 387 curs-mm
1471 356 1553 390 quae
1573 357 1686 391 quam
1711 346 1782 379 sint
1806 357 1825 379 a
1845 345 1980 380 Graecis
1999 348 2117 383 aliena
2136 351 2194 384 vel
2227 357 2311 396 tyro

1278 401 1424 439 viderit.
1448 417 1462 432 ι)
1482 402 1655 436 Ceterum
1670 414 1715 437 ex
1730 401 1944 449 fragmentis
1962 404 2135 440 similium
2155 419 2312 453 operum

1275 460 1358 494 satis
1371 459 1519 494 abunde
1534 460 1651 506 liquet
1661 473 1739 495 non
1755 461 1793 494 in
1804 473 1849 495 eo
1863 462 2063 508 scriptores
2073 465 2311 510 acquievisse,

1276 524 1317 551 ut
1341 518 1452 552 vitam
1472 524 1509 552 et
1527 517 1647 553 studia
1671 519 1883 563 rhetorum,
1910 527 2129 566 poetarum,
2146 523 2313 569 philoso-

1275 574 1437 620 phorum
1458 583 1696 624 enarrarent,
1714 576 1779 612 sed
1796 577 1835 611 in
1855 578 1935 624 ipsa
1955 579 2064 613 etiam
2080 592 2195 626 opera
2208 592 2314 615 com-

1276 632 1475 666 mentarios
1503 633 1703 679 scripsisse,
1727 636 1846 680 Quam
1874 642 1996 682 aptam
2026 648 2116 671 vero
2144 637 2315 672 rhetores

1278 687 1336 736 (v.
1361 702 1395 725 c,
1413 691 1678 726 Demosthenes
1706 692 1797 727 locis
1815 693 2001 741 plurimis)
2016 694 2063 729 de
2079 696 2216 744 θεωροῖς
2242 696 2314 731 dis-

1277 747 1433 793 putandi
1452 749 1643 783 materiam
1664 750 1903 797 suppeditare
1937 753 2147 798 potuerint,
2163 754 2246 788 satis
2266 755 2314 788 li-

1279 812 1383 851 quet.

1485 897 1606 935 ΠΕΡΙ
1636 898 1844 936 ΕΦΟΡΟΥ
1874 899 2099 938 ΚΛΟΠΗΣ.

1332 994 1563 1041 Porphyrius
1583 1007 1642 1041 ap.
1671 995 1869 1031 Eusebium
1893 997 1931 1030 in
1959 997 2021 1033 Pr.
2054 999 2119 1032 liv.
2152 1011 2189 1045 p.
2223 999 2314 1046 467,

1279 1054 1311 1086 D
1330 1065 1337 1086 :
1355 1050 1560 1101 Λυσιμάχου
1576 1051 1638 1100 μέν
1654 1053 1725 1089 ἐστι
1740 1052 1798 1090 δύο
1815 1052 1971 1102 (Βιὸλία)
1991 1054 2076 1106 Περὶ
2094 1057 2153 1100 τῆς
2167 1055 2315 1107 Ἰῧφόρου

1279 1110 1424 1153 κλοπῆς.

1589 1188 1722 1238 [ΠΕΡΙ
1751 1190 2010 1241 Πο111’1ῺΝ.]

1756 1289 1850 1336 (26.)

1596 1395 1623 1428 E
1653 1395 1801 1429 LIBRO
1832 1395 1999 1432 PRIMO.

1335 1497 1507 1544 Prolegg.
1521 1496 1568 1531 ad
1584 1498 1669 1532 Hes.
1691 1498 1762 1543 Op.
1779 1510 1817 1544 p.
1836 1497 1883 1532 3ο
1901 1497 1961 1532 ed.
1979 1498 2116 1533 Gaisfd.
2135 1510 2143 1533 ε
2163 1496 2314 1534 Ἑλικών

1283 1568 1319 1589 τε
1340 1553 1398 1589 καὶ
1430 1551 1603 1603 Κιθαιρὼν
1627 1552 1696 1589 ἀπὸ
1721 1552 1909 1596 (Ελικῶνος
1939 1554 1999 1590 καὶ
2019 1556 2230 1605 Κιθαιρῶνος
2249 1557 2315 1591 τῶν

1284 1612 1439 1662 ἀδελφῶν
1459 1611 1666 1657 ἐκλήθησαν,
1699 1610 1818 1655 οἵτινες
1846 1612 1930 1662 πρὸς
1958 1613 2125 1658 ἀλλήλους
2144 1612 2317 1662 ἐπολέμη·

1284 1684 1362 1718 σαν,
1379 1668 1520 1710 καθὼςὸ
1540 1671 1782 1720 Κυρηναῖος
1799 1669 2053 1721 Λυσίμαχος
2071 1672 2104 1707 ἐν
2122 1673 2171 1723 τῷ
2191 1670 2317 1723 πρώτῳ

1286 1726 1373 1777 Περὶ
1392 1729 1542 1772 ποιητῶν
1562 1728 1704 1778 ἱστορεῖ.
1726 1729 1865 1765 Eadem
1883 1743 1927 1765 ex
1946 1731 2166 1777 Lysimacho
2188 1738 2315 1766 narrat

1284 1787 1321 1820 in
1339 1787 1433 1822 Chil.
1462 1787 1530 1831 VI,
1550 1799 1586 1822 v,
1612 1798 1685 1833 917
1714 1798 1795 1834 sqq.
1811 1815 1820 1831 ,
1843 1787 1910 1822 ubi
1927 1788 2031 1823 addit
2061 1787 2119 1823 καὶ
2146 1788 2316 1831 ἀλλήλους

1285 1842 1450 1889 ἔκτειναν,
1467 1844 1512 1883 ὡς
1531 1844 1563 1879 οἱ
1584 1841 1732 1880 Οἰδίπου
1751 1843 1883 1886 παῖδες.

1336 1903 1540 1938 Vehemens
1548 1909 1600 1937 est
1609 1903 1769 1949 suspicio
1779 1902 1958 1939 confundi
1966 1903 2225 1950 Lysimachum
2233 1916 2317 1938 cum

1285 1962 1448 2006 Lysania
1470 1959 1657 2006 Cyrenaeo,
1680 1961 1931 1996 Eratosthenis
1950 1962 2124 2008 magistro
2156 1961 2213 2009 (v.
2240 1963 2318 1997 Sui-

1285 2019 1349 2054 das
1375 2031 1412 2054 v·
1448 2016 1746 2068 Ἐρατοσθένης),
1770 2031 1883 2066 quem
1903 2021 1958 2054 De
1983 2020 2104 2066 poetis
2131 2020 2318 2066 scripsisse

1285 2084 1428 2112 constat
1453 2089 1499 2112 ex
1519 2077 1694 2112 Athenaeo
1719 2090 1758 2125 p.
1781 2077 1851 2120 304
1867 2105 1876 2122 ‚
1893 2079 1940 2121 B;
1964 2077 2058 2122 504,
2077 2079 2127 2122 B;
2151 2079 2245 2122 620,
2262 2081 2315 2123 D;

1283 2136 1400 2170 schol.
1416 2137 1540 2172 Venet.
1553 2142 1590 2170 et
1599 2136 1764 2172 Vatican.
1776 2136 1823 2170 ad
1835 2137 1966 2183 Eurip.
1979 2136 2162 2170 Androm.
2183 2149 2196 2170 1
2206 2149 2243 2172 0.
2261 2135 2315 2174 Cf.

1285 2193 1332 2228 de
1345 2194 1502 2240 Lysania
1515 2194 1755 2241 grammatico
1770 2194 1933 2229 Eustath.
1954 2207 1992 2240 p.
2011 2206 2079 2238 107
2090 2207 2121 2237 1,
2132 2194 2158 2229 C
2170 2207 2178 2237 3
2192 2194 2312 2239 Etym.

1285 2252 1335 2287 M.
1365 2264 1399 2287 v,
1421 2249 1738 2301 Ἳ”περικταίνοντο.
1760 2252 1864 2286 Alius
1893 2251 2045 2287 fortasse
2071 2258 2123 2293 est
2146 2252 2318 2298 Lysanias

1286 2309 1303 2343 ὃ
1323 2306 1536 2357 Αἰσχρίωνος
1553 2321 1611 2356 ap.
1632 2310 1743 2356 Diog.
1765 2311 1811 2344 L.
1828 2310 1915 2353 VII,
1936 2310 1998 2345 23.

185 2410 285 2449 ὠρεῖν,
304 2419 412 2441 eornm
432 2420 503 2451 qnae
524 2412 563 2442 ad
583 2413 658 2444 deos
678 2415 837 2453 pertinent
856 2424 965 2446 curam
985 2424 1090 2455 agere.
1116 2419 1222 2453 Quare
1251 2422 1256 2459 l
1283 2419 1335 2448 tur
1360 2418 1517 2457 θεωρικὸν,
1531 2427 1607 2456 non,
1623 2419 1659 2448 ut
1673 2418 1819 2449 caecilius
1835 2417 1971 2457 putavit,
1987 2419 2114 2457 propter
2137 2417 2316 2457 spectacula

186 2460 281 2490 etiam
298 2463 417 2501 eosqui
434 2464 688 2502 spectaculorum
706 2465 833 2504 quidem
853 2474 968 2505 causa,
986 2468 1126 2508 attamen
1149 2477 1222 2498 cum

186 2510 349 2542 sacrificiis
373 2521 410 2542 ac
437 2513 580 2553 religiosa
598 2524 671 2546 cum
699 2516 886 2547 solennitate
905 2517 1088 2556 mittuntur,
1110 2527 1221 2549 omnes

187 2561 314 2594 theores
329 2564 497 2595 vocabant.
515 2567 610 2596 Porro
624 2566 709 2605 quod
729 2567 850 2598 civibus
868 2568 1110 2600 Atheniensibus
1126 2569 1220 2600 solvi-

1282 2468 1326 2499 sic
1341 2469 1533 2507 nominatur,
1552 2477 1661 2499 verum
1677 2470 1840 2508 propterca
1854 2468 1938 2508 quod
1953 2469 2038 2500 sestis
2054 2469 2084 2499 in
2104 2468 2180 2500 deos
2202 2468 2242 2509 pii
2263 2476 2314 2500 sa·

1282 2519 1433 2557 (uincent,
1449 2520 1481 2550 in
1494 2527 1668 2558 corumque
1682 2519 1832 2550 honorem
1847 2519 2005 2550 laetentur.
