2338 3765
177 236 250 265 508

177 317 293 350 iorum
310 323 346 350 et
365 317 510 350 aurium
525 328 671 350 suarum
690 319 947 353 auctoritatem
966 322 1150 369 ementiri,
1164 330 1205 356 ut

174 374 220 408 ‹le
235 387 271 409 se
290 375 365 421 ipse
376 375 657 421 loqueretur,-et
670 386 714 409 eo
725 377 840 423 magis
853 376 900 411 ad
917 377 1200 415 admirationem

173 433 330 479 erigeret
349 431 581 466 audientium
601 433 756 469 animos.
775 434 832 468 Sic
859 434 906 469 de
925 435 1015 470 ludo
1036 437 1200 472 calculo-

174 502 273 533 rum,
305 502 379 536 quo
403 496 560 524 utuntur
590 491 697 536 proci
721 492 758 525 in
778 491 956 538 Odyssea,
988 494 1049 529 illa
1080 495 1202 541 lepide

174 547 306 582 callida
330 548 540 594 proferens,
569 560 605 583 se
625 549 741 595 qualis
760 549 925 585 fueritin
945 552 1020 598 ipsa
1038 553 1162 587 Ithaca
1182 566 1201 589 a

173 605 327 639 Ctesone
348 605 490 640 audisse
510 606 706 640 enarrabat
746 606 845 655 (sive
873 608 942 642 fuit
967 610 1095 644 ltathae
1127 612 1200 646 sive

170 675 246 696 non
275 662 360 706 fuit,
393 663 468 697 sive
488 663 604 698 audiit
621 665 695 698 sive
712 677 788 699 non
808 666 963 714 audiit)¹
987 667 1072 703 Non
1097 670 1199 703 novit

170 720 298 766 vulgus
314 720 527 765 hominum,
549 732 618 755 nec
645 722 736 768 quid
761 723 874 759 hodie
892 723 954 759 fiat
975 726 1198 770 observavit,

168 778 231 823 qui
248 778 333 812 talia
348 778 631 814 admirationem
648 786 684 814 et
696 781 866 826 plausum
883 783 1044 817 excitare
1059 790 1091 818 et
1107 796 1196 818 vero

166 837 275 870 ctiam
292 835 405 870 fidem
419 837 596 881 invenire,
615 840 784 884 quamvis
796 840 866 874 sint
883 841 1020 888 inania,
1039 841 1194 879 dubitet.

169 895 290 941 Apion
306 895 454 941 quidem
471 895 695 942 prudentior
712 904 790 932 erat
812 904 846 932 et
864 898 957 932 illud
977 899 1107 946 vulgus
1128 912 1196 933 no-

166 958 266 986 verat
286 953 429 989 melius.
454 954 499 988 Et
524 953 596 988 hoc
624 966 741 988 unum
761 962 930 990 testatum
951 955 1105 1000 faceret,
1129 958 1196 991 nisi

163 1010 246 1044 satis
267 1021 451 1057 superque
471 1011 720 1058 undecunque
744 1013 926 1056 eluceret,
950 1025 996 1047 ne
1016 1013 1087 1048 lioc
1109 1015 1195 1060 qui-

164 1067 249 1102 dem
269 1069 471 1115 Josephum
498 1070 595 1104 ultra
616 1069 654 1103 id
683 1070 787 1116 quod
819 1083 946 1105 verum
966 1078 1017 1104 est
1039 1071 1169 1106 dixisse
1184 1099 1192 1115 ,

163 1138 247 1159 eum
258 1123 351 1175 παρὰ
366 1124 479 1161 πάντα
492 1124 547 1161 τὸν
567 1125 636 1175 βίον
649 1125 849 1176 ὀχλαγωγον
862 1124 1033 1175 γεγονέναι
1048 1129 1106 1174 (C.
1119 1132 1189 1175 Ap.

164 1185 217 1227 ΙΙ,
240 1197 253 1218 1
276 1184 304 1232 ).
326 1185 444 1219 Multo
474 1185 604 1219 melius
620 1185 780 1219 hominis
798 1187 990 1233 imaginem
1010 1188 1195 1233 percipie—

162 1254 261 1285 mus,
294 1242 359 1275 ubi
381 1254 464 1276 eum
495 1255 570 1276 non
602 1249 676 1275 tam
706 1243 930 1277 scribentem
958 1243 1193 1290 (quanquam

162 1300 259 1335 idem
276 1313 355 1334 mos
376 1308 411 1334 et
427 1300 562 1335 eaedem
581 1301 717 1347 partim
747 1313 803 1335 res
825 1302 1026 1336 transibant
1045 1303 1081 1335 in
1101 1304 1192 1336 scri-

159 1356 244 1407 pta)
264 1371 373 1405 quam
391 1358 438 1392 ad
454 1358 658 1401 auditores,
673 1365 714 1392 ut
733 1358 852 1393 facere
871 1359 1030 1404 solebat,
1046 1359 1092 1394 de
1114 1362 1189 1394 Ho-

159 1429 263 1451 mero
288 1417 556 1451 declamantem
574 1423 610 1450 et
627 1418 834 1451 Homerum
857 1418 1099 1463 explicantem
1118 1417 1191 1452 fin-

158 1475 290 1521 gimus.
311 1475 454 1508 Etenim
475 1474 521 1508 ad
552 1474 623 1508 hoc
647 1481 760 1508 totam
785 1475 961 1509 Graeciam
983 1477 1191 1521 peragravit

158 1534 264 1577 (Seu.
293 1534 359 1579 Ep.
391 1532 478 1578 88).
503 1533 582 1566 Jam
607 1533 722 1566 oculis
745 1533 835 1567 meis
865 1533 973 1567 video
1002 1534 1190 1569 hominem

160 1591 229 1625 boc
246 1590 361 1624 modo
382 1590 649 1624 declamantem
672 1602 678 1623 :
696 1591 889 1623 Homerum
910 1598 1059 1637 [araque
1076 1600 1189 1626 mate-

156 1652 214 1682 ria
232 1655 497 1689 comunimata,
540 1648 699 1691 (Mys-sea
732 1655 769 1681 et
794 1649 937 1690 Iliade,
961 1652 1189 1695 principium

154 1707 330 1751 adfecisse
342 1708 443 1752 operi
455 1718 527 1746 suo,
545 1718 614 1751 quo
625 1705 756 1739 bellum
774 1706 968 1750 Trojamtm
982 1708 1193 1753 compleras

153 1772 218 1799 est.
254 1766 298 1798 Et
323 1764 430 1808 hujus
457 1766 511 1797 rel
542 1771 795 1808 atgeunentum
830 1761 1068 1807 afferentem,
1099 1767 1195 1811 quod

152 1824 245 1856 dmm
265 1824 389 1856 literas
415 1825 452 1855 in
467 1824 589 1868 primo
616 1834 723 1855 verm
739 1825 914 1868 posuisset
938 1834 985 1856 ea:
1013 1824 1191 1858 inclusit-ia

154 1881 324 1915 librorum
352 1892 495 1913 suorum
531 1892 716 1913 nnmerum
746 1883 983 1916 continentes.
1019 1881 1077 1917 Sc.
1115 1882 1187 1916 ΜΠ

152 1939 172 1973 1.
195 1951 227 1975 e.
250 1938 409 1972 XLVIII
440 1934 496 1986 (¹⁶).
521 1937 677 1983 Stupent
692 1937 882 1972 audientes
899 1950 977 1972 rem
995 1950 1131 1972 novam
1152 1946 1188 1974 et

151 2003 279 2043 argute
292 1996 430 2030 scilicet
446 1996 688 2042 excogitatam
700 2022 709 2038 ,
726 1987 763 2030 εὖ
779 2009 816 2043 γε
832 1997 1052 2040 acclamant,
1074 1997 1183 2043 plau—

151 2055 245 2089 dunt
275 2055 452 2100 impense.
482 2074 533 2080 »-
560 2054 645 2087 Νο11
677 2054 893 2099 plauserunt
922 2054 1091 2098 sortasse,
1120 2055 1183 2089 sed

153 2113 323 2159 religioso
343 2111 487 2145 silentio
509 2111 766 2145 auscultabant
792 2111 838 2145 de
858 2110 1100 2161 ψυχομαντείᾳ
1120 2125 1184 2147 sua

150 2170 320 2205 referenti
350 2181 357 2203 :
380 2175 422 2202 ut
447 2170 653 2203 Homerum
683 2176 732 2204 eff
751 2169 877 2204 inferis
903 2170 1119 2204 excitaverit
1137 2170 1184 2205 ad

149 2227 444 2275 percontandum
459 2254 468 2274 ,
491 2240 562 2273 qua
579 2228 698 2274 patria
711 2257 721 2272 ,
742 2228 952 2274 quibusque
968 2228 1185 2274 parentibus

149 2294 253 2321 natus
272 2292 361 2320 esset
391 2284 461 2332 (fr.
491 2285 580 2333 28).
604 2287 649 2319 Et
670 2287 855 2320 Homerus
883 2298 962 2320 non
984 2287 1104 2320 minus
1127 2285 1181 2320 fa-

149 2344 255 2378 cilem
268 2355 305 2377 se
322 2344 353 2377 ei
371 2343 570 2389 praebuisse
585 2342 747 2386 videtur,
768 2355 879 2388 quam
893 2343 1053 2376 Achilles
1064 2344 1180 2389 Apol-

148 2402 250 2435 lonio
274 2401 452 2447 Tyanensi
481 2399 677 2447 (Philostr.
705 2402 748 2435 V.
774 2402 846 2446 Ap.
878 2412 914 2446 p.
950 2398 1057 2447 153).
1082 2401 1181 2434 Dixit

146 2459 264 2502 enim3
286 2458 350 2492 sed
366 2465 553 2503 tamquam
571 2454 778 2506 ἀπόρρητον,
798 2458 888 2491 etin
908 2457 1038 2504 vulgus
1058 2457 1181 2492 efferri

147 2517 276 2552 vetuit.
303 2518 400 2563 Ergo
422 2528 498 2549 non
522 2515 659 2549 audere
687 2527 762 2549 sese
792 2513 979 2561 profiteri,
1000 2515 1093 2561 quid
1117 2528 1178 2550 re—

145 2574 338 2620 sponderit
356 2585 364 2609 t
382 2573 560 2619 impedire
578 2574 755 2619 religione
773 2586 780 2606 z
799 2589 812 2603 «
831 2570 996 2620 Εὕστομα
1007 2570 1143 2608 κείσθω.
1165 2590 1177 2604 υ

146 2631 234 2665 Tani
251 2632 340 2665 scite
361 2632 421 2665 ille
438 2631 544 2665 elusit
561 2630 745 2665 credulos.

203 2705 216 2718 «τ
242 2688 429 2725 Facundia
444 2689 580 2734 Apioni
599 2688 732 2723 diserte
749 2689 938 2725 tribuitur.
956 2689 1093 2724 Gellius
1108 2691 1156 2724 VI
1168 2717 1177 2733 ,

146 2747 168 2781 8
206 2760 214 2781 z
250 2750 416 2793 Apion...
441 2744 556 2791 sacili
591 2755 699 2793 atque
734 2748 853 2781 alacri
876 2745 1064 2791 facundia
1082 2746 1173 2792 fiat.

146 2804 281 2851 (Quod
305 2805 341 2838 in
361 2804 599 2850 sequentibus
626 2805 763 2851 probat
791 2804 963 2839 Lelirsius
987 2817 1177 2852 apponens

144 2862 322 2896 nonnulla
341 2874 385 2896 cx
403 2861 531 2909 fragm.
555 2861 574 2896 5
588 2889 597 2905 ,
625 2862 668 2907 6,
690 2862 756 2907 26,
772 2875 852 2909 quae
876 2862 975 2899 vide.
992 2862 1002 2911 )
1020 2865 1073 2898 Ac
1098 2865 1174 2899 clo-

184 2953 223 2991 (*)
239 2965 252 2977 ⁴«
271 2954 336 2983 Hoc
347 2952 482 2982 referens
496 2954 614 2982 Seneca
627 2952 648 2982 l.
665 2953 685 2983 l.
700 2953 799 2983 ulitur
811 2953 993 2992 imperfecto
1006 2963 1012 2983 :
1026 2955 1171 2993 Apion...

143 2999 258 3030 aiebat
338 3000 580 3037 arqumencum
605 2998 801 3036 afferebat..
821 3001 892 3035 Quo
911 2999 1035 3030 videtur
1057 3000 1172 3039 signiti-

142 3052 212 3075 cure
229 3044 289 3074 hoc
302 3043 391 3074 illum
408 3043 511 3074 dicere
524 3043 651 3074 solitum
663 3068 671 3082 ‚
686 3054 787 3084 quum
803 3054 857 3075 ore
883 3047 1055 3076 Homerum
1072 3046 1172 3085 expli·

142 3092 238 3121 caret.
258 3103 273 3118 »

337 3182 400 3219 DE
425 3182 585 3220 REBUS
607 3182 968 3222 AEGYPTIORUM.

643 3272 670 3301 1.

185 3336 281 3374 Apion
306 3336 335 3366 in
352 3336 444 3366 lertio
467 3344 572 3365 rerum
597 3335 847 3374 Aigyptiacarum
870 3335 945 3364 «licit
965 3348 970 3365 ι
988 3349 1000 3359 <1
1025 3337 1162 3374 Moysi-3,

142 3389 172 3417 ul
190 3387 292 3425 aru-pi
305 3396 320 3416 a
332 3386 632 3423 grandioribusnatu
645 3386 813 3425 AEgyptiis,
828 3386 1072 3425 monopolitanus
1087 3388 1148 3416 rriil
1163 3397 1170 3423 ;

1028 235 1227 274 APIONIS
1257 237 1450 276 OASlTAE

1266 326 1424 370 quentiae
1444 327 1519 360 sine
1549 326 1664 360 dubio
1685 326 1842 361 debebat
1863 329 2068 376 praecipue,
2088 342 2162 364 non
2191 332 2293 366 calli-

1265 382 1370 417 ditati
1405 384 1542 427 solum,
1576 383 1679 430 quod
1726 396 1809 418 eum
1847 386 2077 431 potissimum
2110 388 2293 435 eligebant

1264 441 1525 487 Alexandrini,
1545 442 1607 487 qui
1628 441 1776 476 Judaeos
1792 442 1891 489 apud
1912 444 2114 491 Caligulam
2128 445 2288 492 impera-

1265 505 1381 532 torem
1416 500 1597 533 incusaret
1618 497 1677 547 (*).
1699 501 1779 545 Qua
1808 512 1912 534 causa
1941 501 2047 535 simul
2078 502 2213 537 factum
2238 511 2291 538 est

1263 563 1302 589 ut
1322 556 1398 602 ejus
1428 569 1565 591 nomen
1585 564 1622 592 et
1643 558 1828 604 ingenium
1848 570 1924 604 prae
1944 559 2022 593 aliis
2047 561 2292 606 grammaticis

1262 614 1299 647 in
1331 615 1620 649 Christianorum
1645 615 1857 650 doctiorum
1880 623 1915 651 et
1935 616 2188 652 indoctIOrum
2216 631 2290 653 no—

1263 673 1375 706 titiam
1395 674 1546 708 veniret.
1578 673 1806 709 Induxerant
1825 686 1908 711 eum
1930 675 1993 720 qui
2014 688 2095 710 cum
2118 677 2292 723 apostolis

1260 736 1295 764 ct
1323 731 1451 776 primis
1480 731 1648 777 patribus
1676 731 1869 779 disputans,
1894 741 2053 767 veterem
2072 734 2289 781 religionem

1260 787 1488 825 defenderet.
1517 789 1652 824 Euseb.
1687 791 1733 825 H.
1761 790 1860 825 Eccl.
1883 791 1959 836 Ill,
1983 790 2045 834 38,
2067 791 2114 826 de
2144 792 2290 838 scriptis

1259 846 1436 880 Clementi
1452 848 1624 881 Romano
1637 847 1833 894 suppositis
1843 847 1956 882 verba
1974 848 2107 883 faciens
2121 861 2128 883 :
2143 846 2234 893 ’Ήδη
2254 848 2286 885 δὲ

1258 917 1315 938 και
1336 902 1432 954 ἕτερα
1453 906 1608 949 πολυεπῆ·
1625 903 1684 940 καὶ
1701 903 1820 954 μακρὰ
1841 904 2098 954 συγγράμματα
2120 904 2215 955 ἐχθὲς
2231 906 2288 942 καὶ

1258 959 1375 1011 πρώην
1402 961 1488 1003 τινὲς
1503 977 1591 1012 προη
1597 978 1639 1012 γα
1643 977 1714 1009 γον,
1737 961 1910 1012 Πέτρου
1893 961 1932 1007 οὴ
1953 962 2010 999 καὶ
2028 963 2187 1006 Ἀπίωνος
2208 964 2286 1000 δια-

1257 1016 1376 1066 λόγους
1395 1019 1619 1069 περιέχοντα·
1639 1023 1685 1056 ὡν
1703 1020 1772 1056 οὐο’
1790 1018 1876 1061 ὅλως
1894 1019 2013 1068 μνήμη
2035 1035 2085 1062 τις
2105 1020 2200 1071 παρὰ
2219 1021 2286 1063 τοῖς

1257 1077 1415 1119 παλαιοῖς
1444 1077 1593 1128 φέρεται.
1615 1080 1781 1114 Festivus
1798 1087 1851 1114 est
1869 1080 1994 1125 Apion
2017 1057 2268 1114 Plistonicensi

1257 1135 1294 1169 in
1311 1137 1643 1183 Recognitionibus
1664 1138 1860 1172 Clementis
1883 1150 1963 1184 quae
1984 1137 2153 1172 feruntur
2175 1139 2199 1174 l.
2227 1139 2283 1183 X,

1256 1206 1292 1239 p.
1318 1192 1383 1227 151
1407 1194 1487 1239 (ed.
1506 1195 1691 1229 Lambert.
1712 1196 1871 1235 Gruteri,
1889 1196 2017 1230 Colon.
2047 1194 2171 1242 1570)
2192 1206 2199 1232 ζ
2223 1195 2285 1231 ubi

1257 1251 1407 1297 quidem
1434 1266 1510 1287 non
1538 1253 1701 1299 disputat
1722 1266 1805 1287 cum
1830 1255 1963 1299 Petro,
1988 1256 2050 1300 qui
2073 1255 2199 1302 adest3
2221 1255 2285 1290 sed

1256 1322 1339 1343 cum
1357 1310 1542 1346 Clemente
1564 1311 1726 1358 disputat
1745 1313 1780 1345 in
1800 1313 1969 1359 Epitome
1990 1312 2036 1347 de
2057 1313 2166 1348 rebus
2179 1314 2286 1361 gestis

1255 1368 1352 1402 Petri
1369 1380 1407 1414 p.
1428 1369 1513 1415 391.
1543 1386 1555 1399 u
1575 1371 1657 1404 llaec
1674 1370 1872 1406 Lfflmsu-s.

1529 1582 2006 1643 ΑΙΓΥΠΤΙΑΚΑ,

1600 1693 1664 1731 Ἐν
1688 1693 1870 1743 fficiam
1895 1694 1934 1732 ε’.

1550 1868 1577 1900 Ε
1607 1864 1753 1901 LIBRO
1784 1867 1976 1902 TERTIO.

1300 1951 1480 1998 josephus
1522 1951 1562 1987 C.
1601 1951 1735 1997 Apion.
1777 1951 1833 1994 II,
1883 1964 1915 1988 c.
1963 1963 1982 1984 2
2030 1964 2036 1984 :
2081 1949 2178 1995 ψησὶ
2215 1950 2279 2000 γὰρ

1249 2007 1462 2058 (Ἀπί11ν)εν
1479 2010 1521 2059 τῇ
1538 2006 1635 2058 τρίτη
1659 2009 1725 2044 τῶν
1755 2007 1996 2055 Αἷγυπτιακῧν
2023 2007 2120 2044 τάδε·
2139 2025 2154 2040 «
2171 2010 2278 2046 Moti-

1247 2069 1330 2115 σῆς,
1351 2068 1395 2106 ὡς
1424 2064 1558 2110 ηκουσα
1583 2064 1679 2116 παρὰ
1707 2080 1772 2100 τὀν
1801 2064 1973 2115 πρεσὸυτέ
1958 2081 2040 2114 ρ11ν
2071 2068 2138 2102 τῶν
2166 2068 2274 2116 Αἷγυ-

1245 2117 2274 2173 πτί11ν,ἠνΗλιουπολίτης·ὃς,πατρίοιςεΟσικατηγγυη-

1245 2181 1363 2231 μένος,
1397 2180 1545 2232 αἰθρίους
1579 2179 1773 2231 προσευχὰς
1811 2182 1932 2230 ἅνηγεν
1971 2182 2016 2223 εἷς
2057 2179 2143 2223 οιόυς
2185 2185 2275 2232 εἶχεν

1242 2242 1263 2284 ἡ
1288 2239 1384 2281 πόλις
1404 2238 1626 2288 περιὸόλους,
1647 2237 1728 2289 πρὸς
1757 2238 1953 2289 ἀφηλιώτην
1985 2237 2019 2275 δὲ
2049 2244 2162 2275 πᾶσαν
2192 2240 2275 2276 ἀπέ-

1244 2312 1364 2348 στρεφε
1368 2312 1394 2332 ν·
1422 2297 1488 2333 1ῑ1δ;
1509 2294 1575 2346 γὰρ
1604 2295 1661 2332 καὶ
1692 2295 1812 2333 ἹΙλίου
1840 2297 1950 2333 κεῖται
1975 2296 2085 2338 πόλις.
2120 2297 2210 2334 Ἀντὶ
2239 2297 2273 2334 δὲ

1242 2354 1298 2391 ὅδε
1303 2355 1370 2390 λ11ν
1399 2353 1522 2399 ἔστησε
1545 2353 1675 2398 κίονας,
1708 2354 1763 2404 ὑφ’
1780 2356 1827 2395 οἱς
1847 2356 1888 2398 ἠν
1906 2353 2093 2402 ἐκτύπωμα
2112 2355 2270 2428 σκάφης,

1241 2411 1321 2449 σκιὰ
1344 2412 1370 2448 δ
1389 2411 1447 2448 ἀπ’
1469 2411 1581 2461 ἄκρων
1603 2412 1657 2447 ἐπ’
1675 2410 1781 2455 αὐτὴν
1803 2410 2053 2460 διακειμένῳ(
2037 2428 2098 2457 11ς,
2115 2411 2150 2448 ὃν
2171 2413 2204 2448 ἐν
2223 2415 2272 2450 αἰ·

1240 2471 1330 2521 θέρι,
1359 2474 1475 2507 τοῦτον
1509 2469 1562 2506 ἀεὶ
1591 2468 1648 2505 τὸν
1680 2467 1804 2519 δρόμον
1833 2468 1919 2519 ἡλίῳ
1957 2471 2219 2520 συμπεριπολεῖ.
2257 2488 2272 2504 1»

1281 2576 1337 2614 (**)
1357 2589 1370 2601 a
1393 2577 1439 2606 Do,
1455 2574 1580 2613 ineptiis
1595 2575 1625 2604 et
1637 2572 1824 2611 mendaciis,
1838 2581 1911 2612 quac
1928 2573 2007 2605 libro
2021 2582 2078 2605 suo
2090 2576 2199 2605 contra
2214 2577 2268 2606 Ju-

1237 2622 1322 2653 1111103
1334 2622 1449 2661 scripto
1462 2622 1493 2651 in
1508 2621 1646 2651 medium
1660 2620 1798 2659 proferre
1812 2619 1895 2650 liaud
1910 2620 2063 2651 reveritus
2075 2622 2132 2659 est,
2144 2629 2207 2652 non
2221 2623 2267 2653 est

1237 2669 1322 2708 quod
1338 2668 1491 2704 dieamus,
1509 2676 1606 2706 quum
1626 2675 1674 2697 res
1692 2666 1865 2705 fragmenta
1881 2666 2081 2706 perlustranti
2097 2668 2268 2707 unicuique

1237 2717 1353 2755 pateat.
1369 2715 1522 2754 Joseplius
1539 2715 1574 2745 C.
1597 2717 1653 2752 Ap.
1673 2715 1718 2748 ΙΙ,
1739 2717 1750 2743 l
1770 2722 1777 2742 ;
1792 2713 1838 2743 Τὰ
1854 2713 1906 2752 μὲν
1919 2713 1976 2752 γάρ
1990 2713 2054 2744 ἐστι
2071 2717 2131 2745 τῶν
2147 2714 2199 2744 ὑπ’
2215 2715 2266 2745 αὐ-

1235 2766 1288 2793 τοῦ
1304 2762 1519 2802 γεγραμμένων
1532 2764 1594 2795 τοῖς
1608 2761 1658 2790 ὑπ’
1674 2760 1772 2790 ἄλλων
1789 2760 1953 2799 εἰρημένοις
1970 2761 2080 2798 ὅμοια,
2103 2761 2140 2790 τὰ
2154 2761 2185 2791 δὲ
2199 2761 2265 2791 λίαν

1235 2811 1359 2849 ψυχρῶς
1387 2808 1588 2847 προσέθηκεν,
1616 2807 1654 2836 τὰ
1678 2807 1807 2836 πλεῖστα
1839 2807 1870 2836 δὲ
1897 2806 2095 2845 βωμολοχίαν
2122 2806 2186 2846 ἔχει
2212 2808 2265 2838 καὶ

1234 2857 1359 2893 πολλὴν,
1373 2856 1398 2885 εἰ
1412 2855 1457 2885 δεῖ
1469 2854 1592 2890 τάληθὲς
1607 2854 1715 2890 εἰπεῖν,
1731 2852 1931 2882 ἀπαιδευσίαν
1944 2862 1950 2868 ·
1969 2853 2009 2886 ὡς
2029 2853 2065 2882 ἂν
2082 2851 2133 2882 ὑπ’
2147 2853 2263 2893 ἀνθρώ-

1233 2914 1292 2933 που
1312 2901 1499 2940 συγκείμενα
1513 2901 1564 2930 καὶ
1588 2899 1702 2939 φαύλου
1716 2899 1766 2929 τὸν
1789 2898 1900 2938 τρόπον
1919 2899 1971 2928 καὶ
1991 2898 2074 2937 παρὰ
2095 2898 2194 2929 πάντα
2212 2900 2264 2930 τὸν

1234 2950 1298 2988 βίον
1316 2949 1497 2988 ὀχλαγωγοῡ
1512 2946 1669 2986 γεγονότα.
1689 2959 1702 2972 »

1275 3009 1289 3022 «
1310 2999 1355 3026 De
1372 2994 1606 3033 contemptione
1623 2993 1690 3032 ejus
1702 2991 1888 3024 Judaeorum
1898 2990 2051 3029 judicium
2068 2992 2115 3022 est
2124 3000 2174 3031 ap.
2196 2992 2263 3024 Nie-

1234 3042 1381 3072 lmlirium
1398 3043 1437 3072 11.
1453 3043 1542 3072 Rom.
1557 3042 1589 3077 1,
1604 3048 1634 3078 p.
1651 3042 1681 3077 7,
1695 3038 1872 3069 accuratius
1884 3037 1962 3068 illud
1983 3037 2042 3067 sub
2058 3045 2190 3068 examen
2205 3047 2261 3069 vo-

1232 3089 1366 3120 candum
1385 3101 1398 3114 n

1231 3181 1283 3220 qui
1308 3179 1415 3220 pati-iis
1442 3177 1593 3209 institutis
1615 3177 1789 3215 obligatus,
1821 3174 1979 3207 subdiales
2001 3175 2197 3214 precationes
2221 3175 2260 3205 ad

1231 3232 1330 3270 septa,
1348 3230 1454 3270 qualia
1467 3229 1542 3260 urbs
1555 3228 1687 3259 habebat
1701 3251 1709 3266 ,
1728 3226 1876 3258 reduxit:
1895 3227 1993 3256 totam
2020 3227 2125 3256 autem
2148 3225 2259 3257 civita-

1232 3283 1295 3312 tem
1305 3282 1344 3313 ad
1354 3282 1558 3312 subsolanum
1570 3279 1773 3311 convertebat
1783 3290 1792 3317 ;
1806 3278 1848 3309 ita
1857 3279 1940 3309 cuim
1951 3277 2120 3316 Heliopolis
2131 3277 2190 3308 sita
2199 3280 2257 3308 est.

1234 3336 1292 3364 l’ro
1317 3333 1526 3373 gnomonibus
1549 3333 1655 3362 autem
1681 3331 1844 3361 columnas
1861 3329 1989 3369 statuit,
2004 3329 2118 3368 quibus
2134 3329 2259 3368 scaphae

1233 3386 1330 3415 torma
1345 3384 1485 3423 subjecta
1503 3385 1586 3421 eran
1603 3384 1642 3413 1111
1660 3383 1772 3413 harum
1797 3391 1870 3413 vcro
1895 3381 2129 3412 summitatibus
2145 3380 2258 3412 umbra
