2338 3765
130 186 202 219 544

129 263 168 311 ἦν
190 264 359 313 ἐκεῖνος),
394 261 441 311 μὴ
463 262 504 310 τῇ
537 258 639 310 ὁμοία
671 259 759 310 φυγῇ
779 256 840 301 τὴν
874 257 919 298 εἷς
940 255 1040 292 αὐτὸν
1063 254 1159 305 ῧῧριν

129 322 298 372 ἀποτίσῃ,
322 320 405 371 πρὸς
428 317 643 368 Μιθριδάτην
665 313 942 365 διεπρεσὸεύετο,
973 312 1161 361 συμὸάσεις

131 383 225 431 αὐτῷ
244 379 303 421 τὰς
323 377 406 429 πρὸς
423 374 620 425 Ῥωμαίους
647 373 940 422 ὑποὲαλλόμενος.
961 373 1033 409 Τοῦ
1054 368 1161 408 δὲκαὶ

131 444 205 481 ταῖς
222 435 435 486 συμὸάσεσιν
461 432 708 482 ἀσμενίσαντος
721 462 730 477 ,
753 429 935 482 ἀφικέσθαι
948 445 983 466 τε
1002 428 1057 466 ἐπὶ
1077 427 1161 465 ταύ-

130 511 204 538 ταις
216 494 440 542 αἰτήσαντος,
461 490 560 532 αὐτὸς
581 489 764 539 προθύμως
781 487 972 526 ἐστέλλετο.
996 488 1036 537 (2)
1059 485 1162 525 Οὕτω

131 557 210 604 γοῦν
232 555 298 589 τῶν
319 547 514 599 ἀναμεταξῗ)
536 547 694 593 ἀλλήλων
715 545 1012 597 προεληλυθότων,
1027 544 1163 595 Δάρδα-

132 627 186 649 νον
206 609 327 651 αὐτοὺς
359 607 416 645 ἐπὶ
440 611 515 648 ταῖς
548 605 731 650 συνθήκαις
760 604 984 654 ὑποδέχεται,
1008 603 1066 640 καὶ
1097 605 1163 639 τῶν

133 668 212 720 περὶ
234 667 353 708 αὐτοὺς
373 663 687 716 ὑποχωρησάντων,
709 662 887 712 ὁμολογίαι
909 660 1077 711 γίνονται,
1094 662 1163 697 Μι-

135 727 297 778 θριδάτην
316 724 377 774 μὲν
399 723 587 772 Ῥωμαίοις
607 722 771 772 ἐκχωρεῖν
790 723 851 766 τῆς
867 719 999 765 Ἀσίας,
1021 718 1079 755 καὶ
1100 720 1141 755 Bt
1154 741 1165 746 -

136 789 241 823 θυνῶν
264 784 297 821 δὲ
322 783 381 821 καὶ
415 780 668 823 Καππαδοκίας
686 780 803 830 ἄρχειν
824 779 899 821 τοὺς
920 781 957 816 ἐκ
975 778 1087 827 γένους
1107 780 1166 827 βα-

136 842 269 885 σιλέας·
287 841 518 893 βεὲαιωθῆναι
540 838 574 875 δὲ
596 837 791 889 Ιὶέιθριδοίτγι
810 840 867 873 τοῦ
891 835 1023 873 Πόντου
1042 833 1167 874 παντὸς

135 900 197 946 τὴν
230 898 424 950 βασιλείαν,
448 901 642 948 παρασχεῖν
675 894 710 931 δὲ
746 893 836 935 ἰδίως
872 892 990 944 Σύλλα
1022 891 1167 942 τριήρεις

137 960 172 995 π’
186 958 243 995 καὶ
253 957 405 994 τάλαντα
417 954 591 1006 τρισχίλια
601 952 684 1004 πρὸς
697 954 758 997 τὴν
773 951 859 988 ἰδίαν
875 951 930 987 ἐπὶ
946 952 1006 996 τὴν
1023 949 1166 998 Ῥώμην

137 1015 295 1052 κάθοδον
313 1013 370 1051 καὶ
391 1012 588 1062 Ῥωμαίους
620 1010 725 1060 μηδὲν
753 1010 827 1051 ταῖς
852 1008 974 1045 πόλεσι
1000 1022 1167 1056 μνησικα-

138 1077 265 1120 κῆσαι,
288 1071 358 1108 ἀνθ’
372 1065 418 1107 ῶν
440 1069 650 1119 μετέὲαλλον
672 1069 716 1110 εἷς
735 1066 963 1117 Μιθριδάτην·
988 1067 1029 1114 (3)
1066 1065 1093 1100 εἰ
1111 1062 1169 1099 καί

140 1131 187 1180 μὴ
221 1129 311 1167 κατὰ
338 1128 397 1171 τὰς
423 1126 604 1177 ὁμολογίας
637 1129 735 1162 τοῦτο
772 1123 914 1168 συνέὲη·
947 1120 1076 1163 πολλὰς
1104 1119 1169 1179 γᾲυρ

139 1188 279 1239 ὕστερον
299 1189 365 1223 τῶν
398 1185 529 1222 πόλεων
556 1183 802 1222 ἐδουλώσαντο.
862 1179 998 1222 Σύλλας
1031 1177 1091 1228 μὲν
1115 1181 1170 1214 οὐν

141 1244 230 1280 οὕτω
260 1245 428 1293 λαμπρῶς
461 1245 505 1285 εἷς
524 1241 584 1288 τὴν
603 1240 758 1279 Ἰταλίαν
780 1237 935 1291 ἀφίκετο,
959 1237 1017 1274 καὶ
1040 1235 1172 1286 Μοίριος

143 1295 236 1343 αὖθις
264 1305 324 1347 τῆς
354 1301 485 1343 πόλεως
517 1299 742 1350 ὑπεχώρησε,
762 1297 822 1334 καὶ
859 1294 1072 1345 Μιθριδάτης
1097 1294 1170 1330 ἀνέ-

143 1361 287 1410 στρεψεν
308 1358 442 1404 οἴκαδε,
474 1358 586 1395 πολλὰ
618 1359 683 1393 τῶν
715 1356 770 1392 δια
801 1354 864 1400 τὴν
885 1356 918 1390 ἐν
939 1349 1172 1403 ἧκατηνέχθη

144 1416 325 1468 συμφορὰν
357 1416 582 1452 ἀποστάντων
617 1416 718 1451 ἐθνῶν
747 1413 778 1456 ἐξ
813 1415 970 1462 ὑπαρχῆς
997 1410 1170 1461 χειρωσά-

145 1480 256 1523 μενος.

196 1538 376 1574 XXXVI.
410 1534 515 1585 Παρὰ
535 1537 593 1579 τῆς
614 1532 804 1581 συγκλήτου
826 1530 859 1568 δὲ
884 1529 1070 1579 Μουρήνας
1096 1533 1170 1578 ἧγε-

145 1596 218 1643 μὼν
247 1593 437 1642 πέμπεται,
459 1592 517 1629 καὶ
550 1589 759 1643 Μιθριδάτης
790 1586 1071 1638 διαπρεσῧεύεται
1097 1586 1178 1636 πρὸς

145 1651 259 1700 αὐτὸν,
279 1651 338 1693 τὰς
369 1650 447 1701 περὶ
474 1649 610 1687 Σύλλαν
633 1647 815 1696 ὁμολογίας
835 1646 908 1694 ἅμα
929 1661 963 1682 τε
994 1644 1177 1695 προτείνων

145 1709 203 1746 καὶ
220 1708 374 1759 βεῧαίους
390 1708 488 1750 ἀξιῶν
508 1701 606 1745 εἶναι.
622 1705 665 1743 ‘O
681 1705 715 1741 δὲ
738 1703 784 1753 μὴ
799 1703 934 1752 θέμενος
950 1705 991 1753 τῇ
1013 1701 1178 1753 πρεσίῗεία

148 1766 225 1817 (καὶ
243 1766 306 1816 γὰρ
325 1765 383 1802 καὶ
403 1766 433 1802 οἱ
454 1764 631 1815 πρέσὸεις,
652 1761 819 1806 ἱΈλληνες
841 1761 930 1802 ὄντες
947 1760 1004 1797 καὶ
1022 1759 1077 1796 τὸν
1109 1758 1179 1809 βίον

147 1824 343 1875 φιλόσοφοι,
357 1823 411 1860 τὸν
426 1822 640 1873 Μιθριδάτην
657 1822 786 1870 μᾶλλον
801 1817 985 1870 διέσυρον-ἢ
1001 1817 1178 1866 συνίστων)

147 1881 287 1933 ὥρμητο
308 1881 364 1917 ἐπὶ
384 1880 439 1917 τὸν
462 1878 686 1930 Μιθριδάτην·
705 1878 763 1916 καὶ
792 1879 840 1928 τῷ
859 1892 896 1913 τε
929 1874 1182 1917 Καππαδοκίας

147 1939 392 1990 Ἀριοὸαρζοίνῃ
412 1938 474 1983 τὴν
497 1937 607 1989 ἀρχὴν
642 1935 863 1987 βεῧαιοτὲραν
894 1934 1020 1979 ἐποίει,
1043 1933 1100 1970 καὶ
1127 1933 1181 1970 ἐπὶ

146 1999 221 2038 ταῖς
241 1996 412 2038 εἷσὸολαῒς
436 1998 494 2040 τῆς
520 1994 730 2045 Μιθριδάτου
754 1992 927 2044 βασιλείας
952 1990 1056 2034 κτίζει
1085 1989 1182 2027 πόλιν

148 2054 333 2092 Ἐκίνειαν.
359 2057 398 2103 (2)
419 2054 480 2091 'le
501 2052 629 2095 τούτοις
649 2051 668 2088 ὅ
683 2068 718 2089 τε
738 2050 921 2101 Μουρήνας
938 2048 995 2086 καὶ
1015 2051 1033 2086 ὃ
1054 2050 1183 2099 Μιθρι-

149 2112 254 2157 δάτης
276 2110 582 2163 διαπρεσὸεύονται
603 2109 685 2162 πρὸς
711 2108 977 2159 Ἡρακλεώτας,
1000 2105 1064 2142 ἀνὰ
1086 2105 1185 2156 μέρος

150 2169 306 2218 ἑκάτερος
323 2168 412 2205 κατὰ
432 2172 488 2205 τοῦ
509 2167 622 2219 ἐτέρου
639 2169 752 2204 καλῶν
776 2165 831 2202 ἐπὶ
853 2163 1049 2214 συμμαχίᾳ.
1105 2165 1185 2200 Τῶν

152 2225 212 2275 μὲν
233 2221 288 2263 οὖν
307 2226 492 2276 Ῥωμαίων
512 2225 572 2270 τὴν
596 2224 693 2276 ἰσχὺν
714 2222 860 2276 φοέερὰν
889 2225 1049 2272 ἡγοῦντο,
1067 2219 1186 2271 ὠρρώ-

151 2285 228 2319 δουν
247 2283 280 2319 δὲ
301 2282 358 2319 καὶ
378 2281 439 2327 τὴν
460 2282 642 2332 γειτνίασιν
663 2285 720 2318 τοῦ
749 2279 971 2330 Μιθριδάτου.
1001 2277 1064 2316 Διὸ
1095 2279 1186 2314 ἀπο-

152 2339 321 2390 κρίνονται
340 2342 409 2382 τοῖς
426 2339 507 2390 παρ’
525 2341 635 2376 αὐτῶν
653 2338 847 2390 πρέσὸεσιν,
868 2339 912 2379 ὡς
934 2336 1102 2374 τοσούτων
1124 2350 1186 2372 πο-

152 2400 266 2448 λέμων
288 2398 547 2449 ἀναρραγέντων
567 2398 664 2447 μόλις
684 2397 723 2434 ἂν
742 2396 802 2441 τὴν
823 2396 910 2432 ἰδίαν
939 2395 1053 2444 τηρεῖν
1083 2393 1187 2430 δύνα-

155 2464 250 2506 σθαι,
282 2456 364 2504 μήτι
395 2472 433 2505 γε
471 2456 593 2506 ἑτέροις
630 2454 832 2503 ἐπικουρεῖν.
908 2454 948 2501 (3)
986 2451 1089 2489 Ἀλλὰ
1123 2450 1189 2501 γὰρ

156 2514 322 2564 Μουρήνᾳ
343 2513 403 2562 μὲν
424 2513 663 2550 συνεὸούλευον
685 2513 746 2548 οὐκ
766 2511 873 2559 ὀλίγοι
893 2509 974 2561 πρὸς
994 2509 1055 2554 τὴν
1076 2508 1188 2547 Σινώ-

156 2587 224 2616 πην
242 2574 364 2621 ὁρμᾶν,
384 2571 442 2607 καὶ
461 2570 538 2620 περὶ
554 2574 612 2606 τοῦ
636 2569 808 2619 βασιλείου
829 2570 930 2604 κινεῖν
953 2567 1008 2603 τὸν
1026 2566 1190 2614 πόλεμον,

156 2630 220 2673 ὡς,
241 2629 269 2664 εἷ
285 2628 412 2673 ταύτην
429 2627 518 2676 ἕλοι,
538 2630 604 2664 τῶν
622 2628 748 2663 λοιπῶν
763 2625 927 2677 κρατήσει
944 2624 1075 2676 ῥαδίως.
1095 2624 1138 2660 ‘O
1157 2623 1190 2660 δὲ

160 2685 370 2736 Μιθριδάτης
393 2686 502 2734 πολλῇ
532 2684 673 2732 δυνάμει
700 2683 1043 2734 κατασφαλισοίμενος
1067 2681 1193 2726 ταύτης

159 2742 204 2783 εἷς
238 2740 504 2791 αὐτοπρόσωπον
527 2740 675 2789 πόλεμον
704 2739 934 2785 καθειστήκει.
968 2739 1037 2776 Καὶ
1060 2738 1193 2788 πείραις

161 2798 221 2844 μὲν
240 2799 313 2840 ταῖς
340 2798 419 2835 κατ’
445 2797 553 2849 ἀρχὰς
585 2797 854 2848 ἐπικρατέστερα
883 2791 923 2842 ἦν
943 2796 985 2833 τὰ
1007 2800 1064 2834 τοῦ
1090 2799 1190 2846 βασι-

159 2856 263 2902 λέως,
287 2850 359 2892 εἶτα
379 2857 424 2898 εἰς
457 2855 667 2906 ἀγχώμαλον
691 2859 710 2900 ἡ
742 2855 840 2905 μάχη
870 2854 1108 2905 συνεστράφη,
1135 2853 1192 2890 καὶ

1054 167 1324 206 MEMNONIS

1220 260 1292 290 mile
1305 283 1313 298 ,
1338 258 1464 298 propter
1484 256 1612 296 iujurias
1629 255 1660 286 in
1687 254 1788 293 illum,
1817 252 1876 284 sibi
1893 251 2023 283 exilium
2046 251 2249 291 irrogaretur,

1223 325 1317 356 missa
1351 324 1505 363 legatione
1527 323 1566 353 de
1580 330 1656 361 pace
1671 329 1742 351 cum
1757 320 1906 351 Romanis
1924 318 2054 349 consilia
2077 317 2252 349 Mithridati

1221 395 1379 435 suggessit.
1405 397 1475 431 Quo
1488 402 1600 433 pacem
1624 391 1737 431 cupide
1761 390 1906 430 amplexo
1919 414 1927 427 ‚
1942 390 1975 421 et
1997 391 2125 429 rogante
2138 412 2147 428 ,
2161 390 2198 420 ut
2213 387 2253 419 ad

1222 459 1441 500 paciscendum
1464 457 1685 495 convenirent,
1719 456 1772 487 ille
1799 456 1943 495 prompte
1968 464 2001 486 se
2019 454 2073 486 dat
2097 455 2130 485 in
2156 455 2252 485 viam.

1224 526 1270 564 (2)
1292 527 1462 563 Quumque
1477 531 1530 562 per
1542 520 1670 560 aliquod
1683 521 1715 551 in
1728 519 1831 551 medio
1844 520 1980 559 spatium
1996 519 2074 550 alter
2084 519 2117 549 in
2127 518 2256 550 alterius

1223 601 1390 623 occursum
1417 591 1658 631 processissent,
1684 589 1866 620 Dardanum
1882 588 1920 619 ad
1946 588 2181 627 transigendum
2197 587 2257 618 illis

1227 659 1396 697 hospitium
1415 656 1512 687 dedit.
1532 655 1591 693 lbi,
1607 654 1701 694 jussis
1712 654 1856 686 secedere
1872 653 2022 685 ministris
2032 655 2063 685 et
2076 653 2255 692 comitibus,

1226 727 1315 766 pacta
1325 725 1406 755 liunt
1417 724 1446 754 in
1456 724 1540 753 hunc
1549 722 1678 753 modum
1693 735 1699 753 :
1714 734 1728 748 «
1742 721 1937 753 Mithridates
1946 721 2094 752 Romanis
2106 722 2175 753 Asia
2186 729 2259 752 con-

1226 794 1316 825 cedat
1327 816 1335 831 ‚
1350 793 1490 831 Bithynis
1501 793 1531 822 et
1545 790 1784 831 Cappadocibus
1798 799 1883 829 reges
1898 789 2025 830 praesint
2037 790 2184 830 gentiles,
2199 791 2259 821 Mi·

1228 861 1356 892 thridati
1377 860 1473 891 totius
1490 860 1581 891 Ponti
1599 868 1730 899 regnum
1745 860 1784 890 sit
1804 859 2044 898 confirmatum;
2062 858 2260 898 peculiariter

1229 936 1301 959 vero
1319 928 1414 967 Syllae
1428 927 1574 966 expediat
1591 927 1733 957 triremes
1757 926 1914 966 octoginta
1931 927 1962 957 et
1974 926 2035 957 tria
2051 927 2148 958 millia
2162 927 2262 958 talen-

1229 1001 1314 1037 tum,
1331 998 1370 1028 ad
1385 997 1539 1036 reditum,
1563 1006 1657 1037 quem
1676 997 1738 1036 ipse
1755 999 1887 1029 Romam
1904 997 2106 1037 instituisset3
2126 998 2262 1029 civitati-

1229 1067 1287 1097 bus
1311 1066 1395 1105 apud
1414 1068 1572 1097 Romanos
1599 1065 1680 1095 haud
1700 1066 1740 1096 sit
1765 1074 1876 1104 noxae,
1892 1065 1976 1105 quod
1994 1066 2034 1096 ad
2049 1066 2263 1097 Mithridatem

1229 1139 1411 1169 defecerint.
1427 1150 1442 1163 ³»
1461 1137 1503 1175 (5)
1521 1139 1721 1176 Quamquam
1740 1137 1800 1166 hoc
1813 1136 1904 1175 juxta
1921 1136 2005 1176 pacis
2017 1136 2182 1168 formulam
2201 1146 2264 1167 non

1231 1207 1340 1237 habuit
1357 1208 1524 1244 eventuum
1548 1215 1620 1236 nam
1637 1207 1752 1237 multas
1774 1207 1880 1245 postea
1896 1207 1999 1238 servili
2013 1207 2089 1247 Jugo
2102 1216 2265 1248 oppresse-

1233 1273 1316 1303 runt.
1342 1272 1518 1302 Honoritice
1531 1271 1645 1302 dehinc
1659 1273 1741 1309 Sylla
1756 1272 1786 1302 in
1800 1273 1922 1303 ltaliam
1935 1275 2073 1311 remeat,
2086 1274 2267 1314 Mariusque

1233 1341 1336 1372 denuo
1354 1342 1431 1372 urbe
1447 1341 1571 1373 excedit
1587 1352 1594 1372 :
1611 1343 1643 1372 et
1660 1341 1855 1373 Mithridates
1870 1341 1909 1372 ad
1931 1351 1988 1372 sua
2004 1351 2037 1373 se
2051 1342 2165 1382 refert3
2183 1343 2266 1373 mul-

1236 1406 1344 1443 tasque
1356 1403 1459 1434 (leuno
1478 1406 1584 1442 gentes
1595 1428 1602 1441 ,
1619 1413 1691 1443 qua·v
1704 1405 1831 1443 propter
1844 1404 2007 1435 adversam
2025 1404 2092 1444 eJus
2108 1404 2268 1436 fortunam

1234 1465 1446 1504 desciverant,
1467 1465 1525 1496 sub
1542 1474 1671 1496 manum
1689 1466 1817 1505 redegit.

1276 1536 1420 1566 XXXVI.
1447 1537 1520 1566 Post
1533 1536 1601 1566 haec
1615 1537 1745 1567 Murena
1764 1544 1781 1566 a
1795 1537 1904 1567 senatu
1926 1536 2008 1567 hello
2025 1535 2207 1575 praeficitur.
2223 1535 2270 1567 Ad

1236 1614 1332 1643 quem
1349 1606 1467 1645 legatos
1485 1606 1632 1637 amandat
1656 1606 1871 1645 MithridateS,
1886 1607 1971 1646 pacis
1993 1615 2067 1636 cum
2085 1606 2169 1646 Sylla
2185 1606 2271 1637 initae

1238 1678 1319 1715 leges
1347 1677 1542 1714 praetexens,
1559 1676 1608 1713 et,
1625 1676 1662 1706 ut
1687 1676 1762 1706 ratae
1780 1675 1841 1706 sint
1868 1675 2047 1714 firmaeque,
2067 1675 2269 1706 contendens,

1240 1750 1277 1781 At
1291 1749 1474 1789 islegationi
1492 1757 1555 1780 non
1571 1748 1770 1779 subscribens
1782 1772 1789 1786 ,
1807 1748 1921 1786 (erant
1937 1748 2018 1778 enin·
2033 1748 2159 1779 natione
2173 1747 2274 1780 Graeci

1239 1825 1270 1855 ct
1284 1823 1357 1854 vitae
1370 1831 1482 1863 genere
1498 1822 1691 1862 philosophi,
1711 1822 1766 1862 qui
1783 1822 1852 1861 plus
1869 1822 2032 1861 culparent
2060 1822 2274 1855 Mithridatem
2288 1834 2293 1838 ⁴

1240 1907 1336 1939 quam
1355 1897 1644 1936 commendarent),
1662 1897 1693 1927 in
1712 1904 1815 1935 regem
1833 1896 1942 1936 movit,
1958 1897 1989 1928 et
2005 1896 2208 1928 Ariobarzani
2225 1906 2275 1929 re·

1242 1983 1339 2014 gnum
1359 1973 1567 2019 Cappadociae
1591 1973 1689 2012 magis
1711 1972 1877 2004 confirmat
1898 1984 1905 2003 :
1935 1974 1967 2004 et
1994 1973 2077 2004 circa
2103 1973 2276 2013 ingressum

1244 2048 1329 2087 regni
1353 2046 1557 2078 Mithridatici
1581 2045 1692 2077 urbem
1716 2045 1823 2076 condit
1850 2046 2010 2077 Ecineam.
2037 2047 2079 2085 (2)
2101 2046 2187 2077 Inter
2207 2046 2278 2077 haec

1218 2138 1221 2145 ·
1245 2124 1377 2153 Murena
1402 2123 1432 2153 et
1449 2120 1646 2152 Mithridates
1662 2129 1718 2161 pro
1734 2129 1767 2152 se
1791 2120 1923 2160 quisque
1940 2121 2049 2151 contra
2064 2120 2198 2152 alterum
2215 2122 2277 2152 He—

1247 2195 1412 2227 raclienses
1428 2195 1467 2226 de
1483 2195 1607 2226 auxiliis
1620 2194 1800 2225 sollicitant.
1820 2193 1882 2226 Sed
1895 2203 1994 2234 quum
2012 2194 2151 2234 potentia
2165 2196 2276 2225 Roma-

1246 2278 1360 2300 norum
1372 2268 1575 2299 formidabilis
1585 2268 1745 2299 videretur
1756 2268 1838 2308 ipsis,
1848 2269 1879 2300 et
1890 2268 2076 2300 Mithridatis
2086 2268 2278 2299 vicinitatem

1247 2345 1343 2375 etiam
1355 2344 1502 2374 timerent
1514 2367 1522 2382 ,
1535 2343 1642 2382 legatis
1655 2343 1843 2382 respondent
1859 2355 1866 2374 z
1880 2343 1911 2373 in
1926 2344 2014 2373 tanta
2030 2342 2185 2374 bellorum
2201 2343 2280 2373 tem-

1247 2419 1367 2457 pestate
1383 2418 1550 2448 difficulter
1564 2417 1705 2457 proprios
1717 2426 1750 2448 se
1766 2417 1847 2448 lares
1860 2417 1958 2456 tueri,
1976 2416 2091 2447 nedum
2108 2417 2175 2448 aliis
2188 2416 2280 2448 auxi-

1248 2491 1316 2523 liari
1331 2500 1430 2530 posse.
1466 2491 1509 2529 (3)
1534 2493 1674 2522 Murenae
1693 2492 1799 2522 tamen
1817 2500 1878 2522 non
1892 2491 1982 2530 pauci
2000 2491 2077 2522 dant
2095 2491 2257 2522 consilium
2269 2514 2279 2531 ,

1250 2569 1283 2597 ut
1298 2567 1433 2606 Sinopen
1451 2566 1600 2597 invadens
1617 2566 1654 2597 de
1671 2565 1755 2603 regia
1771 2565 1835 2604 ipsa
1853 2564 1968 2595 bellum
1991 2566 2116 2595 moveat
2132 2577 2139 2595 ε
2157 2564 2182 2596 si
2197 2565 2280 2595 enim

1249 2641 1331 2672 hanc
1346 2641 1479 2680 ceperit,
1497 2641 1586 2671 facile
1597 2641 1690 2671 etiam
1706 2641 1810 2670 cetera
1829 2639 1860 2670 in
1876 2639 2063 2678 potestatem
2078 2640 2223 2670 ventura.
2242 2639 2282 2668 At

1251 2714 1466 2753 Mithridates,
1486 2713 1597 2744 validis
1614 2713 1673 2743 har,
1698 2711 1849 2752 praesidiis
1871 2711 2083 2750 communita,
2110 2711 2175 2750 ipse
2199 2710 2282 2741 bello

1250 2785 1385 2826 gerendo
1404 2784 1566 2815 incumbit.
1598 2785 1747 2823 Interque
1765 2783 1851 2814 initia
1863 2805 1871 2820 ‚
1894 2782 1947 2813 ubi
1964 2781 2003 2812 ad
2023 2789 2134 2812 manus
2151 2782 2282 2812 ventum

1251 2858 1317 2888 crat
1330 2881 1339 2896 ,
1363 2856 1435 2896 regii
1451 2855 1570 2886 viribus
1585 2855 1786 2895 praepollent3
1804 2854 1908 2893 postca
1921 2853 2054 2883 {ortunae
2067 2859 2181 2891 pugnae
2197 2858 2282 2881 exae-

161 2937 2274 2954 Μ

201 2978 329 3007 XXXV.
350 2981 375 3007 t.
389 2977 538 3016 ἀποτίσῃ]
553 2977 703 3015 Scaliger,
717 2976 872 3015 ἀπαιτήσῃ
888 2975 969 3006 libri.
985 2991 1022 2996 —
1038 2974 1300 3014 ὑποῧαλλόμενος]
1318 2986 1331 2999 ι(
1347 2976 1416 3005 Non
1431 2974 1611 3012 suggestum
1625 2980 1642 3002 a
1656 2970 1739 3010 Sylla
1752 2968 1925 3001 Mithridati
1940 2967 2129 3006 colloquium
2144 2966 2182 2997 de
2197 2974 2283 3005 pace,

160 3023 215 3054 sed
232 3023 272 3053 ab
287 3023 353 3061 ipso
368 3022 547 3052 Mithridate
562 3031 614 3060 per
632 3022 818 3052 Archelaum
833 3023 969 3060 legatum
984 3022 1078 3052 enixe
1097 3023 1323 3060 efflagitatum,
1338 3021 1470 3051 testatur
1483 3019 1639 3058 appianus
1651 3040 1658 3054 ,
1683 3025 1777 3057 quem
1801 3015 1871 3046 vide
1885 3023 1912 3045 c.
1930 3017 2026 3045 54-58
2064 3026 2078 3040 »
2103 3012 2222 3043 Orelli.
2244 3030 2282 3036 -—

162 3073 189 3100 2.
209 3072 269 3098 τῶν
286 3067 478 3107 ἀναμεταξὺ]
495 3070 576 3098 Num
595 3069 668 3107 πρὸς
681 3068 719 3097 τα
736 3068 928 3106 ἀναμεταξυΡ
944 3086 981 3089 —
1000 3069 1051 3098 καὶ
1072 3068 1223 3108 Βιθυνῶν]
1237 3069 1287 3098 καὶ
1307 3065 1458 3097 abundat.
1477 3066 1636 3104 Scaliyer.
1658 3082 1697 3089 —
1712 3060 1898 3101 κατενέχθη]
1917 3065 1951 3092 Α.
1965 3060 2190 3099 κατενέχθησαν
2206 3059 2281 3088 cett.

204 3117 344 3146 xxxvl.
364 3119 388 3144 1.
405 3115 469 3153 ἅμα
488 3114 541 3153 τε]
560 3117 603 3152 Α;
622 3114 683 3143 ἅτε
695 3115 769 3144 cort.
785 3131 825 3135 --
838 3115 853 3144 ὁ
867 3114 896 3143 δὲ
914 3115 954 3152 μὴ
970 3113 1090 3153 θέμενος
1109 3118 1145 3154 τῇ
1160 3115 1232 3155 πμ]
1250 3116 1288 3144 V.
1306 3112 1434 3151 Appiam.
1455 3120 1481 3141 c⁴
1498 3113 1550 3141 04.
1565 3128 1603 3131 —
1618 3111 1669 3140 καὶ
1684 3111 1741 3150 γὰρ
1754 3110 1805 3139 καὶ
1820 3111 1847 3139 οἱ
1862 3108 1998 3148 πρέσὸεις
2015 3105 2099 3145 etc.]
2120 3119 2134 3132 «ι
2148 3106 2285 3154 Auctore

162 3161 303 3201 Appiano
318 3161 338 3190 l.
355 3160 375 3190 l.
400 3168 462 3190 non
481 3159 589 3197 legati,
606 3159 657 3189 scd
684 3159 870 3197 Archelaus,
891 3160 941 3188 (tui
961 3160 1144 3198 proditionis
1161 3161 1307 3200 suspecto
1334 3157 1496 3188 insidiatus
1513 3157 1613 3187 suerat
1629 3155 1842 3192 Mithridates,
1859 3153 1897 3183 ad
1919 3155 2081 3183 Murenam
2102 3151 2285 3188 confugiens

162 3210 263 3247 ipsum
278 3206 429 3236 adversus
449 3214 551 3243 regem
569 3206 711 3236 irritavit.
731 3218 744 3231 n
764 3205 882 3235 Orelli.
900 3223 939 3228 —-›
953 3205 1122 3245 '1⁴1xtv5tav]
1136 3206 1212 3236 urbs
1228 3204 1352 3235 aliunde
1365 3211 1426 3233 non
1445 3204 1535 3239 nota3
1553 3210 1668 3231 nomen
1687 3201 1765 3231 sorte
1784 3196 2070 3238 corruptum;cod.
2090 3198 2187 3235 Marg.
2203 3195 2285 3246 Ἐκί-

162 3261 270 3282 νειναν.
285 3269 325 3273 -
339 3257 368 3282 2.
385 3253 486 3281 καλῶν
501 3251 548 3281 ἐπὶ
565 3262 703 3290 συμμαχ.
716 3249 726 3289 ]
741 3250 785 3281 sic
802 3250 850 3281 ed.
878 3251 958 3281 Reid<
983 3275 991 3290 ,
1008 3253 1093 3290 vulg.
1108 3263 1136 3281 κ,
1151 3252 1202 3281 καὶ
1224 3251 1270 3282 ἐπὶ
1287 3262 1317 3280 σ.
1334 3248 1511 3287 Stephanus
1526 3256 1636 3278 vocem
1653 3247 1755 3277 καλῶν
1775 3247 1936 3285 tamquam
1952 3243 2104 3283 glossema
2117 3243 2285 3281 expunxit,

165 3297 303 3328 retinens
319 3300 379 3328 καί.
