2338 3765
933 208 1263 249 FRAGMENTA.

522 320 576 344 10.

87 404 182 450 (Ιΰησὶ
202 404 235 440 δὲ
255 404 312 440 καὶ
334 404 539 454 ψαῧιορῖνος
560 407 594 442 ἐν
614 406 756 456 δευτέρῳ
784 405 1061 454 Ἀπομνημονευ-

36 463 152 511 μάτων
172 464 216 505 ὡς
234 462 464 513 Ἀριστοτέλης
484 464 586 500 αὐτοῦ
606 464 670 511 (se.
691 463 934 513 Σπευσίππου)
950 464 992 500 τὰ
1014 467 1058 513 βι-

37 521 114 557 ίὲλία
135 522 235 571 τριῶν
253 520 430 556 ταλάντων
447 520 618 565 ὠνήσατο.

526 624 584 647 11.

93 691 202 733 mog.
226 692 268 724 L.
292 692 359 733 vl,
380 690 442 733 88,
463 690 509 724 de
529 691 673 726 Cratetc
697 692 873 726 Thebano

38 748 66 783 δ’
83 747 186 782 αὐτοῦ
206 745 412 797 Φαὸιορῖνος
431 747 463 782 ἐν
485 746 630 798 δευτέρῳ
649 749 716 783 τῶν
738 747 1066 797 Ἀπομνημονευμά-

38 819 104 839 των
122 803 227 854 φέρει.
252 803 350 848 Φησὶ
370 803 455 873 γὰρ,
478 806 699 877 Παρακαλῶν
731 806 808 856 περί
835 821 893 843 του
922 806 977 843 τὸν
1005 822 1065 856 γυ-

40 861 265 911 μνασίοιρχον,
289 876 355 897 των
377 860 496 911 ἰσχίων
516 863 616 899 αὐτου
635 862 780 907 ἥπτετο·
800 864 1067 913 ἀγανακτοῦντος

41 918 129 963 δὲ,
113 933 193 969 εφη·
212 936 225 951 «
244 918 289 956 Τί
306 917 372 968 γὰρ
390 933 466 968 ουχι
488 919 546 954 καὶ
562 934 669 956 ταυτα
688 919 729 956 σοί
752 921 823 956 ἐστι
839 920 993 972 καθάπερ
1009 938 1067 958 και

40 976 82 1012 τὰ
113 977 262 1025 γόνατα;
285 994 300 1008 ¹»
321 974 368 1013 ”E
372 975 449 1046 λεγέ
482 975 511 1012 τ’
541 976 704 1013 ἀδύνατον
740 981 824 1014 εἰναι
854 978 1067 1015 ἀδιάπτωτον

40 1035 162 1082 Ευρὲἷν7
183 1032 258 1070 &All
277 1048 393 1084 ωσπερ
413 1049 446 1069 ἐν
467 1035 576 1084 §0⁸51
558 1049 594 1070 αξ
599 1034 684 1070 ὶκαῑ
703 1050 831 1084 σαπρΟν
852 1050 925 1072 τινα
946 1051 1067 1073 κΟΧΧΟν

40 1106 137 1130 Εῑναῑ.

342 1176 369 1209 Ε
398 1175 544 1210 LIBRO
573 1176 764 1212 TERTIO.

526 1279 584 1301 12.

93 1346 197 1381 Idem
217 1347 291 1389 III,
313 1350 379 1388 (40,
399 1345 445 1380 de
470 1346 618 1381 Platone
646 1358 654 1382 :
686 1344 756 1382 Καὶ
775 1344 932 1381 ἐτελεύτα
953 1344 1012 1393 μὲν
1033 1344 1069 1381 ὃν

41 1402 180 1451 εἴπομεν
198 1401 335 1452 τρόπον,
354 1399 533 1438 Φιλίππου
547 1400 813 1451 βασιλεύοντος”
795 1416 867 1443 ετος
881 1402 1069 1452 τρισκαιδέ-

43 1475 161 1508 κατον,
173 1458 261 1496 καθὰ
279 1474 336 1496 και
354 1458 561 1510 (Ι)α6ιι)ρῖνός
577 1474 677 1511 φησιν
692 1458 1069 1509 Ἀπομνημονευμάτων

42 1519 164 1568 τρίτιν)
198 1519 252 1568 ὑφ
282 1520 320 1554 οὗ
349 1515 407 1553 καὶ
437 1516 678 1565 ἐπιτιμηθῆναί
714 1531 814 1566 φησιν
852 1517 951 1553 αὐτὸν
984 1517 1071 1555 Θεό-

42 1590 189 1621 πομπος.

97 1635 218 1668 Alium
235 1634 361 1668 locum
382 1634 467 1668 libri
487 1634 585 1668 tertii
602 1633 686 1668 vide
707 1633 749 1667 sr.
775 1646 832 1677 17.

338 1732 364 1765 E
393 1731 540 1766 LIBRO
569 1731 767 1776 QUINTO.

531 1834 544 1855 1
555 1820 588 1857 3.

96 1902 199 1937 Idem
218 1902 292 1943 III,
310 1901 357 1935 62
383 1914 390 1934 :
415 1897 619 1937 Νοθεύονται
637 1898 671 1935 δὲ
685 1900 751 1935 τῶν
770 1898 935 1947 διαλόγων
951 1900 1072 1946 ὁμολο·

44 1957 215 2009 γουμένως
236 1956 355 1994 Μίδων
379 1955 401 2001 ἢ
426 1955 668 2006 Ἱπποτρόφος,
690 1955 848 2006 Ἐρυξίας
876 1955 898 2000 ἢ
930 1955 1072 2005 Ἰἰρασί-

45 2030 204 2066 στρατος,
235 2013 403 2061 Ἀλκυὼν,
439 2012 665 2064 Ἀκέφαλοι
646 2029 668 2058 η
701 2012 870 2064 Σίσυφος,
902 2012 1071 2063 Αξίοχος,

44 2073 220 2121 Φαίακες,
252 2071 465 2119 Δημοδόκος,
499 2069 671 2118 Xsmmv,
707 2070 887 2119 Ἕὲδόμη,
926 2070 1072 2119 Επιμε-

44 2130 156 2177 νίδης·
182 2133 228 2166 ὡν
247 2132 268 2174 ἠ
289 2127 438 2166 Ἀλκυων
465 2127 609 2170 Λέοντός
635 2143 721 2169 τινος
745 2143 830 2164 ειναι
851 2129 960 2176 δοκεῖ,
985 2127 1073 2164 καθά

532 2239 586 2268 10.

86 2291 248 2330 Speusippi
265 2290 360 2321 libros
375 2290 573 2321 Aristotelem
590 2290 690 2320 trihus
704 2290 830 2320 talentis
845 2290 957 2320 emisse
972 2292 993 2321 F
996 2298 1071 2320 avo-

47 2341 132 2373 rinus
144 2342 175 2372 in
189 2341 327 2372 seeundo
344 2342 651 2372 Commentariorum
668 2342 778 2371 atictor
789 2343 846 2372 est.

538 2406 590 2437 11.

88 2458 226 2491 Cratetis
238 2457 377 2488 Thebani
389 2459 523 2489 facetum
537 2458 687 2498 quiddam
701 2458 872 2490 Favorinus
888 2459 919 2489 in
935 2458 1072 2489 secundo

48 2509 357 2541 Commentariorum
380 2510 484 2541 resert.
530 2511 581 2541 Ait
600 2511 702 2549 enim,
728 2512 834 2547 Quum
858 2520 914 2550 pro
935 2511 1072 2550 quodam

46 2560 253 2591 intercederet
271 2560 355 2599 apud
371 2561 522 2599 gymnasii
542 2561 712 2600 principem
724 2585 732 2600 ,
749 2561 816 2600 ejus
838 2570 932 2593 coxas
947 2562 1047 2601 tetigit
1066 2572 1072 2592 :

45 2613 99 2643 illo
120 2612 316 2652 indignante,
333 2612 416 2649 Quid
434 2612 535 2651 enim,
553 2613 597 2643 ait
609 2612 677 2652 ille,
697 2622 801 2645 nonne
814 2615 844 2645 et
862 2614 920 2645 ista
935 2615 990 2646 tua
1001 2616 1073 2646 sunt

46 2664 128 2694 sicut
141 2665 171 2694 et
184 2665 305 2702 genua?
328 2663 519 2701 Dicebatque
540 2663 607 2694 fieri
631 2673 694 2694 non
715 2673 802 2704 posse
821 2665 857 2696 ut
880 2665 1073 2696 inveniretur

46 2714 101 2753 qui
118 2714 222 2753 lapsus
232 2722 294 2744 non
307 2713 358 2752 sit,
370 2713 423 2744 sed
436 2713 534 2744 veluti
545 2714 575 2744 in
587 2715 670 2744 malo
683 2715 798 2746 Punico
809 2724 941 2755 granum
951 2725 1074 2755 semper

47 2765 173 2804 aliquod
190 2773 255 2796 esse
268 2765 440 2804 putridum.

539 2819 593 2850 12.

90 2873 222 2903 Moritur
236 2873 323 2904 Plato
337 2881 399 2912 quo
418 2872 555 2902 diximus
570 2872 674 2909 mode,
697 2872 789 2903 tertio
802 2872 924 2903 decimo
941 2874 1073 2914 Philippi

48 2923 126 2961 regis
140 2932 221 2954 anno
234 2948 242 2962 ,
260 2925 295 2954 ut
309 2925 481 2954 Favorinus
491 2922 522 2952 in
538 2923 631 2953 tertio
645 2924 949 2954 Commentariorum
967 2925 1072 2963 refert,

2 2987 6 2999 ι
48 2982 65 3003 a
78 2983 140 3013 quo
156 2976 187 3005 et
203 2975 404 3013 objurgatum
421 2973 513 3004 fuisse
527 2973 616 3004 illum
630 2974 851 3013 Theopompus
867 2977 977 3005 auctor
991 2978 1046 3007 est.

542 3028 597 3059 13.

89 3085 135 3114 Ex
151 3081 279 3122 dialogis
292 3082 347 3122 qui
362 3083 483 3113 Platoni
497 3082 722 3119 inscribuntur,
740 3082 770 3112 hi
788 3083 854 3113 sine
868 3083 932 3114 ulla
946 3088 1072 3114 contro-

7 3147 9 3153 *
48 3134 150 3165 versia
168 3135 335 3166 adulterini
349 3136 421 3166 sunt
439 3144 447 3165 ε
466 3134 570 3165 Midon
592 3134 657 3165 sive
675 3134 910 3173 Hippotrophus
922 3159 930 3172 ,
947 3136 1075 3175 Eryxias

49 3185 115 3215 sive
124 3185 338 3224 Erasistratus,
350 3186 480 3224 Alcyon,
493 3185 639 3224 Aeephali
654 3186 719 3216 sive
730 3186 890 3225 Sisyphus,
905 3187 1072 3226 Axiochus,

51 3234 215 3273 Phaeaces,
238 3236 453 3274 Demodocus,
483 3235 654 3273 Chelidon,
679 3237 837 3275 Septima,
866 3237 1070 3275 Epimenides.

50 3287 102 3316 Ex
118 3286 165 3317 his
189 3287 306 3326 Alcyon
323 3288 449 3318 Leontis
466 3286 629 3325 cujusdam
644 3295 709 3318 esse
726 3287 834 3327 fertur,
851 3289 885 3318 ut
901 3288 1073 3318 Favorinus

51 3335 82 3367 in
100 3336 211 3377 quinto
225 3338 533 3370 Commentariorum
549 3337 634 3368 dicit.

2078 226 2150 257 57¹)

1122 308 1203 344 φησι
1236 296 1482 345 (Ι)αί)ιι)ρ“ινος
1469 314 1500 334 εν
1536 300 1580 334 ιιι)
1605 315 1750 348 πευπτιι
1783 304 1847 338 τιιὶν
1875 304 2150 352 Απομνημ-ονευ

1122 351 1253 397 μάτων

1609 416 1666 452 Isi·

1178 491 1278 525 ltlem
1299 493 1372 535 ΙΧ,
1394 495 1456 537 ‘'‚25
1480 496 1525 529 ιΙι
1550 498 1791 533 l'arnunidc
1785 527 1790 533 .
1816 500 1883 536 Καὶ
1910 502 2001 537 δοκει
2020 504 2151 551 πρῶτος

1125 547 1362 596 πεφωρακέναι
1379 549 1434 584 τὸν
1450 550 1548 586 αὐτον
1562 556 1645 587 εἰναι
1665 553 1712 590 Ἔ
1716 569 1778 590 σπε
1785 570 1838 604 ρον
1866 571 1923 592 και
1941 559 2144 608 (Ι)ιι)σφο’ρον,

1123 602 1168 645 ὥς
1187 618 1268 654 φησι
1289 606 1492 655 (Ι)α8ιι)ρινος
1517 624 1549 644 εν
1572 609 1718 657 πέυιπτιι)
1738 628 1803 647 των
1826 612 2152 663 Ἀπομνημονευμά-

1093 674 1095 678 ·
1125 675 1204 697 τιον·
1225 675 1255 697 οι
1275 660 1310 697 δε
1329 663 1548 713 ΠυΟαγοραν.
1581 667 1844 718 Καλλίμαχος
1827 670 1861 705 σε’
1890 685 1973 720 φησι
1993 672 2041 720 μὴ
2068 677 2152 710 εἰναι

903 705 910 726 ;
939 691 1064 742 Χάριεν
1092 713 1095 719 -

1126 719 1229 755 αὐτοῦ
1249 718 1287 755 τὸ
1311 719 1458 768 ποίημα.
1484 722 1672 771 Λέγεται
1656 724 1690 761 οὲ
1716 727 1773 762 καὶ
1804 727 1924 774 νόμους
1953 732 2057 765 Οεῖναι
2086 738 2153 773 τοῖς

1125 775 1330 821 πολίταις,
1317 775 1361 819 ώς
1381 792 1463 826 φησι
1482 780 1701 823 Σπεύσιππος
1718 798 1751 818 εν
1775 785 1823 819 τιι)
1843 786 1926 835 ΙΙερὶ
1945 788 2150 837 φιλοσόφων.

1128 832 1197 870 Και
1218 849 1349 884 πρωτος
1369 835 1539 883 ἐρωτῆσαι
1570 837 1625 874 τὸν
1648 839 1805 890 Αχιλλέα
1826 841 1935 891 λόγον,
1958 847 2001 886 ὡς
2022 846 2153 883 ‹hacm-

1128 897 1214 943 ρὶνος
1236 894 1268 929 ἐν
1292 894 1532 944 ΙΙαντοδαπῃ
1526 896 1669 948 ιστορία.

1401 981 1430 1018 Ε
1460 982 1618 1019 LIBRIS
1646 986 1878 1023 INCERTIS.

1617 1070 1674 1104 15.

1180 1147 1363 1190 ldemlll,
1379 1148 1447 1189 [131
1463 1148 1648 1196 Διαλόγους
1662 1145 1770 1185 τοίνυν
1790 1165 2015 1201 φασιπριιηον
2027 1153 2155 1203 γράψαι

1131 1201 1274 1247 Ζήνωνα
1294 1203 1350 1240 τὸν
1378 1203 1419 1241 'E
1421 1205 1559 1250 λεάτην·
1576 1205 1743 1255 Αριστοτε
1737 1206 1806 1252 ’λης
1825 1209 1853 1243 δ’
1873 1209 1906 1244 ἐν
1923 1209 2049 1260 πρώτιι)
2072 1211 2157 1261 ΙΙερὶ

1129 1275 1279 1304 ποιητιι)ν
1301 1260 1519 1309 Ἀλεξαμενὸν
1543 1261 1713 1312 Στυρεα
1696 1279 1717 1307 η
1735 1262 1897 1312 Ἰηιον,’
1880 1281 1923 1306 ως
1947 1281 2003 1301 και
2024 1266 2157 1303 (Dotem-

1132 1320 1217 1367 ρῒνος
1237 1320 1271 1355 ἐν
1292 1318 1652 1368 Ἀπομνημονεύμασι

1619 1408 1676 1445 16.

1183 1486 1288 1521 Idem
1303 1488 1411 1531 VIII,
1431 1500 1494 1535 90,
1510 1488 1556 1523 de
1576 1489 1731 1524 Fudoxo
1751 1490 1882 1525 Cnidio
1906 1504 1912 1524 :
1936 1489 2057 1527 ‘'00oe
2060 1491 2162 1527 ὲσυν-

1131 1541 1261 1592 εγένετο
1295 1559 1329 1579 εν
1375 1544 1542 1594 Αἷ(ύπτιι)
1581 1545 1764 1596 Χονουφιδι
1802 1562 1851 1582 τιι)
1887 1546 2132 1597 Ἡλιουπολίτῃ
2147 1579 2157 1595 ,

1131 1603 1148 1636 ὁ
1173 1602 1265 1642 Απις
1282 1615 1384 1636 αυτου
1406 1602 1578 1650 θοιμάτιον
1595 1602 1904 1653 περιελιχμήσατο.
1924 1601 1970 1641 ’Ἰ
1964 1604 2086 1647 νδοξον
2104 1621 2160 1642 ουν

1132 1656 1233 1693 αὐτὸν
1250 1658 1325 1694 ἀλλ’
1342 1658 1606 1709 ὀλιγοχρόνιον
1588 1674 1717 1709 εφασαν
1734 1661 1763 1696 οἱ
1783 1661 1850 1710 ἱερε
1857 1676 1883 1703 ις
1902 1660 2058 1710 ἔσεσθαι,
2073 1661 2161 1698 καθά

1131 1729 1213 1765 φησι
1235 1715 1440 1766 Φαδιυρῖνος
1458 1717 1491 1753 ἐν
1508 1715 1886 1764 Ἀπομνημονεύμασιν.

1368 1814 1677 1851 ΠΑΝΤΟΔΑΠΙΙ
1709 1815 1923 1852 ΙΣΤΟΡΙΑ.

1432 1906 1457 1938 Ε
1491 1905 1633 1939 LIBRO
1662 1905 1863 1941 OCTAVO.

1619 2003 1678 2036 17.

1184 2070 1287 2104 Idem
1303 2071 1408 2113 VIII,
1433 2083 1500 2118 12,
1526 2071 1572 2105 de
1597 2070 1828 2118 Pythagora,
1852 2085 1859 2105 τ
1880 2071 2026 2120 Λέγεται
2047 2071 2081 2108 δὲ
2102 2073 2159 2108 καὶ

1134 2128 1264 2177 πρῶτος
1295 2125 1431 2176 κρέασιν
1459 2129 1610 2171 ἀσκῆσαι
1635 2127 1782 2172 ἀθλητὰς
1795 2156 1804 2174 ‚
1821 2126 1878 2163 καὶ
1898 2128 2032 2177 πρῶτόν
2047 2128 2078 2177 γ’
2095 2130 2159 2165 Εὐ-

1625 2236 1678 2266 14.

1174 2288 1298 2319 Primus
1324 2287 1524 2318 Parmenides
1545 2288 1801 2318 animadvertisse
1826 2288 1925 2319 fertur
1940 2288 2073 2319 eundem
2094 2297 2159 2319 esse

1130 2340 1302 2377 vesperum
1315 2340 1410 2377 atque
1427 2338 1603 2369 Luciferum
1615 2362 1622 2375 ‚
1635 2340 1669 2369 ut
1683 2339 1858 2369 Favorinus
1888 2339 1918 2369 in
1933 2339 2043 2378 quinto
2058 2341 2154 2370 Com-

1134 2390 1362 2421 mentariorum
1389 2390 1452 2428 ait3
1480 2390 1531 2420 alii
1552 2391 1760 2429 Pythagoram
1785 2390 1904 2421 dieunt.
1950 2390 2161 2421 Callimachus

1134 2442 1239 2471 autem
1256 2441 1348 2479 negat
1364 2440 1431 2478 ejus
1448 2448 1557 2479 poema
1570 2449 1647 2472 esse.
1691 2442 1803 2471 Fertur
1816 2440 1936 2471 civibus
1949 2449 2076 2479 quoque
2094 2441 2159 2471 suis

1133 2491 1241 2522 tulisse
1255 2491 1348 2530 leges,
1363 2492 1396 2522 ut
1407 2491 1595 2530 Speusippus
1610 2491 1640 2521 in
1654 2491 1735 2521 lihro
1761 2493 1806 2521 De
1817 2491 2007 2530 philosophis
2017 2491 2070 2521 ait.
2098 2492 2160 2521 Pri-

1135 2551 1206 2572 mus
1219 2542 1293 2572 item
1309 2542 1578 2580 argumentatione
1594 2550 1742 2571 ususesse
1757 2541 1871 2571 dieitur
1888 2550 1923 2571 ea
1938 2550 2009 2580 quae
2023 2541 2160 2580 appella·

1132 2595 1184 2624 tur
1198 2594 1351 2632 Achilles,
1366 2595 1402 2624 ut
1416 2593 1588 2624 Favorinus
1607 2593 1650 2624 ait
1666 2594 1697 2624 in
1717 2593 1904 2624 omnimoda
1925 2593 2063 2624 historia.

1621 2648 1675 2678 15.

1174 2701 1319 2740 Dialogos
1338 2700 1474 2739 primum
1507 2703 1664 2731 Zenonem
1687 2700 1814 2731 Eleaten
1843 2700 1999 2739 scripsisse
2028 2700 2131 2730 serunt
2149 2712 2156 2729 ι

1133 2751 1314 2782 Aristoteles
1338 2760 1413 2781 vero
1430 2751 1460 2781 in
1476 2751 1575 2790 primo
1591 2753 1635 2782 De
1657 2752 1755 2790 poetis
1775 2751 1998 2781 Alexamenum
2015 2752 2158 2788 Styreum

1132 2805 1196 2835 sive
1211 2803 1323 2834 Teium
1336 2827 1343 2841 ,
1359 2803 1439 2834 sieut
1453 2805 1484 2834 et
1498 2803 1668 2834 Favorinus
1685 2803 1715 2833 in
1732 2802 1974 2834 Commentariis
1987 2802 2094 2836 tradit.

1626 2859 1681 2890 16.

1176 2914 1324 2944 Eudoxus
1348 2913 1477 2944 Cnidius
1501 2922 1599 2952 quum
1625 2912 1728 2943 adhue
1741 2914 1772 2943 in
1788 2913 1919 2952 AEgypto
1942 2921 2014 2942 cum
2037 2912 2160 2942 Chonn-

1133 2964 1226 3003 phide
1244 2964 1475 3003 Heliopolitano
1489 2966 1590 3002 esset,
1617 2964 1690 3003 Apis
1712 2964 1795 2994 illius
1810 2963 1940 3002 pallium
1957 2962 2157 2993 circumlam-

1134 3014 1190 3045 bit.
1236 3015 1398 3045 celebrem
1415 3024 1487 3053 ergo
1504 3014 1592 3046 illum
1620 3015 1685 3046 sore
1709 3015 1761 3046 sed
1782 3023 1844 3045 non
1868 3015 2046 3052 longaevum
2068 3021 2103 3042 ex
2121 3021 2158 3041 eo

1133 3066 1258 3095 ostento
1282 3065 1457 3096 sacerdotes
1480 3065 1605 3104 dixere,
1623 3067 1659 3096 ut
1688 3065 1861 3096 Favorinus
1874 3065 1905 3094 in
1921 3062 2158 3095 Commentariis

1133 3115 1238 3146 resert'
1370 3157 1638 3195 OMNIGENA
1668 3156 1923 3195 n1sT0fflA.

1624 3234 1679 3265 17.

1178 3288 1290 3318 Fertur
1310 3287 1500 3327 Pythagoras
1517 3288 1635 3327 primus
1649 3287 1782 3318 athletas
1799 3285 1931 3316 nutrisse
1945 3282 2089 3314 carnibus
2100 3305 2107 3319 ,
2125 3282 2157 3311 et

1134 3338 1165 3369 in
1179 3338 1226 3369 his
1236 3338 1373 3377 primum
1391 3338 1520 3378 quidem
1539 3342 1767 3377 Eurymenein,
1784 3338 1821 3367 ut
1840 3336 1870 3366 in
1884 3334 1974 3366 tertio
1988 3334 2156 3364 Commen-

1939 3410 1982 3435 3'..
