2338 3765
958 140 1280 178 FRAGMENTA.
2092 146 2166 177 493

54 238 156 286 ρικοῖς
200 234 441 283 ὑπομνηαασιν
484 231 602 274 αυτοὺι,
645 230 732 280 λέγει
776 244 850 270 τους
886 226 1078 275 ‘l‹·›utoztou;

55 292 195 344 αἰσχυνε
183 296 277 329 εσθαι
314 291 371 328 καὶ
403 291 596 340 καταγελᾶν
630 289 758 324 ἑαυτων
795 285 846 322 ἐπ’
884 283 1078 334 ἀνδράποδα

54 355 192 388 τοιαῦτα
214 349 390 395 δεηθέντας
407 347 536 385 ὅπλων.

547 449 584 481 11·

109 524 289 572 Josephus
313 525 398 559 Ant.
431 521 518 556 Jud.
549 521 663 563 XIII,
690 532 754 563 11,
778 518 832 562 3,
847 530 886 564 p.
919 515 1015 559 510,
1038 514 1083 549 dc

55 571 1083 626 Λ115111111111)ΙΙ)1031111’11111;Φύσειο’ἐπιεικεῖέκεχρητο,

56 652 115 673 και
145 636 273 687 σφόδρα
302 638 343 680 ἦν
373 635 515 677 αἷδους
503 649 630 679 ηττων,
652 635 696 675 ὡς
719 647 882 683 μαρτυρει
907 633 1007 666 τοῦτο
1027 644 1085 664 και

57 692 260 744 Στράὸων
246 707 284 728 εκ
303 707 361 727 του
357 691 594 762 ωἹιμαγένους
614 690 778 740 ὀνόματος
794 688 911 731 οὕτιι·1ς
929 705 942 720 «ι
958 687 1085 724 Ἐπιει

57 751 119 796 κής
137 766 172 787 τε
189 748 320 798 ἐγένετο
341 752 434 791 οὗτος
456 751 472 786 ὁ
494 748 579 799 ἀνὴρ
599 747 658 785 καὶ
678 746 791 785 πολλὰ
817 747 886 788 τοῖς
911 743 1087 784 Ἰουδαίοις

57 808 244 859 χρήσιμος·
264 806 382 858 χώραν
402 821 438 843 τε
459 806 524 857 γὰρ
554 807 666 848 αὐτοῖς
689 803 950 857 προσεκτήσατο
973 818 1031 839 και
1050 800 1088 837 τὸ

60 866 160 917 μέρος
187 869 245 902 τοῦ
274 868 340 901 τῶν
369 864 565 915 Ἰτουραίων
593 864 704 906 ἔθνους
736 861 952 915 ᾠκειώσατο,
973 861 1087 911 δεσμῷ

59 924 211 975 συνάψας
230 926 272 975 τῇ
292 925 359 960 τῶν
383 922 516 960 αἰδοίων
537 925 720 973 περιτομῇ.
745 939 760 954 »

549 1029 605 1051 10.

113 1110 217 1145 Idem
236 1111 285 1147 ib,
300 1110 410 1153 XIII,
428 1122 440 1143 1
451 1121 486 1151 2,
499 1108 537 1151 6,
551 1108 597 1143 dc
607 1108 743 1154 proelio
758 1106 861 1153 quod
877 1107 1092 1140 Ptolemaeus

60 1170 242 1204 Lathurns
262 1181 346 1203 cum
367 1167 578 1202 Alexandro
605 1167 768 1213 Hyrcani
796 1164 871 1199 filio
898 1164 1090 1198 commisit.

61 1227 152 1262 Vide
168 1227 309 1261 Nicolai
324 1228 435 1260 Dani.
453 1225 499 1261 sr.
520 1225 579 1259 60.

533 1329 590 1354 11.

117 1411 220 1446 Idem
238 1411 287 1447 111
307 1412 408 1454 XIV,
433 1410 467 1453 3,
492 1423 505 1444 1
532 1409 651 1446 ε’Μετ
677 1409 713 1445 οὐ
741 1407 867 1445 πολὺ
851 1407 884 1444 οὲ
908 1408 1094 1455 Πομπηίου

66 1469 111 1511 εἷς
131 1467 316 1516 Δαμασκόν
335 1465 541 1518 αφικομένου
562 1466 619 1502 καὶ
644 1465 810 1511 Κοίλην
789 1466 917 1514 ..ἶυρίαν
934 1465 1095 1508 ἐπιόντος,

65 1531 149 1571 ἧκον
166 1525 246 1576 παρ’
268 1524 369 1562 αὐτὸν
391 1524 550 1575 πρέσὸεις
577 1523 610 1567 ἐξ
638 1523 719 1570 ολης
749 1524 876 1576 Συρίας
904 1523 962 1561 καὶ
983 1523 1095 1572 Αιγυ-

67 1599 152 1620 πτου
178 1584 236 1620 καὶ
263 1585 300 1621 ἐκ
325 1586 385 1629 τῆς
399 1582 582 1624 Ιουδαίας.
610 1580 773 1634 ’Έπεμψε
798 1581 864 1633 γὰρ
895 1583 987 1618 αὐτῶ
1008 1597 1050 1630 με
1053 1597 1096 1630 γα

69 1642 173 1691 δωρον
191 1639 466 1692 Ἇριστόὸουλος,
487 1639 640 1689 ἄμπελον
659 1656 790 1691 χρυσην
809 1642 846 1677 ἐκ
866 1639 1097 1676 πεντακοσίων

69 1698 259 1736 ταλάντων.
276 1698 459 1747 Μέμνηται
474 1699 508 1734 δὲ
523 1702 580 1735 τοῦ
597 1699 704 1749 δώρου
718 1697 776 1734 καὶ

790 1696 1097 1749 ΣτράὸωνὸΚαπ-

69 1755 177 1799 πάδοξ
207 1755 314 1805 λεγων
346 1756 465 1798 οὕτως·
502 1774 517 1788 «

549 1749 660 1793 mos
694 1754 728 1792 δὲ
761 1755 819 1792 καὶ
857 1755 889 1798 ἐξ
925 1755 1100 1805 Αἰγύπτου

71 1813 237 1865 πρεσὸεία
256 1813 314 1849 καὶ
331 1812 494 1865 στέφανος
514 1815 551 1850 ἐκ
566 1815 703 1864 χρυσῶν
724 1813 1022 1864 τετρακισχιλίων,
1042 1811 1101 1849 καὶ

73 1871 140 1908 ἀπὸ
159 1874 217 1915 τῆς
239 1871 408 1913 Ἰουδαίας
428 1871 493 1908 εἴτε
515 1871 666 1921 ἄμπελος
690 1871 756 1908 εἴτε
779 1875 905 1918 κῆπος’
924 1871 1100 1922 τερπώλην

72 1930 245 1978 ὠνόμαζον
265 1928 302 1965 τὸ
323 1929 579 1980 δημιούργημα,
607 1947 621 1962 υ

560 2036 620 2061 12.

128 2115 231 2150 Idem
250 2116 300 2150 ib.
322 2116 423 2161 XIV,
450 2120 468 2157 Λ
482 2143 492 2159 ,
516 2116 557 2160 3,
577 2116 624 2151 de
645 2118 823 2164 Pompeio
853 2117 1107 2164 Hierosolyma

77 2173 282 2208 obsidente.
302 2174 396 2209 Vide
410 2175 553 2209 Nicolai
573 2174 619 2210 fr.
640 2175 704 2211 62.

132 2232 235 2266 Idem
256 2232 306 2267 ib.
328 2233 431 2275 XIV,
455 2232 489 2276 6,
513 2237 548 2274 4,
571 2233 617 2267 de
637 2234 804 2279 Pompeii
829 2240 863 2267 et
894 2233 1039 2268 Gabinii
1073 2235 1108 2267 in

78 2289 226 2324 Judaeos
245 2290 487 2337 expeditione.
504 2290 597 2326 Vide
614 2292 756 2326 Nic—olai
777 2291 822 2329 fr.
841 2291 902 2326 63.

82 2456 113 2486 in
129 2455 288 2486 volumine
303 2458 347 2486 De
360 2456 418 2486 diis
436 2465 549 2495 pugnae
569 2457 662 2494 hujus
678 2457 870 2488 mentionem
887 2457 1002 2487 faciens
1015 2482 1022 2495 ‚
1038 2458 1111 2488 nul-

84 2507 145 2537 lam
179 2507 272 2545 hujus
299 2507 432 2537 similem
463 2516 481 2536 a
512 2507 576 2538 sole
607 2510 808 2547 conspectam
844 2507 937 2539 fuisse
966 2508 1111 2539 affirmat.

84 2558 197 2589 Strabo
208 2582 216 2595 ‚
231 2560 261 2588 et
278 2558 342 2596 ipsc
358 2558 579 2597 philosophus,
595 2558 627 2588 in
650 2559 814 2589 Historicis
827 2559 1060 2590 commentariis
1070 2560 1114 2590 alt

86 2610 233 2640 Romanis
245 2610 291 2640 sui
305 2612 374 2640 tum
390 2610 554 2649 puduisse,
574 2619 668 2650 seque
683 2611 765 2650 ipsos
778 2611 936 2651 derisisse,
952 2612 1006 2652 qui
1019 2611 1114 2643 armis

85 2663 195 2692 contra
213 2661 287 2691 talia
301 2661 456 2700 mancipia
471 2670 551 2700 opus
566 2661 756 2694 habuissent.

584 2715 616 2746 9.

129 2769 247 2799 Natura
273 2768 469 2799 Aristobulus
485 2777 596 2806 aequus
618 2770 685 2799 erat
707 2771 738 2799 et
765 2768 937 2799 admodum
963 2778 1115 2799 verecun-

88 2819 165 2857 dus,
182 2820 350 2849 attestante
362 2819 457 2849 ctiam
474 2819 627 2849 Strabone
640 2828 680 2850 ex
705 2820 872 2858 Timagene
885 2820 969 2850 hisce
984 2820 1086 2850 verbis
1107 2832 1114 2851 :

90 2883 103 2895 «
124 2871 262 2909 AEquum
279 2878 345 2900 sese
356 2870 542 2900 ostendebat
564 2870 614 2900 hic
631 2869 679 2900 vir
694 2878 732 2900 ac
748 2870 840 2901 valde
855 2870 975 2901 Judwis
990 2871 1115 2908 utilem,

89 2922 204 2961 quippe
217 2922 271 2961 qui
287 2921 438 2952 ditionem
462 2930 572 2952 eorum
597 2922 793 2961 ampliasset,
820 2924 851 2953 et
874 2925 994 2962 partem
1019 2923 1118 2962 gentis

90 2976 275 3013 ltyraeorum
289 2974 535 3005 circumcisionis
551 2974 667 3005 findere
680 2974 859 3005 devinctam
875 2975 935 3006 illis
953 2974 1118 3013 adjunxis-

90 3029 147 3056 sei..
171 3040 185 3053 n

581 3082 592 3111 1
607 3082 635 3111 1.

134 3137 201 3165 Non
219 3135 320 3165 multo
334 3136 404 3174 post
415 3159 424 3173 ‚
439 3143 539 3174 quum
554 3135 722 3174 Pompeius
737 3136 924 3165 Damascum
942 3135 1077 3166 venisset
1090 3137 1121 3166 et

95 3186 201 3216 Cwlen
218 3186 339 3225 Syriam
352 3185 471 3225 obiret,
488 3187 641 3216 venerunt
653 3185 692 3216 ad
707 3194 780 3217 eum
798 3186 888 3224 legati
903 3195 942 3216 ex
955 3188 1022 3216 tota
1033 3187 1122 3225 Syria

96 3240 127 3269 et
142 3240 271 3277 AEgypto
290 3239 321 3269 et
341 3238 462 3269 =Iuda-a.
483 3238 628 3277 Misitque
643 3237 672 3269 ei
693 3238 801 3276 iugens
821 3237 940 3268 donum
959 3238 1121 3271 Aristobu-

98 3291 161 3329 lus,
176 3291 271 3321 vitem
285 3299 412 3321 auream
423 3299 459 3321 ex
472 3290 649 3330 quingentis
662 3289 796 3322 talentis.
814 3291 957 3322 Meminit
970 3291 1038 3331 ejus
1054 3301 1119 3323 mu·

1630 236 1686 272 13,

1197 337 1298 372 1111111
1316 339 1416 379 MV,
1436 339 1472 381 8,
1493 339 1539 374 3:
1561 337 1608 374 A&
1594 338 1751 386 τγεταιδὲ
1771 337 1835 374 ὑπὸ
1852 339 1985 375 πολλων
2005 338 2171 389 Ὑρκανὸν

1146 387 1270 432 ταύτης
1294 391 1498 432 κοινωνῆσαι
1521 405 1580 433 της
1609 389 1787 440 στρατείας
1816 391 1854 438 (C
1858 393 1976 425 visai-is
1999 393 2035 426 in
2062 393 2172 439 AEgy—

1146 447 1279 494 ptum),
1301 446 1359 481 καὶ
1381 447 1485 482 ἐλθεῖν
1507 447 1552 488 εἷς
1574 446 1756 496 Αἴ(υπτον·
1786 462 1950 498 μαρτυρει
1972 447 2007 484 δέ
2032 463 2095 496 μου
2124 465 2173 484 τω

1147 501 1237 553 λόγῳ
1254 502 1417 553 Στράὸων
1434 506 1450 539 ὁ
1468 504 1658 547 Καππάδοξ
1673 504 1780 553 λέγων
1798 504 1830 547 ἐξ
1850 505 1992 542 Ἀσινίου
2009 506 2174 554 ὀνόματος

1147 559 1271 601 οὕτως·
1290 577 1303 591 «
1326 559 1427 597 Μετὰ
1445 559 1479 595 δὲ
1499 560 1537 596 τὸ
1553 576 1609 597 τον
1628 561 1838 611 Μιθριδάτην
1859 562 2029 599 εἷσὸαλεῖν
2052 565 2097 606 εἷς
2113 562 2173 608 τὴν

1148 616 1325 666 Αἴγυπτον
1342 631 1400 652 και
1421 615 1463 652 I
1468 616 1587 666 ρκανὸν
1604 617 1659 654 τὸν
1677 621 1743 654 των
1762 618 1935 655 Ιουδαίων
1957 620 2175 670 ἀρχιερέα.»

1148 675 1192 713 ‘O
1223 676 1252 711 δ’
1287 674 1385 716 αυτὸς
1417 689 1513 716 ουτος
1545 675 1713 725 Στράῧων
1744 691 1801 712 και
1827 678 1859 713 ἐν
1887 676 1991 728 ἓτερω
2019 678 2122 714 πάλιν
2145 677 2178 721 εξ

1150 731 1407 783 ’Υψικράτους
1393 731 1555 780 ονόματος
1566 731 1656 782 λεγει
1671 733 1787 775 oti-:wc
1802 734 1871 771 Τον
1887 734 1948 783 μὲν
1965 735 2177 785 Μιθριδάτην

1149 789 1290 832 ἐξελθεῖν
1312 789 1427 838 μόνον,
1447 789 1615 834 κληθέντα
1634 790 1662 826 δ’
1681 791 1725 832 εἷς
1746 790 1943 827 Ἀσκάλωνα
1958 792 2179 844 Ἀντίπατρον

1151 847 1207 885 ὑπ’
1227 849 1348 893 αὐτοῦ,
1369 846 1425 883 τὸν
1446 848 1506 891 τῆς
1528 846 1699 890 Ἰουδαίας
1722 849 1944 897 ἐπιμελητὴν,
1973 850 2181 900 τρισχιλίους

1153 907 1246 956 αὐτῷ
1267 903 1477 956 στρατιώτας
1501 905 1854 956 συμπαρασκευάσαι,
1881 908 1938 943 καὶ
1958 907 2033 950 τοὺς
2060 908 2181 950 ἄλλους

1154 963 1321 1004 δυνάστας
1338 961 1544 1013 προτρέψαι,
1564 966 1769 1008 κοινωνῆσαι
1786 963 1819 1000 δὲ
1841 967 1899 1009 τῆς
1922 965 2101 1016 στρατείας
2124 966 2182 1002 καὶ

1154 1021 1323 1072 “Υρκανὸν
1344 1020 1400 1057 τὸν
1419 1020 1595 1071 ἀρχιερέα.
1619 1022 1741 1058 Ταῦτα
1759 1020 1819 1070 μὲν
1841 1023 2007 1073 Στράὲων
2026 1023 2141 1074 φησίν.

1208 1082 1484 1126 Η1’·]).ςί(“1·(1181η,
1525 1080 1707 1114 Strabone
1748 1081 1875 1126 paullo
1910 1083 2157 1127 antiquiorem
2172 1110 2181 1125 ‚

1156 1139 1335 1174 Historias
1362 1138 1544 1184 scripsisse
1569 1150 1613 1172 ex
1640 1138 1712 1172 hoc
1736 1138 1819 1172 loco
1842 1139 2039 1185 colligitur.
2063 1142 2117 1174 De
2141 1153 2184 1175 eo

1156 1197 1205 1230 ita
1233 1195 1417 1231 Lucianus
1437 1194 1604 1231 Macrob.
1627 1208 1659 1231 e.
1687 1207 1756 1238 22,
1780 1208 1820 1242 p.
1845 1194 1917 1236 643
1942 1196 1998 1230 ed.
2019 1197 2146 1232 Didot.
2175 1211 2181 1231 :

1156 1249 1369 1303 Ἴ“ψικράτης
1388 1253 1405 1287 ὁ
1427 1250 1622 1297 Ἀμισηνὸς,
1644 1249 1857 1301 συγγραφεὺς
1875 1251 1930 1287 διὰ
1955 1252 2089 1288 πολλῶν
2114 1268 2186 1301 μα-

1158 1308 1320 1357 θημάτων
1332 1308 1528 1357 γενόμενος,
1545 1307 1603 1354 ἔτη
1617 1308 1674 1344 δύο
1686 1308 1744 1346 καὶ
1762 1308 1962 1353 ἐνενήκοντα
1980 1309 2185 1359 (βεὸίωκεν).

1160 1371 1218 1407 Ad
1231 1370 1400 1405 historias
1415 1369 1472 1404 vel
1489 1369 1733 1416 geographias
1749 1369 1942 1403 referenda
1960 1370 2069 1404 etiam
2084 1370 2160 1404 haee
2180 1382 2187 1406 :

1155 1428 1286 1463 Strabo
1321 1428 1410 1470 VII,
1442 1439 1480 1473 p.
1518 1426 1612 1473 311,
1635 1426 1681 1461 de
1711 1426 1941 1461 Nomadibus
1976 1427 2190 1461 Chersonesi

1155 1486 1318 1520 Tauricae
1334 1497 1342 1521 :
1359 1484 1434 1520 Οὐκ
1449 1482 1702 1519 ἅπευτακτοῦσι
1718 1483 1747 1518 δ’
1768 1483 1797 1519 οἱ
1818 1481 1963 1530 δυνάμει
1977 1483 2189 1530 πεποιθότες,

1157 1541 1245 1579 ὥστε
1272 1540 1294 1586 ἢ
1328 1540 1522 1590 ἀμύνασθαι
1554 1540 1674 1592 ῥᾳδίως
1703 1539 1861 1581 ἐπιόντας
1891 1538 1913 1584 ἢ
1949 1541 2102 1577 κωλῦσαι
2129 1540 2191 1585 τὴν

1157 1600 1288 1649 ἔφοδον.
1307 1600 1471 1649 Καθάπερ
1486 1597 1670 1648 Ἄσανδρον
1682 1598 1823 1644 ποιῆσαί
1838 1613 1938 1648 φησιν
1955 1597 2190 1649 Ἵ“ψικράτης,

1159 1655 1426 1706 ἀποτειχίσαντα
1447 1656 1503 1692 τὸν
1524 1655 1658 1704 Ἰσθμὸν
1683 1658 1743 1700 τῆς
1764 1654 2000 1705 Χερρονήσου,
2021 1655 2078 1692 τὸν
2108 1656 2190 1707 πρὸς

1159 1718 1201 1766 τῇ
1226 1713 1417 1761 Μαιώτιδι,
1444 1713 1648 1764 τριακοσίων
1668 1712 1749 1750 ὄντα
1771 1712 1932 1759 σταδίων,
1956 1713 2190 1758 ἐπιστήσαντα

1161 1773 1308 1823 πύργους
1334 1773 1410 1807 καθ’
1434 1770 1577 1807 ἕκαστον
1595 1769 1730 1807 στάδιον
1751 1769 1831 1806 δέκα
1855 1771 1942 1818 (καθ’
1965 1768 2092 1807 ἕκαστα
2108 1771 2191 1807 στά-

1162 1831 1216 1866 δια
1246 1828 1327 1865 δέκα
1356 1830 1456 1875 conj.

1163 1888 1399 1935 Grosknrd.).

1216 1946 1317 1981 Idem
1348 1947 1422 1989 XI,
1448 1958 1486 1992 p.
1517 1945 1590 1987 504
1617 1958 1624 1982 :
1649 1943 1693 1981 ‘O
1714 1943 1866 1994 Σκήψιος
1884 1943 2112 1995 Μητρόδωρος
2137 1944 2195 1980 καὶ

1164 2002 1393 2054 (Υψικράτης,
1415 2003 1489 2039 οὐδὲ
1512 2002 1606 2038 αὐτοὶ
1627 2001 1760 2052 ἄπειροι
1781 2004 1847 2037 τῶν
1867 2002 1978 2038 τόπων
2000 2001 2172 2052 γεγονότες
2186 2032 2196 2048 ,

1168 2062 1402 2112 Γαργαρεῧσιν
1436 2058 1578 2109 ὁμόρους
1615 2059 1720 2101 αὐτὰς
1755 2058 1827 2108 (τὰς
1860 2059 2057 2108 Ἀμαζόνας)
2095 2060 2197 2111 φασὶν

1168 2120 1270 2155 οἰκεῖν
1290 2120 1323 2154 ἐν
1342 2122 1415 2158 ταῖς
1434 2117 1614 2167 ὑπωρείαις
1631 2118 1704 2159 ταῖς
1723 2117 1806 2166 πρὸς
1823 2117 1943 2166 ὀίρκτον
1963 2120 2027 2153 τῶν
2052 2120 2196 2155 Καυκα-

1169 2175 1249 2212 σίων
1271 2177 1369 2224 ὀρῶν,
1391 2174 1411 2210 ἃ
1430 2175 1586 2212 καλεῖται
1608 2174 1795 2226 Κεραύνια.
1815 2175 1882 2212 Τὸν
1904 2174 1964 2222 μὲν
1986 2175 2088 2211 α’λλον
2113 2174 2198 2226 χρό-

1169 2249 1224 2270 νον
1242 2236 1318 2270 καθ’
1337 2232 1440 2274 αὑτὰς
1462 2233 1710 2283 αὐτουργούσας
1731 2233 1859 2269 ἕκαστα
1873 2263 1882 2281 ,
1897 2233 1940 2268 τοί
1957 2249 1991 2269 τε
2011 2232 2093 2282 πρὸς
2110 2232 2199 2282 ἄρο-

1169 2307 1224 2327 τον
1246 2291 1305 2328 καὶ
1326 2290 1530 2342 φυτουργίαν
1551 2291 1609 2327 καὶ
1638 2291 1680 2327 τὰ
1702 2291 1781 2341 πρὸς
1803 2290 1925 2339 νομὰς,
1956 2292 2013 2327 καὶ
2046 2290 2198 2338 μάλιστα

1170 2352 1235 2386 τῶν
1261 2348 1396 2395 ἵππων,
1422 2347 1482 2390 τὰς

1494 1830 1644 1876 Coray.,
1683 1830 1757 1864 καθ’
1791 1827 1934 1864 ἕκαστον
1973 1829 2107 1865 στάδιον
2137 1830 2194 1864 ἕνα

1510 2349 1537 2385 δ’
1558 2349 1802 2398 ἀλκιμωτάτας
1826 2350 1915 2399 [τῶν
1936 2347 2074 2398 ἵππων]
2096 2362 2199 2392 κυνητ

1171 2457 1254 2488 neris
1270 2459 1365 2488 etiam
1381 2457 1495 2488 Strabo
1513 2457 1682 2496 Cappadox
1698 2457 1744 2487 his
1758 2457 1861 2487 verbis
1877 2470 1883 2487 :
1907 2470 1920 2482 a
1937 2457 2030 2487 Venit
2052 2456 2146 2486 etiam
2161 2464 2200 2485 ex

1173 2509 1305 2547 AEgypto
1320 2508 1433 2547 legatio
1453 2516 1526 2538 cum
1553 2517 1669 2538 corona
1690 2516 1858 2538 aureorum
1880 2509 2028 2547 quattuor
2045 2507 2200 2543 millium,

1172 2563 1201 2591 et
1217 2570 1256 2591 ex
1269 2561 1385 2591 Judaca
1401 2560 1474 2591 i‘itis
1494 2560 1558 2591 sive
1578 2560 1689 2591 hortus
1710 2569 1718 2590 ι
1744 2559 1829 2599 quod
1847 2568 1926 2598 opus
1943 2560 2101 2599 τερπώλην
2125 2557 2201 2597 (de-

1174 2615 1405 2653 lectationem)
1422 2613 1638 2644 nominabant.
1657 2625 1671 2639 n

1665 2673 1720 2703 13.

1216 2731 1305 2762 Multi
1325 2732 1461 2763 referunt
1475 2733 1656 2770 Hyrcanum
1675 2729 1880 2769 expeditionis
1905 2730 1955 2768 (in
1978 2728 2204 2760 Alexandrinos

1173 2782 1347 2820 susceptre)
1374 2783 1493 2813 socium
1523 2783 1576 2819 (J.
1596 2781 1735 2819 Caesari)
1755 2780 1868 2818 fuisse,
1894 2782 1988 2819 atque
2010 2780 2112 2810 verbis
2128 2779 2204 2810 meis

1175 2832 1388 2863 testimonium
1405 2832 1547 2872 perhibet
1563 2832 1676 2863 Strabo
1692 2831 1863 2870 Cappadox
1877 2841 1916 2862 ex
1939 2830 2126 2861 auctoritate
2139 2830 2202 2860 Asi-

1175 2883 1217 2912 nii
1242 2883 1283 2912 ita
1299 2883 1407 2913 dicens
1432 2893 1439 2912 :
1459 2895 1473 2908 «
1495 2884 1665 2921 Postquam
1682 2882 1877 2913 Mithridates
1896 2885 1955 2920 (sc.
1978 2884 2202 2920 Pergamenuffi

1176 2934 1216 2964 cf.
1236 2934 1366 2972 Appian,
1383 2933 1522 2964 Mithrid.
1541 2942 1568 2964 c.
1591 2937 1641 2963 1¹2!
1657 2936 1665 2971 )
1692 2934 1859 2972 AEgyptum
1883 2933 2013 2969 invasit,
2035 2933 2065 2962 ct
2082 2940 2152 2961 cum
2167 2939 2203 2961 eo

1177 2987 1341 3023 llyrcauus
1355 2985 1539 3015 Judaeorum
1554 2985 1706 3024 pontifex.
1727 2998 1741 3011 »
1760 2984 1910 3023 Idemque
1926 2984 1977 3014 ille
2001 2983 2114 3013 Strabo
2131 2981 2203 3012 alibi

1177 3046 1217 3067 ex
1231 3038 1418 3068 auctoritate
1436 3038 1626 3076 Hypsicratis
1641 3038 1670 3068 in
1685 3038 1753 3068 haec
1769 3037 1865 3067 verba
1879 3036 2018 3075 loquitur
2034 3047 2040 3065 :
2058 3047 2072 3060 α
2087 3033 2205 3064 Mithri-

1178 3087 1283 3118 datem
1313 3088 1442 3127 quidem
1468 3089 1571 3119 solum
1595 3089 1769 3128 profectum
1800 3096 1884 3125 esse,
1910 3086 2109 3124 Antipatrum
2132 3092 2205 3113 vero

1179 3140 1297 3171 Judaeae
1312 3142 1548 3179 procuratorem
1564 3141 1604 3171 ab
1619 3141 1683 3180 ipso
1698 3141 1880 3172 Ascalonem
1895 3139 2030 3169 accitum
2041 3160 2049 3175 ,
2063 3144 2134 3165 cum
2152 3134 2205 3165 tri·

1179 3191 1238 3222 bus
1248 3191 1384 3222 militum
1396 3191 1533 3222 millibus
1543 3192 1698 3222 auxilium
1710 3191 1734 3222 ei
1750 3191 1856 3221 tulisse
1867 3213 1874 3226 ‚
1887 3191 1917 3219 ot
1927 3189 2046 3218 ceteros
2058 3186 2206 3224 dynastas

1180 3242 1319 3281 partibus
1349 3241 1542 3281 admovisse,
1571 3243 1665 3281 atque
1689 3240 1877 3280 expeditioni
1909 3239 2002 3270 etiam
2026 3239 2204 3275 Hyrcanum

1181 3293 1360 3333 pontificem
1377 3292 1564 3324 interfuisse.
1582 3304 1594 3319 11
1615 3294 1654 3324 Et
1669 3291 1873 3331 haecquidem
1892 3289 2003 3320 Strabo
2016 3287 2132 3318 narrat.
