2289 3728
492 118 1187 209 HERACLIDES
1246 130 1707 220 LEMBUS.

93 621 220 656 Suidas
236 633 243 657 :
261 618 505 669 Ἡρακλείδης,
523 618 769 669 Ὀξυρυγχίτης
786 619 828 669 (”“)
843 648 852 663 ,
872 619 1063 670 φιλόσοφος,

40 680 58 714 ὁ
76 681 133 714 τοῦ
154 676 389 728 Σεραπίωνος,
407 676 440 719 ὃς
459 676 628 721 ἐπεκλήθη
650 677 805 725 Λέμὸος,
836 677 980 726 γεγονὼς
1008 677 1063 714 ἐπὶ

41 735 258 784 Πτολεμαίου
273 738 330 771 τοῦ
345 733 443 771 ἕκτου
461 735 509 784 (i.
529 749 561 771 0.
580 734 832 784 (1)ιλομήτορος,
856 737 1024 781 181-147
1040 737 1063 783 )·

39 792 71 835 ὃς
81 791 139 834 τὰς
154 793 237 843 πρὸς
247 792 416 843 Ἀντίοχον
427 792 519 830 ἔθετο
534 792 710 836 συνθήκας.
722 790 881 843 ’Ἔγραψε
897 792 1063 844 φιλόσοφα

37 850 94 887 καὶ
111 849 214 889 ἄλλα.

88 911 198 958 Diog.
226 912 266 944 L.
287 912 330 953 V,
359 913 428 956 94,
448 908 662 944 Heraclides
687 910 808 943 varios
834 921 1025 944 recensens
1052 921 1060 945 t

39 965 199 1014 Πέμπτος
220 964 513 1015 ((Ηρακλείδης),
536 964 785 1010 Καλατιανὸςῆ
806 963 1060 1015 Ἀλεξανδρεὺς,

34 1022 210 1074 γεγραφὼς
224 1022 284 1068 τὴν
299 1021 470 1072 Διαδοχὴν
484 1024 516 1059 ἐν
529 1021 562 1065 ἓξ
577 1022 721 1072 βιὸλίοις
731 1052 741 1072 ,
757 1022 814 1059 καὶ
829 1022 1061 1071 Λεμὸευτικὸν

31 1080 144 1133 λόγον,
161 1080 233 1117 ὅθεν
251 1081 309 1117 καὶ
329 1080 467 1128 Λέμὸος
482 1081 648 1117 ἐκαλεῖτο.

87 1140 326 1186 Orytynclzos
344 1152 476 1174 nomus
492 1148 544 1174 est
563 1146 599 1174 et
618 1139 799 1185 oppidum
826 1138 971 1187 AEgypti
1003 1139 1059 1187 (v.

32 1199 163 1233 Strabo
180 1211 217 1245 p.
239 1198 325 1234 812.
342 1198 535 1245 Forbiger.
555 1199 683 1245 Geogr.
703 1199 758 1241 II,
773 1210 808 1244 p.
831 1198 900 1242 787
917 1197 950 1243 );
975 1199 1062 1233 Cal-

33 1257 116 1289 latis
130 1255 177 1290 ad
187 1256 296 1290 Ponti
312 1267 412 1290 oram
429 1255 665 1302 oppidulum,
681 1256 827 1290 colonia
841 1256 1060 1290 Heracleen-

30 1314 137 1347 sium.
151 1315 243 1349 Utra
258 1313 347 1347 urbs
360 1313 565 1347 Heraclidae
579 1314 694 1347 nostri
711 1314 831 1359 patria
844 1320 943 1348 recte
959 1313 1057 1349 dica-

31 1377 105 1416 tur,
124 1371 259 1407 nescio.
280 1372 445 1406 Fortasse
462 1371 500 1404 in
520 1371 629 1404 Ponti
643 1371 737 1405 urbe
755 1378 877 1415 natus,
900 1373 1058 1407 Alexan-

31 1428 119 1462 driae
153 1429 329 1463 educatus
366 1436 402 1463 et
434 1429 608 1476 deinceps
638 1430 853 1464 muneribus
882 1429 1054 1477 fungens,

28 1493 251 1532 postremam
265 1487 346 1521 vitae
362 1494 525 1533 partem,
543 1488 580 1520 in
595 1500 667 1533 qua
682 1488 840 1522 historiis
856 1489 1058 1523 scribendis

29 1556 180 1590 operam
207 1544 373 1588 dederit,
407 1545 620 1591 Oxyrynchi
640 1545 829 1582 habitavit.
851 1548 1055 1591 Quemnam

27 1599 166 1648 Λέμὲον
186 1603 424 1637 Athenienses
446 1603 637 1637 nominare
658 1605 935 1647 consueverint,
958 1605 1055 1639 hisce

25 1661 146 1694 verbis
175 1660 285 1695 docet
311 1661 587 1695 Anaxandrides
616 1662 778 1696 comicus
806 1662 906 1708 apud
938 1663 1054 1697 Athe-

25 1731 144 1752 naeum
158 1721 205 1753 VI
217 1746 225 1761 ‚
240 1731 276 1765 p.
293 1719 379 1763 243,
398 1720 425 1753 E
445 1732 452 1752 :
473 1717 666 1754 ἈκολουΟεῒ
682 1717 784 1760 κόλαξ
804 1733 869 1769 τῳ;
888 1718 1054 1767 Λέμὸος

27 1774 262 1819 ἐπικέκληται.
280 1779 327 1811 At
340 1783 465 1811 noster
484 1789 560 1810 non
573 1789 592 1810 a
608 1777 775 1811 moribus
791 1777 828 1811 id
846 1790 1053 1824 cognomen

26 1835 145 1868 tulisse
168 1834 232 1868 sed
248 1835 386 1880 scripto
403 1834 567 1880 quodam
581 1836 754 1869 meruisse
774 1835 923 1871 dicitur.
947 1836 1053 1870 Scili—

24 1898 81 1926 cet
93 1890 204 1939 λόγον,
220 1893 386 1939 Diogene
403 1899 489 1926 teste
503 1919 512 1935 ,
529 1900 786 1939 composuerat
801 1891 1048 1940 Λεμὸευτικόν.

23 1951 56 1983 Is
67 1950 157 1995 quid
170 1951 239 1984 sibi
251 1951 412 1984 voluerit
426 1962 538 1996 quum
552 1950 846 1984 Helnsterhusius
861 1952 916 1999 (in
927 1952 1050 1998 Steph.

23 2008 126 2044 Thes.
156 2021 182 2044 s,
216 2021 251 2044 v,
266 2010 275 2049 )
307 2009 501 2042 enucleare
528 2021 606 2042 non
634 2009 817 2054 potuerit,
855 2020 923 2055 ego
951 2010 1051 2043 1131111

23 2078 162 2112 quaero,
185 2067 355 2101 Ceterum
374 2079 457 2106 cum
479 2065 673 2101 Heraclide
693 2066 740 2114 τῷ
764 2063 895 2113 Λέμὲῳ
916 2074 1050 2101 contu—

23 2125 128 2158 lerim
154 2124 391 2159 Theodotum
421 2122 477 2159 τὸν
508 2121 710 2171 (Ημιόλιον,
729 2125 903 2159 Antiochi
928 2127 1050 2173 Magni

62 2210 100 2249 (Ἴ
123 2212 169 2240 Ex
182 2209 308 2249 reliquis
323 2208 492 2240 Heraclidis
506 2209 545 2239 ad
559 2218 615 2240 nos
628 2210 782 2248 pertinent
796 2223 802 2240 :

65 2260 92 2285 1.
107 2255 306 2286 Heraclides
322 2258 513 2290 Cumanus,
527 2256 619 2295 cujus
637 2257 746 2295 fragm.
766 2256 836 2287 vide
854 2258 940 2296 p.95.

62 2306 90 2332 2.
124 2300 323 2331 Heraclides
358 2301 531 2336 Odessz'la,
564 2310 659 2340 quem
688 2305 915 2333 commemorat
939 2304 1045 2342 Steph-

21 2349 94 2386 Byz.
111 2360 118 2378 ε
135 2347 313 2382 Ὀδεσσὸς
324 2371 332 2386 ,
346 2348 431 2382 πόλις
445 2348 475 2377 ἐν
488 2351 532 2387 τῷ
547 2348 655 2387 Πόντῳ
673 2371 692 2378 ..
715 2349 747 2378 Ὁ
765 2349 888 2385 πολίτης
903 2349 1044 2380 Ὀδεσσί-

20 2405 71 2430 της
82 2394 133 2424 καὶ
149 2394 321 2429 Ὀδεσσεύς.
335 2393 554 2434 Ἐχρημάτιζον
568 2395 599 2424 δὲ
612 2395 649 2425 Ἡ
661 2395 753 2433 ρακλ
764 2394 845 2431 είόη
855 2407 867 2430 ς
885 2398 994 2435 ἱστορ
1004 2408 1048 2427 ιο-

21 2441 89 2480 γρά
99 2451 141 2481 φο
152 2452 165 2475 ς
181 2441 232 2470 καὶ
250 2441 421 2480 Δημήτριος
435 2442 451 2470 ὁ
466 2442 532 2480 περὶ
546 2445 597 2477 τῆς
611 2441 752 2480 πατρίδος
766 2442 894 2481 γράψας.

63 2492 92 2518 3.
116 2486 313 2518 Heraclides
340 2489 551 2526 Maqnesius,
565 2488 765 2526 Μιθριδατικὰ
776 2490 942 2527 γεγραφώς.
959 2490 1046 2529 Dio-g.

21 2535 56 2564 L.
80 2535 120 2571 V,
137 2535 189 2563 94.
206 2550 247 2554 —
261 2534 390 2563 Ceteros
411 2533 590 2564 Heraclides
607 2536 768 2564 recensent
784 2534 910 2565 Jonsius
937 2545 967 2575 p.
988 2541 1045 2568 205)

22 2588 81 2618 sq.‚
104 2579 258 2610 Meursius
273 2578 305 2609 in
321 2581 459 2610 Gronov.
477 2579 570 2610 Thes.
592 2581 669 2610 tom.
686 2582 731 2618 X,
751 2589 780 2619 p.
801 2583 857 2612 (307
876 2590 944 2620 sqq.
961 2584 992 2613 et
1007 2583 1044 2613 ad

22 2624 165 2656 Chalcid.
187 2633 219 2663 p.
241 2629 276 2656 10
293 2634 359 2664 sq.;
380 2625 541 2656 Fabricius
561 2627 594 2657 Β.
614 2628 670 2656 Gr.
688 2627 766 2657 tom.
787 2629 830 2665 X,
852 2636 881 2666 p.
904 2631 958 2659 119
976 2638 1044 2668 sqq.

21 2671 148 2702 Roulez.
165 2673 211 2701 De
224 2671 346 2701 Heracl.
361 2672 490 2702 Pontico
505 2681 535 2710 p.
559 2676 612 2703 106
626 2681 695 2711 sqq.

60 2719 106 2748 De
118 2717 286 2755 Serapione
299 2718 387 2756 patre
400 2717 572 2748 Heraclidis
583 2719 709 2748 aliunde
719 2727 781 2750 non
792 2721 913 2751 constat
922 2744 930 2759 ,
946 2730 1046 2760 quan-

20 2764 88 2793 tum
104 2763 212 2794 sciam.
230 2765 352 2802 Suppar
368 2763 394 2793 ei
414 2765 508 2794 aetate
527 2764 619 2795 luisse
633 2765 757 2796 videtur
775 2767 912 2804 Serapio
935 2768 1045 2797 Antio-

20 2810 150 2847 chenus‚
162 2819 255 2848 quem
267 2810 299 2840 in
311 2810 396 2840 libris
406 2811 627 2850 Geograpliicis
637 2813 859 2851 contexendis(
870 2815 909 2843 ll.
925 2815 980 2844 IV.
994 2815 1044 2854 V.)

21 2855 162 2886 adhibuit
175 2855 301 2887 Plinius.
317 2856 405 2886 Idem
419 2859 611 2887 memoratur
624 2865 673 2896 ap.
687 2858 829 2888 Ciceron.
847 2858 894 2889 Ad
908 2860 975 2889 Att.
998 2861 1025 2890 ll
1036 2884 1044 2898 ,

21 2906 38 2931 (3
56 2903 86 2931 et
103 2903 148 2938 Π,
163 2903 199 2939 4,
221 2900 274 2931 uhi
292 2902 591 2934 :Eratosthenem
609 2911 630 2933 a
644 2905 824 2943 Serapione
840 2906 871 2934 et
892 2907 1044 2944 Hippar-

20 2946 79 2976 cho
96 2946 366 2986 reprehenditur.
383 2949 604 2986 Fragmentum
619 2949 650 2979 in
664 2949 820 2980 schedulis
837 2950 956 2988 reperio
979 2951 1045 2981 uni-

21 3001 91 3022 cum
108 3000 144 3023 ex
162 2995 269 3024 Cram.
285 2997 342 3024 An.
359 2994 488 3024 Parisin.
508 2996 542 3033 1,
558 3004 588 3034 p.
609 2999 666 3026 373
679 3019 687 3033 ,
704 2999 741 3026 25
758 3008 764 3026 ι
780 2996 818 3026 Ὁ
838 2996 890 3035 μὲν
904 2999 976 3034 γοῦν
990 2999 1044 3027 Σε-

20 3037 134 3076 ραπίων
154 3038 518 3071 ὀκτωκαιδεκαπλασίονα
542 3042 618 3071 εἶναι
648 3046 700 3078 τῆς
721 3045 775 3080 γῆς
803 3043 854 3073 τὸν
877 3044 960 3079 ἥλιον
977 3044 1043 3082 ἔφη.

19 3083 232 3122 Ἐρατοσθένης
244 3085 274 3115 δὲ
288 3087 588 3117 ἑκατονταπλασίονα
603 3088 654 3126 μὲν
665 3088 715 3118 τὸν
728 3089 811 3124 ἥλιον
825 3093 875 3126 τῆς
887 3094 953 3128 γῆς,
966 3101 1045 3129 ‘spia-

20 3130 350 3161 κονταεννεαπλασίονα
381 3132 412 3162 δὲ
448 3134 502 3168 τὴν
534 3134 673 3169 σελήνην.
705 3135 807 3164 Α1111111
843 3137 1042 3175 Serapionem

20 3175 274 3206 mathematicum
293 3178 324 3207 et
336 3178 525 3216 astrologum
539 3180 679 3217 tempore
694 3181 864 3211 Caracallce
881 3182 1042 3213 florentem

20 3227 49 3249 v.
65 3227 113 3258 ap.
133 3221 262 3260 Glyeam
278 3232 309 3261 p.
327 3225 398 3260 243,
417 3224 572 3255 Clement.
589 3226 678 3256 Alex.
697 3235 726 3265 p.
750 3230 816 3264 131,
837 3232 873 3257 25
890 3228 938 3258 cd.
955 3229 1040 3268 8311».

20 3265 163 3304 Reliquos
180 3269 361 3306 serapiones
375 3272 511 3301 recenset
532 3271 700 3302 imin-icius.

1129 621 1281 665 ducein,
1306 624 1369 669 qui
1387 624 1482 658 inter
1499 626 1567 660 alia
1588 635 1715 663 contra
1734 630 1843 666 (luces
1863 636 2043 670 l’toleinzei
2065 638 2142 670 1)]ιίἶ

1126 678 1304 724 lopatoris
1321 680 1366 714 de
1387 681 1580 728 Coelcsyria
1600 689 1795 731 pugnavit,
1826 698 1860 723 et
1881 701 1961 737 post
1982 692 2151 739 proelium

1128 735 1174 769 ad
1195 737 1375 783 Raplliam
1393 738 1530 786 legatus
1550 740 1595 775 de
1612 742 1712 787 pacis
1736 746 2011 784 conditionibus
2027 752 2072 785 ad
2096 754 2149 788 l't.

1126 793 1402 840 Philopatorem
1430 797 1556 831 missus
1588 806 1639 833 est
1661 798 1815 848 (Polyb.
1841 805 1881 848 Υ,
1907 811 1972 847 (42,
1998 808 2059 854 43,
2087 810 2149 855 59,

1126 850 1188 894 68,
1211 864 1273 898 79,
1293 852 1354 896 83,
1376 853 1421 898 87
1438 853 1462 900 ).
1482 856 1589 890 Hunc
1606 857 1956 905 Schweiglueuserus
1974 867 2008 899 in
2027 867 2152 903 Indice

1124 908 1171 942 ad
1190 910 1320 955 Polyb.
1350 923 1559 958 cognomen
1580 915 1701 949 tulisse
1719 919 1922 963 suspicatur
1942 934 1960 955 a
1987 926 2153 969 corporis

1124 968 1367 1012 proceritate,
1394 971 1496 1014 quasi
1521 978 1656 1006 statura
1677 973 1746 1007 viri
1768 988 1851 1009 cum
1878 977 2048 1014 dimidio.
2073 983 2150 1027 Ego

1124 1025 1355 1062 nominatum
1372 1028 1496 1061 malim
1512 1040 1531 1063 a
1548 1028 1714 1075 ἧμιολίοις
1732 1059 1740 1075 ,
1758 1035 1908 1080 navigiis
1923 1037 2152 1080 praedatoriis

1123 1083 1197 1116 sive
1216 1085 1528 1130 myoparonibus,
1548 1087 1654 1122 sicuti
1670 1089 1880 1125 Heraclides
1904 1093 2062 1127 Lenibus
2091 1096 2149 1129 ‹li-

1127 1146 1204 1174 ctus
1224 1148 1275 1174 est
1297 1154 1316 1175 3
1336 1139 1474 1187 λέμὸοις
1493 1145 1659 1191 navigiis.
1683 1148 1763 1192 Qua
1783 1160 1871 1182 vero
1901 1152 2092 1186 occasione
2116 1154 2150 1187 id

1122 1199 1282 1233 nominis
1301 1202 1505 1235 meruerint
1523 1201 1634 1238 duces
1653 1204 1705 1238 illi
1721 1206 1777 1240 vel
1793 1207 1972 1250 ministri,
1991 1221 2150 1254 quorum

1121 1262 1279 1302 uterque
1305 1257 1457 1292 fortasse
1478 1259 1596 1294 elassis
1623 1262 1813 1306 quondam
1833 1264 2028 1309 praefectus
2047 1276 2124 1302 erat
2140 1296 2149 1313 ,

1121 1312 1244 1348 dicere
1265 1327 1341 1348 non
1357 1316 1491 1350 habeo.
1511 1318 1963 1359 MemorantHeraclidem
1977 1325 2149 1359 Lembum

1119 1379 1253 1416 praeter
1269 1373 1419 1408 Suidam
1440 1382 1477 1408 et
1491 1376 1697 1422 Diogenem
1718 1379 1827 1412 etiam
1844 1380 1970 1414 Festus
1987 1389 2020 1415 et
2038 1384 2151 1418 Athe—

1119 1441 1217 1465 na²us
1235 1429 1290 1477 (v.
1306 1430 1349 1465 fr.
1377 1444 1389 1465 1
1413 1444 1491 1478 sqq.
1508 1434 1516 1479 )
1533 1461 1542 1477 ‚
1559 1446 1627 1467 nec
1641 1447 1717 1469 non
1731 1436 1883 1471 Photius
1899 1439 1935 1471 in
1949 1439 2043 1476 Bibl.
2063 1442 2148 1478 cod.

1120 1486 1207 1530 213,
1225 1500 1262 1534 p.
1287 1501 1371 1533 171,
1394 1502 1412 1533 7
1429 1490 1543 1525 Bekk.
1568 1503 1575 1524 :
1594 1490 1713 1542 Τούτῳ
1730 1491 1738 1537 [
1754 1494 1801 1542 τῷ
1820 1493 2067 1545 Ἀγαθαρχίδῃ)
2084 1513 2149 1533 παω

1118 1542 1187 1592 τρὶς
1205 1543 1265 1591 μὲν
1282 1547 1302 1589 ἡ
1322 1543 1442 1587 Κνίδος
1455 1540 1510 1590 ἦν.
1521 1575 1529 1583 .
1540 1577 1547 1584 .
1565 1545 1789 1599 Ἵ“πογραφέα
1805 1550 1839 1586 δὲ
1855 1551 1913 1587 καὶ
1929 1552 2147 1600 ἀναγνώστην

1118 1602 1134 1630 ὃ
1151 1604 1208 1637 τοῦ
1227 1600 1378 1652 λέμὸρου
1398 1604 1434 1651 (ὁ
1454 1603 1591 1652 Λέμὸος
1611 1619 1684 1644 0111.
1706 1609 1878 1657 03531111.)
1899 1608 2145 1659 Ἡρακλείδης,

1118 1658 1160 1693 δι’
1176 1653 1221 1695 ὧν
1240 1660 1332 1710 αὐτῷ
1348 1659 1598 1711 ἐξυπηρετεῖτο,
1614 1663 1769 1714 παρέσχε
1785 1666 2018 1716 γνωρίζεσθαι.
2038 1671 2146 1706 Unde

1116 1725 1292 1763 praeterea
1310 1720 1516 1766 colligimus
1542 1724 1673 1755 summi
1697 1723 1770 1757 1001
1792 1725 1912 1759 virum
1933 1739 2145 1774 magnaeque

1116 1777 1343 1810 auctoritatis
1370 1778 1605 1812 Heraclidem
1626 1780 1743 1815 fuisse.
1764 1782 1883 1828 quue
1903 1785 2031 1819 Suidas
2051 1799 2143 1820 con-

1115 1830 1234 1866 firmat
1251 1834 1372 1868 verbis
1393 1847 1400 1867 :
1423 1832 1457 1874 ὃς
1476 1832 1534 1875 τὰς
1554 1834 1636 1884 πρὸς
1657 1835 1825 1887 Ἀντίοχον
1846 1837 1938 1874 ἔθετο
1958 1840 2137 1884 συνθήκας.

1119 1891 1207 1924 Ν3111
1224 1891 1270 1925 311
1289 1892 1522 1927 Heraclidem
1536 1894 1612 1928 haec
1630 1895 1823 1930 reserenda
1835 1924 1843 1939 ,
1860 1904 1970 1943 atque
1988 1900 2034 1933 ad
2054 1913 2141 1934 0011-

1115 1949 1310 1981 troversias
1326 1957 1489 1995 spectare
1506 1951 1595 1984 mihi
1619 1951 1806 1999 videntur,
1838 1966 1917 1999 quae
1943 1956 2138 1991 Ptolemaeo

1112 2005 1353 2040 Philometori
1363 2020 1445 2041 cum
1457 2009 1640 2042 Antiocho
1652 2011 1843 2056 Epiphane
1853 2013 2141 2050 intercessorum.

1166 2063 1295 2108 OperIs
1328 2064 1491 2098 historici
1506 2092 1514 2108 ,
1556 2067 1659 2111 quod
1693 2069 1903 2109 Heraclides
1935 2073 2142 2116 composuit

1112 2121 1391 2168 amplissimum,
1412 2122 1611 2169 fragmenta
1628 2137 1782 2159 numero
1800 2133 1836 2160 et
1850 2127 1989 2161 ambitu
2006 2130 2139 2163 tenuis-

1111 2177 1197 2212 sima
1228 2185 1368 2212 tantum
1400 2192 1476 2213 11011
1503 2182 1624 2215 01111113
1650 2183 1714 2215 11111
1742 2182 1917 2217 debemus
1947 2184 2137 2221 Athenaeo.

1112 2236 1271 2270 Exorsus
1290 2238 1539 2272 narrationem
1557 2246 1686 2273 auctor
1706 2240 1751 2273 ab
1769 2242 2024 2287 antiquissimis
2043 2250 2139 2278 tem—

1109 2293 1282 2338 poribus,
1311 2301 1346 2328 et
1365 2295 1411 2329 ad
1433 2307 1532 2329 suam
1553 2296 1628 2330 fere
1650 2309 1764 2343 usque
1781 2305 1921 2333 :etatem
1947 2300 2139 2335 deduxisse

1109 2349 1268 2387 videtur.
1299 2352 1412 2385 Libro
1444 2354 1650 2400 XXXVII,
1683 2367 1811 2389 eornm
1843 2358 1906 2402 qui
1942 2357 2137 2392 laudantur

1108 2414 1296 2452 postremo
1312 2436 1321 2451 ,
1341 2409 1436 2444 inter
1456 2411 1524 2444 alia
1544 2423 1664 2446 sermo
1682 2420 1760 2446 erat
1784 2413 1829 2447 110
1850 2415 2037 2448 Cassandri
2061 2415 2137 2450 tilio

1107 2465 1327 2501 Alexarcho.
1347 2468 1420 2501 Cur
1437 2475 1544 2502 tantae
1562 2470 1668 2503 molis
1683 2471 1926 2506 intermortua
1943 2485 2045 2518 paene
2062 2486 2139 2508 me-

1108 2523 1225 2557 moria
1245 2524 1310 2567 sit,
1335 2537 1478 2560 causam
1501 2525 1718 2561 indicaverit
1743 2529 1938 2575 Dionysius
1958 2531 2040 2567 Hal.
2067 2532 2138 2577 (De

1107 2592 1230 2625 comp.
1253 2583 1357 2619 verb.
1384 2596 1416 2619 0.
1440 2587 1457 2624 l,
1474 2611 1483 2628 ,
1504 2591 1593 2620 tom.
1615 2586 1659 2627 V,
1688 2599 1723 2631 p.
1747 2586 1792 2620 30
1818 2588 1908 2633 st),
1931 2589 1994 2633 qui
2018 2590 2137 2623 Hera-

1107 2637 1240 2671 clidem
1257 2640 1361 2673 sicuti
1382 2642 1650 2688 Hieronymum
1678 2651 1712 2677 et
1731 2645 1938 2691 Hegesiam,
1956 2646 2051 2680 inter
2073 2659 2136 2683 eos

1107 2703 1281 2739 recenset,
1296 2698 1359 2742 qui
1376 2700 1594 2733 concinnam
1605 2701 1807 2735 verborum
1827 2704 2133 2749 compositionem

1106 2751 1198 2785 adeo
1220 2754 1471 2799 neglexerint,
1488 2763 1528 2790 ut
1543 2769 1697 2802 operum
1712 2759 1756 2792 ab
1780 2760 1820 2793 iis
1842 2761 2061 2805 scriptorum
2082 2762 2134 2795 le—

1107 2807 1265 2842 ctionem
1285 2810 1331 2843 ad
1351 2809 1461 2846 finem
1478 2813 1685 2858 perducere
1705 2816 1804 2849 haud
1822 2817 1925 2851 facile
1944 2819 2133 2864 quisquam

1104 2866 1328 2903 sustinuerit.
1352 2869 1479 2903 Nullus
1496 2872 1594 2905 enim
1615 2871 1747 2906 dubito
1760 2901 1768 2915 ,
1788 2875 1877 2919 quin
1894 2875 1938 2910 ad
1961 2877 2132 2909 Nostrum

1104 2933 1221 2967 neque
1239 2924 1285 2958 ad
1303 2926 1412 2959 alium
1432 2930 1597 2972 quemvis
1612 2931 1846 2965 Heraclidem
1863 2933 1974 2966 rerba
1992 2934 2133 2979 Diony—

1103 2980 1143 3013 sii
1176 2981 1368 3018 referenda
1400 2997 1473 3019 esse
1495 2993 1595 3020 recte
1623 2989 1814 3022 statuerint
1842 2988 2132 3024 Santo-Crucius

1107 3036 1260 3082 (Eiram.
1290 3042 1327 3076 d.
1351 3041 1438 3078 hist.
1467 3044 1618 3078 (I'Alex.
1644 3057 1682 3090 p.
1713 3046 1782 3093 20)
1805 3054 1841 3080 et
1868 3048 2020 3081 Roulez.
2053 3048 2131 3092 (De

1103 3095 1287 3132 Heraclid.
1315 3100 1418 3136 Pom.
1446 3113 1483 3146 p.
1508 3100 1576 3148 50)
1594 3128 1602 3143 ‚
1624 3103 1755 3136 merito
1777 3104 1834 3137 hie
1858 3104 2129 3149 reprehendens

1104 3151 1312 3198 Koelernm,
1333 3158 1394 3202 qui
1424 3158 1470 3191 110
1494 3160 1647 3192 Pontico
1672 3161 1867 3195 Heraclide
1888 3162 2022 3206 cogilax
2034 3168 2122 3194 erat.

1102 3209 1370 3256 Conipendium
1385 3215 1621 3250 historiarum
1636 3217 1838 3251 Heraclidis
1857 3216 2001 3263 (nostri,
2015 3216 2123 3263 pulo)

1102 3269 1335 3305 ‹wincinnavit
1368 3273 1466 3307 llero
1493 3275 1722 3309 Atheniensis
1748 3275 1896 3321 (suidas
1926 3288 1955 3309 v.
1987 3270 2124 3321 '²'llpowl
