2289 3728
957 90 1280 132 FRAGMENTA.
2122 118 2170 149 5³

48 172 158 218 γωγῆς
179 171 245 205 τῶν
267 170 378 211 καλῶς
399 171 684 221 ἀναφιι)νη()έντων
713 171 746 213 ἐξ
768 172 937 222 Ὀμήρου.
967 192 980 206 «
1002 179 1076 221 Δη-

48 226 187 276 μήτριος
198 229 215 262 ὁ
230 227 414 277 Φαληρεὺς
425 229 469 269 εἷς
482 227 701 278 σωφροσύνην
719 228 812 277 ἔλεγε
825 234 934 267 ταῦτα
951 238 1058 268 ποιεῖν
1070 248 1075 255 ·

126 301 273 332 ἀσπάσιοι
291 301 426 342 λέκτροιο
442 303 574 333 παλαιοῦ
591 303 701 341 Οεσμὸν
713 303 826 334 ἵκοντο.
849 317 862 330 υ

96 367 178 412 Ipsa
207 366 315 412 hujus
340 368 465 414 scripti
496 367 639 401 indoles
669 369 850 402 seriorum
882 369 1074 404 hominum

43 423 261 458 industriam
280 425 395 471 magis
414 436 524 470 quam
543 425 754 459 Callimachi
775 437 890 459 aevum
912 427 1075 472 prodere

43 480 203 518 videtur.
227 484 358 517 Versus
377 482 506 516 citatus
526 482 660 529 legitur
688 483 725 516 in
745 482 874 529 Odyss.
897 484 964 526 23,
986 485 1071 532 296.

291 578 318 611 E
349 577 561 612 SCRIPTIS
590 577 824 612 INCERTlS.

525 641 584 685 76.

92 717 252 751 AElianus
268 717 312 752 N.
336 718 380 752 A.
402 717 481 760 VII,
501 719 548 757 40
569 728 576 749 :
603 713 792 763 Πέπυσμαι
817 714 851 751 δὲ
869 715 927 752 καὶ
947 717 1062 754 Αἰθιό-

36 788 110 809 πων
129 766 215 809 εἶναι
235 771 345 817 ἔθνος,
364 772 397 808 ἐν
418 766 445 822 ᾧ
467 770 640 822 βασιλεύει
660 771 771 818 κύων,
789 772 848 809 καὶ
872 776 913 824 τῇ
940 775 1068 812 ἐκείνου

36 833 126 882 ὁρμῇ
146 829 338 868 πείθονται·
360 829 576 878 κνυζωμένου
596 845 633 866 τε
647 829 779 876 ἴσασιν,
797 830 848 866 ὅτι
866 831 913 879 μὴ
930 835 1068 880 θυμοῦ-

35 904 110 936 ται,
132 888 190 925 καὶ
211 890 433 930 ὑλακτοῦντος
451 887 512 933 τὴν
529 887 632 936 ὀργὴν
651 894 818 925 συνιᾶσιν.
842 891 955 927 Τοῦτο
974 890 1005 927 εἴ
1020 907 1068 943 τῳ

33 946 149 988 ἱκανὸς
168 944 372 997 ἽΞρμιππος
387 947 643 996 τεκμηριῶσαι,
660 945 818 996 μάρτυρά
834 948 864 983 οἱ
884 951 952 997 τοῦ,
967 949 1068 998 λόγου

35 1004 244 1054 ἐπαγόμενος
270 1003 538 1054 Ἀριστοκρέωνα
557 1003 718 1040 πειθέτω·
736 1003 796 1052 ἐμὲ
826 1004 860 1041 δὲ
890 1007 937 1054 μὴ
964 1007 1066 1044 λαθὸν

33 1056 105 1098 εἶτα
126 1063 158 1098 ἐν
179 1062 275 1112 καλῷ
291 1064 351 1106 τῆς
369 1060 506 1110 μνήμης
522 1060 676 1112 ἀφίκετο.

84 1123 170 1156 Haec
189 1134 234 1156 ex
252 1133 365 1168 opere
383 1118 470 1170 Περὶ
484 1118 698 1168 θαυμασίων,
717 1122 821 1168 quod
843 1121 1067 1170 Hermippus

31 1178 294 1214 Callimachum
332 1179 547 1225 magistrum
585 1179 746 1213 imitatus
787 1182 1062 1227 composuerit,

30 1248 100 1270 esse
118 1242 240 1270 censet
254 1236 449 1282 Lozynsk'i.
465 1237 484 1270 J
488 1236 655 1270 acobsius
669 1236 716 1271 ad
734 1237 802 1273 AEl.
818 1237 1064 1284 fragmentum

31 1294 265 1341 desumptum
276 1295 479 1341 suspicatur
490 1306 534 1329 ex
551 1306 664 1341 opere
681 1293 767 1344 Περὶ
776 1295 842 1329 τῶν
860 1297 1062 1343 νομοθετῶν,

30 1352 94 1385 ubi
120 1353 281 1386 historiae
311 1352 357 1387 de
381 1364 471 1386 cane
495 1353 591 1399 regis
615 1352 740 1386 locum
771 1359 917 1388 tenente
937 1354 1062 1389 afferri

29 1411 206 1455 potuerit.
230 1410 342 1455 Quod
369 1410 514 1457 longius
539 1410 708 1456 petitum.
735 1410 860 1456 Quum
885 1420 1062 1458 sequente

30 1467 161 1515 fragm.
182 1469 408 1515 Hermippus
427 1468 474 1503 de
492 1469 577 1502 Nilo
598 1467 713 1503 fluvio
735 1469 915 1513 laudet-ur,
938 1473 1060 1506 nescio

29 1537 75 1561 an
103 1527 329 1574 Hermippus
356 1526 493 1561 librum
519 1527 810 1574 geographicum
837 1527 884 1561 de
912 1527 1059 1575 AEgypti

29 1591 65 1619 et
91 1585 286 1631 AEthiopiae
312 1584 527 1632 regionibus
547 1585 756 1631 scripserit,
786 1585 891 1619 sicuti
914 1586 1059 1620 Aristo-

28 1655 141 1677 creon
161 1641 287 1692 (quod
300 1655 437 1678 nomen
451 1644 617 1690 reposuit
636 1643 853 1678 Schneider.
867 1655 936 1689 pro
955 1645 1055 1691 vulg.

27 1699 295 1751 Ἀριστοκλέωνα
310 1701 320 1749 )
335 1729 345 1749 ⁷
373 1713 484 1747 quem
510 1703 681 1735 novimus
711 1712 754 1735 ex
791 1701 898 1735 Plinii
934 1702 979 1735 H.
1012 1703 1057 1738 N.

27 1761 67 1801 V,
94 1771 153 1807 10,
168 1772 204 1805 p.
228 1758 300 1794 316
320 1758 380 1795 ed.
399 1759 515 1793 Tchn.
533 1766 568 1794 et
583 1760 633 1794 VI
648 1786 656 1802 ,
676 1758 736 1802 35,
752 1771 790 1804 p.
810 1757 882 1793 388
902 1765 939 1792 et
960 1758 1033 1804 390
1047 1787 1055 1802 ‚

25 1816 90 1850 ubi
121 1824 253 1863 praeter
281 1829 340 1861 ea,
367 1829 447 1863 quae
475 1817 619 1851 disertis
646 1816 768 1850 verbis
798 1823 985 1861 tamquam
1012 1828 1056 1851 ex

25 1876 301 1909 Aristocreonte
314 1875 427 1920 petita
438 1875 577 1909 Plinius
591 1874 711 1917 affert,
727 1875 838 1908 etiam
855 1886 936 1919 quae
955 1873 1055 1907 dein-

25 1944 110 1978 ceps
128 1933 234 1979 ponit
252 1945 260 1967 ;
279 1932 563 1978 Ptoemplzanoe,
583 1935 643 1979 qui
658 1944 787 1966 canem
801 1943 869 1978 pro
889 1943 974 1977 rege
992 1930 1057 1964 lm-

26 1988 122 2033 bcm,
156 1998 252 2024 motu
282 1994 361 2035 ejus
388 1994 545 2037 imperia
573 1998 817 2037 augurantes,
849 2001 893 2023 ex
924 1988 1056 2023 eodem

23 2047 124 2082 fonte
144 2047 366 2094 deprompta
377 2048 523 2084 suerint.
543 2070 587 2075 —
604 2049 774 2083 Ceterum
790 2059 833 2082 ex
850 2047 968 2081 Plinio
988 2048 1055 2089 VI,

23 2118 54 2142 c.
68 2105 179 2152 35‚p.
196 2106 282 2151 388,
298 2113 400 2152 patet
416 2107 732 2141 Aristocreontem
745 2105 932 2150 juniorem
950 2104 1057 2139 fuisse

22 2165 195 2206 Dalione,
216 2165 280 2210 qui
296 2165 437 2211 primus
450 2164 546 2198 ultra
562 2165 715 2198 Meroen
732 2164 842 2209 longe
858 2163 1054 2197 subvectus

22 2228 95 2268 est3
124 2223 321 2256 Dalionem
345 2229 465 2256 autem
492 2223 621 2256 vixisse
646 2229 731 2268 post
757 2221 1053 2264 Timosffienem,

21 2279 185 2313 classium
200 2280 430 2326 Philadelphi
447 2280 674 2326 praefectum.
690 2280 786 2313 Hinc
804 2279 954 2325 colligas
969 2279 1053 2312 Ari-

20 2343 267 2372 stocreontem
299 2338 505 2384 Hermippo
530 2338 768 2373 Callimachio
804 2337 1053 2382 antiquiorem

20 2406 93 2428 esse
112 2395 174 2428 vix
186 2395 349 2440 potuisse
362 2423 371 2439 ,
387 2396 450 2430 sed
464 2396 520 2430 vel
535 2396 713 2445 cequalem
729 2396 786 2429 vel
803 2396 912 2429 etiam
929 2394 1054 2440 junio-

18 2464 97 2485 rem
118 2452 237 2488 fuisse.
256 2453 345 2498 Quae
374 2466 463 2488 vero
481 2453 597 2490 schol.
624 2454 746 2499 Apoll.
773 2465 817 2487 ex
845 2453 1051 2498 Hermippo

1140 181 1243 215 asseri
1271 183 1316 216 ‹le
1332 185 1413 217 Nilo
1435 188 1603 234 Cyclopis
1622 190 1644 223 i'.
1659 218 1667 234 ,
1686 193 1823 227 Tantali
1850 204 2000 241 nepotc,
2017 199 2170 233 senioris

1140 238 1206 270 aevi
1228 250 1476 276 commentum
1500 246 1690 289 redolent,
1714 250 1816 294 quod
1834 252 2041 288 Callimachi
2064 255 2168 290 disci-

1141 296 1227 339 pulo
1248 298 1437 334 vindicare
1466 302 1602 349 absque
1629 308 1825 341 testimonii
1849 313 2066 347 auctoritate
2095 327 2167 347 no—

1140 351 1260 388 lueris.
1281 356 1402 398 Quare
1424 359 1665 407 Hermippum
1689 365 1818 399 llssliani
1846 374 1880 399 ct
1899 368 2010 402 schol.
2041 372 2165 416 Apoll.

1138 420 1157 442 a
1186 410 1352 444 Vitarum
1376 415 1555 460 scriptore
1587 419 1886 466 distinguendum
1919 438 1992 459 csse
2021 440 2165 464 censeo.

1137 465 1315 512 Idemque
1349 469 1394 502 ab
1424 472 1628 520 Hermippo
1664 479 1809 524 Rei-ylio
1841 482 2004 518 diversus
2034 485 2163 526 suerit,

1136 532 1334 571 propterea
1346 529 1449 573 quod
1464 542 1523 576 ap.
1540 534 1654 568 schol.
1669 539 1793 582 Apoll.
1810 540 2050 578 laudatur.-—
2063 546 2113 578 Dc
2127 558 2164 579 re

1135 593 1195 627 ap.
1208 582 1339 620 AElian.
1359 596 1560 623 memorata
1576 590 1623 625 cs.
1644 593 1822 629 Plutarch.
1841 598 1930 631 Mor.
1946 612 1981 644 p.
2002 602 2112 644 1064,
2129 603 2165 636 Β.

1629 696 1638 714 l
1654 695 1682 714 Ι·

1186 739 1306 773 Schol.
1326 743 1449 787 Apoll.
1470 744 1538 778 Rh.
1562 746 1622 788 lv,
1641 748 1714 793 269
1740 761 1746 782 :
1765 747 1805 784 ‘0
1823 749 1856 784 δὲ
1874 752 1990 793 Νεῖλος
2005 752 2092 789 οὕτω
2106 770 2163 791 το-

1133 793 1296 845 πρότερον
1315 798 1489 844 ἐκαλεῖτο,
1506 799 1658 850 Τρίτων’
1677 805 1924 853 μετωνομάσθη
1944 808 1977 845 δὲ
1998 811 2065 846 ἀπὸ
2083 814 2164 850 Νεί-

1132 851 1192 887 λου
1216 856 1275 889 τοῦ
1294 853 1505 901 Κύκλωπος,
1523 860 1580 894 τοῦ
1601 860 1802 907 Ταντάλου,
1825 865 2090 911 βασιλεύσαντος
2104 873 2161 913 τ’ἦς

1130 908 1265 960 χώρας,
1282 914 1326 954 ὡς
1340 912 1546 965 (Ἕρμιππός
1570 931 1686 966 φησιν.

1184 970 1248 1004 His
1265 971 1489 1020 subjungere
1504 974 1609 1010 liceat
1625 988 1743 1023 pauca
1758 979 1818 1013 illa
1835 992 1914 1025 quae
1929 994 1971 1016 ex
1989 984 2161 1031 Hermip-

1128 1027 1166 1072 pi
1185 1027 1288 1062 libris
1302 1029 1389 1078 Περὶ
1405 1028 1526 1079 μάγων
1541 1033 1758 1071 asseruntur.
1775 1038 1858 1071 Non
1871 1050 1943 1073 esse
1961 1052 1978 1073 a
1994 1041 2162 1077 Callima-

1129 1084 1187 1118 chi
1213 1085 1397 1134 discipulo
1422 1089 1494 1125 hoc
1521 1102 1616 1138 opus
1642 1093 1851 1138 profectum
1878 1098 2002 1131 statuit
2024 1100 2158 1135 Prelle—

1128 1155 1207 1186 rns;
1227 1152 1327 1180 recte
1343 1146 1524 1193 fortassis;
1553 1162 1683 1184 verum
1706 1153 1952 1201 Hermippum
1977 1156 2074 1192 hunc
2102 1157 2157 1193 τὸν

1128 1199 1384 1251 ἀστρολογικὸν,
1404 1217 1515 1251 quem
1531 1206 1623 1244 dicit
1639 1209 1738 1255 apud
1753 1211 1969 1246 Athenaeum
1990 1215 2159 1250 Nicoma-

1126 1258 1214 1293 chus
1245 1259 1254 1306 (
1270 1273 1306 1295 ν.
1336 1261 1382 1298 fr.
1416 1262 1460 1297 81
1476 1264 1510 1312 ),
1544 1265 1704 1301 eundem
1735 1279 1808 1303 esse
1840 1282 1925 1303 cuin
1955 1272 2160 1320 Hermippo

1124 1316 1295 1363 Beryfio,
1321 1320 1375 1353 uti
1399 1320 1560 1357 Prellero
1586 1323 1748 1368 videtur,
1768 1333 1978 1373 temporum
1999 1331 2157 1366 rationes
2186 1340 2190 1345 '

1127 1370 1180 1418 (v.
1208 1374 1412 1414 introduct.
1436 1386 1518 1416 not.
1541 1379 1578 1428 1)
1605 1394 1682 1415 non
1696 1382 1908 1422 admittunt.
1932 1387 2021 1420 Nam
2042 1389 2156 1434 Bery-

1124 1430 1214 1465 tium
1236 1432 1387 1470 laudare
1406 1448 1484 1471 non
1499 1439 1622 1485 potnit
1639 1440 1788 1476 Plinius.

1476 1524 1594 1562 ΠΕΡΙ
1625 1526 1809 1564 ΜΑΓΩΝ.

1610 1608 1669 1651 78.

1438 1685 1464 1718 Ε
1492 1687 1640 1722 LIBRO
1670 1689 1834 1724 PRIMO.

1172 1754 1330 1801 Diogen.
1351 1757 1393 1791 L.
1417 1758 1451 1799 Ι,
1475 1757 1496 1791 8
1523 1771 1529 1792 :
1554 1756 1786 1808 Ἀριστοτέλης
1804 1760 1832 1796 δ’
1852 1762 1885 1797 ἐν
1909 1762 2035 1813 πρώτῳ
2066 1764 2153 1814 Περὶ

1119 1809 1317 1859 φιλοσοφίας
1335 1810 1393 1847 καὶ
1416 1813 1664 1864 πρεσὸυτέρους
1685 1810 1769 1852 εἶναι
1787 1816 1886 1868 (τοὺς
1906 1818 2055 1870 μάγους)
2085 1824 2152 1857 τῶν

1120 1866 1317 1914 Αἰγυπτίων
1332 1883 1339 1890 ·
1357 1868 1416 1905 καὶ
1444 1869 1502 1906 δύο
1518 1872 1594 1908 κατ’
1620 1873 1741 1915 αὐτοὺς
1765 1868 1849 1911 εἶναι
1867 1876 1974 1926 ἀρχὰς
1987 1906 1996 1922 ,
2027 1879 2150 1927 ἀγαθὸν

1118 1922 1262 1969 δαίμονα
1284 1925 1342 1961 καὶ
1369 1926 1474 1963 κακὸν
1496 1929 1659 1977 δαίμονα·
1688 1931 1747 1967 καὶ
1767 1935 1815 1982 τῷ
1841 1933 1902 1981 μὲν
1933 1933 2038 1983 ὄνομα
2066 1930 2151 1972 εἶναι

1117 1979 1202 2021 Ζεὺς
1232 1981 1290 2018 καὶ
1312 1982 1550 2033 Ὠρομάσδης,
1578 1990 1626 2038 τῷ
1646 1987 1680 2024 δὲ
1708 1986 1813 2043 ᾍδης
1838 1990 1895 2027 καὶ
1923 1990 2146 2042 Ἀρειμάνιος.

1117 2038 1214 2084 Φησὶ
1232 2039 1266 2075 δὲ
1282 2044 1383 2077 τοῦτο
1406 2042 1463 2079 καὶ
1483 2042 1685 2095 ἽΞρμιππος
1705 2047 1738 2083 ἐν
1760 2049 1808 2098 τῷ
1833 2047 1958 2100 πρώτῳ
1978 2049 2061 2100 Περὶ
2081 2051 2149 2099 μα’-

1115 2112 1183 2146 γων
1206 2096 1264 2133 καὶ
1286 2098 1432 2142 Εὔδοξος
1456 2102 1489 2136 ἐν
1506 2104 1549 2152 τῇ
1572 2103 1726 2154 Περιόδῳ
1746 2105 1802 2141 καὶ
1826 2106 2031 2155 Θεόπομπος
2053 2109 2085 2143 ἐν
2106 2112 2147 2157 τῇ

1115 2154 1217 2204 ὀγδόῃ
1239 2158 1305 2192 τῶν
1325 2157 1565 2198 Φιλιππικῶν.

1604 2263 1662 2297 79-

1168 2338 1303 2372 l’linius
1335 2340 1427 2375 Hist.
1445 2341 1527 2377 Nat.
1540 2342 1604 2378 lib.
1626 2344 1801 2388 XXX,c.
1824 2358 1858 2381 2.
1881 2357 1890 2381 ζ
1910 2347 2136 2393 Hermippus,

1113 2397 1174 2440 qui
1196 2395 1242 2428 cle
1265 2403 1340 2430 tota
1364 2409 1409 2430 ea
1428 2406 1507 2431 arie
1529 2398 1600 2445 (sc,
1622 2401 1843 2449 magorum)
1865 2403 2145 2449 clilig·‹>}1ci.s‘.s·i1ne

1111 2455 1275 2498 scripsit,
1295 2462 1330 2488 et
1348 2457 1465 2489 vicies
1480 2464 1621 2490 centum
1642 2459 1766 2493 millia
1785 2471 1953 2494 versuum
1972 2474 1996 2494 (ι
2012 2463 2141 2496 Zoroa-

25 2526 2126 2544 —ffl———Q——ssq

504 2567 560 2598 75.

21 2652 238 2690 EGREGIE
267 2653 420 2692 DICTA
442 2655 507 2692 Ex
529 2656 745 2694 HOMERO
775 2656 1046 2695 COLLECTA.

56 2748 105 2776 Ex
122 2747 285 2786 Hermippi
306 2748 491 2780 collectione
512 2751 632 2789 egregie
651 2750 810 2782 (lictorum
827 2753 910 2791 apud
934 2755 1045 2784 Home·

17 2804 98 2826 rinn.
118 2809 132 2823 «
161 2798 339 2828 Demetrius
358 2799 527 2831 Phalereus
547 2802 719 2832 Homerum
743 2803 783 2833 ad
804 2804 1043 2843 temperantiam

16 2848 298 2879 commendandam
318 2849 401 2880 hunc
418 2850 525 2881 fecisse
539 2860 663 2882 versum
682 2865 688 2882 ε

103 2921 234 2950 hibentes
248 2923 313 2950 lecti
328 2924 442 2962 antiqui
457 2925 560 2953 ritibus
573 2932 766 2955 accesseram.
788 2943 796 2951 ν

501 3013 557 3043 76.

55 3082 217 3113 Nationem
232 3084 410 3123 AEthiopum
422 3095 487 3117 esse.
500 3088 617 3127 audivi,
629 3098 699 3128 quae
708 3100 818 3123 canem
832 3094 926 3126 habet
939 3106 1041 3136 regem

13 3136 44 3163 et
72 3135 153 3165 illius
176 3136 305 3167 arbitrio
329 3139 434 3176 paret;
452 3139 476 3170 si
501 3149 560 3171 suo
581 3142 719 3181 quodam
742 3146 836 3177 modo
860 3149 965 3186 gannit
992 3152 1040 3182 vel

12 3188 206 3225 munnurat,
229 3196 302 3218 eum
324 3198 386 3219 non
409 3190 523 3221 iratum
541 3201 606 3223 csse
628 3198 760 3234 norunt;
784 3198 808 3228 si
828 3198 939 3239 latrat,
963 3202 1038 3234 iram

12 3239 192 3275 agnoscunt.
213 3240 296 3278 Hoc,
312 3240 401 3271 sicui
418 3243 595 3275 testimonio
614 3246 771 3279 sufficiens
793 3249 935 3282 videatur
960 3256 1037 3285 {icr—

1108 2561 1253 2600 mippus,
1270 2563 1382 2594 testem
1399 2563 1458 2595 sibi
1473 2566 1662 2597 narrationis
1678 2567 1837 2599 adducens
1853 2569 2115 2602 Aristocreontem
2131 2596 2135 2603 .

1108 2612 1231 2650 credat3
1246 2613 1321 2644 mihi
1337 2623 1410 2645 vero
1427 2624 1489 2646 non
1503 2616 1603 2648 latens
1615 2618 1746 2656 pulchre
1759 2621 1789 2649 in
1808 2620 1991 2652 memoriam
2007 2622 2102 2652 venit.

1594 2674 1649 2704 77.

1148 2721 1236 2752 Nilus
1249 2722 1324 2753 olim
1339 2725 1448 2755 Triton
1463 2726 1701 2766 appellabatur;
1719 2730 1824 2767 postea
1840 2730 1897 2760 Nili
1916 2739 2029 2761 immen
2046 2741 2134 2762 ari-,e-

1106 2771 1151 2810 pit
1164 2780 1182 2801 a
1200 2772 1270 2803 Nilo
1292 2775 1438 2814 Cyclopis
1458 2776 1520 2806 tilio
1534 2801 1542 2814 ‚
1563 2778 1684 2808 Tantali
1699 2781 1826 2818 nepote,
1845 2781 1897 2819 qui
1927 2782 2040 2820 regioni
2066 2783 2137 2814 hnic,

1105 2821 1282 2861 imperavit,
1302 2825 1379 2855 teste
1397 2826 1576 2865 Hermippo.

1492 2885 1553 2922 DE
1580 2886 1747 2924 MAGIS„

1589 2957 1643 2987 78.

1145 3006 1295 3044 AEgyptiis
1313 3007 1505 3046 antiquiores
1519 3019 1583 3040 esse,
1597 3019 1704 3049 magos
1722 3013 1900 3045 Aristoteles
1914 3017 2023 3045 auctor
2039 3019 2083 3046 est
2100 3026 2128 3046 in

1103 3055 1204 3093 primo
1225 3059 1271 3087 De
1290 3057 1486 3097 philosophia
1507 3059 1604 3098 libro,
1624 3061 1750 3101 duoque
1772 3065 1944 3095 secundum
1970 3066 2039 3096 illos
2063 3076 2127 3097 esso

1101 3107 1270 3147 principia,
1283 3109 1401 3140 bonum
1418 3110 1593 3143 daemonem
1608 3116 1639 3144 et
1656 3116 1774 3145 malum
1788 3127 1796 3149 ;
1812 3117 1946 3147 alterum
1963 3127 1997 3147 ox
2013 3118 2058 3148 his
2074 3121 2124 3148 Jo—

1101 3166 1170 3189 vem
1187 3161 1219 3190 et
1232 3161 1454 3196 Oromasdem,
1466 3163 1599 3194 alterum
1619 3165 1783 3196 Plutonem
1797 3169 1828 3196 ct
1844 3168 2036 3197 Arimanium
2052 3168 2121 3198 «lici.

1101 3209 1191 3244 Quod
1217 3212 1406 3250 Hermippus
1421 3222 1547 3252 quoque
1567 3214 1595 3244 in
1614 3216 1714 3253 primo
1740 3219 1781 3246 De
1800 3219 1897 3254 magis
1914 3221 1941 3247 cl
1974 3218 2121 3247 Emlmus

1102 3260 1131 3289 in
1154 3261 1282 3291 l'eriodo
1303 3264 1333 3292 et
1350 3263 1572 3303 Theopompus
1591 3265 1831 3304 Philippicorum}
1853 3268 1929 3297 libro
1944 3270 2064 3298 octavo.
