2338 3765
552 106 811 194 JUBA
878 106 1538 195 MAURITANU
1561 112 1639 196 S.

101 437 332 484 Pompeianis
351 437 485 483 proelio
515 436 560 470 ad
578 436 759 482 Thapsum
787 434 860 482 (46
886 447 919 469 a.
941 434 1004 482 C.)
1037 435 1073 468 in

50 495 173 530 Africa
195 494 403 530 debellatis.
430 493 545 535 Juba,
575 492 754 527 Numidiae
784 505 868 535 rex,
891 492 1073 538 Scipionis

48 553 184 595 socius,
212 551 399 598 desperata
422 552 554 593 salute,
580 558 620 584 ut
640 552 788 594 vitaret,
806 562 887 595 quae
905 550 941 583 in
957 550 1074 583 victos

49 610 229 644 committi
243 610 374 652 solent,
386 609 462 655 ipse
473 606 541 642 sibi
555 615 709 642 mortem
726 608 901 641 conscivit
915 606 1076 654 (Hirtius

48 668 102 701 De
122 666 220 701 bello
238 665 353 700 Afric.
369 679 400 702 c.
420 670 488 711 943
513 666 671 711 Appian.
689 666 730 701 B.
754 666 794 700 C.
815 665 870 708 II,
892 677 980 707 1003
1002 664 1074 698 Dio

49 724 145 759 Cass.
164 724 305 766 XLIII,
320 722 342 757 8
353 721 377 771 ).
390 724 503 758 Filius
517 722 605 767 ejus,
621 723 716 757 Juba
729 721 795 769 (1),
810 722 1005 756 historicus
1014 734 1077 755 no-

47 789 133 821 ster,
151 781 324 827 puerulus
343 781 482 824 adhue,
505 781 652 815 Caesaris
669 780 815 814 ornavit
833 779 1073 825 triumphum.

48 840 204 886 Appian.
220 840 260 873 B.
279 838 320 875 C.
341 840 396 880 ΙΙ,
418 851 483 872 101
506 851 514 872 :
533 835 642 873 Ἔνθα
661 836 717 872 καὶ
735 835 829 873 Ἰόὸα
846 837 945 882 παῖς,
964 833 1077 877 Ἰόὸας

49 899 66 931 δ
83 893 306 945 συγγραφεὺς,
327 893 445 945 βρέφος
461 893 506 931 ὢν
522 893 582 940 ἔτι,
597 893 784 944 παρήγετο.
805 895 989 931 Plutarch.
1008 895 1079 929 Cae-

50 967 120 990 sar.
143 968 174 989 c.
194 954 240 989 55
261 966 270 990 t
287 952 375 989 Τότε
395 952 453 988 καὶ
473 952 541 994 υἱὸς
559 951 604 989 ὢν
626 951 752 988 ἐκείνου
765 981 773 997 ,
795 951 918 999 κομιδῆ
938 950 1073 996 νήπιος,

49 1012 82 1047 ἐν
98 1013 146 1061 τῷ
166 1009 320 1060 θριάμὸῳ
337 1009 500 1060 παρήχθη
512 1039 521 1054 ,
540 1009 806 1060 μακαριωτάτην
822 1009 923 1051 ἁλοὺς
937 1008 1076 1055 ἅλωσιν,

48 1069 85 1104 ἐκ
95 1067 267 1118 βαρὸάρου
279 1067 337 1104 καὶ
347 1066 490 1115 νομάδος
502 1067 679 1112 Ἑλλήνων
689 1068 755 1109 τοῖς
765 1066 1077 1114 πολυμαθεστάτοις

49 1125 224 1176 ἐνάριθμος
256 1124 406 1173 γίνεσθαι
434 1128 662 1175 συγγραφεῦσι
684 1125 742 1176 (2).
766 1127 820 1161 De
848 1127 1076 1161 institutione

47 1185 175 1231 pueri,
189 1197 261 1230 qua
277 1184 344 1218 sub
361 1185 549 1219 Octaviani
564 1185 731 1230 auspiciis
746 1196 830 1218 usus
845 1195 916 1218 csse
931 1183 1079 1218 videtur

48 1243 213 1290 egregia,
235 1242 410 1276 traditum
436 1242 527 1275 nihil
552 1243 771 1289 accepimus.
798 1242 948 1276 Juvenis
970 1242 1077 1277 Oeta-

48 1300 197 1334 vianum
224 1300 262 1332 in
290 1299 429 1332 bellum
455 1305 583 1333 contra
617 1299 787 1332 aemulum
816 1305 976 1341 secutus,
996 1305 1079 1344 post

48 1363 205 1391 mortem
222 1357 372 1391 Antonii
398 1355 467 1404 (30
488 1368 521 1392 a.
545 1354 622 1403 C.),
651 1356 879 1402 Cleopatram
910 1357 1077 1400 Selenen,

49 1413 251 1460 Cleopatrae
271 1414 404 1460 reginae
424 1425 468 1447 ex
494 1414 656 1447 Antonio
678 1415 874 1447 triumviro
904 1412 1037 1456 filiam,
1059 1426 1078 1448 a

49 1471 191 1505 victore
219 1482 374 1505 uxorem
391 1471 551 1516 accepit,
575 1471 688 1516 inque
704 1483 857 1518 regnum
885 1477 1076 1517 paternum

48 1528 234 1562 restitutus
250 1534 300 1562 est
318 1527 388 1574 (29
410 1539 442 1564 a.
465 1527 504 1564 C.
521 1527 549 1574 ).
568 1529 639 1563 Dio
657 1529 750 1563 Cass.
775 1529 848 1572 LI,
863 1528 921 1563 .15
946 1540 953 1564 :
975 1525 1019 1564 ‘H
1045 1526 1079 1563 δὲ

51 1582 259 1633 Κλεοπάτρα
274 1582 368 1634 Ἰόέᾳ
383 1585 430 1634 τῷ
445 1586 501 1620 τοῦ
515 1583 624 1620 Ἰόὸου
638 1583 735 1620 παιδὶ
750 1582 938 1635 συνῴκησε.
956 1583 1078 1635 Τούτῳ

49 1638 115 1690 γὰρ
132 1642 148 1676 ὁ
169 1642 306 1689 Καῖσαρ
325 1640 484 1692 τραφέντι
502 1642 534 1676 ἐν
550 1644 590 1691 τῇ
611 1640 740 1691 Ἰταλίᾳ
758 1640 815 1677 καὶ
830 1657 1073 1692 συστρατευσα·

51 1695 142 1747 μένῳ
156 1699 199 1744 οἱ,
214 1696 341 1742 ταύτην
355 1713 390 1733 τε
405 1697 462 1734 καὶ
479 1697 539 1743 τὴν
560 1697 735 1748 βασιλείαν
752 1697 812 1743 τὴν
828 1698 990 1750 πατρῴαν
1002 1699 1081 1736 ἔδω-

50 1768 103 1790 κε.
140 1755 327 1792 Plutarch.
359 1758 494 1792 Anton.
520 1768 552 1792 c,
583 1756 628 1801 87
656 1767 665 1792 t
696 1755 873 1792 Ἀντωνίου
896 1756 930 1792 δὲ
961 1755 1079 1805 γενεὰν

52 1811 278 1853 ἀπολιπόντος
299 1812 336 1847 ἐκ
364 1814 463 1862 τριῶν
483 1815 650 1861 γυναικῶν
676 1811 761 1848 ἑπτὰ
786 1814 934 1861 παῖδας,
955 1815 972 1849 ὁ
998 1828 1079 1864 πρε-

51 1867 238 1913 σὸύτατος,
267 1867 467 1914 Ἄντυλλος,
496 1869 560 1906 ὑπὸ
588 1869 759 1920 Καίσαρος
791 1871 935 1922 ἀνῃρέθη
964 1871 1079 1920 μόνος·

51 1924 127 1967 τοὺς
147 1924 180 1962 δὲ
209 1926 345 1968 λοιποὺς
375 1923 545 1964 Ὀκταὸία
572 1926 821 1977 παραλαῧοῦσα
843 1927 929 1975 μετὰ
957 1931 1022 1965 τῶν
1046 1928 1079 1972 ἐξ

92 2063 135 2101 (1)
164 2064 207 2094 De
236 2063 407 2102 majoribus
431 2064 523 2095 Jubae
539 2064 641 2095 dicere
658 2065 697 2095 ad
719 2074 774 2096 nos
798 2066 873 2096 nihil
893 2066 1013 2097 attinet.
1035 2068 1080 2098 De

51 2109 204 2148 suspectae
220 2108 291 2140 fidei
308 2110 508 2149 inscriptione
533 2110 585 2149 (in
605 2119 667 2149 qna
691 2120 799 2149 regum
824 2111 918 2142 series
943 2124 949 2143 ε
979 2112 1078 2151 Juba,

49 2154 148 2194 Juba‚
175 2155 352 2194 Hiempsal,
379 2157 512 2186 Gulussa
525 2180 533 2195 ‚
559 2156 733 2195 Masinissa)
752 2166 783 2187 v.
808 2158 930 2196 Sylloge
956 2159 1078 2197 epistol.

50 2201 220 2232 Burmanni
238 2203 318 2232 tom.
337 2204 384 2239 11,
400 2211 430 2241 p.
455 2204 510 2233 145
530 2211 576 2241 sq.
599 2203 711 2234 Saxius
727 2203 757 2233 in
779 2206 894 2235 Onom.
911 2207 937 2241 l,
960 2214 988 2244 p.
1010 2209 1076 2237 178.

49 2247 97 2278 Cf.
110 2247 198 2277 infra.
211 2247 300 2278 Jubae
311 2248 495 2278 sententiam
508 2256 546 2278 ex
556 2257 618 2287 qua
632 2248 757 2279 familiae
767 2257 832 2279 suae
845 2259 940 2289 genus
947 2251 987 2281 ab
1000 2253 1078 2282 Iler-

50 2293 123 2323 cule
137 2293 275 2332 derivat,
292 2303 324 2325 v.
339 2295 370 2325 in
385 2295 493 2333 fragm.
514 2298 561 2326 19.
578 2296 725 2326 Ceterum
740 2296 804 2326 vid.
818 2297 923 2336 Sevin‚
940 2297 1079 2329 Becher-

49 2339 124 2370 clzes
135 2348 196 2370 sur
210 2340 246 2371 Za
262 2342 313 2371 vie
326 2343 358 2371 et
372 2341 418 2371 les
431 2349 594 2380 ouvraqes
606 2341 645 2372 de
659 2342 751 2373 Juba
769 2343 799 2373 le
807 2343 921 2382 jwne,
937 2343 966 2373 in
979 2344 1075 2375 Mem.

50 2385 90 2416 de
105 2385 231 2416 l'Acad.
251 2386 283 2417 (l.
301 2389 407 2418 Inscr.
426 2389 504 2418 tom.
520 2390 577 2426 lv,
592 2397 622 2427 p.
639 2390 696 2419 457
712 2398 780 2428 sqq.

91 2430 134 2469 (2)
154 2434 199 2462 Ex
212 2432 272 2462 alio
289 2433 391 2472 sonte,
407 2433 457 2463 cni
474 2433 567 2464 tidem
582 2435 694 2465 merito
707 2435 917 2475 denegarunt,
932 2445 987 2468 sua
1000 2438 1078 2468 liau-

49 2477 88 2507 sit
107 2476 216 2507 suidas
232 2489 239 2508 ε
256 2478 353 2513 Ἰόὸας
364 2502 372 2516 ,
389 2480 502 2516 Λιὸύης
520 2481 571 2510 καὶ
588 2482 784 2520 Μαυρουσίοις
801 2483 957 2521 βασιλεὺς,
977 2484 1009 2514 ὃν
1025 2486 1079 2515 λα·

49 2522 150 2558 δόντες
164 2524 214 2554 καὶ
227 2526 542 2564 μαστιγώσαντες
556 2526 729 2565 ἐπόμπευον
744 2530 771 2558 οἱ
782 2529 940 2568 Ῥωμαῖοι,
956 2531 996 2561 οὺ
1011 2533 1078 2571 μὴν

50 2568 211 2607 ἀνεῖλον,
226 2570 288 2600 διὰ
303 2572 368 2608 τήν
381 2572 598 2603 παίδευσιν.
619 2572 677 2602 ’Ὴν
692 2573 722 2602 δὲ
742 2573 789 2603 ἐπὶ
808 2574 984 2613 Αὐγούστου
1001 2577 1078 2607 Καί-

50 2625 141 2653 σαρος
151 2638 159 2652 ,
177 2616 228 2645 καὶ
242 2617 294 2652 τὴν
309 2618 504 2658 Κλεοπάτρας
518 2618 665 2657 Θυγατέρα
683 2620 823 2657 Σελήνην,
838 2622 873 2656 ἣν
887 2621 921 2651 ἐκ
935 2625 986 2652 τοῦ
1001 2624 1078 2653 Καί-

53 2671 142 2700 σαρος
165 2662 258 2692 Γαΐου
274 2662 367 2701 (deb.
387 2664 415 2698 ἐξ
440 2664 618 2701 Ἀντωνίου)
641 2666 804 2703 γενομένην
827 2667 1007 2706 ἐπεποίητο,
1025 2680 1077 2708 γυ·

49 2710 140 2736 ναῖκα
156 2708 279 2747 εἰλήφει.
307 2710 480 2749 Συνήκμαζε
505 2710 535 2740 δὲ
563 2710 646 2749 αὖτῷ
671 2711 800 2750 Δίδυμος
826 2713 842 2742 ὁ
866 2714 1059 2754 χαλκέντερος
1071 2739 1078 2753 ,

50 2752 66 2781 ὁ
79 2752 130 2781 καὶ
147 2753 242 2783 πολλὰ
256 2753 371 2794 γράψας
385 2755 454 2785 κατ’
467 2755 571 2785 αὐτοῦ.
592 2755 728 2795 Ἔγραψε
738 2758 834 2787 πολλὰ
853 2758 942 2788 πάνυ.
961 2760 1006 2790 Ad
1022 2770 1077 2791 vo-

50 2805 118 2827 cem
137 2801 385 2838 μαστιγώσαντες
408 2801 567 2831 welserus
583 2809 630 2840 ap.
647 2804 665 2832 J
670 2811 809 2841 ungerm.
837 2804 876 2834 ad
894 2806 1013 2836 Pollae.
1038 2809 1077 2844 V,

51 2846 88 2874 88
105 2855 112 2873 :
133 2857 145 2870 υ
163 2845 243 2875 Puer
261 2845 431 2877 admodum
453 2847 568 2877 ductus
584 2847 663 2885 suit,
680 2850 710 2878 et
727 2858 798 2888 quac
822 2851 891 2881 tum
911 2850 1078 2891 flagrorum

52 2892 165 2920 cansa?
179 2899 281 2930 neque
303 2892 343 2922 ob
356 2893 564 2924 eruditionem
582 2893 722 2932 profecto
739 2903 815 2933 puer
831 2898 980 2929 servatus.
1000 2900 1080 2930 Satis

50 2934 168 2965 indicat
191 2936 394 2975 Plutarchus,
412 2938 625 2977 captivitatem
642 2939 769 2970 demum
794 2942 960 2973 eruditioni
986 2953 1077 2975 occa—

50 2980 168 3011 sionem
183 2981 314 3014 dedisse.
328 2985 497 3023 Imaginem
508 2984 589 3015 inter
601 2985 739 3017 illustres
751 2988 854 3018 Ursini
867 2991 999 3028 reperies
1009 2991 1079 3022 loco

51 3026 220 3057 Lxxvlll.
251 3028 310 3059 Sed
328 3037 404 3059 cave
423 3032 648 3062 commentario
667 3032 759 3063 fidem
780 3034 910 3073 habere,
936 3037 989 3075 qui
1006 3045 1077 3075 quae

52 3070 104 3100 tilii
118 3074 207 3110 sunt,
223 3075 302 3112 patri
315 3075 435 3106 tribuit.
455 3088 469 3102 »
484 3093 525 3098 —
537 3077 756 3117 Bernhardyus
768 3082 898 3111 annotat
913 3094 920 3111 ε
938 3094 952 3108 «
971 3085 1078 3122 Neque

51 3123 125 3146 vero
144 3118 262 3149 temere
277 3120 389 3150 Suidas
405 3121 481 3151 talia
497 3122 596 3161 tingit.
615 3123 689 3153 Mihi
707 3124 832 3155 videtur
848 3126 932 3164 quod
950 3127 987 3158 de
1007 3129 1077 3158 vin-

52 3160 135 3192 dicta
154 3163 304 3196 libertatis
317 3166 466 3197 traditum
480 3167 665 3211 invenisset,
680 3170 785 3207 paullo
802 3170 945 3209 pinguius
961 3172 1012 3203 ille
1028 3181 1076 3203 ac-

53 3207 179 3282 cepisse.
201 3222 215 3235 »
231 3211 305 3241 Mihi
325 3211 584 3244 declamationem
603 3215 735 3245 rhetoris
754 3216 917 3254 cujusdam
936 3218 1076 3249 redolere

53 3252 95 3282 vi(
107 3255 210 3285 entur.

1082 3326 1131 3350 465

213 3352 249 3372 lslt
260 3351 397 3373 xmlENTx
422 3352 539 3374 lllS'l‘or..
562 3354 613 3374 Cll-
636 3364 669 3368 -·
691 3356 759 3378 ΥΟΕ.
784 3358 824 3378 111.

1133 435 1254 478 ἑαυτῆς
1282 433 1418 484 ἔθρεψε·
1441 435 1497 472 καὶ
1519 437 1743 486 Κλεοπάτραν
1774 436 1832 485 μὲν
1856 436 1917 483 τὴν
1946 436 1977 480 ἐξ
2000 439 2159 476 Κλεοπά-

1134 505 1215 540 τρας
1251 490 1369 541 Ἰόὸᾳ,
1400 494 1448 542 τῷ
1480 493 1696 543 χαριεστάτῳ
1740 494 1922 543 βασιλέων,
1961 495 2158 548 συνῴκισεν.

1134 549 1187 585 Cf.
1212 550 1344 584 Strabo
1365 551 1487 595 XVII,
1502 564 1539 597 p.
1561 552 1648 588 828.
1670 554 1822 589 Sueton.
1840 555 1953 601 Calig.
1974 567 2005 589 c.
2031 555 2094 594 26.
2110 577 2161 582 —-

1135 607 1318 651 Quattuor
1338 608 1441 641 annis
1459 615 1544 653 post
1564 611 1762 655 Augustus,
1782 609 1887 644 finito
1907 619 2036 647 contra
2052 615 2160 647 Astu-

1135 676 1191 698 res
1211 671 1245 699 et
1262 665 1463 700 Cantabros
1482 665 1597 709 bello,
1618 667 1721 700 Jubae
1738 670 1926 713 assignavit
1946 681 2057 717 regna
2080 683 2160 717 quae

1136 720 1303 757 Bocchus
1323 730 1358 757 et
1382 724 1525 769 Boguas
1550 730 1632 758 ante
1661 731 1853 759 tenuerant
1883 726 2161 772 (Mauritaniam

1135 780 1364 826 Tingitanam
1387 787 1422 814 et
1442 781 1733 828 Caesariensem),
1755 795 1795 817 ac
1815 791 1990 829 praeterea
2018 793 2161 832 partem

1137 836 1309 873 Gaetuliae.
1334 839 1405 872 Dio
1426 837 1518 872 Cass.
1547 839 1655 880 LIII,
1688 839 1734 872 26
1762 850 1770 874 :
1794 840 2022 887 Παυσαμένου
2051 840 2085 878 δὲ
2105 845 2163 878 τοῦ

1137 891 1289 941 πολέμου
1306 892 1468 931 τούτου...
1489 895 1538 944 τῷ
1559 893 1619 941 μὲν
1638 893 1731 944 Ἰόὸᾳ
1747 897 1806 938 τῆς
1822 911 1857 932 τε
1872 897 2073 940 Γαιτουλίας
2089 898 2164 935 τινὰ

1137 950 1210 985 ἀντὶ
1227 953 1285 995 τῆς
1303 949 1463 1001 πατρῴας
1478 952 1586 1001 ἀρχῆς
1597 980 1607 999 ,
1625 950 1763 1002 ἐπείπερ
1779 953 1811 993 ἐς
1830 952 1884 989 τὸν
1899 956 1964 991 τῶν
1980 954 2163 1004 Ῥωμαίων

1136 1006 1262 1054 κόσμον
1275 1009 1304 1045 οἱ
1323 1007 1457 1049 πλείους
1471 1007 1722 1058 ἐσεγεγράφατο
1734 1038 1742 1053 ,
1760 1008 1818 1045 καὶ
1830 1009 1871 1046 τὰ
1885 1015 1941 1047 τοῦ
1956 1011 2089 1062 Βόκχου
2107 1017 2164 1050 τοῦ

1137 1079 1172 1100 τε
1190 1065 1339 1114 Βογούου
1354 1066 1458 1102 ἔδωκε
1477 1065 1546 1114 (25
1565 1079 1598 1103 a.
1617 1067 1658 1104 C.
1671 1066 1698 1115 ).
1717 1069 1849 1103 Strabo
1864 1070 1988 1114 XVII,
2004 1084 2044 1117 p.
2068 1071 2163 1109 828:

1138 1122 1269 1172 Μικρὸν
1292 1121 1352 1171 μὲν
1373 1117 1430 1159 οῦν
1447 1122 1513 1174 πρὸ
1530 1125 1628 1171 ἡμῶν
1656 1126 1686 1160 οἱ
1711 1123 1789 1174 περὶ
1810 1125 1916 1174 Βόγον
1937 1128 2086 1176 βασιλεῖς
2108 1129 2166 1165 καὶ

1138 1178 1270 1229 Βόκχον
1296 1186 1453 1231 κατεῖχον
1483 1180 1588 1225 αὐτὴν
1612 1182 1934 1231 (Mauritaniam),
1963 1183 2052 1235 φίλοι
2072 1185 2166 1223 Ῥω-

1139 1236 1249 1285 μαίων
1266 1237 1357 1280 ὄντες
1371 1254 1378 1260 ·
1396 1238 1603 1275 ἐκλιπόντων
1623 1237 1656 1275 δὲ
1673 1238 1817 1287 τούτων,
1841 1239 1975 1283 Ἰούδας
1993 1242 2166 1293 παρέλαὸε

1137 1294 1198 1338 τὴν
1216 1295 1339 1346 ἀρχὴν,
1368 1296 1478 1338 δόντος
1500 1299 1559 1333 τοῦ
1582 1295 1760 1334 Σεὸαστοῦ
1777 1296 1951 1347 Καίσαρος
1965 1298 2023 1335 καὶ
2039 1299 2166 1345 ταύτην

1139 1353 1231 1403 αὐτῷ
1252 1353 1312 1398 τὴν
1327 1353 1436 1404 ἀρχὴν
1456 1353 1538 1405 πρὸς
1557 1357 1599 1405 τῇ
1614 1353 1772 1404 πατρῴα.
1792 1357 1896 1391 Idem
1916 1359 1985 1402 VI,
2001 1371 2039 1405 p.
2063 1360 2135 1395 288
2157 1375 2163 1395 :

1139 1410 1224 1448 Νυνὶ
1247 1411 1273 1447 δ’
1298 1412 1343 1453 εἷς
1367 1410 1501 1449 Ἰούδαν
1528 1412 1751 1463 περιέστηκεν
1778 1412 1799 1457 ἦ
1825 1428 1860 1449 τε
1883 1415 2087 1464 Μαυρουσία
2111 1418 2169 1453 καὶ

1139 1467 1250 1504 πολλὰ
1269 1467 1354 1518 μέρη
1373 1472 1432 1514 τῆς
1449 1469 1555 1514 ἄλλης
1578 1468 1708 1515 Λιὸόης
1732 1468 1787 1506 διὰ
1804 1469 1865 1515 τὴν
1880 1471 1962 1521 πρὸς
1976 1471 2169 1521 Ῥωμαίους

1140 1524 1269 1562 εὔνοιάν
1288 1542 1323 1562 τε
1338 1527 1395 1563 καὶ
1410 1527 1537 1577 φιλίαν.
1557 1530 1711 1577 Regiam
1726 1530 1822 1564 Juba
1836 1532 2023 1566 constituit
2037 1535 2093 1568 Jol
2112 1548 2169 1569 ui·-

1140 1585 1238 1628 bem,
1256 1598 1366 1632 quam
1379 1599 1603 1634 magnopere
1617 1594 1760 1621 auctam
1772 1588 1808 1622 in
1822 1589 2003 1625 honorem
2020 1595 2167 1638 patroni

1140 1644 1336 1678 Caesaream
1352 1644 1485 1690 (hodie
1499 1644 1744 1693 Cl1e1·‹·hel(*))
1759 1645 2023 1685 (161101111113111.
2037 1650 2168 1685 Strabo

1139 1701 1258 1746 XVII,
1272 1714 1311 1748 p.
1331 1701 1375 1736 83
1387 1715 1399 1736 1
1423 1714 1430 1736 :
1447 1694 1515 1737 ίἮν
1527 1699 1573 1746 δὲ,
1588 1703 1621 1737 ἐν
1633 1703 1674 1751 τῇ
1689 1701 1844 1753 παραλία
1858 1702 1965 1754 ταύτῃ
1980 1704 2075 1748 πόλις
2091 1706 2170 1744 Ἰὼλ

1139 1756 1244 1805 ὄνομα
1260 1786 1269 1802 ,
1286 1758 1327 1802 ἣν
1347 1758 1523 1800 ἐπικτίσας
1543 1758 1675 1800 Ἰούδας
1692 1761 1708 1795 ὁ
1724 1762 1781 1795 τοῦ
1804 1761 2022 1809 Πτολεμαίου
2036 1764 2168 1816 πατὴρ,

1142 1813 1365 1861 μετωνόμασε
1390 1815 1616 1865 Καισάρειαν,
1635 1814 1780 1865 ἔχουσαν
1794 1816 1852 1853 καὶ
1872 1817 2011 1866 λιμένα,
2031 1820 2089 1857 καὶ
2104 1822 2169 1873 πρὸ

1139 1874 1195 1907 τοῦ
1217 1871 1349 1919 λιμένος
1370 1871 1498 1916 νησίον.
1525 1872 1663 1915 Μεταξὺ
1683 1872 1716 1909 δὲ
1732 1876 1790 1918 τ’ἧς
1810 1875 2017 1926 Καισαρείας
2036 1877 2094 1914 καὶ
2110 1881 2169 1915 τοῦ

1139 1930 1275 1977 Τρητοῦ
1297 1929 1402 1978 μέγας
1427 1930 1497 1966 ἐστὶ
1522 1930 1639 1979 λιμὴν,
1663 1930 1698 1967 ὃν
1723 1931 1862 1968 Σάλδαν
1888 1934 2049 1970 καλοῦσι·
2070 1939 2169 1973 τοῦτο

1140 1985 1169 2021 δ’
1187 1985 1278 2022 ἐστὶν
1293 1986 1380 2037 ὅριον
1398 1990 1457 2032 τῆς
1471 1987 1536 2024 ὑπὸ
1553 1990 1600 2038 τῷ
1619 1987 1733 2039 Ἰούῧᾳ
1753 1989 1810 2025 καὶ
1831 1992 1889 2034 τῆς
1911 1990 1974 2027 ὑπὸ
1990 1997 2058 2034 τοῖς
2078 1992 2166 2030 Ῥω-

1141 2042 1263 2091 μαίοις.
1286 2047 1424 2080 Plinius
1442 2049 1483 2091 V,
1508 2060 1539 2090 1,
1574 2060 1586 2081 1
1621 2059 1628 2083 τ
1651 2049 1942 2084 I'romonlorimn
1964 2053 2160 2098 Apollinis,

1139 2104 1379 2150 oppidumque
1397 2105 1448 2138 ibi
1467 2106 1737 2140 celeberrimum
1755 2107 1938 2149 Cressa-ea,
1963 2117 2048 2143 ante
2063 2114 2168 2145 voci-

1140 2169 1252 2194 tatum
1272 2163 1347 2203 Jol,
1385 2162 1493 2196 Jahn>
1512 2166 1634 2207 regia,
1663 2176 1686 2196 α
1715 2165 1807 2198 Divo
1829 2164 1985 2200 Claudio
2014 2168 2170 2202 colonioe

1132 2221 1218 2262 jure
1236 2219 1387 2253 donata.
1411 2240 1460 2244 -—
1478 2221 1586 2254 Anno
1610 2220 1631 2254 6
1655 2233 1694 2267 p.
1718 2221 1803 2256 Chr.
1828 2222 2054 2259 Gaetulorum
2071 2238 2169 2260 con-

1141 2281 1195 2309 tra
1219 2275 1354 2310 Jubam
1377 2277 1509 2310 exarsit
1525 2277 1675 2320 seditio,
1697 2290 1807 2324 quam
1828 2283 2054 2327 compescuit
2073 2283 2168 2318 Cor-

1139 2333 1256 2367 neIIus
1275 2334 1413 2368 Cossus.
1437 2335 1504 2368 Dio
1523 2335 1619 2371 Cass.
1642 2336 1712 2380 LV,
1744 2349 1774 2370 c.
1797 2337 1844 2371 28
1866 2350 1873 2371 :
1896 2339 2098 2385 Γαιτοῦλοι,
2120 2342 2168 2390 τῷ

1139 2403 1175 2425 τε
1194 2388 1309 2440 Ἰούδα
1330 2391 1377 2439 τῷ
1400 2391 1535 2439 βασιλεῖ
1560 2390 1762 2440 ἀχθόμενοι,
1778 2392 1834 2428 καὶ
1855 2392 1928 2441 ἅμα
1949 2395 2169 2438 ἀπαξιοῦντες

1142 2445 1189 2494 μὴ
1208 2448 1244 2483 οὐ
1266 2446 1324 2483 καὶ
1344 2447 1440 2483 αὐτοὶ
1462 2447 1528 2484 ὑπὸ
1551 2450 1617 2484 τῶν
1635 2448 1823 2497 εΡωμαίων
1842 2450 2025 2501 ἄρχεσθαι,
2046 2454 2168 2491 ἐπανέ-

1142 2519 1269 2548 στησαν
1292 2505 1402 2555 αὐτῷ·
1425 2504 1482 2541 καὶ
1499 2504 1560 2550 τὴν
1582 2505 1782 2557 πρόσχωρον
1801 2508 2007 2558 ἐπόρθησαν,
2028 2511 2085 2547 καὶ
2109 2526 2168 2548 συ-

1139 2561 1237 2611 χνοὺς
1269 2561 1327 2598 καὶ
1368 2565 1434 2599 τῶν
1471 2562 1657 2611 ‘Pometiam
1689 2565 2021 2615 ἐπιστρατεύσαντας
2056 2567 2168 2619 σφίσιν

1141 2619 1353 2658 ἀπέκτειναν.
1376 2620 1426 2657 Τὸ
1447 2620 1480 2657 δὲ
1503 2620 1642 2669 σύμπαν
1661 2621 1717 2658 ἐπὶ
1737 2626 1894 2659 τοσοῦτον
1916 2624 2168 2673 ἐπηυξῆθησαν,

1139 2675 1227 2713 ὥστε
1259 2677 1446 2726 Κορνήλιον
1475 2678 1623 2724 Κόσσον,
1652 2679 1707 2716 τὸν
1732 2682 2030 2731 κατεργασάμενον
2061 2688 2166 2735 σφᾶς,

1139 2734 1240 2782 τιμάς
1262 2750 1297 2771 τε
1326 2736 1507 2777 ἐπινικίους
1534 2736 1591 2771 καὶ
1616 2737 1811 2784 ἐπωνυμίαν
1832 2739 1890 2774 ἀπ’
1911 2740 2011 2775 αὐτοῦ
2032 2741 2163 2779 λαὸεῒν.

1139 2793 1193 2828 Cf.
1219 2795 1349 2828 Florus
1369 2796 1430 2837 lv,
1466 2808 1528 2837 ι’),
1554 2799 1613 2836 (50.
1637 2796 1761 2841 Vellej.
1788 2798 1840 2840 Π,
1868 2799 1949 2834 116.
1972 2799 2054 2844 Quo
2075 2807 2165 2835 tem-

1181 2899 1220 2938 (⁴)
1248 2900 1304 2930 Alii
1331 2900 1432 2931 aliter.
1459 2901 1532 2932 Vid.
1558 2910 1638 2941 quos
1660 2902 1767 2933 laudat
1785 2903 1940 2943 Forbiger.
1962 2905 2029 2937 Act.
2052 2908 2164 2947 Geoqr.

1139 2947 1215 2976 tom.
1235 2948 1280 2983 ΙΙ,
1295 2955 1325 2984 p.
1344 2950 1412 2977 873.
1430 2956 1460 2977 n.
1479 2950 1528 2978 91.
1545 2948 1603 2978 Ch.
1619 2950 1809 2980 Lenormant
1822 2950 1852 2980 in
1868 2953 2017 2983 Journal
2039 2953 2095 2984 des
2109 2954 2164 2985 (ἰέ-

1140 2990 1226 3027 hats,
1240 2995 1275 3021 23
1287 2993 1346 3021 Jan
1375 2994 1450 3022 1844
1467 3004 1473 3022 z
1492 3005 1507 3018 a
1525 2995 1572 3024 L'n
1590 2993 1679 3024 buste
1691 2993 1729 3024 (16
1743 2995 1867 3026 marbre
1877 2997 1924 3026 est
1935 2996 2104 3029 decouvert
2121 2999 2165 3028 re-

1138 3038 1295 3067 cemment
1307 3037 1325 3067 a
1342 3037 1519 3073 Clterchel,
1533 3038 1610 3069 dans
1621 3039 1802 3079 l⁷Alge1·ie...
1818 3041 1893 3072 c'est
1906 3042 1934 3073 16
1948 3044 2078 3081 portrait
2090 3043 2164 3074 d'un

1138 3082 1265 3113 homme
1278 3082 1356 3113 dans
1369 3085 1438 3114 tout
1452 3084 1553 3115 l'eclat
1566 3085 1605 3115 de
1621 3086 1649 3116 la
1661 3086 1791 3124 vii-illle,
1805 3087 1881 3118 dont
1897 3088 1923 3118 le
1937 3089 2020 3119 sront
2035 3091 2079 3120 est
2090 3090 2164 3120 orne

1138 3127 1179 3157 du
1197 3127 1338 3158 bandeau
1358 3130 1454 3168 royal.
1475 3130 1498 3160 11
1515 3131 1593 3161 offre
1614 3139 1674 3162 une
1687 3132 1832 3163 evidente
1849 3134 2074 3164 ressemblance
2088 3143 2164 3165 avec

1137 3175 1217 3205 celui
1231 3175 1325 3214 qu'on
1343 3176 1408 3206 voit
1425 3185 1478 3207 sur
1492 3177 1535 3207 165
1549 3178 1762 3208 monnaiesdu
1776 3178 1824 3209 fils
1839 3179 1877 3209 de
1895 3180 1977 3210 Juba
1997 3182 2020 3210 ll
2033 3204 2041 3218 ‚
2061 3182 2163 3211 Ptole-

1137 3221 1215 3258 mee‚
1230 3222 1343 3252 second
1359 3224 1389 3252 et
1402 3222 1524 3253 dernier
1537 3223 1579 3253 roi
1592 3223 1629 3253 (le
1644 3224 1670 3254 la
1685 3225 1870 3255 Mauritanie
1884 3226 2055 3263 Tingitane.
2070 3227 2162 3257 Cher·

1137 3267 1203 3296 chel
1218 3269 1261 3297 c.·t
1280 3268 1449 3299 l'aueienne
1465 3269 1603 3299 cesaree.
1624 3282 1635 3295 n

1976 3354 2007 3374 2³.ss
