2338 3765
956 152 1086 190 1³qu
1097 153 1279 190 MENTA.

67 247 84 281 ὁ
101 244 156 286 σὸς
170 242 283 293 πατὴρ
301 241 400 292 ἄρχει
418 241 580 290 Περσῶν,
599 239 656 275 καὶ
673 239 711 275 σὺ
728 238 970 280 ἐνασυλότατος
988 239 1045 287 (28)
1063 232 1093 274 εἶ

67 302 124 339 καὶ
141 300 384 342 δυνατώτατος·
407 300 434 334 εἰ
452 297 485 334 δὲ
507 296 573 346 μὴ,
588 296 677 339 ὅστις
693 291 749 333 οὖν
770 296 809 333 ἂν
827 295 878 341 εἴη
895 297 971 346 (29).
990 313 1004 328 ¹>

119 359 186 397 Ἐκ
211 357 329 395 τούτου
354 356 393 393 τὸ
420 355 496 393 ὅλον
522 353 693 405 βούλευμα
715 353 918 391 ἐκκαλύπτει
943 369 978 389 τε
1003 354 1094 403 αὐτῷ

69 414 86 448 ὁ
103 413 233 461 Κῦρος,
254 408 312 446 καὶ
327 406 510 458 συμέούλῳ
535 408 686 457 χρῆται,
701 408 787 456 ὁρῶν
808 406 914 456 ἄνδρα
935 405 1096 456 φρόνιμον

68 467 126 504 καὶ
143 467 307 517 ἀνδρεῖον,
329 465 387 502 καὶ
414 465 446 501 ἐν
469 465 562 514 αὐτῷ
585 462 699 505 πάσας
716 463 837 513 ἔχοντα
863 461 920 504 τὰς
943 461 1094 503 ἐλπίδας.

71 525 138 563 Καὶ
155 523 188 566 ὃς
207 522 385 573 συνεπῄνει
405 537 440 558 τε
457 520 515 558 καὶ
535 519 781 570 συνεξώτρυνε,
798 518 937 569 γνώμας
954 534 989 555 τε
1010 520 1096 567 ἀγα-

68 582 126 625 θὰς
145 584 324 632 ὑφηγεῖτο,
338 578 397 616 καὶ
415 580 459 620 ὡς
480 576 547 629 χρὴ
565 576 751 628 πέμψαντα
772 576 867 626 παρὰ
886 576 1097 627 Ἀτραδάτην

67 638 123 676 τὸν
136 638 268 688 πατέρα
282 636 429 674 κελεύειν
447 635 595 678 ὁπλίζειν
617 634 775 685 Πέρσας,
793 636 841 685 τῷ
858 633 948 684 λόγῳ
965 633 1039 682 μὲν,
1054 635 1098 675 ὡς

69 695 197 744 ἕτοιμοι
222 689 285 732 εἷεν
318 693 452 745 βασιλεῖ
471 692 525 730 ἐπὶ
559 691 784 737 Καδουσίους,
815 694 862 741 τῷ
883 691 971 742 ἔργῳ
1000 692 1028 727 δ’
1052 690 1098 732 εἷς

69 753 269 791 ἀπόστασιν·
286 751 402 788 ἔπειτα
422 753 465 792 ὡς
478 748 546 800 χρὴ
562 748 656 800 παρὰ
667 749 851 799 Ἀστυάγου
868 750 1097 798 αἰτησάμενον

69 810 199 861 ἡμέρας
218 811 323 847 ἐλθεῖν
344 807 444 845 αὐτὸν
464 809 508 850 εἷς
528 808 587 852 τὴν
609 807 761 858 Περσίδα
776 835 785 852 ‚
802 808 846 849 ὡς
863 805 936 856 ἱερὰ
958 806 1097 843 εὐκταῖα

69 867 199 905 θύσειεν
214 868 298 917 ὑπὲρ
314 864 479 917 βασιλέως
493 865 551 902 καὶ
567 867 626 910 τῆς
640 864 767 901 ἐκείνου
776 863 958 914 σωτηρίας,
973 864 1046 913 ἅμα
1064 864 1099 900 δὲ

68 926 195 964 καὶτοῦ
213 925 351 977 πατρὸς,
369 923 485 969 ἐπειδὴ
503 923 639 974 φαύλως
653 923 725 973 ἔχει
740 922 799 973 (3ο)
817 923 882 960 ὑπὸ
899 922 1009 960 νόσου.
1028 940 1042 955 ¹<
1059 924 1100 960 Εἰ

68 984 104 1021 δὲ
122 987 230 1021 ταῦτα
247 982 386 1034 πράξει,
407 980 623 1032 ἐγχειρητέον
644 981 740 1018 ἔσται
759 983 806 1032 τῷ
835 980 1009 1029 σύμπαντι
1038 982 1100 1016 ἀν-

71 1040 198 1091 epafum.
220 1039 272 1079 Οὔ
293 1055 344 1076 τοι
365 1039 428 1090 (31)
443 1038 559 1084 δεινὸν,
580 1032 606 1075 ὦ
620 1041 735 1088 Κῦρε,
755 1037 813 1074 καὶ
829 1037 1099 1074 ἀποκινδυνεύειν

70 1100 112 1149 τῇ
133 1100 226 1150 ψυχῇ
248 1097 407 1146 μεγάλοις
427 1099 644 1147 ἐγχειροῦντα
674 1095 803 1146 ἔργοις,
834 1095 892 1132 καὶ
912 1098 1045 1139 παθεῖν,
1073 1097 1101 1131 εἰ

68 1155 160 1204 δέοι,
188 1159 287 1192 τοῦτο
308 1154 325 1191 ὃ
346 1154 404 1190 καὶ
431 1153 536 1203 μηδὲν
558 1154 708 1205 δρῶντας
736 1152 897 1201 ἀναμένει
924 1156 1058 1190 παθεῖν.
1086 1171 1101 1184 ³>

70 1212 187 1258 “fleon
204 1227 241 1250 τε
261 1205 316 1249 οὖν
336 1214 353 1247 ὃ
375 1213 486 1261 Κῦρος
515 1209 570 1246 ἐπὶ
591 1212 631 1259 τῇ
651 1209 861 1259 γενναιότητι
881 1213 940 1246 τοῦ
959 1209 1098 1260 ἀνδρὸς,

70 1270 130 1306 καὶ
148 1269 220 1319 ἅμα
237 1267 410 1319 θαρρύνων
428 1267 528 1304 αὐτὸν
546 1267 604 1304 καὶ
620 1267 676 1304 τὸν
693 1266 819 1318 ὄνειρον
836 1266 1028 1316 ἐξηγήσατο
1042 1269 1101 1311 τῆς

72 1326 199 1378 μητρὸς
218 1326 277 1364 καὶ
295 1325 356 1371 τὴν
376 1329 433 1362 τοῦ
457 1324 679 1362 Βαὸυλωνίου
700 1324 852 1374 γνώμην,
872 1324 914 1370 ἣν
933 1319 1006 1361 εἶπε
1024 1324 1100 1374 περὶ

69 1385 186 1422 αὐτοῦ.
211 1383 278 1422 Καὶ
298 1385 315 1420 ὁ
333 1382 490 1434 Οἷὸάρας
504 1381 561 1418 ἅτε
580 1381 737 1432 ἀγχίνους
753 1381 839 1418 πολὺ
855 1383 985 1430 μᾶλλον
1002 1382 1101 1418 αὐτὸν

69 1439 242 1492 ἐξώτρυνε,
263 1439 321 1477 καὶ
341 1438 579 1477 διεκελεύσατο
603 1438 680 1488 (31⁴¹)
701 1437 882 1489 φυλάττειν
903 1436 958 1474 τὸν
979 1437 1102 1475 Bozen-

67 1497 200 1544 λώνιον,
228 1500 272 1541 ὡς
293 1496 341 1547 μὴ
368 1496 546 1547 ἐξάγγελος
570 1496 621 1542 εἴη
642 1496 776 1546 βασιλεῖ
793 1499 851 1532 τοῦ
871 1495 1016 1546 ὀνείρου,
1037 1513 1052 1528 «
1074 1498 1102 1532 εἰ

68 1554 136 1607 ἄρα
159 1554 299 1592 κτείνειν
317 1553 417 1591 αὐτὸν
439 1554 503 1604 οὐχ
521 1553 719 1602 ὑπομένοις,
739 1552 823 1604 ὅπερ
849 1547 889 1598 ἦν
915 1552 1063 1603 ἄριστον.
1086 1570 1099 1585 n

71 1612 139 1651 Καὶ
153 1614 170 1649 ὃ
189 1615 311 1662 Κῦρος·
331 1630 344 1645 τι
364 1610 608 1662 Ἀποτρόπαιον
630 1610 699 1661 [ἂν]
718 1610 770 1656 εἴη
786 1610 884 1647 τοῦτό
897 1610 942 1660 γ’,
962 1628 975 1643 »
992 1604 1098 1647 εἶπεν.

70 1671 311 1707 Συνεσιτοῧντο
328 1668 368 1713 δὴ
379 1668 437 1707 καὶ
448 1668 615 1719 συνῄεσαν
630 1669 673 1718 (Ἴ
688 1668 792 1719 Κύρῳ
808 1667 845 1704 τὸ
855 1667 922 1704 ἀπὸ
933 1669 1028 1704 τοῦδε
1039 1667 1058 1704 ὅ
1066 1683 1101 1704 τε

71 1727 228 1778 Οἷὸάρας
245 1726 336 1764 καὶὸ
357 1726 588 1768 Βαὸυλώνιος.
608 1726 668 1764 Ἐν
689 1725 756 1763 δέει
782 1725 816 1762 δὲ
835 1724 881 1762 ὢν
902 1728 918 1762 ὃ
940 1725 1097 1774 Πέρσης,

70 1783 118 1833 μὴ
146 1784 301 1822 κατείποι
323 1784 406 1835 πρὸς
435 1783 623 1834 Ἀστυάγην
652 1786 669 1820 ὁ
699 1782 917 1825 Boreum-'mm
934 1782 1012 1834 περὶ
1042 1786 1100 1819 τοῦ

68 1841 216 1893 ὀνείρου,
239 1841 514 1893 προσεποιήσατο
539 1841 614 1892 ἱερὰ
630 1840 758 1892 πάτρια
779 1839 910 1892 νύκτωρ
935 1841 1098 1877 ἐπιτελεῖν

67 1902 110 1951 τῇ
134 1899 281 1950 σελήνῃ,
302 1899 360 1936 καὶ
380 1898 435 1936 τὸν
463 1900 574 1949 Κῦρον
592 1898 700 1949 ᾔτησε
719 1897 855 1946 θύματά
874 1913 910 1934 τε
929 1898 987 1934 καὶ
1011 1891 1099 1934 οἶνον

69 1956 127 1993 καὶ
141 1957 274 1999 οἰκέτας
292 1957 349 1994 καὶ
363 1957 552 2007 στρώματα
569 1956 627 1993 καὶ
643 1956 754 1993 τᾶλλα
769 1949 814 1992 οἷν
831 1954 910 1993 ἔδει.
933 1954 1047 1998 Ἠξίου
1065 1955 1100 1991 δὲ

73 2017 184 2066 Κῦρον
198 2013 465 2066 προστάξαιτοῒς
482 2012 704 2065 θεραπεύουσι
722 2013 895 2049 πείθεσθαι
909 2013 1013 2062 αὐτῷ.
1031 2011 1100 2050 Καὶ

70 2070 105 2114 ὃς
132 2071 319 2122 προσέταξέ
345 2087 381 2108 τε
401 2071 459 2108 καὶ
481 2074 540 2116 τῆς
571 2070 686 2112 θυσίας
715 2071 751 2107 οὗ
778 2069 1101 2119 μετεῖχεν,οἰ6ὀίρα

71 2129 309 2180 τεχνήσαντος,
322 2129 387 2179 [ὃς]
399 2128 695 2180 παρασκευάζεται
714 2128 770 2176 (32)
789 2127 830 2163 τά
844 2143 880 2164 τε
892 2127 979 2163 ἄλλα
994 2127 1099 2163 νύκτα

75 2187 134 2223 καὶ
153 2187 318 2228 στιὸάδας
336 2186 486 2237 βαθείας,
504 2185 553 2237 ἐφ’
570 2180 615 2222 ὧν
637 2184 889 2234 εὐωχήσονται,
908 2184 966 2221 καὶ
986 2183 1101 2234 βόθρον

72 2243 197 2294 ὤρυξεν
227 2246 260 2281 ἐν
281 2247 325 2293 τῇ
346 2245 450 2281 αὐτοῦ
472 2246 580 2294 σκηνῇ
601 2241 657 2293 (33)
681 2241 885 2292 βαθύτατον.
943 2240 1045 2278 Ἐπεὶ
1066 2239 1100 2277 δὲ

72 2302 184 2338 πάντα
212 2301 354 2351 ἔπραξε,
373 2301 430 2338 καὶ
448 2300 603 2351 εὐώχησε
619 2300 675 2337 τὸν
703 2298 920 2337 Βαίυλώνιον
944 2298 1002 2335 καὶ
1024 2298 1101 2346 ἐμέ-

71 2361 190 2404 θυσεν,
209 2358 293 2409 ὑπέρ
318 2374 352 2395 τε
376 2357 432 2395 τὸν
455 2358 573 2409 βόθρον
593 2359 683 2408 αὐτῷ
709 2356 825 2401 κοίτην
849 2355 1029 2406 στορέσας,
1059 2357 1103 2397 ὡς

70 2415 268 2454 κατακλίνει
283 2417 314 2459 ἐς
331 2416 473 2461 ταύτην,
494 2410 580 2452 ὦσεν
599 2415 700 2452 αὐτὸν
724 2415 768 2456 εἷς
784 2413 839 2450 τὸν
859 2414 976 2464 βόθρον
992 2413 1099 2450 κάτω.

72 2472 282 2511 Συνενέὸαλε
304 2473 332 2509 δ’
359 2474 451 2524 αὐτῷ
471 2472 529 2509 καὶ
549 2471 604 2509 τὸν
622 2471 770 2516 οἰκέτην.
801 2471 870 2508 Καὶ
892 2470 964 2518 ἅμα
994 2470 1103 2521 ὄρθρῳ

72 2530 186 2582 Κύρου
199 2529 389 2582 ἀπάραντος
402 2529 657 2581 συνωδοιπόρει.
676 2530 729 2567 Οὐ
743 2529 831 2566 πολὺ
848 2528 882 2564 δὲ
896 2527 1101 2578 προελθόντα

72 2588 226 2634 ἐπεζήτει
246 2587 303 2625 τὸν
322 2587 499 2639 ἄνθρωπον
525 2590 542 2624 ὁ
564 2590 691 2637 Κῦρος·
723 2589 739 2623 ὃ
760 2586 795 2623 δὲ
816 2586 853 2623 τὸ
884 2585 945 2635 μὲν
966 2588 1099 2637 πρῶτον

72 2646 136 2699 ἔφη
156 2645 442 2683 καταλελοιπέναι
465 2645 566 2682 αὐτὸν
596 2644 645 2682 ἔτι
670 2645 878 2681 καθεύδοντα
896 2643 961 2680 ὑπὸ
982 2643 1099 2692 μέθης.

73 2704 355 2755 Ἀγανακτοῦντος
372 2703 406 2740 δὲ
425 2706 485 2740 τοῦ
508 2702 642 2754 Κύρου,
669 2704 861 2739 τελευταῖον
883 2701 1022 2753 ἐξέφηνε
1037 2703 1103 2738 τά-

73 2760 188 2807 ληθὲς,
204 2760 255 2798 ὅτι
271 2760 370 2797 αὐτὸν
388 2759 559 2806 κτείνειεν,
576 2758 692 2804 ἐπειδὴ
711 2759 816 2808 μόνην
831 2759 1002 2808 σωτηρίαν
1020 2759 1101 2795 ταύ-

73 2834 135 2865 την
156 2817 244 2869 ἑώρα
266 2817 371 2869 Κύρῳ
390 2833 425 2854 τε
446 2818 504 2854 καὶ
524 2819 591 2859 τοῖς
614 2818 726 2868 Κύρου
747 2816 864 2853 παισὶν
885 2811 1003 2853 offam.
1027 2819 1102 2854 Λυ-

73 2874 190 2920 πηθεὶς
208 2874 243 2912 δὲ
258 2874 350 2911 πάνυ
366 2873 422 2911 ἐπὶ
439 2876 506 2916 τοῖς
524 2874 707 2924 πραχθεῖσι
721 2873 779 2910 καὶ
797 2873 846 2909 ἔτι
864 2874 994 2921 μᾶλλον
1013 2875 1104 2922 ὀργι-

74 2932 179 2978 σθεὶς,
207 2931 295 2968 ὥστε
328 2930 452 2979 μηκέτι
487 2930 687 2981 προσίεσθαι
722 2930 778 2967 τὸν
806 2930 979 2980 Οἷέάραν,
1010 2924 1103 2972 αὖθις

75 2988 226 3038 μετέγνω
240 2989 298 3026 καὶ
314 2988 473 3039 προσίετο
495 2988 608 3034 αὐτὸν,
630 2987 813 3039 συμέούλῳ
830 3004 865 3024 τε
881 2990 1005 3038 ἐχρῆτο
1025 2988 1103 3039 περὶ

75 3049 141 3084 τῶν
157 3048 282 3084 αὐτῶν.
295 3048 350 3096 Τῇ
363 3045 397 3082 δὲ
411 3049 469 3082 τοῦ
486 3045 706 3083 Βαὸυλωνίου
722 3045 856 3094 γυναικὶ
867 3045 1101 3095 πυνθανομένη

2100 162 2172 194 401

1155 246 1319 283 proel'ectus
1333 248 1396 284 est,
1411 247 1441 275 et.
1459 249 1490 276 ιιι
1508 256 1525 276 ιι
1539 247 1683 277 violentia
1707 248 1881 277 tutissimus
1898 256 1929 277 es·
1951 248 1981 277 et
2004 247 2180 285 potentissi-

1156 310 1243 340 mus;
1258 303 1304 332 siu
1322 303 1487 341 minnistin,
1508 305 1688 343 quicunque
1702 305 1830 335 demum
1850 305 1900 335 ille
1914 305 1964 335 sit.
1993 318 2005 331 ι»

1198 361 1271 390 Post
1291 360 1357 390 lunc
1373 362 1476 391 totum
1488 361 1650 392 consilium
1671 363 1697 392 ei
1714 365 1815 402 Cyrus
1829 363 1946 402 aperit,
1964 363 2113 401 socioque.
2124 362 2180 391 uti-

1157 427 1219 461 ιιιι·,
1239 427 1342 456 virum
1365 427 1548 464 prudentem
1570 430 1601 457 et
1622 429 1782 458 strenuum
1800 438 1866 458 esse.
1881 428 2006 464 videus,
2029 429 2059 459 et
2082 429 2135 467 qui
2152 428 2181 458 iu

1156 495 1220 534 ipso
1237 503 1362 524 omnem
1377 503 1462 533 spem
1477 495 1641 533 repositam
1658 496 1795 526 liaberet.
1823 496 1876 526 lile
1891 505 1963 526 vero
1984 496 2183 526 collamlabat

1156 563 1187 593 et
1206 562 1363 593 excitabat
1379 562 1539 601 probaque
1560 562 1686 593 consilia
1711 564 1906 602 suggerebat.
1925 564 2085 595 Suadebat
2109 572 2183 595 vero

1158 633 1192 662 ιιι
1205 655 1212 669 ,
1225 631 1318 661 misso
1332 631 1454 667 nuntio,
1470 631 1638 662 Ali-adaten
1652 633 1773 671 patrem
1789 636 1897 664 Persas
1910 642 2031 664 armare
2045 633 2181 671 juberet,

1158 699 1357 730 verbotenus
1369 700 1404 729 ut
1416 699 1476 737 regi
1488 699 1527 729 ad
1542 699 1658 729 belluni
1677 701 1785 730 eontra
1799 701 1960 738 Cadusios,
1976 710 2082 740 reapse
2096 702 2131 733 ut
2144 700 2181 731 ad

1158 767 1362 797 deseetionem
1375 766 1473 805 parati
1488 767 1607 803 esseut3
1625 765 1736 796 deinde.
1750 767 1782 797 ut
1794 766 1832 796 ab
1850 769 1978 807 Astyage
1992 768 2114 798 veniam
2130 777 2183 807 pe-

1158 836 1238 864 teret
1254 842 1308 872 per
1320 833 1385 864 dies
1399 833 1518 872 aliquot
1537 833 1567 863 in
1590 833 1746 864 Persidem
1761 834 1896 865 abeundi
1918 836 1955 866 ad
1976 845 2062 867 sacra
2079 837 2184 867 votiva

1160 900 1300 931 facienda
1315 909 1369 939 pro
1387 909 1455 938 rege,
1471 900 1603 939 ejusque
1620 900 1732 938 salute,
1752 909 1809 931 nee
1826 910 1887 931 non
1909 911 1963 940 pro
1983 904 2070 941 patre
2087 912 2183 942 aegro—

1159 968 1257 998 tante.
1279 979 1292 992 a
1315 968 1390 997 Haec.
1409 968 1434 996 si
1456 966 1647 1005 obtinueris,
1670 966 1729 997 toti
1757 968 1843 1006 operi
1860 977 1971 999 manus
1992 969 2187 1000 admovenda

1160 1036 1206 1065 est
1222 1036 1358 1065 strenue.
1377 1037 1485 1073 Neque
1504 1043 1577 1065 sane
1592 1034 1705 1065 mirum
1727 1036 1791 1072 est,
1805 1044 1824 1064 o
1840 1037 1939 1074 Cyre,
1963 1036 2055 1067 etiam
2069 1037 2108 1067 de
2124 1037 2187 1067 vita

1161 1102 1327 1140 periclitari
1356 1101 1458 1132 virum
1478 1110 1526 1133 res
1546 1110 1672 1141 magnas
1691 1102 1890 1141 molientem,
1911 1103 1941 1133 et
1961 1103 2024 1141 pati
2037 1127 2044 1141 ,
2071 1103 2094 1133 si
2111 1112 2188 1142 opus

1161 1169 1270 1208 suerit,
1297 1169 1327 1200 id
1356 1170 1440 1210 quod
1465 1171 1560 1202 etiam
1586 1170 1662 1201 nibil
1691 1172 1872 1210 peragentes
1893 1172 1955 1210 pati
1982 1171 2144 1202 sustinent.
2174 1185 2187 1197 υ

1161 1236 1328 1267 Gaudebat
1346 1238 1445 1275 Cyrus
1464 1236 1521 1267 bac
1538 1236 1594 1267 viri
1611 1236 1793 1267 fortitudine
1804 1261 1812 1275 ,
1827 1237 1982 1275 simulque
1995 1239 2027 1266 ut
2043 1237 2187 1267 fiduciam

1161 1303 1188 1333 ei
1211 1303 1357 1342 adderet,
1386 1302 1547 1335 somnium
1565 1302 1692 1342 matris,
1718 1306 1749 1334 et
1772 1303 1932 1342 quomodo
1958 1302 1987 1332 id
2004 1302 2189 1342 Babylonius

1161 1371 1385 1410 interpretatus
1405 1373 1504 1410 esset,
1529 1371 1682 1411 exposuit.
1715 1373 1795 1402 Tum
1815 1371 1970 1409 OEbares,
1997 1370 2044 1400 vir
2069 1371 2188 1409 perspi-

1161 1441 1219 1464 cax
1232 1456 1240 1471 ‚
1258 1433 1358 1464 multo
1371 1433 1469 1472 magis
1482 1441 1555 1464 eum
1571 1432 1748 1470 excitabat,
1768 1433 1863 1471 atque.
1876 1432 2058 1462 cohortatus
2074 1433 2138 1469 est,
2155 1434 2188 1461 ut

1161 1497 1288 1527 caveret
1311 1496 1539 1535 Babylonium,
1553 1504 1592 1526 ne
1615 1495 1641 1526 is
1658 1494 1719 1534 regi
1740 1493 1897 1525 somnium
1923 1494 2100 1532 nuntiaret,
2126 1507 2139 1519 u
2162 1495 2186 1524 si

1161 1557 1288 1598 quidem
1302 1557 1445 1588 occidere
1464 1565 1536 1587 eum
1550 1566 1613 1587 non
1634 1557 1806 1595 sustineas,
1826 1556 1911 1596 quod
1928 1565 2002 1587 sane
2024 1555 2189 1586 consultis-

1161 1619 1276 1650 simum
1296 1619 1385 1649 soret.
1404 1631 1418 1645 υ
1443 1619 1489 1649 Ad
1504 1619 1589 1658 quod
1609 1619 1709 1657 Cyrus
1725 1632 1730 1648 :
1750 1631 1762 1644 «
1788 1618 1920 1648 Facinus
1933 1617 1994 1647 hoc
2009 1618 2089 1648 esset
2106 1625 2189 1647 aver-

1162 1682 1370 1713 runcandum.
1389 1695 1402 1707 n
1424 1682 1521 1721 Igitur
1534 1682 1573 1712 ab
1588 1682 1646 1712 hoc
1661 1682 1732 1712 inde
1753 1683 1894 1721 tempore
1918 1681 2095 1711 conversari
2118 1689 2189 1711 eum

1162 1748 1244 1785 Cyro
1258 1745 1388 1786 ejusque
1405 1745 1550 1776 convictu
1567 1746 1612 1776 uti
1627 1746 1768 1777 solebant
1782 1746 1917 1777 OEbares
1931 1749 1960 1776 et
1984 1745 2187 1784 Babylonius.

1161 1809 1279 1838 Verum
1304 1808 1447 1838 metuens
1476 1810 1568 1838 Persa
1593 1816 1632 1838 ne
1660 1807 1698 1838 ad
1721 1810 1883 1847 Astyagem
1916 1807 2106 1846 Babylonius
2135 1816 2184 1837 so«

1161 1871 1281 1902 mnium
1293 1870 1448 1910 deferret,
1465 1871 1623 1902 simulavit
1641 1880 1673 1902 se
1689 1872 1782 1902 noctu
1798 1880 1885 1902 saera
1902 1872 2001 1902 Lunae
2012 1870 2073 1900 ritu
2090 1870 2189 1909 patrio

1162 1932 1320 1963 facturum
1335 1956 1342 1971 ‚
1357 1931 1393 1962 ad
1409 1940 1506 1970 eaque
1524 1940 1539 1961 e
1559 1932 1642 1970 Cyro
1657 1931 1766 1970 petivit
1781 1931 1914 1969 hostias,
1937 1931 2045 1961 vinum
2059 1954 2067 1969 ,
2097 1930 2188 1960 mini-

1162 1994 1255 2024 steria
1265 2018 1272 2032 ,
1286 1994 1422 2032 stragula
1436 1994 1466 2024 et
1478 1994 1579 2024 cetera
1591 1992 1707 2031 quibus
1720 2002 1798 2032 opus
1809 1994 1886 2023 erat.
1903 1994 2058 2023 Praeterea
2071 1994 2188 2031 Cyrum

1163 2056 1282 2095 rogavit
1296 2057 1331 2086 ut
1348 2055 1483 2086 famulos
1504 2055 1655 2094 imperata
1673 2055 1769 2093 ipsius
1785 2056 1913 2095 exsequi
1935 2055 2069 2094 juberet.
2094 2054 2190 2085 Jussit

1163 2119 1213 2149 ille
1233 2120 1263 2149 et
1280 2118 1430 2150 sacrificio
1447 2127 1509 2149 non
1529 2118 1685 2156 interfuit,
1709 2118 1880 2148 adornante
1899 2118 1941 2148 ita
1964 2127 2029 2148 rem
2048 2117 2166 2148 OEbare
2180 2141 2187 2153 ,

1163 2182 1214 2220 qui
1235 2183 1301 2211 tum
1320 2181 1438 2219 reliqua
1453 2181 1547 2209 noctu
1568 2181 1746 2218 comparat,
1764 2180 1832 2209 tum
1852 2180 1948 2222 strata
1965 2179 2027 2208 alta
2041 2202 2048 2215 ,
2070 2179 2099 2208 in
2117 2178 2189 2217 qui-

1163 2243 1221 2273 bus
1234 2242 1412 2281 epulentur,
1435 2242 1529 2280 atque
1543 2240 1685 2271 scrobem
1708 2241 1737 2270 in
1760 2241 1895 2271 tentorio
1909 2249 1963 2270 suo
1980 2239 2088 2270 estodit
2112 2248 2183 2278 pro-

1164 2304 1388 2335 fundissimam.
1405 2303 1527 2339 Quibus
1542 2303 1712 2340 instructis,
1727 2302 1870 2332 convivio
1882 2302 2088 2340 Babylonium
2100 2309 2189 2332 exce-

1163 2369 1209 2408 pit
1230 2369 1260 2399 et
1276 2376 1363 2399 mero
1382 2367 1567 2404 inebriavit,
1590 2369 1639 2403 et,
1663 2365 1717 2395 ubi
1736 2366 1765 2395 in
1784 2366 1902 2396 lectum
1932 2373 2022 2403 supra
2048 2364 2190 2394 scrobem

1163 2431 1189 2462 ei
1204 2432 1337 2462 stratum
1353 2430 1525 2468 recumbit,
1541 2429 1571 2459 in
1585 2428 1728 2459 scrobem
1746 2428 1829 2458 illam
1844 2427 1987 2458 detrusit.
2003 2426 2103 2457 Simul
2118 2435 2189 2456 cum

1163 2502 1199 2524 eo
1213 2493 1307 2524 etiam
1327 2492 1480 2523 famulum
1497 2490 1619 2529 dejecit.
1638 2490 1676 2520 Et
1691 2490 1760 2519 orto
1777 2488 1917 2519 diluculo
1928 2496 2000 2518 eum
2022 2489 2104 2526 Cyro
2120 2495 2191 2526 pro-

1164 2555 1305 2586 ficiscens
1326 2555 1384 2584 iter
1409 2551 1591 2591 ingreditur.
1611 2553 1673 2582 Nee
1693 2551 1782 2589 longe
1807 2557 2003 2588 progressum
2024 2551 2126 2588 Cyrus
2154 2549 2192 2579 de

1164 2618 1335 2657 Babylonio
1348 2624 1492 2656 quaerens
1505 2614 1681 2654 compellat.
1702 2613 1755 2644 llle
1770 2612 1905 2652 primum
1924 2611 2050 2651 quidem
2067 2620 2193 2651 respon-

1163 2681 1209 2712 dit
1220 2690 1252 2712 se
1263 2679 1424 2719 reliquisse
1434 2687 1505 2709 eum
1517 2686 1533 2707 e
1548 2677 1674 2715 crapula
1688 2675 1792 2706 adbuc
1805 2674 2024 2705 dormientem.
2039 2675 2194 2704 irascente

1163 2744 1268 2774 autem
1280 2744 1374 2781 Cyro,
1388 2742 1580 2780 postremum
1596 2747 1672 2775 rem,
1684 2746 1755 2776 quae
1766 2738 1844 2774 erat,
1860 2736 1987 2774 fatetur,
2000 2744 2032 2765 se
2045 2734 2194 2765 occidisse

1163 2814 1235 2836 eum
1249 2804 1374 2842 dicens,
1389 2802 1472 2842 quod
1486 2802 1566 2832 banc
1580 2809 1675 2830 unam
1696 2799 1823 2830 vidisset
1842 2801 1925 2837 Cyro
1946 2798 2075 2836 ejusque
2090 2797 2195 2828 liberis

1164 2867 1229 2896 sore
1239 2865 1383 2895 salutem.
1399 2863 1447 2893 Ob
1462 2863 1528 2892 haee
1539 2869 1672 2892 moerore
1688 2862 1789 2899 Cyrus
1802 2860 1933 2890 affectus
1946 2859 1978 2889 et
1994 2858 2089 2897 magis
2098 2859 2193 2889 etiam

1164 2928 1278 2964 iratus,
1305 2925 1383 2956 adeo
1402 2925 1438 2954 ut
1453 2923 1572 2953 aditum
1598 2922 1727 2952 OEbarae
1743 2920 1879 2960 amplius
1898 2929 1960 2951 non
1982 2921 2193 2960 permitteret,

1164 2989 1270 3028 postea
1293 2988 1416 3023 tamen,
1444 2985 1566 3015 mutato
1593 2983 1716 3019 animo,
1747 2990 1856 3012 rursus
1887 2981 2074 3011 admittebat
2101 2989 2193 3018 eum,

1164 3054 1195 3082 et
1210 3048 1402 3085 consiliarie,
1422 3046 1512 3077 sicuti
1539 3046 1649 3083 antea,
1674 3044 1833 3075 utebatur.
1855 3043 1951 3073 Uxori
1969 3052 2042 3072 vero
2061 3042 2193 3080 Babylo-

81 3114 2196 3132 Μ

77 3166 126 3195 28.
141 3163 242 3194 ἐνασ.
254 3163 265 3203 ]
279 3164 505 3199 ἐνασυλώτατος
519 3163 588 3194 eod.
610 3165 689 3194 Nota
708 3172 829 3194 vocem.
848 3183 887 3188 —
901 3168 949 3194 29.
966 3164 1070 3198 ὅστις
1097 3164 1161 3195 οὖν
1176 3165 1196 3194 ἃ
1207 3176 1221 3193 ν
1245 3163 1325 3203 εἴη]
1353 3164 1434 3197 ὅστις
1449 3162 1482 3177 *³*
1502 3162 1564 3197 νείη
1579 3161 1678 3190 codex
1691 3184 1699 3198 ,
1717 3160 1827 3190 relicto
1843 3160 1992 3197 quattuor
2006 3158 2070 3186 sere
2092 3156 2194 3185 litera-

77 3219 146 3241 rum
162 3210 271 3249 spatio.
293 3212 328 3240 ln
347 3211 486 3249 margine
502 3212 646 3241 notatum
667 3223 672 3239 :
695 3222 709 3235 «
730 3210 801 3240 fort.
821 3210 878 3240 οὐκ
902 3211 948 3240 ἂν.
967 3223 981 3236 υ
1000 3227 1036 3231 -
1049 3214 1098 3240 30.
1114 3209 1335 3250 ἔχειᾙιῐειιιιιι
1353 3209 1430 3248 ἔχοι.
1447 3227 1485 3233 -
1501 3211 1550 3238 31.
1568 3207 1609 3237 οὔ
1625 3206 1704 3245 τοι]
1722 3205 1804 3235 οὗτοι
1823 3205 1892 3234 cod.
1918 3204 2004 3234 Idem
2027 3210 2101 3231 mox
2116 3200 2192 3229 ἀνα-

78 3256 187 3295 μένειν.
203 3255 315 3287 -31*.
327 3254 613 3295 διεκελεύσατο]
626 3255 743 3294 διεχλευ
758 3254 855 3285 άσατο
869 3255 980 3285 codex.
998 3272 1035 3276 -—
1047 3255 1061 3270 ³*
1076 3257 1232 3296 συνῆσανῗ
1245 3275 1283 3281 -
1299 3259 1347 3286 32.
1360 3256 1397 3289 ὃς
1413 3264 1577 3293 παρασκ.
1593 3252 1602 3291 ]
1619 3252 1666 3282 vel
1681 3253 1697 3281 ὁ
1713 3252 1742 3282 δὲ
1756 3263 1787 3280 π.
1802 3250 1909 3288 scripsi
1921 3258 1976 3287 pro
1992 3247 2192 3286 τεχνήσαντος

79 3313 212 3342 παρασκ.
228 3301 313 3340 quod
329 3301 429 3332 codex
446 3302 574 3341 proebet.
592 3302 710 3333 Deinde
729 3302 800 3332 fort.
821 3301 879 3341 leg.
898 3301 973 3331 ἄλλα
985 3300 1040 3340 [εἰς
1060 3301 1124 3341 τὴν]
1138 3301 1242 3332 νύκτα.
1255 3302 1328 3331 Mox
1345 3301 1538 3339 οἰοχησονται
1554 3297 1622 3328 cod.
1641 3315 1677 3318 -
1693 3300 1741 3327 33.
1757 3307 1778 3326 σ
1789 3307 1807 3324 γ.
1818 3294 1907 3333 ηνῇ]
1925 3297 1983 3330 σχῇ
1998 3290 2068 3321 eod.

171 3364 356 3386 FRAGMENTA
377 3365 496 3387 nls'ron.
514 3365 564 3388 Gn.
587 3374 622 3380 --
641 3366 709 3387 VOL.
733 3365 775 3385 ΙΙΙ.

2018 3352 2052 3373 2ss
