2338 3765
307 163 327 179 ι
979 150 1300 190 FRAGMENTA.

57 229 234 278 βασιλικου
255 228 550 278 διαγράμματος
536 231 763 269 επιτάττουσα
793 232 966 270 πιστεύειν
993 236 1079 286 αὐτῇ

54 287 121 321 τῶν
150 285 245 323 Ἰόὸα
268 286 431 335 βιὸλίιιψ·
457 287 585 333 ἀληθὴς
613 288 642 325 δ
668 293 772 336 οὐσα,
794 289 906 327 πολλὰ
933 291 1081 329 δείκνυσι

54 345 121 379 τῶν
150 343 277 380 ἐνάλων
308 343 414 392 μηδεν
443 345 698 396 ἀπολειπόμενα
726 350 773 384 τιΝ)
803 351 991 401 κοινωνικῷ
1022 365 1081 387 και

53 402 180 451 συνετῷ
208 405 265 438 τοῦ
297 402 495 453 σοφωτάτου
529 406 596 440 τῶν
633 405 818 455 χερσαίων.

540 485 598 526 34.

102 560 342 595 Philostratus
364 563 419 596 De
439 562 511 598 vit.
533 562 709 608 Apollon.
742 576 774 600 e.
809 563 851 598 13
877 576 885 600 ε
914 561 1024 605 Ἰόὸας
1045 562 1079 600 δὲ

53 614 87 660 ὃς
106 609 186 666 ἦρξέ
207 631 291 653 ποτε
311 620 370 653 τοῦ
387 616 540 654 Λιὸυκοῧ
560 617 688 664 ἔθνους,
708 618 791 670 φησὶ
817 618 878 668 μὲν
898 618 1078 669 ξυμπεσεῖν

51 673 209 718 ἀλλήλοις
228 675 281 710 ἐπ’
301 674 493 726 ἐλεφάντων
514 675 623 712 πάλαι
644 676 812 719 Αιὸυκοὺς
828 677 955 720 ἱππέας
972 671 1078 727 (εἶναι

49 730 85 767 δὲ
104 733 172 774 τοῖς
191 732 252 781 μὲν
268 731 396 783 πύργον
416 734 449 775 ἔς
461 732 538 776 τοὺς
554 733 690 777 ὀδόντας
710 735 983 786 κεχαραγμένον,
1001 738 1071 778 τοῖς

50 789 84 826 δὲ
101 791 214 840 οὐδέν)
233 807 240 814 ·
259 791 376 833 νυκτὸς
392 791 426 828 δὲ
451 791 682 838 ἐπιλαὸούσης
700 791 760 838 τὴν
782 793 914 844 μάχην,
929 796 1078 840 ἡττηθῆ-

49 862 104 883 ναι
120 848 180 896 μὲν
200 848 274 891 τοὺς
289 848 477 897 επισημους
494 865 590 902 φησι,
608 851 723 900 φυγεῖν
739 850 805 887 δὲ’
791 867 822 893 ες
836 851 892 888 τὸν
908 849 1078 889 Ἄτλαντα

47 905 84 942 τὸ
104 906 195 957 ὅρος·
220 906 318 950 αὐτὸς
339 907 372 944 δὲ
393 907 479 944 ἑλεῖν
499 907 727 958 τετρακοσίων
749 924 852 958 μηκει
871 910 954 946 ἐτῶν
978 908 1076 946 ὅστε·

48 979 103 1014 ρον
122 967 189 1001 τῶν
210 965 472 1036 διαφυγόντων
462 980 541 1012 ενα,
563 981 621 1002 και
639 965 852 1015 τούπίσημον
879 969 964 1003 εἰναι
984 967 1077 1019 αὐτῷ

46 1023 172 1068 κοῖλον,
207 1038 266 1059 και
294 1021 390 1060 οὔπω
419 1038 460 1059 πε
466 1024 722 1074 ριτετριμμένον
755 1024 820 1061 ὑπὸ
848 1027 906 1061 τοῦ
938 1024 1075 1075 χρόνου.

47 1082 156 1122 Οὗτος
176 1082 192 1117 6
213 1079 326 1123 Ἰόὸας
346 1080 422 1123 τοὺς
441 1080 578 1123 ὀδόντας
597 1080 725 1132 κέρατα
748 1085 901 1130 ἡγεῖται,
924 1084 972 1117 τιΝι)
993 1081 1077 1133 φύε-

45 1141 125 1174 σθαι
139 1137 201 1186 μὲν
213 1138 333 1182 αὐτους
349 1138 422 1176 ὅθεν
443 1154 507 1189 περ
521 1154 551 1175 οι
568 1140 744 1189 κρόταφοι,
764 1138 1026 1211 παραθηγεσθαι
1042 1137 1077 1176 δὲ

45 1194 198 1243 μηδενι
187 1195 311 1247 ἐτέριι,)
333 1196 444 1245 μένειν
474 1197 505 1233 δ’
530 1198 575 1238 ὡς
604 1195 745 1248 ἔφυσαν,
771 1196 827 1233 καὶ
851 1195 918 1244 μὴ,
939 1195 1025 1247 ὅπερ
1046 1198 1076 1234 οἱ

43 1251 194 1299 ὀδόντες,
218 1254 405 1300 εκπίπτειν,
434 1257 506 1291 εἶτα
527 1253 681 1305 φύεσθαι.

96 1312 202 1347 Idem
216 1313 269 1350 ib.
290 1326 323 1350 c.
346 1313 415 1350 15.
435 1310 531 1362 Ἐγὼ
549 1309 584 1348 δὲ
602 1314 697 1361 εὗρον
715 1312 748 1348 ἐν
760 1317 827 1354 τοῖς
839 1311 933 1350 Ἰόὸα
953 1311 1075 1362 λόγοις,

43 1370 88 1412 ὡς
106 1369 163 1405 καὶ
181 1368 478 1418 ἔυλλαμέάνουσιν
497 1369 659 1415 ἀλλήλοις
682 1371 715 1406 ἐν
731 1372 773 1421 τῇ
794 1371 880 1421 θήρᾳ
898 1370 957 1407 καὶ
978 1369 1076 1421 προί-

44 1442 186 1464 στανται
211 1431 270 1464 τοῦ
300 1428 517 1474 ἀπειπόντος,
537 1427 601 1464 κᾶν
620 1426 801 1471 ἐξέλωνται
821 1428 935 1475 αὐτὸν,
955 1428 993 1465 τὸ
1015 1428 1074 1465 δά-

43 1500 145 1535 κρυον
163 1488 222 1530 τῆς
237 1485 338 1531 ἀλόης
353 1485 573 1537 ἓπαλείφουσι
583 1492 652 1529 τοῖς
668 1486 1076 1538 τραύμασιπεριεστῶτες

41 1542 157 1594 ὥσπερ
191 1543 312 1595 ἰατροί.

527 1607 587 1643 35.

94 1684 231 1717 Plinius
248 1685 294 1720 H.
311 1685 355 1720 N.
377 1685 465 1720 VIII
477 1711 487 1731 ,
505 1696 534 1720 S.
558 1687 592 1728 li,
610 1696 646 1730 p.
669 1683 715 1725 54
738 1685 854 1721 Telm.
874 1698 882 1719 :
899 1686 1072 1720 Proedam

45 1744 115 1788 ipsi
138 1742 364 1789 (elephanti)
401 1745 437 1776 in
470 1754 508 1776 se
532 1743 777 1788 empetetzdam
807 1747 926 1777 sciunt
957 1745 1074 1778 solam

40 1810 116 1832 esse
136 1802 172 1832 in
189 1803 303 1833 armis
319 1803 400 1842 suis,
424 1813 508 1847 quw
532 1800 630 1834 „laba
650 1812 785 1834 cornua
799 1802 969 1848 appellat
975 1827 987 1843 ,
1008 1802 1089 1835 He—

42 1857 198 1894 rodotus.
205 1883 213 1891 .
219 1884 227 1891 .
250 1858 385 1892 dentes.

92 1985 146 2021 Ex
166 1985 262 2019 Juba
275 1997 337 2019 sua
346 1985 465 2020 hausit
478 1986 587 2020 etiam
603 1985 732 2020 AElian.
748 1987 791 2020 N.
806 1988 876 2020 An.
893 1987 977 2028 VII,
997 1985 1044 2019 23
1060 1997 1068 2022 :

39 2094 166 2124 credere
186 2103 193 2124 z
217 2093 328 2134 quodsi
348 2103 422 2125 vera
439 2096 498 2133 est,
512 2094 649 2125 ostendit
668 2095 769 2125 multa
788 2094 909 2124 marina
926 2093 1074 2124 animalia

38 2146 196 2177 societatis
211 2146 317 2177 studio
344 2145 574 2185 prudentiaque
589 2145 667 2176 nihil
686 2145 857 2178 concedere
878 2146 1073 2176 terrestrium

37 2197 275 2238 sapientissimo.

528 2242 582 2273 34.

77 2296 179 2335 Juba,
214 2296 320 2335 Libyae
354 2296 515 2335 quondam
547 2305 601 2327 rex
612 2321 620 2336 ,
645 2296 753 2327 retulit
789 2296 911 2335 equites
942 2295 1072 2335 Libycos

38 2350 212 2389 elephantis
238 2348 407 2381 insidentes
429 2349 504 2379 olim
520 2349 601 2380 inter
618 2358 650 2380 se
663 2357 816 2388 pugnasse
828 2372 836 2386 ‚
865 2348 1072 2387 habuisseque

38 2402 168 2432 alteram
182 2400 422 2440 elephantorum
441 2402 561 2440 partem
576 2400 691 2431 turrim
707 2395 853 2431 dentibus
870 2400 1070 2439 insculptam,

39 2454 171 2485 alteram
186 2463 261 2484 vero
276 2453 353 2484 nibil
371 2466 377 2484 :
402 2462 565 2492 quumque
581 2462 645 2483 nox
664 2462 802 2492 pugnam
827 2452 1014 2489 diremisset,
1029 2452 1071 2482 si·

37 2515 97 2545 guo
113 2508 237 2538 notatos
250 2506 452 2538 succubuisse
468 2506 511 2536 ait
526 2507 556 2537 et
579 2506 610 2536 in
628 2506 783 2537 Atlantem
800 2507 941 2536 montem
959 2505 1070 2536 confu-

37 2558 117 2596 gisse
136 2571 142 2589 :
161 2567 193 2589 se
209 2567 283 2589 vero
302 2560 372 2597 post
388 2557 524 2597 spatium
542 2566 697 2587 annorum
717 2557 1018 2596 quadringentorum
1032 2566 1069 2587 ex

37 2609 74 2640 iis
83 2618 180 2640 unum
191 2609 320 2648 cepisse,
334 2609 388 2648 qui
402 2609 587 2647 aufugerant
602 2617 608 2637 :
624 2608 731 2646 illique
745 2608 938 2647 insculptum
950 2608 1069 2647 insigne

37 2660 178 2691 nondum
193 2660 344 2691 extritum
359 2659 454 2690 fuisse
468 2668 486 2689 a
504 2661 656 2698 tempore.
672 2662 687 2690 J
693 2659 754 2690 uba
766 2659 817 2690 ille
831 2659 939 2690 dentes
952 2667 1070 2689 cornua

38 2719 104 2742 esse
119 2712 222 2750 putat,
240 2720 277 2742 eo
295 2711 378 2750 quod
399 2712 568 2740 nascantur
582 2710 664 2747 inde,
683 2710 767 2741 unde
789 2714 931 2750 tempora
945 2710 1069 2740 initium

36 2762 179 2800 ducunt,
210 2762 360 2801 quodque
393 2761 515 2791 nullum
536 2761 635 2791 alium
652 2760 779 2792 dentem
806 2761 991 2800 contiguum
1012 2761 1068 2791 lia-

38 2812 131 2843 beant
146 2822 153 2842 :
169 2814 317 2843 maneant
339 2813 414 2843 item
435 2813 471 2842 ut
484 2811 547 2842 nati
570 2812 644 2841 sunt
660 2812 769 2850 semel,
784 2820 886 2851 neque
903 2811 988 2851 quod
1005 2811 1070 2842 lieri

37 2864 182 2896 dentibus
197 2865 287 2904 solet,
302 2864 458 2902 excidant,
475 2873 513 2894 ac
526 2872 634 2894 rursus
647 2865 824 2895 nascantur.

527 2919 582 2949 36.

77 2975 183 3009 Quum
196 2982 214 3004 a
224 2982 287 3012 quo
300 2973 446 3012 injuriam
457 2973 612 3012 acceperit
621 2973 680 3012 leo,
694 2972 789 3012 probe
802 2973 889 3003 novit
904 2972 1008 3003 ulcisci
1019 2983 1025 3010 ;
1039 2974 1070 3003 et

39 3024 181 3062 quamvis
194 3033 233 3055 ex
246 3033 283 3055 eo
297 3033 360 3054 non
376 3024 482 3054 statim
500 3024 653 3054 ultionem
667 3024 801 3062 ceperit,

105 3087 134 3112 at
144 3088 222 3113 certe
236 3087 265 3113 et
275 3088 371 3121 postea
384 3086 493 3113 retinet
506 3085 699 3116 simultatem,
714 3085 809 3113 donce
823 3084 980 3119 perfecerit

105 3138 158 3157 suo
171 3131 200 3157 in
221 3134 349 3165 pectore.

38 3185 115 3216 Huic
130 3186 172 3216 rei
182 3187 360 3217 testimonio
368 3190 413 3217 est
425 3186 507 3217 Juba
516 3188 655 3224 Maurus,
668 3187 754 3225 pater
764 3186 855 3224 illius,
868 3186 920 3225 qui
936 3188 1067 3216 Romam

37 3237 148 3268 missus
155 3240 202 3269 est
215 3239 314 3269 obses.
330 3241 359 3270 ls
372 3248 468 3278 quum
480 3238 649 3278 aliqnando
659 3238 888 3277 expeditionem
904 3247 957 3277 per
966 3238 1066 3269 deser-

38 3289 100 3318 tam
127 3289 281 3327 regionem
309 3289 422 3320 faceret
445 3289 595 3321 adversus
621 3292 726 3329 gentes
743 3299 814 3329 quae
829 3289 868 3319 ab
891 3298 922 3320 se
939 3290 1065 3320 defecis-

2099 169 2170 203 475,

1142 235 1344 285 Ἀμύνεσθαι
1372 240 1405 276 δὲ
1436 241 1491 277 τὸν
1519 243 1800 293 προαδικήσαντα
1824 249 1841 283 ὁ
1860 246 1944 283 λε’ων
1971 240 2055 284 οἶδε’
2075 248 2134 285 καὶ
2153 251 2182 286 εἰ

1143 294 1189 343 μὴ
1212 299 1429 347 παραχρῆμα
1452 301 1544 350 αὐτῷ
1564 302 1781 353 τιμιι·)ρήσαι,

1223 369 1299 400 α’.)λά
1312 381 1345 407 γε
1360 373 1410 401 καὶ
1423 373 1623 411 μετόπισθεν
1616 376 1678 415 ε’χει
1690 376 1790 415 mro),
1810 378 1886 417 ὄφρα
1906 379 2035 419 τελέσσῃ
2047 402 2055 417 ,

1223 416 1252 445 ἐν
1267 418 1427 453 στήθεσσιν
1444 421 1553 450 ἑοῖσιν.

1144 479 1212 515 Καὶ
1229 480 1347 517 τούτου
1364 481 1549 533 μαρτύριον
1566 484 1679 527 Ἰόὸας
1695 489 1712 523 6
1730 487 1988 538 Μαυρούσιος,
1976 503 1993 526 ο
2010 493 2068 526 τοῦ
2084 490 2180 541 παρὰ

1141 534 1357 585 Ρωμαίοις
1345 538 1599 590 ομηρεύσαντος
1616 543 1746 594 πατήρ.
1765 541 1922 582 ’Ὴλαυνέ
1940 561 2024 583 ποτε
2045 546 2099 583 διὰ
2116 563 2176 592 της

1140 593 1269 642 ἐρήμης
1288 595 1342 631 ἐπί
1362 611 1436 632 τινα
1466 596 1543 642 ἔθνη
1564 600 1631 634 τῶν
1655 600 1890 648 ἀποστάντων,
1919 602 1978 639 καί
2013 619 2061 645 τις
2081 606 2174 656 αὐτῷ

1141 653 1206 688 τῶν
1228 653 1470 703 παραθεόντων
1487 655 1705 705 μειρακίσκος
1725 659 1861 708 εὐγενὴς
1879 659 1939 708 μὲν
1961 676 2018 697 και
2036 664 2174 712 ὡραῖος,

1139 708 1205 755 ἤδη
1221 708 1255 746 δὲ
1269 710 1470 762 θηρατικὸς,
1485 711 1606 749 λέοντά
1620 729 1691 756 πως
1705 716 1800 766 παρὰ
1818 716 1879 763 τὴν
1896 718 2002 754 ὁδὸν
1988 719 2175 770 εκφανέντα

1140 766 1287 818 ἀκοντίῳ
1322 766 1460 818 βάλλει,
1487 784 1545 805 και
1583 776 1710 808 σκοποῦ
1742 775 1802 821 μὲν
1836 774 1937 825 ἔτυχε
1976 791 2035 812 και
2068 776 2178 828 ἔτρω-

1140 838 1210 869 σεν,
1229 825 1265 860 οὐ
1282 822 1348 872 μὴν
1366 825 1577 864 ἀπέκτεινεν.
1600 828 1703 865 Κατὰ
1721 831 1874 877 σπουδὴν
1895 832 1930 868 δὲ
1954 836 2013 878 τῆς
2032 834 2179 877 ἐλάσεως

1139 881 1265 931 οὔσης,
1285 881 1321 918 τὸ
1349 882 1409 930 μὲν
1434 883 1549 935 θηρίον
1576 886 1806 936 ἀνεχώρησεν,
1834 889 2034 940 παρέδρααε
2055 890 2090 928 δὲ
2116 892 2175 928 καὶ

1139 941 1156 975 6
1174 938 1308 990 τρώσας
1338 956 1396 977 και
1425 943 1454 978 οἳ
1475 943 1598 981 λοιποί.
1630 943 1810 982 Ἐνιαυτου
1837 962 1874 996 γε
1897 946 1963 996 μὴν
1994 948 2180 993 διελθόντος

1141 997 1356 1049 ὃλοκληρου,
1386 1000 1403 1035 ὃ
1433 998 1494 1048 μὲν
1522 1000 1637 1044 Ἰόὸας
1664 1003 1885 1053 κατορθώσας
1913 1004 1962 1056 εφ’
1990 1005 2011 1041 ἃ
2032 1007 2179 1053 ἐστάλη,

1141 1053 1202 1099 τὴν
1228 1054 1334 1100 αυτὴν
1363 1072 1510 1108 υποστρε
1516 1073 1586 1109 φων
1608 1074 1745 1110 ερχεται
1765 1061 1856 1098 κατὰ
1876 1062 1932 1099 τὸν
1953 1062 2073 1112 τόπον,
2100 1064 2177 1102 ενθα

1139 1111 1258 1163 ἔτυχεν
1279 1115 1295 1150 6
1315 1113 1401 1150 λέων
1419 1116 1572 1165 τρωθείς.
1596 1116 1694 1154 Και
1682 1116 1774 1159 όντος
1788 1118 1936 1163 πληθους
1952 1121 2179 1192 παμπόλλου,

1143 1170 1300 1220 πρόσεισι
1320 1171 1357 1208 τὸ
1381 1172 1530 1223 θηρίον’
1517 1189 1644 1220 εκεινο,
1670 1174 1729 1211 καὶ
1746 1177 1813 1212 τῶν
1833 1176 1894 1226 μὲν
1917 1177 2029 1214 ἄλλων
2051 1180 2178 1230 ἀπέχε-

1142 1243 1218 1275 ται,
1237 1230 1476 1278 συλλαμὸάνει
1504 1231 1538 1268 δὲ
1558 1232 1614 1269 τὸν
1635 1232 1816 1281 τρώσαντα
1832 1235 1898 1286 πρὸ
1921 1237 2094 1284 ἐνιαυτοῦ,
2121 1238 2178 1275 καὶ

1137 1285 1192 1322 τὸν
1214 1287 1361 1335 θυμὸν,
1349 1287 1451 1339 όνπερ
1469 1293 1525 1326 οὖν
1547 1289 1645 1342 παρὰ
1667 1290 1723 1328 τὸν
1741 1291 1862 1343 χρόνον
1882 1293 1938 1330 τὸν
1961 1309 2042 1345 προε
2049 1295 2169 1345 ιρημέ-

1137 1360 1190 1381 νον
1210 1345 1412 1395 εφύλαττεν,
1433 1347 1553 1397 ἀθρόον
1574 1350 1688 1399 ἐκχεῖ,
1709 1365 1769 1386 και
1788 1351 1920 1388 διασπᾶ
1939 1352 1976 1388 τὸ
1995 1353 2171 1425 μειράκιρν

1136 1402 1320 1453 γνωρίσας·
1363 1403 1556 1456 ἐτιμώρησε
1588 1406 1622 1442 δὲ
1663 1407 1790 1452 οὐδεὶς,
1830 1408 2035 1460 φοδηθέντες
2066 1411 2169 1462 ὀργὴν

1137 1459 1176 1496 λε
1161 1475 1271 1503 οντος
1297 1461 1442 1511 ἰσχυρὰν
1474 1462 1532 1498 καὶ
1558 1463 1674 1505 δεινῶς
1706 1465 1961 1511 εκπληκτικην·
1996 1467 2107 1510 ἄλλως
2138 1485 2172 1505 τε

1136 1533 1194 1555 και
1211 1520 1231 1564 ἡ
1253 1519 1375 1570 πορεία
1394 1535 1548 1570 ηπειγεν.
1572 1523 1623 1559 Cf.
1643 1525 1781 1559 Plinius
1802 1526 1976 1571 V111‚16,
2006 1540 2065 1574 19.

1618 1598 1679 1642 37

1187 1671 1376 1716 PolluxV,
1393 1671 1462 1716 88,
1479 1673 1542 1707 ubi
1566 1673 1612 1708 de
1635 1674 1789 1709 vocibus
1806 1676 2047 1711 animalium:
2066 1670 2177 1728 Εὗρον

1137 1726 1251 1775 μένῖΟῑ
1278 1726 1376 1776 ἐγῡ)..

1135 1784 1243 1822 Ἰόὸα.

1385 1759 1393 1767 .
1423 1727 1479 1765 ἐπι
1509 1729 1700 1780 ἐλεφάντων
1732 1731 2048 1782 στρυνύζουσιν
2081 1733 2177 1785 παρὰ

1625 1840 1686 1878 38.

1190 1927 1394 1974 Hesychius
1410 1940 1417 1961 :
1436 1925 1649 1977 Λιὸυφοίτην
1662 1942 1669 1948 ·
1684 1926 1740 1963 τὸν
1760 1928 1993 1977 ἐπιγινόμενον
2010 1929 2169 1968 Λίὸυσιν.

1136 1982 1250 2025 Ἰόὸας
1270 1984 1338 2033 (sic
1361 1985 1546 2021 Musurus.
1568 1986 1662 2023 Cod.
1691 1999 1698 2020 τ
1721 1986 1758 2022 τὸ
1782 1986 2001 2036 ἐπιγνόμενον
2025 1988 2174 2025 Λιὸυσι-

1135 2095 1214 2132 sent,
1232 2102 1271 2124 ex
1285 2102 1342 2123 suo
1356 2094 1508 2125 comitatu
1522 2093 1688 2133 quispiam,
1707 2104 1806 2134 quum
1821 2097 1983 2135 praestanti
1997 2097 2173 2136 nobilitate,

1135 2147 1203 2176 tum
1236 2146 1357 2184 egregia
1381 2146 1594 2185 pulcritudine
1609 2146 1808 2186 adolescens,
1832 2149 1876 2179 rei
1893 2150 2065 2180 venatoriae
2089 2151 2172 2189 peri-

1135 2199 1197 2235 tus,
1210 2197 1331 2227 leonem
1345 2206 1418 2227 casu
1432 2197 1607 2228 secundum
1622 2198 1705 2228 viam
1716 2199 1971 2230 animadversum
1988 2202 2101 2240 sagitta
2119 2210 2171 2241 ap·

1136 2250 1256 2287 petens,
1272 2256 1334 2278 nou
1350 2248 1389 2278 ab
1404 2248 1466 2279 ictu
1484 2248 1604 2278 directo
1624 2248 1801 2288 aberravit,
1825 2251 1900 2290 quin
1917 2251 1945 2281 ei
1959 2252 2091 2291 vulnus,
2108 2261 2172 2283 non

1133 2301 1238 2329 tamen
1247 2300 1393 2337 mortem,
1404 2300 1519 2330 intulit.
1531 2301 1571 2330 Et
1579 2308 1676 2338 quum
1685 2300 1842 2339 expeditio
1851 2302 2092 2339 acceleraretur,
2101 2305 2172 2334 tum

1134 2350 1193 2388 leo,
1206 2351 1335 2381 vulnere
1352 2352 1502 2389 excepto,
1517 2351 1622 2381 statim
1634 2360 1667 2381 se
1683 2351 1853 2390 subduxit3
1871 2354 1939 2383 tum
1953 2353 2016 2392 ille,
2031 2354 2085 2393 qui
2101 2355 2171 2384 vul-

1134 2411 1192 2432 nus
1207 2403 1234 2431 ei
1253 2402 1432 2439 inflixisset,
1447 2411 1510 2432 una
1530 2411 1603 2432 cum
1627 2403 1737 2432 ceteris
1750 2402 1901 2434 discessit.
1924 2407 2013 2435 Anno
2029 2406 2173 2436 vertente

1133 2455 1260 2490 exacto,
1278 2453 1360 2484 Juba
1374 2453 1467 2484 rebus
1480 2479 1488 2492 ‚
1504 2453 1543 2483 ad
1569 2462 1647 2492 quas
1669 2462 1743 2483 cum
1755 2455 1893 2485 exercitu
1915 2456 2075 2494 profectus
2095 2456 2171 2487 fuis—

1132 2507 1189 2543 set,
1209 2506 1357 2545 praeclare
1370 2506 1474 2544 gestis,
1488 2504 1597 2536 eadem
1608 2505 1658 2535 via
1675 2514 1830 2544 regressus
1849 2507 1895 2536 est
1909 2506 1946 2535 ad
1962 2515 2033 2537 eum
2051 2507 2168 2545 locum,

1133 2557 1187 2587 nbi
1205 2557 1254 2587 leo
1281 2557 1396 2587 vulnus
1413 2558 1590 2595 exceperat.
1606 2558 1634 2586 ls
1650 2565 1736 2595 sane,
1752 2557 1809 2587 etsi
1838 2557 1979 2587 maxima
2004 2557 2168 2589 bominum

1132 2607 1303 2638 multitudo
1318 2609 1400 2645 erat,
1417 2607 1497 2637 istuc
1514 2607 1667 2637 accedens
1681 2607 1720 2637 ab
1738 2607 1924 2638 invadendis
1940 2609 2047 2639 tamen
2058 2610 2170 2640 ceteris

1131 2667 1222 2688 suum
1238 2659 1390 2697 impetum
1407 2659 1595 2689 sustentavit
1614 2670 1621 2688 :
1646 2657 1736 2688 illum
1754 2658 1928 2696 duntaxat,
1946 2659 2000 2698 qui
2026 2668 2058 2690 se
2085 2668 2168 2691 anno

1131 2711 1204 2740 ante
1220 2710 1359 2748 laesisset,
1389 2710 1554 2749 corripuit,
1573 2711 1604 2739 et
1629 2709 1766 2739 furorem
1789 2709 2045 2748 acerbissimum,
2073 2720 2167 2750 quem

1132 2761 1251 2792 tamdiu
1264 2785 1273 2800 ,
1291 2770 1387 2800 quam
1401 2761 1484 2799 dixi,
1503 2762 1674 2798 servasset,
1692 2760 1724 2791 in
1741 2761 1832 2791 illum
1858 2761 1961 2800 ipsum
1987 2762 2165 2793 adolescen·

1131 2816 1214 2852 tem,
1230 2823 1325 2853 quem
1340 2814 1379 2844 ab
1390 2814 1457 2845 aliis
1470 2814 1658 2845 internosset
1668 2838 1675 2851 ,
1686 2813 1810 2851 effudit,
1822 2814 1918 2852 atque
1931 2822 2002 2844 eum
2019 2813 2167 2844 dilacera-

1132 2866 1194 2903 vit,
1211 2874 1268 2895 nee
1281 2865 1371 2895 illum
1388 2865 1543 2904 quispiam
1558 2865 1597 2895 ab
1615 2865 1673 2895 bac
1686 2864 1865 2895 calamitate
1878 2864 2037 2895 vindicare
2053 2866 2099 2895 est
2112 2874 2165 2895 aue

1130 2925 1202 2955 sus;
1225 2916 1277 2947 sed
1292 2916 1477 2955 gravissima
1493 2918 1524 2946 et
1540 2915 1630 2946 valde
1655 2915 1811 2946 horrenda
1828 2915 1926 2946 leonis
1942 2915 1987 2945 ira
2009 2917 2163 2954 perterre--

1131 2967 1224 3006 facti,
1251 2968 1380 3007 urgente
1392 2967 1485 2998 etiam
1506 2966 1625 2997 itineris
1642 2966 1774 3004 ratione,
1798 2974 1906 2996 omnes
1931 2966 2163 3004 praeterierunh

1617 3027 1672 3057 37.

1170 3095 1215 3123 De
1229 3093 1432 3132 elephantum
1444 3101 1521 3123 voce
1535 3092 1668 3123 verbum
1683 3091 1850 3131 στρυνύζειν
1863 3091 2047 3129 usurpatum
2062 3092 2159 3129 reperi

1129 3143 1210 3183 apud
1228 3146 1244 3175 ι1
1250 3144 1354 3174 ubam.

1614 3187 1670 3217 38.

1169 3240 1366 3279 Αιβυφοίτην,
1382 3248 1455 3270 eum
1470 3239 1522 3278 qui
1538 3238 1574 3268 ad
1590 3238 1699 3275 Libyes
1711 3238 1795 3267 venit
1817 3236 2004 3274 (Herculem
2021 3237 2043 3272 l,
2067 3234 2152 3265 Juba

1132 3290 1222 3320 dixit.
