2289 3728
965 152 1293 191 FRAGMEN'I‘A.
2140 158 2187 189 93

419 277 733 318 FRAGMENTA

67 392 157 425 QUAE
188 390 240 416 AD
270 390 431 416 CERTUM
461 387 642 420 ALIQUEM
675 383 886 410 FABIORUM
924 382 1098 409 nEFEnm
1159 395 1191 437 fi·

470 443 700 478 NEQUEUNT-

549 543 609 564 22.

118 634 172 667 De
197 632 339 678 Origin.
370 636 469 677 gent.
496 627 605 663 Rom.
634 640 665 663 c.
700 639 748 661 20
779 639 786 660 :
819 627 958 661 Fabius
984 627 1102 661 Pictor

68 691 161 724 libro
175 693 295 737 primo
318 696 356 722 et
377 689 585 722 Vennonius
609 687 714 720 solito
734 688 960 731 institutoque
981 697 1102 732 egres-

65 760 145 782 sam
162 750 345 793 virginem
365 749 402 780 in
422 757 522 779 usum
542 755 724 778 sacrorum
739 755 874 790 aquam
889 745 1040 789 petitum
1055 754 1103 775 ex

66 818 109 840 eo
119 804 245 851 fonte,
281 808 343 851 qui
363 811 441 838 erat
459 807 496 837 in
516 804 594 837 luco
619 803 766 845 lilartis,
797 799 914 835 subito
934 801 1105 834 imbribus

69 864 355 910 tondrubusque,
393 874 474 909 qua?
503 873 582 895 cum
612 861 678 894 illa
709 867 833 901 erant,
868 860 1047 903 dissectis,
1080 870 1103 892 a

68 922 193 955 incute
215 932 471 967 compressam.
495 919 829 963 Conturbatamque
849 929 933 950 mom
961 928 1106 950 recrea-

68 988 143 1014 tam
159 981 410 1014 consolatione
425 979 485 1011 dei
497 989 627 1011 nomen
642 988 744 1010 suum
762 976 958 1009 indicantis
970 1001 979 1017 ,
998 974 1104 1021 asstrn

68 1040 288 1084 mancisque,
305 1049 353 1071 ea:
367 1048 413 1070 ea
432 1043 537 1070 natos
555 1036 685 1081 dignos
697 1041 806 1081 patrc
822 1045 1003 1067 evasuros.

555 1130 618 1166 23.

122 1230 270 1265 Servius
283 1228 329 1264 ad
348 1229 447 1276 Virg.
466 1229 547 1264 AEn.
567 1228 657 1271 XII,
675 1226 763 1270 603,
783 1226 829 1261 de
844 1230 974 1262 Amata
987 1228 1109 1262 Latini

69 1299 188 1322 uxore
209 1299 218 1323 :
237 1288 314 1321 Alii
332 1288 460 1320 dicunt
478 1285 543 1333 (al.
564 1285 702 1320 Fabius
720 1285 845 1319 Pictor
869 1285 988 1333 dicit),
1013 1286 1112 1332 quod

69 1346 191 1380 inedia
208 1357 247 1379 se
265 1346 496 1378 interemerit.

555 1423 618 1460 24.

125 1513 255 1550 Cicero
283 1514 338 1548 De
367 1512 482 1548 divin.
503 1513 542 1555 I,
576 1511 623 1546 26
648 1524 655 1546 ε
680 1513 815 1547 Omnes
841 1512 909 1546 lzoc
933 1512 1103 1555 historici,

73 1572 197 1615 Fabii,
237 1572 363 1613 Gellii,
400 1571 467 1604 sed
479 1573 647 1617 proxime
674 1570 814 1605 Coelius
836 1583 847 1603 :
871 1571 990 1615 Quum
1017 1572 1111 1607 bello

73 1632 204 1665 Latino
216 1630 293 1664 luili
304 1632 415 1663 votivi
427 1631 583 1662 maximi
588 1631 753 1675 primum
757 1628 906 1674 fierent,
925 1633 1052 1663 civitas
1063 1631 1116 1663 ad

74 1701 182 1723 arma
200 1697 347 1734 repente
368 1695 422 1721 est
439 1689 616 1722 excitata.
633 1688 767 1732 Itaque
785 1687 877 1719 ludis·
898 1690 1113 1721 intermissis

73 1748 301 1781 instaurativi
317 1747 501 1779 constituti
530 1751 624 1779 sunt.
649 1744 721 1788 Qui
740 1752 936 1790 antequam
951 1746 1104 1789 fierent,

73 1817 253 1852 quumque
257 1808 300 1849 ja
305 1816 338 1838 m
346 1804 504 1850 populus
512 1802 743 1843 consedisset,
758 1814 877 1835 servus
881 1815 952 1848 per
959 1807 1104 1846 circum,

74 1874 183 1910 quum
203 1864 319 1909 virgis
338 1861 547 1901 caederetur,
564 1858 717 1904 furcam
735 1858 868 1904 serens
894 1861 1022 1894 ductus
1040 1870 1105 1898 est.

75 1920 176 1954 Exin
204 1919 349 1952 cuidam
369 1920 499 1952 rustico
529 1919 693 1951 Romano
720 1918 914 1951 dormienti
934 1922 1035 1953 visus
1062 1928 1114 1953 est

75 1981 205 2014 venire
221 1980 283 2024 qui
302 1977 455 2017 diceret,
471 1976 674 2022 proesulem
690 1976 757 2009 sibi
775 1988 846 2009 uon
853 1977 1042 2023 placuisse
1062 1980 1112 2011 lu-

75 2037 145 2078 dis,
170 2036 280 2081 idque
299 2035 346 2068 ab
362 2034 487 2067 eodem
498 2037 641 2078 jussum
658 2045 734 2067 esse
752 2046 833 2067 eum
852 2038 994 2068 senatui
1017 2048 1114 2068 nun-

76 2098 171 2129 tiare
188 2106 199 2127 :
218 2094 321 2127 illum
341 2104 412 2126 non
426 2104 568 2128 ausum.
587 2093 725 2125 Iterum
743 2104 819 2125 esse
838 2093 934 2125 idem
945 2096 1105 2137 jussum,

77 2161 114 2186 et
134 2155 308 2186 monitum
329 2162 375 2184 ne
394 2153 472 2184 vim
493 2162 596 2183 suam
627 2153 788 2196 carpet-iri
806 2151 922 2184 vellet
940 2163 952 2183 .·
979 2163 1025 2185 ue
1043 2159 1114 2185 tum

78 2211 220 2258 quidem
238 2221 314 2243 esse
327 2220 469 2244 ausum.
487 2209 585 2242 Exin
596 2207 716 2250 filium
731 2212 809 2252 ejus
819 2220 894 2242 esse
909 2217 1085 2243 mortuum
1103 2223 1113 2243 .·

79 2269 234 2302 eandem
265 2271 302 2301 in
331 2269 468 2301 somnis
495 2267 780 2300 admonitionem
802 2264 924 2310 juisse
952 2270 1107 2304 tertiam.

85 2327 173 2361 Tum
195 2328 297 2360 illum
317 2329 429 2359 etiam
450 2323 604 2358 debilem
611 2322 781 2368 sactum,
811 2337 886 2358 rem
913 2326 966 2358 ad
980 2329 1118 2359 amicos

79 2385 272 2425 detulisse,
295 2395 444 2429 quorum
464 2383 510 2416 de
528 2385 705 2416 sententia
727 2383 894 2415 lecticula
921 2385 958 2416 iu
976 2386 1115 2417 curiam

80 2454 156 2476 esse
166 2442 328 2475 delatum
336 2454 348 2484 ;
362 2452 542 2486 quumque
556 2443 701 2474 senatui
714 2443 892 2474 somnium
907 2445 1114 2475 enarr-avis·

81 2507 154 2544 set,
176 2499 332 2546 pedibus
349 2502 424 2532 suis
438 2499 577 2531 salvum
604 2501 802 2534 revertisse.
831 2500 964 2544 ,Itaque
980 2502 1117 2532 somnio

82 2557 313 2604 comprobato
330 2570 353 2591 a
366 2564 515 2598 senatu,
535 2556 636 2590 ludos
652 2557 734 2590 illos
752 2559 881 2590 iterum
899 2559 1118 2590 instauratos

83 2618 270 2650 memoria?
285 2616 469 2663 proditum
489 2621 554 2648 est.

572 2726 629 2756 28.

127 2779 244 2810 Fabius
265 2779 381 2815 Pictor,
408 2780 568 2809 Romanus
590 2777 775 2816 historicus,
802 2778 879 2808 nulli
905 2781 1119 2809 Romanorum

85 2830 281 2870 magistratui
300 2830 438 2869 permitti
453 2829 496 2861 ait
510 2831 545 2860 ut
563 2838 602 2860 ex
615 2829 705 2860 honis
718 2829 852 2868 publicis
865 2830 982 2870 aliquid
1002 2830 1033 2860 in
1050 2839 1123 2861 suos

86 2890 163 2913 usus
175 2882 350 2912 convertat.

1648 257 1708 295 25,

1214 345 1400 378 Arnobius
1432 346 1527 381 Λᾶν.
1551 354 1649 391 gent.
1678 347 1723 381 VI
1739 373 1747 389 ,
1771 359 1788 390 7
1822 357 1830 383 :
1854 346 2012 389 Quodsi
2033 346 2188 393 planam

1190 399 1243 429 eri
1260 399 1471 430 testimoniis
1484 400 1677 443 postulatis
1692 407 1874 432 auctorum
1886 426 1893 441 ‚
1923 400 2182 440 Sammonicus

1165 458 1332 499 Grauius,
1368 459 1588 493 Valerianus
1602 462 1705 494 vobis
1729 469 1763 494 ct
1790 462 1927 495 Fabius
1955 462 2188 503 indicabunt,

1163 518 1264 559 cujus
1286 514 1374 548 Olus
1386 514 1507 559 fiafrit
1527 518 1654 563 filius,
1688 521 1806 564 gentis
1830 526 1868 552 et
1891 521 2051 552 nationis
2068 523 2184 564 cujus,

1164 580 1201 605 ut
1214 584 1237 605 a
1246 575 1418 616 germani
1428 585 1526 607 servu
1532 575 1575 607 lis
1585 578 1626 607 vi
1630 583 1665 607 ta
1667 576 1695 618 J
1697 574 1790 609 uerit
1800 577 1972 621 spoliatus
1983 584 2020 610 et
2033 578 2169 611 lumine
2182 590 2193 609 .·

1165 629 1256 675 quid
1272 629 1318 662 de
1333 631 1404 662 suis
1420 635 1668 664 commeruerit
1684 634 1828 673 civibus,
1852 640 1890 667 ut
1907 637 1940 667 ci
1952 637 1996 668 sit
2010 635 2194 681 abnegata

1166 687 1304 720 telluris
1315 690 1454 732 patrioe
1467 689 1667 733 sepultura.
1687 688 1908 723 Condiscetis
1921 694 2032 724 etiam
2039 718 2051 733 ,
2069 704 2195 737 quam-

1166 747 1217 778 vis
1234 745 1332 778 nolle
1348 746 1445 778 istud
1453 745 1648 791 publicare
1666 747 1862 792 sefingant
1874 774 1882 790 ⁷
1906 750 1995 793 quid
2009 752 2053 782 sit
2077 753 2197 795 capite

1166 811 1298 838 resecto
1309 801 1476 847 factum,
1508 804 1573 837 vel
1595 806 1629 836 in
1643 812 1751 849 parte
1770 817 1841 849 qua
1863 809 1915 838 rei
1932 810 2072 840 curiosa
2080 805 2200 851 suerit

1166 861 1382 895 obscuritate
1400 862 1622 903 conclusum;
1644 869 1683 894 ut
1698 863 1890 895 immobilis
1908 865 2077 898 videlicet
2092 873 2200 911 atque

1166 919 1250 959 fixa
1265 919 1450 964 obsignati
1469 921 1599 952 ominis
1607 922 1838 965 peipetuitas
1850 927 1972 957 staret.

1658 1005 1717 1041 26.

1222 1095 1361 1129 Plinius
1388 1096 1434 1130 H.
1468 1096 1514 1130 N.
1537 1094 1646 1141 XIV,
1672 1106 1703 1128 c.
1732 1093 1774 1127 13
1814 1106 1821 1127 z
1851 1094 1990 1127 Fabius
2017 1096 2140 1129 Pictor
2166 1099 2203 1129 in

1170 1154 1378 1187 Annalibus
1404 1156 1560 1200 scripsit,
1599 1160 1826 1194 matronam,
1855 1153 1953 1198 quod
1977 1154 2126 1195 loculos,
2167 1157 2204 1187 iu

1170 1213 1296 1258 quibus
1319 1219 1427 1246 eraut
1442 1213 1561 1245 clas-cs
1581 1212 1743 1244 vinaria?
1765 1211 1893 1252 celloe,
1927 1214 2181 1256 resigna·visset
2194 1239 2204 1255 ‚

1172 1283 1195 1304 a
1211 1273 1283 1304 suis
1300 1271 1426 1304 inedia
1445 1273 1537 1304 mori
1556 1276 1734 1303 coactam.

1661 1367 1724 1400 27.

1227 1444 1366 1478 Plinius
1386 1444 1434 1480 Η.
1457 1444 1504 1479 N.
1532 1443 1589 1490 X,
1611 1455 1644 1477 c.
1669 1446 1714 1484 24
1741 1454 1748 1476 ε
1786 1442 1910 1476 Tradit
1938 1450 1975 1476 et
1994 1443 2132 1476 Fabius
2150 1443 2208 1477 Pi-

1173 1509 1250 1535 ctor
1263 1505 1300 1534 in
1314 1503 1425 1535 Anna
1431 1501 1524 1534 libus
1538 1503 1620 1541 suis,
1640 1512 1748 1546 (suum
1761 1500 1982 1534 obsideretur
1990 1501 2207 1546 proesidium

1174 1561 1378 1594 Romanum
1399 1572 1423 1592 a
1443 1560 1656 1606 Ligustinis,
1684 1558 1916 1591 hirundinem
1934 1571 1958 1591 a
1970 1559 2086 1604 pullis
2105 1559 2158 1591 ad
2170 1571 2209 1592 se

1174 1617 1332 1650 allatam
1351 1629 1362 1649 .·
1381 1624 1419 1650 ut
1439 1617 1512 1650 lino
1531 1617 1583 1649 ad
1601 1617 1734 1663 pedem
1765 1619 1844 1660 ejus
1862 1617 2019 1661 alligato
2038 1616 2141 1649 nodis
2162 1619 2208 1649 si-

1173 1675 1386 1720 ¹.f„³·nific(1ret,
1422 1683 1530 1722 quoto
1563 1675 1624 1709 die
1656 1675 1869 1709 adveniente
1895 1675 2035 1708 auxilio
2071 1678 2211 1721 eruptio

1171 1732 1258 1775 fieri
1275 1733 1432 1767 deberet.

1664 1801 1726 1836 28.

1229 1876 1358 1911 Suidas
1392 1890 1400 1911 :
1422 1874 1559 1917 Φοῖῧιος
1588 1874 1730 1926 Πίκτωρ
1742 1905 1750 1921 ,
1779 1873 1991 1925 συγγραφεὺς
2010 1874 2209 1921 Ῥωμαίων.

1176 1926 1286 1974 Οὗτος
1296 1932 1387 1982 λέγει
1403 1932 1542 1984 ἄρχοντι
1554 1932 1738 1981 Ῥωμαίων
1754 1930 1801 1981 μὴ
1819 1931 1940 1975 ἐξεῖναι
1958 1933 2077 1980 μηδενὶ
2094 1947 2212 1984 σφετε-

1178 1990 1327 2040 ρίζεσθαι
1345 1991 1382 2027 ἐκ
1401 1994 1457 2027 τοῦ
1480 1990 1645 2039 δημοσίου
1664 1992 1788 2028 ὁτιοῦν.

1661 2084 1723 2118 29.

1229 2154 1362 2188 Strabo
1377 2157 1422 2201 V,
1441 2166 1480 2200 p.
1501 2154 1589 2198 228,
1611 2154 1654 2189 de
1674 2154 1816 2188 Sabinis
1839 2166 1846 2187 :
1867 2151 1964 2197 Φησὶ
1981 2152 2009 2188 δ’
2026 2154 2043 2189 ὃ
2059 2167 2212 2203 συγγρα-

1177 2208 1255 2261 φεὺς
1285 2209 1422 2252 Φοίὸιος
1443 2209 1637 2258 Ῥωμαίους
1669 2208 1844 2246 αἰσθέσθαι
1871 2213 1928 2246 τοῦ
1954 2209 2102 2246 πλούτου
2134 2210 2211 2246 τότε

1177 2269 1324 2318 πρῶτον,
1344 2266 1398 2304 ὅτε
1415 2270 1474 2303 τοῦ
1493 2267 1604 2309 ἔθνους
1622 2268 1744 2304 τούτου
1764 2266 1980 2313 κατέστησαν
1997 2267 2119 2317 κύριοι.

1231 2327 1388 2362 Fabium
1401 2328 1683 2374 grammaticum
1694 2334 1874 2362 memorat
1884 2328 2020 2362 Marius
2032 2329 2211 2363 Victorin.

1179 2387 1257 2420 Art.
1285 2397 1440 2432 gramm.
1461 2386 1491 2428 I,
1512 2397 1550 2431 p.
1571 2384 1672 2426 2468
1699 2385 1759 2419 ed.
1791 2385 1939 2422 Putsch.
1975 2398 1983 2419 z
2004 2386 2214 2432 Repertores

1182 2445 1369 2477 literarum
1405 2443 1565 2477 Cadmus
1591 2456 1639 2476 ex
1667 2442 1845 2477 Phoenice
1871 2446 1908 2476 in
1941 2444 2141 2487 Groecz‘am,
2179 2453 2214 2478 et

1178 2502 1344 2535 Evander
1367 2502 1419 2535 ad
1436 2514 1500 2536 nos
1521 2503 1823 2538 transtulerunt...
1851 2502 2091 2536 Grammatici
2108 2516 2213 2549 prae-

1179 2567 1277 2593 terea
1300 2560 1507 2593 Demetrius
1524 2559 1742 2601 Phalereus,
1770 2572 1818 2593 ετ,
1836 2562 1966 2594 nostris
1986 2567 2106 2594 autem
2126 2561 2212 2595 Cin-

1145 2593 1150 2658 l
1177 2619 1267 2657 cius,
1291 2618 1448 2660 Fabius,
1482 2618 1622 2654 Gellius
1641 2618 1878 2659 tradiderunt,
1904 2625 1974 2653 etc.

1667 2729 1724 2759 29.

1223 2781 1339 2812 Fabius
1356 2781 1523 2812 historicus
1539 2782 1639 2821 inquit
1664 2783 1740 2812 tunc
1764 2781 1892 2813 deinum
1910 2784 2069 2813 Romanos
2085 2784 2214 2814 sensisse

1182 2832 1323 2871 disitias,
1346 2842 1445 2872 quum
1463 2834 1651 2865 Sabinorum
1666 2835 1790 2874 gentem
1804 2834 1862 2865 sibi
1879 2833 2092 2872 subjecissent.
