2338 3765
942 146 1263 185 FRAGMENTA
2086 163 2158 194 575

93 228 266 272 Ὀλῧία,
284 229 410 269 πόλις.
421 227 717 278 .Παμφυλίας,<
701 244 746 269 ως
766 228 901 266 ψιλων.
1098 242 1101 274 j
1130 248 1195 268 ·ιυι·
1202 238 1290 269 tonis
1311 245 1364 271 ιιι
1369 245 1423 278 et·
1447 252 1572 273 ieiuni
1595 241 1629 273 in
1648 238 1937 287 llexaiii.1J.2'53
1957 244 2024 289 hgi
2042 242 2156 293 Οὐρά-

94 285 320 335 Αἴγειρα...
349 257 470 323 Φίλιον
499 284 535 321 δέ
563 299 645 335 φησι
677 284 836 327 Κιλικίας
857 286 954 322 πόλιν
985 290 1069 323 εἰναι
1098 280 1101 339 ξ
1130 304 1195 330 νιις
1215 305 1258 325 cx
1279 294 1409 328 Alluio
1430 296 1540 330 ι”Ἂ-ιίιιῑ
1562 298 1761 331 Rcinesins.

39 342 212 394 Αἴγειραν.
1098 344 1101 408 Ι
1640 390 1659 420 q

1618 402 1646 422 l«
1666 418 1670 423 .

527 450 538 470 Ι
555 463 580 480 ”
1183 475 1285 509 Idem
1306 487 1313 512 :
1336 474 1475 524 Ἄσπις,
1494 478 1591 520 πόλις
1608 479 1738 525 Λιῧόης
1753 511 1761 526 ,
1781 483 1825 523 ὡς
1842 482 1973 520 ψίλιιν.

88 546 215 592 Steph.
230 546 290 581 B.:
306 543 539 581 Λαοδίκεια
550 544 670 589 ,πόλις
685 547 744 589 τῆς
760 544 898 593 Συρίας,
914 548 934 590 ἡ
948 546 1068 596 πρότε·

37 615 92 652 ρον
107 601 254 645 Λευκὴ’
237 600 324 646 ακτὴ
340 600 467 650 ὶεγομέ
469 616 508 645 νη
527 616 585 637 και
601 601 666 651 πρὸ
677 600 797 639 τούτου
813 602 979 652 Ῥάμιθα.
999 605 1045 641 Κε
1033 619 1068 631 -

36 658 216 709 ραυνωθεὶς
230 658 294 709 γάρ
305 674 354 701 τις
368 660 401 695 ἐν
416 659 502 709 αὐτῇ
516 657 672 707 ποιμὴνς
660 658 713 695 ἔελ
700 674 754 709 εγε
767 659 979 708 Ραμάνθας,
991 676 1068 698 του-

35 717 143 754 τέστιν
164 718 222 768 ἀφ’
243 716 346 768 ὕψους
366 719 382 753 ὁ
402 716 492 759 Θεός·
517 716 630 768 ῥάμαν
650 716 716 768 γὰρ
751 717 788 754 τὸ
809 717 906 769 ὕψος,
928 718 1010 761 ἄθας
1033 718 1066 756 δὲ

33 776 53 811 ὃ
72 778 106 811 Os
94 773 155 816 ςός.
180 774 283 812 Ούτω
299 776 436 813 Φίλων.

86 832 138 871 1έ
122 848 273 884 ερασα,
296 833 394 875 πόλις
413 849 473 878 της
492 832 667 877 Κοίληςῗ
638 833 782 883 ..υρίας,
800 835 860 878 τ’ἧς
879 849 913 870 τε
901 849 1066 884 σσαρεσ-

35 891 309 933 καιδεκαπόλεως
328 891 411 942 (τ’ῆς
426 889 541 942 χώρας
561 891 594 927 δε
599 890 726 927 καπόλε
714 906 775 934 τως
795 893 891 939 conj.
910 894 1066 937 Berkel„

33 951 183 986 laudato
202 952 321 985 Plinio
339 953 381 996 V,
401 964 431 986 c.
457 950 541 997 18).
565 949 625 992 Ἐξ
649 950 754 994 αὐτῆς
772 949 968 999 Ἀρίστων
955 950 1067 1001 ρήτωρ

33 1002 185 1047 ἀστεῖος,
200 1004 244 1043 ὡς
262 1002 396 1047 Φίλων,
414 1001 473 1038 καὶ
490 1001 647 1052 Κηρυκος
664 1016 823 1052 σοφιστης
841 1017 899 1038 και
918 1003 1067 1040 Πλάτων
1130 996 1289 1049 Καδμι··)
1318 998 1360 1043 ἣν
1388 1000 1498 1036 ἐκεῖσε
1524 1003 1708 1038 κατακλιθε
1696 1008 1788 1039 ἓἴσαν
1808 1020 1856 1040 τιι)
1876 1005 1992 1055 κέρατι
2012 1007 2163 1051 πατάξαι

34 1059 170 1108 νομικὸς
189 1059 321 1111 ῥήτωρ,
343 1065 458 1096 πᾶσαν
473 1059 650 1096 παίδευσιν
670 1062 715 1101 ὡς
736 1058 816 1108 μίαν
836 1061 1068 1109 ἀποστοματί·
1130 1055 1189 1100 τὴν
1210 1059 1287 1105 γῆν,
1306 1071 1364 1092 καὶ
1381 1057 1508 1107 κρήνην
1536 1060 1747 1110 ἀναφανῆναι
1764 1092 1772 1109 ,
1792 1078 1832 1106 ην
1853 1063 1921 1099 ἀπὸ
1946 1067 2003 1100 τοῦ
2024 1064 2163 1116 κέρατος

1394 579 1455 616 Σι
1462 581 1629 619 pnNOJ
1663 584 1688 620 i:
1695 584 1904 622 niioun

35 1119 98 1161 ζων
127 1117 184 1155 καὶ
204 1119 237 1154 ἐν
268 1133 350 1164 ww]
354 1117 484 1170 γορίαις
503 1133 561 1154 χαι
588 1118 834 1168 παρεδρευταῑς
857 1118 915 1155 καὶ
943 1119 1069 1169 θρόνοις
1130 1118 1188 1151 τοῦ
1208 1114 1283 1165 βοὸς
1302 1115 1411 1151 Βουκε
1418 1112 1516 1167 ραίδα
1539 1118 1730 1157 καλεῖσθαι.
1789 1119 1891 1157 Ούτι)
1911 1121 2044 1158 Θει)ν’
2030 1138 2063 1158 εν
2094 1126 2162 1166 τοῖς

1597 674 1639 708 18
1670 689 1702 712 a.

1182 768 1303 813 Etym.
1333 769 1383 804 M
1407 781 1444 815 p.
1480 782 1569 815 207,
1595 776 1640 813 40
1671 786 1677 807 z
1715 774 1844 810 ssouxs
1833 773 1970 824 εραις,
1990 776 2097 826 κρήνη
2127 780 2160 814 ἐν

1131 824 1386 869 Πλαταιαῖς,”
1365 840 1438 869 ητις
1455 826 1667 874 ὠνόμασται.
1692 831 1767 867 Πό)
1771 831 1900 875 υέοςέξ
1916 831 2056 884 Ἄργους
2080 835 2162 871 ἐπέ-

1129 897 1223 918 κτισε
1248 881 1428 924 Πλαταιὰς
1459 886 1545 931 μετὰ
1565 884 1620 921 τὸν
1642 887 1697 923 επὶ
1726 891 1770 925 Δε
1758 890 1959 932 ιτυκοιλιωνος
1989 894 2160 929 κατακλυ-

1130 939 1227 988 σμὸν,
1256 939 1332 990 βοος
1361 942 1453 977 αὖτι)
1483 945 1612 991 ἦγουυιε
1617 959 1673 989 νης
1694 946 1781 982 κατὰ
1810 948 1979 997 χρησμὸν,
2006 965 2050 991 ως
2079 966 2162 988 ποτε

32 1176 93 1221 τὴν
115 1175 281 1226 ὀρθότητα
302 1192 367 1212 των
388 1174 500 1225 νόμων
519 1174 743 1221 ἐπιτηδεύων.
1131 1171 1382 1221 Ἵ“πομνήμασι
1410 1177 1469 1210 τοῦ
1490 1173 1521 1210 α’
1544 1175 1664 1212 Αἷτίου
1693 1176 1893 1227 (ΑἷτίωνΡ)
1919 1179 2161 1231 Καλλιμάχου.

1131 1230 1235 1269 Ου’τω
1256 1231 1314 1268 καὶ
1343 1233 1480 1283 Σερινος
1512 1233 1561 1282 (l.
1586 1235 1794 1285 Σερῆνος)’
1781 1251 1813 1271 εν
1833 1251 1874 1286 τῃ
1905 1236 1945 1274 Ἐ
1949 1241 2077 1288 πιτοιιῇ
2096 1254 2163 1274 των

1131 1289 1288 1331 Φίλωνος
1316 1290 1510 1340 περιπόλων
1534 1292 1585 1340 (l.
1616 1291 1703 1341 Περι
1724 1292 1887 1340 πόλεων).
1908 1293 2072 1338 Πολύιδος
2105 1295 2162 1344 (ὃς

1132 1346 1327 1385 Πολυίδουῖ
1342 1349 1352 1396 )
1369 1347 1461 1397 λέγει
1481 1348 1519 1385 τὸ
1533 1349 1704 1400 χρησμόν.

85 1233 272 1272 Ἐλαία..
305 1231 411 1272 ”Em
425 1235 484 1271 καὶ
501 1234 598 1276 πόλις
611 1234 801 1280 Φοινίκης’
809 1234 921 1272 Ελαία
941 1234 1067 1283 μεταξυ

34 1292 149 1342 Ὶύρου
169 1292 227 1329 καὶ
246 1293 393 1335 Σιδωνος
405 1322 414 1337 ,
433 1309 478 1335 ως
497 1292 633 1331 Φίλων

85 1349 208 1395 Ἰόπη
224 1379 234 1398 ,
250 1349 347 1392 πόλις
367 1349 552 1396 Φοινίκης,
578 1349 724 1396 πλησίον
742 1349 952 1399 ’[αμνίας,(
935 1367 980 1394 ως
999 1351 1071 1389 Φί-

34 1409 145 1453 λων,
129 1410 174 1450 ως
188 1408 221 1444 δὲ
239 1406 433 1456 Διονύσιος,
453 1407 701 1453 Παλαιστίνης

86 1464 290 1516 Μαρσύα,
311 1463 408 1507 πόλις
423 1465 643 1511 Φοινίκης,
627 1482 673 1507 ως
693 1465 908 1517 Ἀλέξανδρος
926 1467 984 1503 καὶ
1003 1467 1069 1506 Φί-

32 1525 113 1560 λων.

86 1580 266 1619 Βαὸυλω
277 1596 310 1629 ν,
332 1580 488 1633 Περσικὴ
510 1581 630 1629 πόλις,
651 1582 879 1632 μητρόπολις,
901 1582 1070 1620 Σελευκία

33 1639 249 1688 καλουμένη,
266 1638 396 1688 κτίσμα
426 1639 633 1682 Βαὸυλῶνος
645 1669 654 1687 ,
674 1638 792 1690 ἀνδρὸς
809 1643 933 1691 σοφοῦ,
952 1640 1072 1683 παιδὸς

36 1695 150 1741 Βήλου
171 1695 182 1744 (
202 1710 237 1731 v.
257 1699 282 1733 l.
306 1695 447 1741 Μηδου,
468 1697 572 1744 quod
592 1699 701 1732 etiam
719 1710 777 1744 ap.
800 1699 965 1734 Eustath.
981 1695 1072 1747 )σο-

36 1753 212 1804 φωτάτου,
232 1755 296 1823 06X
312 1756 357 1797 ὡς
371 1753 602 1805 ‘H9630‡0<,
591 1753 655 1791 υπὸ
673 1753 928 1805 Σεμιράμιδος·
946 1753 1072 1799 ταύτης

34 1810 99 1862 γὰρ
124 1811 332 1862 ἀρχαιοτέρα
351 1811 442 1849 ἔτεσι
461 1811 583 1862 χιλίοις
607 1810 686 1858 δύο,
719 1827 764 1853 ως
795 1810 980 1861 εΕριεννιος.
998 1815 1071 1849 Pro

34 1868 156 1919 χιλίοις
168 1868 270 1919 δύο(
273 1868 330 1919 αβ’
343 1869 423 1920 )ap.
441 1871 671 1906 Eustathium
681 1871 728 1905 ad
740 1871 895 1906 D1011vs
909 1883 943 1906 v.
962 1870 1072 1915 1005,

36 1929 100 1975 qui
135 1929 311 1975 Stephan.
348 1938 452 1963 exsm
454 1929 555 1976 ipsit
591 1935 645 1963 est
678 1926 832 1977 ιχιλίοις
863 1926 1075 1969 ὀκτακοσίοις

35 1987 70 2035 (
73 2000 124 2021 αω
126 1984 176 2034 ’).
200 1987 273 2021 Pro
294 1984 462 2033 Ἑρέννιος
491 1986 578 2023 cod
601 1986 726 2023 Rhed.
748 1983 948 2035 Ἐρρένιος;
967 1998 1073 2020 com-

36 2044 161 2090 plures
178 2044 327 2079 codices
343 2041 544 2092 Εράννιος,
566 2045 730 2081 Eustath.
751 2045 789 2078 in
806 2045 916 2079 Dion.
937 2057 1076 2079 nomen

1598 1443 1698 1481 18b.

1186 1530 1288 1564 Idem
1316 1542 1354 1576 p.
1395 1535 1485 1576 149,
1515 1529 1561 1564 50
1591 1543 1598 1564 ε
1635 1529 1970 1580 Ἀρσινόη,πο’λις
1999 1533 2032 1568 ἐν
2058 1533 2167 1583 Συρίᾳ

1133 1586 1189 1623 ἐπι
1209 1589 1318 1637 βουνῳ
1335 1586 1498 1633 κειμένη·
1514 1586 1569 1623 ἐπὶ
1595 1587 1629 1623 δὲ
1649 1602 1708 1623 του
1731 1589 1851 1637 βουνου
1866 1588 1978 1639 πηγὰς
1997 1590 2147 1641 ἐξερεύγε
2152 1613 2166 1619 -

1133 1659 1188 1681 ται
1209 1644 1253 1694 (l.
1275 1643 1530 1717 ἐξερεύγεσθαι)
1553 1644 1731 1694 πλείονας,
1749 1645 1808 1682 καὶ
1827 1646 2000 1695 ποταμους
2017 1648 2168 1698 γίνεσθαι

1134 1701 1323 1751 μεγάλους,
1346 1703 1402 1753 ἀφ’
1423 1705 1469 1738 ὧν
1490 1706 1510 1747 ἦ
1537 1701 1634 1744 πόλις
1659 1703 1878 1750 ωνόμασται·
1897 1704 2024 1757 ἄρσαι
2046 1704 2111 1757 γὰρ
2131 1707 2168 1743 τὸ

1132 1758 1293 1795 ποτίσαι·
1325 1760 1382 1810 ἀφ’
1400 1762 1438 1795 οὑ
1469 1759 1570 1796 καὶ”
1548 1775 1655 1811 αρσην
1677 1763 1693 1797 ὃ
1712 1759 1774 1806 τὴν
1795 1764 1939 1812 γυναῖκα
1959 1763 2105 1807 ποτίζων
2126 1767 2168 1816 τῇ

1134 1822 1258 1868 σπορα.
1275 1816 1377 1855 Οὕτω
1395 1818 1532 1869 Σερινος
1555 1817 1603 1869 (l.
1624 1819 1822 1870 Σερηνος)’
1808 1836 1840 1857 εν
1855 1836 1897 1871 τῃ
1912 1820 2084 1873 Ἐπιτομῇ
2101 1838 2169 1858 των

1134 1874 1304 1916 Φίλωνος.
1334 1878 1422 1922 Quae
1443 1877 1489 1912 de
1508 1889 1600 1912 voce
1622 1875 1729 1927 ἅρσην
1753 1880 2060 1943 interponuntur,
2091 1894 2168 1916 nou

1134 1940 1154 1963 e
1179 1930 1338 1975 Sereno,
1357 1929 1421 1963 sed
1441 1941 1486 1964 ex
1506 1930 1762 1964 Herodiano’
1747 1945 1780 1966 εν
1801 1932 1848 1981 τῷ
1873 1931 1960 1982 Περὶ
1978 1931 2090 1980 γάμου
2110 1932 2169 1968 καὶ

1135 1984 1311 2034 συμὸιώσε
1315 2001 1360 2027 ως
1377 1986 1568 2031 fluxerint,
1590 1989 1643 2022 uti
1664 1988 1837 2034 conjicias
1853 2002 1897 2024 ex
1918 1991 2039 2037 Etyrn
2061 1992 2111 2029 M.
2133 2004 2167 2028 v.

1137 2042 1258 2093 ἄρσην.
1271 2046 1453 2080 Aisinoen
1463 2046 1559 2080 hanc
1572 2047 1859 2082 notaievidetur
1870 2049 2043 2095 Stephan.
2056 2051 2164 2096 Byz.:

82 2153 281 2192 Telmissus,
298 2153 374 2184 urbs
396 2153 508 2192 Cariae,
526 2154 588 2192 vel,
603 2155 639 2184 ut
662 2153 750 2184 Pbilo
767 2155 798 2185 et
814 2154 926 2185 Strabo
942 2154 1071 2192 dicunt,

42 2207 155 2245 Lyciae.
169 2206 342 2245 Utriusque
353 2205 438 2236 enim
450 2207 497 2236 est
512 2205 602 2236 limes
615 2207 685 2245 post
699 2206 840 2237 Daedala.

84 2256 181 2287 Olbia
192 2280 201 2296 ‚
212 2256 288 2287 urbs
303 2256 494 2296 Pamphyliae
503 2279 511 2294 ,
524 2256 604 2287 teste
624 2256 765 2288 Philone.

81 2309 215 2347 AEyira,
228 2307 346 2339 Ciliciae
357 2307 445 2346 urbs,
460 2308 540 2338 teste
560 2307 701 2338 Philone.

532 2372 583 2402 17.

82 2436 260 2475 Laodicea,
275 2436 350 2467 urbs
360 2437 472 2476 Syriae,
492 2445 564 2476 quae
585 2437 672 2476 prius
684 2439 787 2468 Leuce
801 2440 875 2468 Acte
890 2438 1074 2477 vocabatur,

41 2488 71 2517 ct
95 2486 233 2526 primum
257 2487 414 2517 Ramitha.
446 2486 584 2523 Quidam
610 2486 694 2517 enim
711 2488 817 2525 pastor
846 2487 977 2518 fulnnne
993 2487 1074 2518 ictus

41 2538 119 2569 dixit
137 2538 367 2577 Ramantlzas‚
387 2538 446 2568 hoc
460 2539 506 2569 est
519 2538 561 2569 ab
572 2538 643 2568 alto
659 2538 740 2568 deus
750 2546 762 2573 ;
782 2541 923 2570 Romam
933 2540 1015 2570 enim
1031 2539 1075 2569 al-
1105 2555 1107 2572 ι

42 2587 211 2619 titudinem
226 2612 234 2626 ,
248 2587 348 2619 athas
363 2597 438 2619 vero
457 2588 551 2619 deum
567 2587 729 2627 significat.
745 2589 795 2620 Sic
809 2589 910 2620 Philo,
1105 2575 1107 2624 ί

89 2640 236 2674 Gerasa,
257 2638 331 2670 urbs
354 2638 550 2678 coelesyriae,
580 2647 642 2669 nna
661 2647 699 2669 ex
725 2640 977 2678 quattuordecim
1002 2641 1074 2679 (de-
1105 2628 1108 2672 Ι

42 2698 111 2721 cem
122 2693 140 2721 Ρ
154 2689 165 2729 )
183 2689 279 2728 hujus
294 2689 427 2728 regionis
442 2689 584 2720 urbibus.
604 2691 651 2719 Ex
665 2689 724 2719 hac
740 2690 863 2721 oriundi
877 2692 950 2722 sunt
975 2692 1077 2723 Aristo

43 2741 150 2772 rhetor
160 2740 312 2778 urbanus,
328 2740 374 2771 uti
389 2740 502 2771 Philon
513 2739 567 2779 ait,
582 2742 613 2771 et
627 2742 765 2780 Cerycus
780 2742 929 2781 sophista,
943 2744 975 2773 et
988 2743 1076 2774 Plato

43 2791 220 2823 causidicus
231 2815 238 2829 ,
261 2800 389 2822 omnem
412 2792 608 2831 disciplinam
625 2793 661 2823 ut
677 2801 773 2823 unam
789 2794 970 2824 memoriter
984 2803 1077 2833 expo-

46 2851 141 2881 nens,
155 2844 186 2874 et
200 2843 231 2873 in
241 2851 406 2874 cansarum
418 2843 598 2882 patrociniis
612 2845 643 2873 et
660 2844 738 2874 inter
752 2852 920 2875 assessores
929 2846 960 2875 et
978 2845 1007 2876 in
1024 2854 1077 2876 ca-

44 2893 162 2924 thedris
177 2893 295 2933 legibus
309 2895 392 2924 recte
406 2894 597 2933 applicandis
613 2894 751 2925 studens.

87 2944 186 2975 Eloea
197 2945 290 2975 etiam
311 2944 479 2975 Phoenicioe
498 2944 571 2975 urbs
584 2946 630 2975 est
652 2944 734 2976 inter
748 2948 867 2984 Tyrum
885 2948 916 2977 et
928 2946 1074 2978 Sidonem

44 2995 114 3033 sita,
126 2996 163 3026 ut
176 2995 267 3026 Philo
285 2995 339 3025 ait.

86 3047 186 3085 Jope,
205 3045 281 3076 urbs
305 3045 490 3084 Phoeniciae,
510 3053 605 3084 prope
629 3046 800 3084 Jamniam,
816 3048 850 3076 ut
863 3046 951 3077 Philo
966 3049 1077 3078 auctor

46 3098 102 3127 est.
118 3095 297 3127 Secundum
316 3095 500 3135 Dionysium
516 3104 592 3126 vero
611 3096 686 3126 urbs
703 3096 877 3127 Palaestinae
891 3099 948 3128 est.

88 3150 240 3187 Marsya,
251 3148 327 3179 urbs
339 3147 525 3185 Phoeniciae,
541 3149 576 3178 ut
592 3148 768 3179 Alexander
783 3150 814 3179 et
832 3149 930 3179 Philo.

89 3199 253 3237 Babylon,
273 3199 396 3230 Persica
412 3199 499 3237 urbs,
527 3198 724 3237 metropolis,
738 3207 809 3238 quae
823 3199 963 3230 Seleucia
982 3208 1076 3231 voca-

49 3251 110 3279 tur.
137 3249 271 3280 Condita
285 3250 331 3280 est
351 3258 369 3279 a
384 3249 559 3288 Babylone,
585 3249 651 3279 viro
666 3250 815 3288 sapiente,
834 3250 896 3280 Beli
913 3251 1076 3289 sapientis-

48 3300 117 3331 simi
133 3301 205 3339 filio,
226 3309 288 3331 non
305 3310 377 3331 vero
392 3310 408 3331 a
422 3301 637 3332 Semiramide.
654 3302 732 3332 Nam
749 3301 890 3341 Babylon
905 3302 979 3333 urbs
992 3303 1077 3334 mille

1135 2155 1167 2185 et
1186 2154 1310 2185 duobus
1328 2154 1545 2194 (oetinqentzs
1558 2155 1583 2194 3³)
1596 2155 1684 2186 annis
1697 2156 1857 2195 antiquior
1876 2159 1923 2188 est
1948 2157 2157 2189 Semiramide

1135 2206 1181 2236 uti
1196 2206 1238 2236 ait
1252 2206 1438 2236 Herennius.
1627 2251 1668 2281 18

1103 2330 1106 2413 γ
1175 2321 1280 2359 Aspis,
1295 2320 1369 2351 nrbs
1384 2320 1489 2360 Libyae
1502 2345 1510 2360 ‚
1527 2322 1563 2353 ut
1581 2321 1669 2352 Philo
1683 2322 1794 2352 auctor
1810 2323 1867 2352 est.

1104 2416 1107 2447 i

1425 2408 1607 2445 SERENI
1639 2409 1876 2446 EPITOME.

1609 2484 1649 2515 18
1669 2491 1700 2516 a.

1177 2556 1344 2585 Bucerais
1360 2565 1369 2585 :
1389 2555 1456 2584 fons
1469 2554 1552 2593 apud
1567 2554 1756 2586 Plataeenses
1771 2555 1815 2586 sic
1830 2555 1955 2586 dicitur.
1976 2555 2114 2595 Polybus
2129 2565 2167 2587 ex

1136 2606 1225 2646 Argis
1245 2606 1348 2637 denuo
1365 2606 1475 2637 incolis
1501 2606 1632 2637 Plataeas
1651 2608 1864 2646 frequentavit
1883 2608 1952 2647 post
1972 2608 2169 2639 Deucalionis

1135 2657 1311 2696 diluvium,
1341 2658 1455 2688 bovem
1474 2658 1750 2697 ex‹›1·;÷culiJussu
1773 2659 1889 2690 ducem
1913 2667 2062 2699 sequens,
2078 2659 2168 2691 sicuti

1135 2709 1197 2739 alio
1222 2710 1364 2748 tempore
1381 2710 1532 2741 Cadmus.
1554 2712 1644 2742 Hanc
1660 2710 1719 2741 isto
1736 2710 1805 2741 loco
1820 2710 2063 2741 decumbentem
2082 2711 2170 2741 aiunt

1136 2769 1234 2791 cornu
1266 2761 1383 2791 seriisse
1407 2762 1543 2801 terram,
1569 2770 1670 2801 eoque
1701 2762 1820 2792 sontem
1838 2762 2007 2801 excitasse,
2035 2770 2129 2802 quem
2150 2770 2168 2792 a

1136 2811 1225 2842 bovis
1243 2820 1341 2842 cornu
1358 2812 1561 2843 Buceraidem
1577 2812 1815 2852 appellaverint.
1835 2813 1886 2844 Sic
1899 2813 2007 2844 Theon
2020 2814 2052 2843 in
2071 2815 2167 2844 Com-

1136 2863 1297 2893 mentariis
1307 2862 1346 2893 ad
1354 2863 1510 2893 AEtiorum
1519 2864 1704 2894 Callimachi
1716 2863 1831 2894 librum
1843 2865 1990 2903 primum.
2008 2865 2057 2895 Sic
2067 2863 2161 2895 etiam

1106 2902 1108 2919 ⁵
1138 2916 1274 2945 Serenus
1287 2915 1319 2944 in
1337 2914 1478 2954 Epitome
1501 2914 1602 2954 operis
1616 2914 1754 2946 Philonis
1775 2917 1820 2946 De
1836 2915 1977 2946 urbibus.
1997 2916 2166 2947 oraculum

1136 2965 1212 2995 illud
1229 2965 1377 3004 Polyidus
1395 2965 1490 2996 dedit.

1605 3031 1647 3062 18
1668 3026 1701 3061 b.

1177 3099 1322 3139 Arsinoe,
1335 3100 1410 3130 urbs
1422 3100 1519 3139 Syriae
1533 3101 1565 3131 in
1578 3100 1660 3131 clivo
1674 3100 1732 3131 sita
1742 3124 1750 3139 ,
1762 3100 1794 3131 in
1811 3108 1875 3139 quo
1889 3100 1990 3131 fontes
2001 3108 2164 3139 erumpere

1135 3150 1223 3181 aiunt
1239 3151 1434 3190 complures,
1458 3160 1574 3191 eosque
1589 3160 1718 3191 magnos
1734 3151 1865 3182 evadere
1880 3150 2001 3189 fluvios,
2019 3159 2036 3180 a
2053 3151 2163 3190 quibus

1136 3201 1210 3231 urbs
1233 3210 1348 3232 nomen
1366 3201 1502 3239 habeat3
1519 3210 1592 3232 nam
1620 3202 1710 3242 ἄρσαι
1727 3203 1774 3232 est
1796 3203 1952 3240 irriyare.
1979 3200 2053 3232 Inde
2068 3202 2161 3232 etiam

1135 3253 1230 3292 ἄρσην
1245 3254 1353 3292 (mas)
1364 3253 1488 3291 dicitnr,
1501 3254 1616 3293 quippe
1629 3254 1680 3293 qui
1699 3254 1844 3284 feminam
1853 3253 1955 3291 irrigat
1968 3252 2095 3283 semine.
2112 3254 2161 3283 Sic

1135 3306 1269 3335 Serenus
1282 3304 1312 3335 in
1330 3305 1471 3344 Epitonu·
1487 3305 1632 3336 Philonis.
