2338 3765
138 187 212 220 5⁷0

135 269 344 308 ἐπινοοῦντες
375 265 544 307 παντοίως
571 265 778 304 ἐποίκιλλον.
810 263 931 302 Ἔνθεν
959 265 1117 308 Ἡσίοδος
1137 265 1171 302 οἵ

135 339 170 361 τε
186 323 342 361 κυκλικοὶ
356 322 609 374 περιηχημένοι
625 322 794 372 θεογονίας
822 322 879 360 καὶ
898 322 1169 373 γιγαντομαχίας

135 382 193 419 καὶ
225 381 487 431 Τιτανομαχίας
530 380 686 417 ἔπλασαν
714 380 801 423 ἰδίας
830 380 888 418 καὶ
921 381 1066 430 ἐκτομὰς
1079 410 1088 427 ,
1122 375 1169 423 οἷς

136 438 471 492 συμπεριφερόμενοι
493 437 688 484 ἐξενίκησαν
705 437 765 483 τὴν
782 437 959 484 ἀλήθειαν.
981 438 1168 490 Σύντροφοι

135 498 171 534 δὲ
196 502 265 540 τοῖς
286 496 422 535 ἐκείνων
444 496 647 545 πλάσμασιν
668 499 703 533 αἱ
729 496 829 534 ἀκοαὶ
850 499 946 546 ἡμῶν
967 495 1168 547 γενόμεναι,

135 556 193 592 καὶ
209 555 458 607 προληφθεῒσαι
486 555 623 596 πολλοῖς
646 555 777 600 αἰῶσιν,
805 556 850 597 ὡς
871 554 1169 606 παρακαταθήκην

136 612 379 665 φυλάσσουσιν,
393 612 435 658 ἣν
449 611 680 663 παρεδέξαντο
698 612 917 661 μυθοποιίαν,
938 611 1094 662 καθάπερ
1111 611 1169 648 καὶ

136 671 323 722 ἀρχόμενος
345 665 456 719 εἷπον,
471 670 544 715 ἥτις
563 673 808 722 συνεργηθεῖσα
826 669 938 722 χρόνῳ
957 669 1169 714 δυσεξίτητον

135 729 197 776 τὴν
214 729 366 780 κατοχὴν
387 730 503 771 αὐτοῖς
519 728 721 779 εἴργασται,
738 727 827 765 ὥστε
847 727 908 774 τὴν
927 728 989 777 μὲν
1007 728 1170 773 ἀλήθειαν

136 789 244 825 δοκεῖν
266 788 385 838 λῆρον,
407 787 445 824 τὸ
474 787 508 824 δὲ
529 789 589 832 τῆς
607 787 811 838 ἀφηγήσεως
831 786 939 836 νόθον,
959 785 1131 831 ἀλήθειαν.
1155 803 1169 817 υ

189 859 234 884 29.
248 848 372 884 Ταῦτα
388 845 457 883 ἀπὸ
472 848 531 891 τῆς
549 845 854 896 Σαγχουνιάθωνος
870 844 1063 895 προκείσθω
1080 859 1167 894 γρα-

137 907 213 955 φῆς,
228 904 488 955 ἑρμηνευθείσης
507 902 566 952 μὲν
587 903 655 940 ἀπὸ
671 903 829 945 Φίλωνος
847 906 906 940 τοῦ
924 901 1087 951 haemon,
1109 903 1167 938 60.

135 962 360 1010 κιμασθείσης
379 962 415 999 δὲ
433 964 477 1005 ὡς
497 963 641 1008 ἀληθοῦς
661 962 725 1000 ὑπὸ
742 964 801 1007 τῆς
820 961 1015 1013 Πορφυρίου
1034 964 1092 998 τοῦ
1112 975 1166 1011 ιρι·

136 1020 282 1072 λοσόφου
301 1020 502 1072 μαρτυρίας.

635 1085 670 1119 3.

189 1166 418 1214 Porphyrius
437 1167 491 1200 De
511 1165 642 1200 abstin.
671 1165 727 1209 ΙΙ,
748 1162 815 1208 56,
839 1171 874 1197 et
894 1175 938 1197 ex
967 1175 1011 1197 eo
1034 1162 1167 1202 Euseb,

138 1227 200 1269 lv,
225 1225 284 1269 16,
299 1237 339 1272 p.
363 1223 447 1267 156,
465 1224 496 1258 A
516 1235 523 1257 ε
541 1220 701 1262 Φοίνικες
716 1219 750 1256 δὲ
766 1221 798 1256 ἐν
814 1219 887 1261 ταῖς
902 1218 1066 1268 μεγάλαις
1083 1233 1170 1266 συμ-

137 1282 256 1333 φοραῖς
274 1280 296 1326 ἢ
313 1279 474 1328 πολέμων
489 1278 510 1323 ἢ
523 1279 666 1329 αὐχμῶν
681 1278 702 1323 ἢ
718 1279 846 1326 λοιμῶν
862 1277 957 1314 ἔθυον
970 1278 1035 1312 τῶν
1053 1274 1170 1326 φιλτά-

137 1355 204 1377 των
221 1339 295 1376 τινὰ
313 1337 570 1389 ἐπιψηφίζοντες
591 1336 723 1387 Κρόνῳ.
736 1335 808 1373 Καὶ
829 1334 965 1385 πλήρης
983 1349 1021 1383 γε
1041 1337 1062 1379 ἡ
1081 1336 1171 1372 Φοι-

136 1396 250 1442 νικικὴ
266 1395 400 1446 ἱστορία
414 1397 480 1431 τῶν
501 1393 690 1442 θυσάντων,
705 1393 746 1438 ἣν
768 1391 1035 1442 Σαγχουνιάθων
1053 1390 1113 1439 μὲν
1128 1393 1170 1441 τῇ

137 1454 308 1492 Φοινίκων
329 1452 465 1503 γλώττῃ
495 1452 706 1502 συνέγραψε,
727 1450 847 1488 Φίλων
869 1448 903 1485 δὲ
926 1451 942 1485 ὁ
960 1447 1105 1490 Βύὲλιος
1126 1449 1171 1490 εἷς

137 1513 200 1558 τὴν
220 1511 376 1550 Ἑλλάδα
391 1513 551 1560 γλῶσσαν
574 1510 614 1546 δι’
635 1507 725 1546 ὀκτὼ
748 1506 888 1558 βιὸλίων
912 1505 1140 1557 ἡρμήνευσεν,

190 1573 326 1607 Novem
343 1571 429 1605 libri
456 1575 560 1605 erant
587 1581 658 1604 see.
679 1567 812 1603 Euseb.
841 1565 904 1615 (fr.
929 1562 979 1613 1).
1002 1565 1172 1610 Quorum

137 1631 278 1678 primus
291 1629 589 1669 introductione,
613 1633 652 1660 ut
672 1626 836 1670 videtur,
855 1624 1087 1670 absumptus,
1113 1634 1173 1657 re-

139 1690 229 1736 liqui
245 1696 329 1723 octo
341 1684 674 1723 Sanchoniathonis
687 1684 937 1718 narrationem
958 1680 1170 1716 exhibuere.

640 1768 672 1805 l..

195 1848 369 1882 Eusebius
387 1846 448 1881 Pr.
468 1846 533 1881 Ev.
551 1846 614 1889 lv,
639 1849 698 1889 16,
718 1855 757 1889 p.
781 1841 866 1885 156,
888 1842 921 1875 D
943 1854 949 1875 z
977 1838 1040 1875 Ἐκ
1061 1836 1094 1874 δὲ
1114 1839 1172 1873 τοῦ

140 1904 276 1956 πρώτου
294 1902 564 1954 συγγράμματος
590 1903 651 1945 τῆς
677 1900 833 1940 Φίλωνος
853 1899 1056 1941 Φοινικικῆς
1077 1897 1173 1932 ἱστο-

980 182 1210 220 PHlLONlS
1241 182 1404 219 BYBLll

1230 265 1300 317 ρίας
1329 265 1576 317 παραθήσομαι
1601 268 1730 301 ταῦτα·
1753 283 1765 297 «
1787 264 1890 308 ’Έθος
1909 259 1950 311 ἦν
1967 269 2035 310 τοῖς
2050 269 2208 311 παλαιοῖς
2227 271 2260 306 ἐν

1227 324 1301 365 ταῖς
1317 323 1482 372 μεγάλαις
1495 327 1683 373 συμφοραῖς
1698 325 1765 359 τῶν
1783 323 1945 360 κινδύνων
1959 325 2033 362 ἀντὶ
2050 328 2110 371 τῆς
2124 326 2260 363 πάντων

1231 385 1353 432 ῳθορᾶς
1391 381 1429 417 τὸ
1463 379 1685 429 ἠγαπημένον
1706 382 1772 416 τῶν
1798 379 1923 416 τέκνων
1950 381 2026 424 τοὺς
2057 386 2262 432 κρατοῦντας

1231 438 1252 483 ἢ
1273 439 1404 475 πόλεων
1425 436 1445 483 ἢ
1472 438 1583 479 ἔθνους
1612 438 1658 480 εἷς
1677 436 1812 488 σφαγὴν
1833 437 2021 475 ἐπιδιδόναι
2049 439 2169 492 λύτρον
2195 441 2263 483 τοῖς

1227 497 1388 547 τιμωροῖς
1413 495 1562 544 δαίμοσι·
1588 494 1864 542 κατεσφάττοντο
1893 495 1927 532 δὲ
1956 498 1986 534 οἱ
2014 496 2183 547 διδόμενοι
2203 513 2263 545 μυ-

1229 555 1363 595 στικῶς.
1394 552 1520 603 Κρόνος
1550 552 1673 598 τοίνυν,
1702 551 1738 590 ὃν
1758 554 1788 589 οἱ
1809 552 1969 596 Φοίνικες
1997 548 2070 593 ’ῗΗλ
2088 570 2264 606 προσαγο·

1230 610 1385 662 ρεύουσι,
1412 610 1597 647 ,ασιλεύων
1622 613 1682 656 τῆς
1701 610 1840 661 χώρας,
1861 610 1919 648 καὶ
1940 611 2078 662 ὕστερον
2096 612 2185 662 μετὰ
2198 612 2260 658 τὴν

1230 672 1288 705 τοῦ
1308 668 1381 718 βίου
1401 667 1561 713 τελευτὴν
1582 669 1628 710 εἷς
1646 667 1703 704 τὸν
1720 671 1777 705 τοῦ
1800 669 1932 719 Κρόνου
1950 670 2078 721 ἀστέρα
2098 674 2262 721 καθιερω-

1232 727 1316 771 θεὶς,
1346 726 1379 769 ἐξ
1409 725 1596 777 ἐπιχωρίας
1622 725 1757 777 νύμφης
1786 726 1956 778 Ἀνωὸρὲτ
1983 726 2167 777 λεγομένης
2194 727 2264 765 υἱὸν

1229 785 1318 834 ἔχων
1348 787 1531 834 μονογενῆ,
1551 783 1585 820 ὃν
1607 782 1662 820 διὰ
1680 786 1779 820 τοῦτο
1806 783 1913 821 Ἰεοὺδ
1940 785 2099 834 ἐκάλουν,
2121 788 2181 822 τοῦ
2201 800 2263 834 μο·

1232 845 1385 891 νογενοῦς
1405 840 1510 883 οὕτως
1529 840 1577 877 ἔτι
1592 840 1651 877 καὶ
1667 844 1724 877 νῦν
1746 842 1958 891 καλουμένου
1977 840 2074 892 παρὰ
2093 848 2163 885 τοῖς
2176 842 2264 881 Φοί-

1231 900 1306 946 νιξι,
1326 899 1488 936 κινδύνων
1508 901 1545 936 ἐκ
1565 899 1718 947 πολέμου
1737 898 1906 949 μεγίστων
1927 899 2182 951 κατειληφότων
2202 899 2265 945 τὴν

1230 958 1363 1008 χώραν,
1395 959 1562 1009 βασιλικῷ
1591 956 1770 1006 κοσμήσας
1795 957 1951 1008 σχήματι
1979 957 2035 995 τὸν
2059 957 2128 996 υἱὸν
2150 957 2264 1008 βωμόν

1233 1032 1268 1053 τε
1286 1015 1632 1064 κατασκευασάμενος
1653 1015 1830 1052 κατέθυσε.
1851 1034 1866 1048 n

1286 1142 1418 1178 Euseb.
1442 1144 1503 1178 Pr.
1525 1143 1589 1176 Ev.
1611 1143 1640 1186 Ι,
1657 1154 1714 1186 10,
1735 1154 1773 1188 p.
1801 1146 1865 1189 40,
1886 1145 1917 1177 A
1937 1154 1945 1178 ε
1965 1140 2008 1178 ‘0
2029 1141 2058 1178 δ’
2073 1141 2173 1183 αὐτὸς
2192 1142 2261 1192 (sc.

1233 1200 1365 1248 Φίλων)
1383 1201 1487 1250 ἐντῷ
1505 1198 1706 1249 Περὶτῶν
1727 1197 1945 1236 Ἰουδαίων
1959 1199 2265 1251 συγγράμματι

1232 1257 1280 1294 ἔτι
1297 1257 1354 1294 καὶ
1373 1260 1482 1293 ταῦτα
1503 1255 1580 1306 περὶ
1602 1259 1659 1293 τοῦ
1682 1256 1815 1307 Κρόνου
1831 1255 1970 1308 γράφει·

1287 1334 1301 1347 «
1332 1315 1492 1357 Τάαυτος
1531 1313 1683 1365 [Ταυθὸς
1722 1316 1841 1363 Gsfd.)
1857 1343 1866 1360 ,
1898 1314 1933 1351 ὃν
1969 1314 2153 1363 Αἰγύπτιοι
2184 1314 2267 1353 Θὼθ

1232 1371 1358 1423 (Θωὺθ
1390 1374 1492 1410 Gsfd.
1526 1386 1569 1408 ex
1599 1386 1618 1407 2
1655 1373 1768 1410 codd.
1784 1373 1793 1420 )
1821 1370 2131 1423 προσαγορεύουσι,
2166 1371 2266 1423 σοφίᾳ

1234 1430 1411 1481 διενεγκὼν
1427 1429 1524 1482 παρὰ
1539 1435 1607 1472 τοῖς
1624 1429 1774 1479 Φοίνιξι,
1804 1432 1937 1480 πρῶτος
1957 1430 1999 1466 τὰ
2018 1430 2107 1466 κατὰ
2125 1429 2185 1474 τὴν
2202 1432 2269 1466 θεο-

1234 1488 1370 1525 σέὸειαν
1391 1489 1429 1525 ἐκ
1451 1490 1512 1533 τῆς
1528 1489 1593 1524 τῶν
1613 1487 1767 1537 χυδαίων
1795 1488 1951 1538 ἀπειρίας
1973 1489 2019 1530 εἷς
2043 1489 2268 1535 ἐπιστημονι-

1233 1546 1296 1591 κὴν
1318 1545 1498 1596 ἐμπειρίαν
1529 1545 1694 1587 διέταξεν.
1724 1538 1775 1599 ἵῼ
1797 1545 1884 1595 μετὰ
1906 1544 2024 1596 γενεὰς
2042 1545 2178 1588 πλείους
2198 1544 2268 1587 θεὸς

1236 1603 1503 1652 Σουρμουὸηλὸς
1519 1602 1643 1653 Θουρώ
1657 1617 1708 1652 τε,
1728 1606 1749 1648 ἡ
1766 1606 2058 1652 μετονομασθεῒσα
2075 1603 2270 1653 Χούσαρθις

1235 1660 1428 1712 (Εὔσαρθις
1442 1662 1552 1699 Gaisf.
1568 1674 1613 1697 ex
1635 1666 1655 1703 l.
1690 1661 1828 1710 codd.)
1843 1689 1854 1709 ,
1876 1660 2186 1706 ἀκολουθήσαντες,
2215 1675 2269 1696 κε-

1234 1718 1431 1769 κρυμμένην
1446 1722 1504 1755 τοῦ
1516 1717 1677 1756 Τααύτου
1687 1718 1744 1755 καὶ
1759 1718 1981 1769 ἀλληγορίαις
1993 1718 2268 1766 ἔπεσκιασμένην

1235 1776 1296 1822 τὴν
1318 1776 1490 1825 θεολογίαν
1509 1776 1691 1826 ἐφώτισαν.
1712 1795 1725 1808 υ

1290 1834 1359 1872 Καὶ
1379 1834 1466 1883 μετὰ
1486 1833 1619 1885 βραχέα
1639 1834 1757 1886 φησίν·

1289 1912 1302 1926 α
1323 1892 1427 1935 Ἴῖθος
1443 1887 1483 1938 ἦν
1498 1893 1563 1935 τοῖς
1579 1893 1737 1934 παλαιοῖς
1753 1893 1786 1928 ἐν
1807 1897 1880 1934 ταῖς
1899 1892 2064 1941 μεγάλαις
2082 1892 2269 1943 συμφοραῖς

148 1973 2259 1992 .-—-—-—-——-—————————-—-—--·--——--——-————

139 2014 272 2055 plicibus
286 2014 393 2054 postea
404 2013 671 2048 commentorum,
683 2008 773 2048 quasi
789 2009 1062 2043 ornamentorum,
1071 2014 1175 2036 acces·

139 2066 281 2097 sionibus
294 2072 388 2104 supra
402 2062 533 2094 modum
551 2062 788 2101 exaggerarunt.
816 2061 920 2099 Atque
936 2059 1010 2089 hinc
1024 2057 1177 2089 Hesiodus

140 2122 171 2150 et
188 2120 290 2159 poetae
318 2115 447 2157 cyclici,
478 2123 615 2155 quorum
643 2113 763 2144 fabellis
794 2112 899 2143 omnia
921 2110 1175 2148 circumsonant,

141 2170 267 2210 propria
297 2169 354 2200 sibi
392 2167 539 2207 quendam
566 2166 736 2205 Gigantum
761 2173 800 2196 ac
825 2164 974 2195 Titanum
1005 2161 1178 2195 certamina

139 2221 354 2260 sectionesque
376 2220 431 2258 (v.
462 2217 622 2250 welch-er.
648 2217 733 2255 Cycl.
749 2225 781 2256 p.
803 2215 869 2254 95)
894 2214 1084 2246 confinxere.
1100 2215 1178 2250 Quae

141 2282 241 2312 quum
255 2272 300 2303 illi
313 2271 428 2311 passim
449 2273 480 2300 et
497 2269 615 2308 ubique
628 2268 805 2308 jactarent,
823 2266 985 2297 veritatem
1009 2265 1107 2305 ipsam
1120 2273 1177 2304 op-

143 2325 324 2364 presserunt
351 2327 451 2355 Aures
465 2331 539 2353 vero
556 2322 673 2352 nostrae
685 2320 750 2359 jam
766 2319 839 2350 inde
855 2319 894 2349 ab
907 2318 1036 2349 infautia
1052 2317 1177 2348 illorum

144 2375 324 2406 fictionibus
339 2375 473 2405 assuetae
485 2396 493 2411 ‚
511 2374 542 2402 et
564 2371 767 2411 opinionibus
794 2379 847 2409 per
864 2369 964 2400 multa
983 2368 1087 2399 secula
1110 2376 1178 2407 pro-

144 2427 262 2467 pagatis
273 2427 435 2466 occupatae
446 2449 454 2464 ‚
468 2433 564 2464 quam
590 2423 684 2454 semel
698 2431 846 2461 accepere
863 2421 1040 2452 fabularum
1053 2420 1178 2451 vanita-

144 2481 227 2516 tem,
253 2476 382 2517 perinde
406 2485 444 2507 ac
469 2474 647 2514 depositum
667 2473 812 2512 aliquod,
847 2472 1007 2502 utstatim
1029 2471 1068 2502 ab
1091 2471 1178 2501 initio

144 2530 209 2560 (lixi
220 2553 228 2567 ‚
243 2528 444 2566 custodiunt,
462 2526 548 2567 quod
573 2526 612 2557 ab
630 2526 695 2565 ipso
713 2527 853 2563 tempore
870 2525 950 2554 vires
963 2531 999 2554 ac
1015 2523 1110 2553 robur
1124 2531 1178 2553 ac-

145 2582 283 2621 ceperit,
310 2579 601 2620 possessionemque
621 2578 664 2609 ita
685 2576 884 2607 confirmavit
914 2585 1021 2614 suam,
1050 2576 1085 2606 ut
1109 2584 1178 2606 eam

145 2634 294 2665 excutere
315 2633 406 2671 longe
430 2630 648 2661 difficillimum
665 2629 716 2666 sit,
731 2628 861 2667 jamque
887 2628 1000 2659 veritas
1022 2627 1087 2666 ipsa
1119 2636 1179 2658 nu-

145 2694 273 2725 garum,
297 2682 482 2714 adulterinae
499 2690 573 2712 vero
599 2688 636 2710 ac
649 2679 762 2719 spuriae
789 2679 983 2709 narrationes
1010 2678 1077 2708 loco
1097 2678 1176 2709 veri-

147 2736 219 2767 tatis
232 2735 414 2766 habeantur.
435 2746 448 2759 υ

189 2792 238 2819 29.
251 2788 369 2816 Verum
386 2785 459 2815 satis
472 2783 530 2813 ista
541 2784 645 2820 sunto,
656 2791 728 2821 qua?
739 2790 777 2812 ex
788 2780 1069 2812 Sanchoniathonis
1079 2780 1178 2820 operi·

147 2839 205 2869 bns
216 2837 381 2875 bucusque
398 2834 564 2865 retulimus
575 2858 582 2871 ,
598 2842 670 2873 qum
690 2842 787 2872 (pium
805 2841 823 2862 a
842 2832 969 2863 Philone
983 2831 1092 2871 Byblio
1105 2840 1176 2862 con-

148 2897 237 2920 versa
246 2894 409 2928 graeceque
421 2885 541 2916 reddita
551 2886 637 2922 sunt,
648 2886 717 2915 tum
730 2883 892 2923 Porphyrii
909 2883 1084 2924 philosophi
1095 2883 1179 2914 testi-

148 2939 254 2971 monio
263 2940 415 2977 tanquam
435 2945 508 2967 vera
521 2935 780 2975 comprobantur.

644 2980 674 3011 3.

190 3037 350 3069 Phoenices
362 3036 394 3066 in
414 3034 535 3074 magnis
548 3034 780 3065 calamitatibus
796 3033 844 3064 vel
870 3033 941 3064 belli
966 3033 1015 3064 vel
1030 3033 1179 3064 siccitatis

150 3091 197 3120 vel
215 3088 398 3129 pestilentiae
409 3096 448 3119 ex
461 3086 628 3118 carissimis
640 3086 777 3124 aliquem
793 3086 928 3117 Saturno
940 3085 1179 3116 sacrificandum

148 3140 359 3172 destinabant.
406 3138 569 3176 Multaque
595 3136 748 3175 ejusmodi
778 3135 1004 3167 sacrificiorum
1034 3136 1180 3176 exempla

150 3192 269 3232 praebet
295 3191 454 3223 Phoenicia
475 3189 625 3226 historia,
645 3197 740 3227 «piam
765 3188 949 3219 Phoenicum
973 3189 1078 3228 lingua
1102 3190 1180 3220 San-

151 3245 325 3276 clwniatho
351 3243 552 3282 conscripsit,
573 3242 662 3272 l‘hilo
682 3241 807 3280 Byblius
830 3249 903 3271 vcro
919 3249 1018 3280 graece
1039 3249 1093 3280 per
1108 3241 1181 3272 octo

151 3296 247 3327 libros
268 3295 493 3335 interpretatus
509 3294 566 3324 est.

1737 2007 1772 2037 4.

1278 2064 1302 2092 Ε
1318 2060 1399 2091 libro
1411 2061 1513 2099 primo
1525 2060 1671 2091 Historiae
1685 2059 1856 2091 Phoeniciae
1866 2059 2004 2091 Philonis
2013 2067 2168 2098 apponam
2181 2059 2250 2090 haec
2262 2068 2268 2088 :

1239 2124 1254 2138 «
1271 2114 1337 2142 Mos
1351 2113 1417 2142 erat
1431 2110 1515 2150 apud
1528 2112 1650 2141 veteres
1672 2111 1703 2141 in
1725 2110 1846 2150 magnis
1859 2110 2090 2141 calamitatibus
2103 2118 2157 2141 eos
2179 2117 2272 2149 penes

1240 2173 1319 2204 quos
1336 2165 1392 2195 aut
1408 2163 1544 2194 civitatis
1559 2165 1614 2194 aut
1627 2163 1727 2203 gentis
1742 2163 1910 2203 imperium
1930 2164 2031 2201 esset,
2053 2164 2088 2194 ut
2109 2162 2271 2202 publicum

1237 2218 1424 2247 cunctorum
1439 2216 1571 2246 exitium
1586 2216 1793 2254 redimerent,
1808 2215 1848 2246 ad
1866 2214 2057 2246 sacrificium
2076 2214 2198 2253 aliquos
2211 2213 2272 2244 diis

1238 2269 1355 2300 infestis
1368 2269 1534 2299 devovere.
1580 2268 1620 2300 Hi
1634 2277 1709 2299 vero
1726 2268 1867 2307 mysticis
1880 2266 2075 2298 caeremoniis
2091 2265 2272 2296 mactaban-

1237 2323 1301 2352 tur.
1346 2322 1499 2351 saturnus
1514 2321 1619 2359 igitur,
1634 2329 1727 2359 quem
1745 2319 1911 2351 Phoenices
1931 2319 1975 2351 El
1991 2321 2125 2357 vocant,
2146 2326 2202 2349 rex
2222 2326 2270 2349 re-

1237 2371 1334 2411 gionis
1346 2395 1355 2410 ,
1372 2373 1403 2402 et
1419 2372 1489 2410 post
1505 2371 1627 2402 obitum
1640 2371 1670 2401 in
1685 2373 1805 2402 astrum
1820 2371 1887 2409 eJus
1900 2370 2036 2401 nominis
2051 2371 2251 2400 consecratus
2262 2391 2271 2405 ‚

1239 2432 1255 2453 e
1269 2422 1371 2462 puella
1385 2422 1531 2461 indigena
1543 2447 1552 2461 ,
1569 2422 1619 2453 cui
1636 2421 1775 2453 Auobret
1788 2430 1903 2452 nomen
1914 2445 1922 2459 ‚
1944 2420 2045 2453 tilium
2066 2420 2184 2451 habens
2200 2419 2271 2450 uni-

1238 2482 1361 2512 genam,
1375 2482 1469 2512 quem
1484 2474 1648 2512 propterea
1662 2472 1752 2504 Jeud
1765 2472 1971 2503 nominabant
1983 2473 1992 2510 (
2004 2480 2075 2511 quae
2086 2480 2150 2501 vox
2165 2470 2273 2501 etiam-

1237 2533 1321 2555 nunc
1334 2525 1417 2565 apud
1429 2525 1590 2556 Phoenices
1602 2527 1788 2564 uniqenam
1802 2524 1981 2563 significat),
1994 2522 2140 2562 periculis
2155 2523 2270 2562 gravis·

1237 2576 1324 2607 simis
1340 2585 1380 2606 ex
1402 2576 1485 2607 bello
1511 2576 1628 2615 regioni
1651 2575 1907 2612 imminentibus,
1931 2575 2054 2604 huncce
2070 2573 2169 2604 tilium
2188 2574 2272 2614 regio

1238 2628 1325 2659 enlm
1339 2630 1486 2659 ornatum
1502 2627 1540 2659 ad
1555 2636 1642 2658 aram
1655 2627 1693 2657 ad
1707 2628 1768 2658 hoc
1781 2628 1975 2658 exstructam
1990 2626 2177 2656 immolavit.
2193 2638 2208 2653 n

1281 2726 1365 2758 ldem
1381 2726 1468 2757 Philo
1487 2727 1517 2757 in
1533 2735 1569 2757 eo
1587 2725 1666 2757 libro
1679 2749 1687 2764 ,
1700 2734 1796 2765 quem
1819 2725 1858 2756 de
1881 2727 1897 2756 J
1903 2724 2000 2755 udoeis
2019 2724 2173 2763 scriptum
2196 2723 2268 2753 reli·

1238 2779 1324 2818 quit,
1341 2779 1407 2810 lime
1420 2781 1572 2818 praeterea
1587 2778 1626 2810 ‹le
1640 2780 1776 2810 Saturno
1790 2778 2019 2808 commemorat
2035 2789 2041 2806 :

1279 2844 1294 2858 «ι
1314 2833 1455 2862 Taautns
1481 2831 1550 2869 ille,
1578 2840 1673 2870 quem
1703 2831 1807 2862 Thoth
1837 2829 1972 2869 AEgyptii
2001 2829 2134 2867 vocant,
2170 2836 2271 2867 quum

1239 2890 1354 2921 magna
1379 2882 1462 2921 apud
1483 2882 1645 2913 Phoenices
1665 2881 1826 2921 sapientioe
1846 2879 1939 2911 laude
1966 2879 2112 2917 floreret,
2140 2886 2212 2918 quoe
2232 2877 2271 2908 ad

1237 2934 1417 2972 religionem
1449 2935 1636 2973 cultumque
1663 2933 1795 2965 deorum
1829 2932 2044 2972 pertinebant,
2084 2930 2203 2970 primus
2233 2939 2272 2961 ex

1238 2986 1406 3017 humilium
1421 2994 1457 3017 ac
1474 2986 1669 3026 plebeiorum
1687 2985 1828 3025 capitum
1845 2984 2005 3015 inscientia
2026 2982 2185 3013 vindicata
2197 3005 2206 3020 ‚
2223 2990 2272 3012 ac-

1238 3038 1439 3069 commodato
1456 3038 1494 3069 ad
1516 3038 1655 3070 scientiae
1676 3038 1759 3077 leges
1774 3036 1883 3068 ordine
1899 3035 2054 3075 exposuit.
2099 3034 2159 3066 Cui
2172 3041 2272 3073 quum

1239 3089 1447 3122 Surmnbelus
1465 3089 1542 3121 deus
1566 3091 1598 3120 et
1627 3089 1754 3126 Thum,
1782 3095 1854 3127 quae
1880 3087 2002 3117 mutato
2035 3085 2163 3116 nomine
2184 3084 2268 3115 Chu-

1238 3140 1353 3171 sarthis
1385 3141 1559 3180 appellata,
1597 3140 1690 3179 longo
1731 3147 1873 3169 aevorum
1906 3136 2071 3168 intervallo
2109 3134 2271 3166 successis-

1238 3195 1325 3230 sent,
1353 3191 1511 3222 occultam
1537 3191 1634 3230 ipsius
1655 3191 1687 3221 et
1708 3189 1926 3228 allegoriarum
1954 3187 2130 3217 involutam
2152 3184 2272 3215 umbris

1239 3242 1426 3281 theologiam
1443 3242 1651 3273 illustrarunt.
1671 3255 1684 3267 υ
1704 3240 1789 3271 ldem
1807 3239 1911 3279 paullo
1927 3240 1997 3278 post
2009 3237 2085 3268 dicit
2102 3246 2109 3267 ε

1290 3307 1302 3318 ⁴‹
1326 3295 1391 3324 lloc
1407 3292 1488 3332 apud
1504 3293 1624 3324 veteres
1641 3292 1671 3322 in
1688 3299 1775 3322 more
1791 3290 1928 3330 positum
1943 3291 2009 3320 erat
2021 3312 2030 3326 ,
2045 3289 2080 3319 ut
2095 3287 2126 3318 in
2142 3286 2274 3318 summis
