2338 3765
149 201 222 230 546

149 278 163 291 ⁴¹
188 281 254 316 τοῖς
275 271 459 320 Ῥωμαίων
480 269 726 317 διελελύμαστο
746 267 907 315 σώμασι,
929 265 1179 317 διαφθαρέντων

149 336 181 370 ἐν
212 332 272 380 μὲν
307 334 346 381 τῇ
379 327 557 378 ναυμαχία
589 325 867 376 ὀκτακισχιλίων,
898 324 1180 375 τετρακισχιλίων

151 390 183 426 δὲ
205 389 262 426 καί
283 385 515 424 πεντακοσίων
537 383 749 422 ἑαλωκότων·
767 387 824 420 τοῦ
843 383 877 419 δὲ
894 384 997 425 πεζοῦ
1017 381 1180 433 στρατεύ-

152 462 258 497 ματος
276 445 401 483 Ἰταλοὶ
423 445 483 493 μὲν
511 441 697 493 τριακόσιοι
718 441 776 479 καὶ
802 439 1095 490 πεντακισχίλιοι,
1116 442 1181 476 τῶν

152 505 186 541 δὲ
209 502 458 553 Μιθριδατείων
479 500 672 551 Βαστέρναι
699 499 760 548 μὲν
790 498 869 548 περὶ
893 498 1098 549 τριάκοντα,
1120 501 1178 534 τοῦ

151 563 185 599 δὲ
206 563 324 598 λοιποῦ
350 559 497 605 πλήθους
527 558 738 596 ἑπτακόσιοι.
775 555 943 608 (3)Οὕτως
975 555 1118 606 ἀρθέντα
1141 555 1183 591 τὰ

154 619 377 671 Μιθριδάτεια
413 617 551 654 πάντων
581 615 620 653 τὸ
649 615 808 666 φρόνημα
837 613 1057 652 κατεδούλου.
1092 611 1184 651 Λεύ-

152 679 271 719 κολλος
288 675 322 712 δὲ
343 674 399 712 ἐπὶ
415 678 472 712 τοῦ
492 673 689 724 Σαγγαρίου
713 676 870 721 ποταμοῦ
890 672 1183 724 στρατοπεδεύων,

152 734 211 771 καὶ
230 732 346 782 μαθὼν
363 733 401 770 τὸ
417 731 542 780 πάθος,
559 731 670 780 λόγοις
688 730 925 780 ἀνελοίμὸανεν
945 728 1186 778 ἀθυμήσαντας

154 791 230 833 τοὺς
251 789 475 842 στρατιώτας.

207 850 288 888 XL.
318 846 540 899 Τρεπομένου
563 846 597 884 δὲ
617 846 673 883 ἐπὶ
697 846 842 890 Κύζικον
863 845 922 882 σὺν
942 845 1082 894 μεγάλῳ
1102 858 1186 894 φρο-

156 908 284 957 νήματι
302 906 537 957 Μιθριδάτου,
558 904 617 941 καὶ
643 905 836 955 πολιορκεῖν
860 903 922 949 τὴν
943 903 1041 939 πόλιν
1063 903 1187 952 βουλο-

158 967 279 1016 μένου,
303 965 493 1006 Λεύκολλος
523 962 801 1008 ἐπακολουθήσας
829 961 887 999 καὶ
916 960 1102 1010 συμὸαλὼν
1121 974 1187 995 πο-

157 1025 252 1075 λέμῳ
281 1029 358 1075 νικᾷ
390 1021 466 1065 τοὺς
497 1021 683 1063 Ποντικοὺς
713 1019 777 1057 ἀνὰ
800 1019 945 1070 κράτος,
981 1022 1104 1069 βραχεῖ
1128 1017 1188 1066 μὲν

158 1082 292 1124 πλείους
313 1081 475 1133 μυριάδος
504 1079 646 1123 ἀνελὼν,
674 1078 882 1129 τρισχιλίους
902 1076 936 1114 δὲ
960 1077 1019 1113 καὶ
1051 1075 1189 1126 μυρίους

158 1139 274 1176 λαῧὼν
309 1137 563 1189 αἰχμαλώτους.
596 1136 648 1175 Τὸ
678 1136 711 1173 δὲ
738 1136 967 1186 Φιμὸριανῶν
993 1133 1190 1185 στράτευμα

158 1197 318 1239 ὑπόπτως
338 1196 431 1247 ἔχον,
459 1198 503 1237 ὡς
521 1195 575 1232 διὰ
594 1195 632 1231 τὸ
660 1194 737 1245 περὶ
759 1193 923 1231 Φλάκκον
945 1192 1110 1241 τόλμημα
1130 1191 1191 1227 οὐκ

160 1257 200 1293 ἂν
222 1255 341 1296 αὐτοὺς
363 1254 411 1292 ἔτι
431 1254 606 1303 νομίσειαν
636 1255 665 1290 οἱ
684 1252 848 1302 ’ἡγεμόνες
877 1250 1006 1297 εὔνους,
1036 1250 1191 1298 ἔπεμπον

160 1314 272 1366 κρύφα
301 1313 382 1363 πρὸς
422 1311 636 1362 Μιθριδάτην
671 1310 878 1358 αὐτομολίαν
914 1308 1191 1359 ὑπισχνούμενοι.

162 1375 201 1421 (2)
225 1371 268 1408 ‘0
290 1371 323 1408 δὲ
343 1371 482 1421 ἕρμαιον
509 1368 569 1414 τὴν
588 1369 791 1419 πρόσκλισιν
811 1367 1026 1417 ἡγησάμενος
1039 1395 1050 1414 ,
1069 1368 1112 1408 ὡς
1138 1363 1193 1407 νὺξ

162 1429 343 1474 ἐπέλαῧεν,
363 1429 546 1480 Ἀρχέλαον
567 1426 696 1475 πέμπει
717 1425 908 1477 βείῖαιῶσαί
927 1440 963 1461 τε
983 1424 1042 1466 τὰς
1067 1425 1194 1472 ὁμολο-

160 1488 236 1537 γίας
253 1487 310 1524 καὶ
329 1486 403 1528 τοὺς
423 1484 740 1536 προσχωρήσαντας
763 1483 868 1534 ἄγειν.
888 1484 933 1521 Οἳ
952 1482 986 1520 δὲ
1012 1481 1193 1532 Φιμὸρια-

161 1546 233 1590 νοὶ,
266 1544 339 1582 ἐπεὶ
366 1543 496 1586 τούτοις
529 1542 714 1594 Ἀρχέλαος
745 1540 972 1592 παρεγένετο,
997 1540 1099 1576 αὐτὸν
1133 1538 1195 1588 μὲν

162 1601 363 1647 συνέλαδον,
392 1600 468 1642 τοὺς
488 1600 523 1636 δὲ
551 1599 611 1637 σὺν
636 1600 729 1651 αὐτῷ
754 1597 1012 1649 διεχειρίσαντο.
1041 1598 1080 1646 (3)
1112 1596 1194 1634 Ἐπὶ

163 1661 272 1711 τούτῳ
289 1661 337 1710 τῷ
354 1662 411 1695 τοῦ
430 1657 596 1708 βασιλέως
617 1657 816 1707 ἀτυχήματι
832 1657 890 1693 καί
905 1656 1003 1704 λιμὸς
1019 1655 1196 1691 ἐπιπίπτει

164 1720 265 1755 αὐτοῦ
284 1721 325 1769 τῇ
346 1723 513 1767 στρατιᾷ,
535 1715 593 1753 καὶ
613 1715 757 1757 πολλοὺς
776 1714 952 1752 ἀπώλλυε.
992 1712 1090 1760 Πλὴν
1110 1713 1199 1750 οὕτω

164 1777 300 1817 πολλοῖς
328 1773 511 1822 παθήμασι
540 1773 694 1822 κάμνων,
727 1772 874 1816 Κυζίκου
910 1775 970 1816 τῆς
1001 1771 1198 1822 πολιορκίας

164 1834 245 1877 τέως
264 1835 324 1870 οὐκ
345 1832 511 1883 ἀφίστατο
526 1848 533 1854 ·
567 1834 641 1880 μετ’
661 1831 772 1880 ὀλίγον
795 1831 828 1867 δὲ
856 1829 968 1868 πολλὰ
989 1830 1048 1867 καὶ
1079 1829 1196 1866 παθὼν

164 1893 221 1929 καὶ
242 1890 390 1943 πράξας,
410 1889 502 1939 ὅμως
526 1888 699 1926 ἀνάλωτον
723 1888 831 1926 λιπὼν
853 1888 913 1933 τὴν
942 1887 1040 1924 πόλιν
1070 1887 1201 1938 ἀνεχώ-

166 1965 269 2001 ρησε,
291 1952 348 1985 τοῦ
380 1947 441 1997 μὲν
475 1949 576 1990 πεζοῦ
604 1945 773 1996 Ἑρμαῖον
792 1945 851 1983 καὶ
880 1945 1014 1996 Μάριον
1045 1946 1202 1995 ἡγεῖσθαι

166 2005 482 2054 καταστησάμενος,
494 2002 637 2055 στρατὸν
650 2002 733 2055 ὑπὲρ
747 2002 963 2055 τρισμυρίους
976 2002 1134 2052 ἄγοντας,
1147 2002 1204 2037 αὐ-

166 2065 220 2105 τὸς
240 2063 274 2101 δὲ
290 2063 344 2100 διὰ
361 2063 537 2108 θαλάσσης
554 2060 755 2110 ποιούμενος
768 2060 829 2107 τὴν
846 2059 1032 2104 ἀνάζευξιν.
1050 2060 1089 2109 (4)
1107 2059 1204 2097 Ἔπι-

170 2122 342 2160 ὅαίνοντος
362 2119 397 2158 δὲ
419 2122 519 2157 αὐτοῦ
548 2121 615 2156 τῶν
643 2118 805 2170 τριήρων,
822 2118 949 2155 πολλαὶ
978 2120 1096 2154 παθῶν
1116 2116 1204 2153 ἰδέαι

168 2179 372 2216 συνέπιπτον
390 2194 397 2201 ·
427 2180 456 2215 οἱ
483 2176 549 2228 γὰρ
580 2176 753 2226 ἐμῧαίνειν
790 2177 969 2225 μέλλοντες
1001 2177 1046 2217 εἷς
1079 2173 1205 2220 αὐτὰς,

171 2237 230 2279 τὰς
251 2236 311 2286 μὲν
330 2236 396 2282 ήδη
414 2234 690 2285 πεπληρωμένας
706 2234 821 2279 τὰςδὲ
841 2233 899 2271 καὶ
921 2231 1112 2282 μελλούσας
1141 2248 1203 2269 κα-

172 2301 284 2346 τεῖχον
315 2294 559 2346 ἐξαρτώμενοι·
588 2293 646 2330 καὶ
674 2291 770 2344 παρὰ
799 2292 837 2329 τὸ
864 2293 992 2337 πλῆθος
1019 2293 1086 2328 τῶν
1106 2293 1205 2327 τοῦτο

172 2353 326 2404 δρώντων
358 2354 392 2388 αἱ
423 2350 484 2401 μὲν
513 2349 717 2389 κατεδύοντο
748 2352 782 2387 αἱ
803 2349 837 2386 δὲ
865 2348 1138 2400 περιετρέποντο.
1163 2349 1203 2396 (5)

172 2413 286 2448 ’,Ιόῦτο
325 2408 507 2454 Κυζικηνοὶ
544 2407 746 2456 θεασάμενοι
780 2405 946 2456 ὥρμησαν
977 2406 1031 2442 ἐπὶ
1063 2405 1106 2442 τὰ
1139 2407 1205 2441 τῶν

179 2468 354 2504 Ποντικῶν
374 2465 607 2516 στρατόπεδα,
627 2464 686 2501 καὶ
705 2463 780 2506 τοὺς
799 2462 1060 2514 ὑπολειφθέντας
1087 2477 1206 2510 καμα-

172 2523 294 2574 τηροὺς
313 2522 576 2573 διαφθείροντες,
596 2522 625 2558 εἴ
641 2537 673 2558 τι
698 2524 812 2572 παρ’ἠν
847 2518 1132 2568 ὑπολελειμμένον
1162 2520 1209 2569 τῷ

175 2580 394 2631 στρατοπέδῳ
407 2609 418 2629 ,
447 2580 647 2631 διήρπαζον.
672 2579 862 2621 Λεύκολλος
882 2578 917 2615 δὲ
937 2577 1057 2621 διώξας
1077 2577 1132 2615 ἐπὶ
1151 2577 1208 2613 τὸν

178 2639 335 2683 Αἴσηπον
348 2637 503 2683 ποταμὸν
511 2637 549 2674 τὸ
559 2639 657 2682 πεζὸν
670 2636 921 2688 ἀπροσδόκητος
934 2635 1209 2684 καταλαμὸοίνει,

178 2697 237 2733 καὶ
270 2695 368 2747 φόνον
391 2695 498 2732 πολὺν
517 2698 585 2732 τῶν
612 2695 786 2743 πολεμίων
811 2700 969 2732 ποιεῖται.
999 2691 1212 2743 Μιθριδάτης

178 2754 211 2790 δὲ
233 2752 416 2789 ἀναλαὸὼν
437 2752 555 2790 ἑαυτὸν
572 2755 616 2795 ὡς
631 2752 794 2802 ἠδύνατο,
813 2751 990 2802 Πείρινθον
1007 2750 1212 2801 ἐπολιόρκει,

179 2810 303 2856 ταύτης
324 2811 358 2846 δὲ
380 2809 588 2861 διαμαρτὼν,
607 2810 663 2846 ἐπὶ
687 2807 844 2847 Ιῗιθυνίαν
864 2811 1132 2860 διαπεραιοῦται.

1077 181 1343 218 ΜΙῧΜΝΟΝΙὸ

1243 274 1390 303 Romanis
1416 271 1495 301 lii-tle
1519 271 1677 309 oppletur,
1698 270 1771 299 octo
1789 267 1927 298 minibus
1951 267 1982 298 in
2003 267 2150 298 conflictu
2169 269 2273 299 navali

1242 345 1351 376 occisis
1365 368 1372 382 ‚
1389 345 1539 383 quattuor
1556 342 1696 373 millibus
1712 343 1741 372 et
1756 341 1933 381 quingentis
1949 342 2047 381 captis
2063 354 2069 372 :
2084 341 2123 373 de
2140 342 2274 381 pedestri

1243 421 1380 452 exercitu
1396 419 1546 451 Italorum
1561 418 1698 457 quinque
1712 417 1809 448 millia
1822 418 1853 448 et
1867 417 2018 456 ti·ecenti;
2034 426 2051 448 a
2064 419 2152 457 parte
2169 419 2275 448 autem

1245 494 1435 527 Mithridatis
1454 494 1612 523 Basternae
1632 492 1756 522 circiter
1768 491 1912 530 triginta,
1941 492 2128 531 septingenti
2145 501 2184 523 ex
2202 492 2274 523 reli-

1245 578 1308 609 qua
1328 567 1529 599 multitudine
1548 565 1742 597 ceciderunt.
1773 566 1816 604 (3)
1840 567 1906 596 Hoc
1928 565 2116 596 Mithridatis
2131 574 2276 597 successu

1246 644 1386 674 omnium
1398 643 1492 673 animi
1506 640 1651 672 servilem
1667 640 1696 670 in
1712 640 1842 671 modum
1857 640 2032 672 concidere.
2049 641 2107 673 Sed
2129 643 2279 673 Lucullus

1247 712 1284 743 ad
1299 710 1483 751 Sangarium
1504 710 1621 741 flumen
1635 711 1735 740 castra
1751 709 1884 748 habens,
1900 710 2022 748 cognita
2038 719 2074 741 ea
2087 710 2192 749 clade,
2207 719 2278 750 per-

1248 783 1351 814 culsos
1363 781 1499 812 militum
1516 780 1639 811 animos
1654 779 1758 810 verbis
1773 779 1884 810 erexit.

1289 853 1352 882 XL.
1368 850 1427 881 Ubi
1440 858 1514 881 vcro
1533 857 1647 887 magno
1663 857 1696 879 se
1726 849 1835 888 spiritu
1852 848 1892 879 ad
1919 849 2069 888 Cyzicum
2087 850 2282 882 Mithridates

1250 917 1421 955 convertit,
1438 916 1543 955 copias
1565 914 1635 945 urbi
1649 914 1817 945 admovere
1833 914 1979 954 cupiens,
1992 915 2148 947 incumbit
2164 925 2183 947 a
2196 919 2282 956 tergo

1250 983 1400 1015 Lucullus
1411 1006 1419 1020 ,
1437 983 1467 1012 et
1481 981 1592 1012 infesta
1605 981 1689 1020 signa
1705 980 1840 1011 inferens
1850 1005 1859 1019 ‚
1874 990 2000 1012 summa
2013 981 2043 1012 vi
2056 983 2202 1013 Ponticos
2214 991 2282 1022 pro-

1252 1050 1346 1090 tligat.
1371 1050 1539 1089 Aliquanto
1552 1048 1635 1079 enim
1650 1048 1755 1087 plures
1771 1047 1880 1079 decem
1905 1049 2043 1080 millibus
2053 1050 2084 1080 in
2098 1050 2164 1081 acie
2178 1050 2283 1089 caedit,

1251 1120 1283 1149 ct
1300 1116 1451 1148 tredecim
1468 1115 1564 1146 millia
1579 1116 1673 1155 capit.
1692 1115 1891 1146 Fimbrianus
1901 1117 2009 1147 autem
2024 1117 2112 1148 miles
2124 1120 2286 1157 suspectos

1253 1186 1370 1216 habens
1383 1185 1478 1216 duces
1490 1207 1498 1222 ,
1519 1183 1606 1223 quasi
1624 1184 1752 1223 propter
1768 1182 2010 1214 audacissimum
2030 1184 2060 1214 in
2078 1185 2224 1216 Flaccum
2239 1187 2285 1216 t'a-

1254 1253 1343 1283 cinus
1359 1259 1422 1281 non
1436 1250 1570 1289 amplius
1586 1249 1680 1280 tidem
1698 1248 1770 1288 ipsis
1784 1249 1939 1288 habeant,
1954 1250 2049 1281 tacite
2065 1250 2104 1281 ad
2126 1251 2288 1282 Mithrida-

1254 1322 1316 1351 tem
1339 1318 1540 1356 inissitando,
1555 1317 1772 1348 transitionem
1792 1317 1992 1356 pollicentur.
2021 1318 2064 1357 (2)
2080 1319 2142 1354 Qui
2155 1319 2186 1350 in
2199 1321 2288 1351 lucro

1255 1397 1373 1429 ponens
1385 1388 1466 1418 hanc
1480 1387 1518 1417 ad
1534 1396 1566 1417 se
1580 1385 1830 1423 inclinationem,
1848 1387 1941 1416 nocte
1957 1385 2087 1424 oborta,
2102 1387 2289 1418 Archelaum

1256 1456 1426 1495 amandat,
1446 1455 1501 1495 qui
1516 1455 1607 1494 pacta
1620 1454 1805 1492 confirmet,
1820 1455 1852 1484 et
1865 1454 1903 1484 ad
1919 1455 2023 1493 partes
2037 1455 2117 1495 regis
2132 1464 2165 1487 se
2177 1456 2288 1496 adjtm-

1257 1525 1363 1564 gentes
1372 1523 1518 1554 adducat.
1534 1523 1573 1553 At
1583 1521 1753 1553 Fimbriani
1767 1521 1953 1552 Archelaum
1968 1521 2006 1552 ad
2018 1521 2100 1561 ipsos
2113 1523 2290 1562 profectum

1258 1592 1290 1622 in
1304 1590 1429 1622 vincula
1453 1589 1674 1629 compingunt,
1705 1590 1736 1620 et
1760 1597 1832 1628 quae
1854 1597 1927 1620 cum
1942 1598 1979 1620 eo
1998 1593 2144 1628 venerat,
2162 1600 2292 1623 manum

1259 1658 1440 1690 conficiunt.
1462 1657 1505 1696 (3)
1530 1658 1603 1688 Post
1617 1657 1677 1687 hoc
1690 1656 1770 1696 regis
1782 1656 1988 1687 infortunium
2016 1658 2109 1688 etiam
2122 1659 2219 1690 fames
2235 1667 2292 1699 op—

1260 1724 1367 1764 primit
1389 1723 1582 1760 exercitum,
1608 1724 1639 1753 et
1668 1722 1778 1753 multis
1800 1722 1963 1753 interitum
1987 1723 2087 1755 affert.
2105 1726 2167 1755 Tot
2188 1726 2293 1756 tamen

1262 1791 1402 1823 adversis
1414 1791 1496 1821 ictus
1509 1790 1632 1821 casibus
1645 1814 1652 1827 ‚
1670 1798 1689 1820 a
1706 1789 1810 1828 cyzici
1822 1788 1983 1820 obsidione
1997 1798 2059 1821 non
2072 1791 2193 1823 absistit
2210 1801 2217 1822 ε
2241 1792 2294 1823 sed

1212 1881 1215 1883 Δ
1262 1860 1368 1898 brevi,
1386 1859 1457 1890 licet
1483 1858 1584 1889 multa
1600 1866 1764 1897 perpessus
1776 1859 1857 1888 esset
1872 1859 1904 1888 et
1919 1859 2048 1897 egisset,
2063 1858 2141 1890 urbe
2161 1868 2225 1891 non
2238 1869 2295 1891 ex-

1263 1929 1417 1968 pugnata,
1433 1926 1559 1958 recessit
1575 1938 1581 1956 :
1595 1927 1626 1956 et
1645 1924 1778 1965 pedestri
1793 1924 1918 1964 quidem
1932 1925 2048 1965 agmini
2064 1928 2247 1958 Hermaeum
2264 1930 2296 1959 et

1264 1996 1397 2028 Marium
1425 1993 1574 2033 praefici-t,
1589 1993 1644 2032 qui
1661 1993 1787 2031 triginta
1815 1992 1979 2023 hominum
2008 1993 2107 2024 millia
2137 1993 2294 2033 ducebam

1264 2058 1329 2098 ipse
1343 2060 1450 2088 autem
1466 2065 1520 2095 per
1542 2063 1630 2085 mare
1643 2054 1778 2085 reditum
1798 2054 1946 2085 instituit.
1963 2054 2005 2094 (4)
2023 2057 2229 2095 ingressoque
2242 2057 2296 2087 tri-

1266 2128 1366 2151 remes
1379 2119 1488 2150 multae
1498 2117 1657 2156 variaeque
1667 2116 1822 2147 malorum
1838 2116 1946 2147 formae
1954 2116 1982 2147 ei
1995 2117 2086 2148 simul
2098 2116 2294 2156 ingruerunt.

1265 2186 1342 2215 Nam
1354 2184 1431 2215 dum
1444 2183 1558 2214 milites
1575 2181 1711 2213 soluturi
1726 2189 1836 2220 naves,
1847 2190 1984 2221 quarum
1995 2182 2063 2213 aliae
2073 2182 2139 2221 jam
2156 2183 2297 2222 repleta,

1265 2247 1335 2278 aliae
1349 2256 1422 2277 mox
1439 2245 1598 2286 replendae
1611 2245 1732 2284 essent,
1747 2244 1912 2275 confertim
1932 2246 2101 2284 occupant,
2115 2246 2146 2276 et
2159 2245 2299 2284 undique

1266 2309 1327 2339 illis
1347 2308 1526 2346 adhaerent,
1546 2307 1665 2337 factum
1683 2307 1729 2337 est
1753 2307 1790 2336 ut
1814 2314 1878 2345 prae
1905 2305 2110 2337 multitudine
2131 2306 2298 2337 imminen-

1266 2371 1344 2402 tium
1362 2378 1433 2410 pars
1449 2369 1577 2400 navium
1591 2368 1832 2407 deprimeretur,
1851 2375 1921 2405 pars
1934 2366 2028 2397 ctiam
2050 2367 2295 2399 subverteretur.

1267 2435 1309 2473 (5)
1325 2433 1417 2470 Quod
1430 2431 1600 2472 conspicati
1614 2430 1777 2470 Cyziceni,
1796 2429 1915 2468 impetu
1927 2429 1957 2459 in
1972 2431 2074 2460 castra
2091 2430 2295 2461 Ponticorum

1268 2498 1368 2537 facto,
1394 2506 1494 2536 aegros
1511 2496 1553 2526 ibi
1579 2495 1706 2526 relictos
1722 2494 1898 2532 trucidant,
1912 2495 1943 2525 et
1966 2494 1991 2524 si
2016 2493 2091 2533 quid
2119 2496 2299 2533 supererat,

1268 2560 1431 2600 diripiunt.
1457 2560 1495 2590 At
1522 2558 1691 2596 Lucullus,
1717 2557 1859 2596 peditum
1873 2564 1984 2596 agmen
1998 2564 2016 2586 a
2029 2557 2117 2595 tergo
2137 2563 2299 2594 premens,

1270 2622 1354 2661 apud
1370 2624 1518 2661 AEscpum
1539 2620 1655 2651 {lumen
1676 2619 1853 2659 assequitur
1870 2618 1909 2648 dc
1934 2617 2123 2657 improviso,
2139 2624 2301 2656 magnam·

1271 2695 1332 2725 que
1350 2684 1487 2715 hostium
1502 2681 1619 2713 caedem
1638 2681 1765 2721 peragit.
1786 2679 1985 2711 Mithridates
2002 2678 2127 2709 interim
2138 2702 2146 2716 ‚
2163 2677 2302 2709 collectis

1272 2746 1374 2787 prouti
1392 2746 1479 2776 licuit
1493 2745 1523 2775 in
1537 2746 1636 2776 Ponto
1650 2743 1781 2781 viribus,
1792 2741 1975 2772 Perinthum
1987 2739 2187 2771 circumsidet
2199 2739 2231 2770 ct
2246 2748 2301 2778 op·

1273 2810 1408 2850 pugnat,
1422 2817 1521 2847 eaque
1538 2817 1600 2838 non
1611 2807 1728 2846 potitus
1744 2806 1774 2836 in
1788 2804 1966 2844 Bithyniam
1986 2801 2179 2834 transmittit.

192 2879 2296 2900 Μ

222 2938 365 2967 xxxix.
391 2941 419 2967 2.
438 2940 476 2975 γῇ
491 2947 523 2966 τε
540 2938 591 2966 καὶ
603 2936 741 2975 θαλάσσῃ
755 2936 762 2975 l
781 2950 795 2963 a
812 2938 873 2967 Aut
888 2937 955 2975 post
969 2934 1107 2974 θαλάσσῃ
1122 2932 1237 2965 excidit
1251 2931 1350 2962 πάντα
1362 2954 1369 2968 ,
1384 2931 1440 2961 aut
1452 2928 1617 2968 legendum
1630 2931 1669 2967 γῆ
1685 2938 1716 2958 τε
1730 2927 1781 2957 καὶ
1801 2926 1943 2956 θάλασσα
1953 2925 2014 2955 etc.
2031 2937 2045 2951 υ
2061 2922 2177 2955 Orelli.
2195 2939 2234 2944 —-
2250 2932 2299 2951 τε-

182 2983 397 3023 τρακισχιλίων
411 2982 459 3021 δὲ]
478 2985 507 3013 Α,
527 2983 577 3012 καὶ
595 2994 671 3022 τετρ.
693 2983 774 3021 vulg.

223 3029 287 3059 XL.
315 3032 342 3058 t.
366 3026 553 3067 Λεύκολλος]
570 3028 610 3058 cs.
631 3029 761 3067 Appian.
779 3037 805 3058 c.
831 3031 867 3059 72
885 3036 973 3066 sqq„
993 3026 1148 3057 Plutarch.
1171 3025 1293 3057 Lucull.
1318 3033 1347 3054 c.
1368 3028 1397 3055 7.
1419 3042 1458 3048 --
1482 3021 1607 3062 βραχεῖ]
1631 3020 1738 3059 cod‹l.;
1760 3018 1858 3060 βραχύ
1883 3018 1967 3057 vulg.
1990 3034 2029 3038 —
2047 3020 2076 3047 2.
2096 3012 2300 3054 πρόσκλισιν]

186 3075 381 3115 Stephanus;
411 3074 480 3104 libri
508 3075 695 3113 πρόσκλησιν
722 3075 769 3105 vel
787 3076 905 3110 κλῆσιν.
927 3092 966 3096 -
991 3073 1152 3113 ἐπέλαῧεν]
1173 3073 1342 3108 Schaeser.;
1360 3070 1428 3100 libri
1452 3069 1607 3100 ἐπέὸαλεν.
1633 3085 1672 3089 -
1688 3070 1718 3098 3.
1743 3063 1908 3106 Ἑρμαῖον]
1930 3062 2088 3099 Eundem,
2109 3059 2300 3096 invidetur,

186 3122 345 3160 Appianus
358 3129 386 3151 c.
403 3123 441 3151 70
455 3120 532 3150 dicit
548 3122 791 3151 llcrmocratem.
808 3140 846 3145 —
859 3118 993 3159 Μάριον]
1011 3132 1025 3145 «
1042 3119 1129 3149 Marii
1147 3119 1255 3157 liujus,
1274 3117 1403 3148 minime
1419 3114 1631 3146 confundendi
1654 3121 1725 3143 cum
1740 3110 1933 3142 celeberimis
1949 3109 2011 3139 illis
2024 3107 2149 3144 Mariis,
2167 3108 2255 3145 patre
2272 3106 2304 3135 et

185 3167 267 3204 tilio,
284 3166 427 3197 meminit
445 3166 634 3197 Plutarchus
652 3166 680 3196 in
707 3166 840 3196 Lucullo
853 3174 880 3195 c.
902 3169 919 3196 8
934 3166 965 3195 ot
982 3164 1071 3194 l’aul.
1091 3165 1221 3195 Orosius
1238 3163 1316 3194 llist.
1337 3165 1398 3201 Vl,
1419 3166 1435 3192 2
1455 3162 1503 3201 (p.
1523 3164 1581 3192 373
1598 3159 1647 3191 ed.
1676 3157 1903 3196 Havercamp.)
1932 3167 1939 3185 ε
1965 3156 2092 3185 Horum
2119 3150 2247 3189 (Fannii
2272 3150 2305 3180 et

184 3213 297 3253 magii)
318 3212 459 3243 hortatu
482 3211 702 3243 Mithridates
721 3220 796 3242 cum
814 3213 977 3249 Sertorio,
1002 3219 1062 3249 per
1087 3211 1214 3250 leqatos
1239 3212 1275 3241 in
1300 3210 1508 3247 Hispaniam
1531 3209 1668 3242 missos,
1683 3203 1801 3244 soeclus
1816 3203 1941 3242 pepiqic
1959 3211 1968 3231 :
1983 3200 2151 3230 sertorius
2168 3196 2215 3228 ad
2229 3203 2305 3227 eum

187 3262 232 3291 M.
252 3257 579 3297 Mariumfirmamti
590 3257 733 3296 simleris
748 3266 851 3287 caasa
868 3259 970 3287 misit.
988 3260 1089 3293 Quem
1103 3265 1163 3287 rar
1179 3255 1272 3295 apud
1288 3264 1322 3285 sc
1336 3256 1506 3285 retentum
1523 3253 1613 3283 brevi
1639 3249 1853 3288 ducemsccic
1876 3250 1910 3279 in
1926 3248 2036 3278 locum
2049 3243 2224 3279 Archelai,
2244 3243 2305 3282 qui
2324 3287 2326 3290 y

187 3314 220 3337 se
234 3305 279 3337 ad
293 3306 422 3345 Syllam
432 3313 508 3335 cum
521 3313 628 3336 απογρ.
643 3305 825 3343 liberisque
839 3303 1039 3334 contulerat.
1057 3304 1189 3333 Marius
1201 3304 1232 3332 cl
1249 3300 1443 3333 Eumachus
1459 3299 1558 3330 (laces
1572 3307 1593 3328 a
1608 3297 1812 3329 Mithridate
1822 3294 1985 3326 adversus
2003 3291 2181 3323 Lucullum
2192 3290 2304 3326 missi,

188 3359 308 3391 maqno
325 3353 476 3383 azert-iac
495 3351 584 3382 brevi
602 3352 822 3389 cimai-msam,
841 3357 915 3380 eum
940 3350 976 3379 P.
1000 3350 1125 3379 Rutilio
1141 3348 1235 3388 apud
1254 3346 1470 3379 Chalcedona
1488 3346 1653 3383 conyressi
1675 3344 1756 3374 sunt
1768 3363 1775 3377 ,
1792 3348 1933 3380 eamque
1946 3346 2020 3370 cum
2037 3337 2191 3377 plurima
2207 3341 2309 3364 exer-⁴
