2338 3765
548 168 1113 256 EUSEBIUS.
1176 169 1779 258 ONASIMUS.

152 561 331 598 Eusebius
362 561 555 596 historiam
588 562 859 608 imperatorum
879 564 1139 597 Romanorum

99 621 309 668 composuit
328 620 415 654 inde
438 620 484 655 ab
498 623 665 668 Augusto
681 633 799 668 usque
817 622 864 657 ad
884 629 1042 656 mortem
1058 621 1141 656 Cari

99 680 186 727 (283
208 692 244 726 p.
266 679 306 714 C.
331 678 356 724 )‚
380 677 435 713 uti
457 678 570 713 refert
590 680 770 726 Euagrius
788 682 930 716 Histor.
955 680 1092 715 Eccles.
1110 682 1140 714 V

98 744 190 772 extr.
211 736 406 783 Scripserit
424 744 554 772 auctor
570 737 637 771 sub
659 738 741 773 Cari
761 749 970 773 successore
992 737 1141 772 Diocle-

96 798 198 831 tiano
219 794 434 842 (283-303).
452 795 622 829 Dialecto
642 808 727 831 usus
746 803 798 831 est
814 797 941 831 Ionica
955 823 964 841 ‚
985 803 1027 830 ut
1043 803 1141 842 patet

96 865 140 888 ex
160 866 235 887 uno
251 852 356 899 quod
372 860 538 900 superest
555 853 781 900 fragmento,

150 913 323 959 Excerpt.
357 911 548 946 Constant.
591 910 678 960 Περὶ
714 910 1028 962 στρατηγημάτων,
1058 925 1140 959 quae

98 969 284 1005 edidimus
299 968 347 1004 ad
364 969 503 1003 calcem
522 970 675 1017 Josephi
692 983 731 1018 p.
760 983 802 1005 12
825 982 833 1008 :

272 1073 337 1110 ΕΚ
355 1072 455 1110 ΤΩΝ
483 1073 730 1110 ΕΥΣΕΒΙΟΥ
750 1074 879 1112 BlssA.
901 1072 960 1111 (-)'.

151 1165 400 1217 Πολιορκία
421 1166 759 1213 Θεσσαλονίκης
776 1166 1069 1205 ὑπὸΣκυθῶν.

149 1252 195 1289 Οἱ
217 1248 252 1287 δὲ
279 1249 553 1293 Θεσσαλονικέες
578 1249 655 1288 οὔτε
677 1252 710 1287 ἐν
742 1252 791 1302 τῷ
810 1248 952 1303 τοιούτῳ
982 1251 1141 1302 ἀδρανέες

96 1308 184 1351 τινὲς
204 1307 406 1359 εὑρέθησαν.
429 1307 534 1345 Ἀλλὰ
562 1310 650 1345 τοῖσι
671 1308 837 1358 ἐτοίμοισι
870 1309 1140 1360 εὑρισκομένοισι

97 1366 322 1416 ὁπλισάμενοι
353 1366 561 1415 συστάντες,
585 1366 661 1409 τούς
693 1383 729 1403 τε
755 1367 944 1417 βιωμένους
969 1369 1001 1410 ἐς
1025 1374 1140 1405 στεῖνα

100 1425 111 1474 (
133 1423 240 1461 ἔσθειν
259 1426 346 1462 cod.
370 1425 379 1473 )
407 1423 578 1474 ἅττ-ἧρξαν,
602 1425 659 1461 καὶ
681 1426 714 1461 ἐν
730 1428 771 1476 τῇ
799 1428 936 1476 ταραχῇ
965 1427 1052 1476 αὐτῇ
1073 1429 1140 1462 τῶν

100 1481 285 1534 βαρὸάρων
303 1482 397 1525 τινὰς
413 1482 686 1533 συναρπάζουσι·
709 1482 746 1519 τὸ
761 1482 801 1527 δὴ
820 1484 975 1519 πολλοῖσι
989 1486 1055 1519 τῶν
1074 1484 1141 1520 ἀπὸ

98 1544 158 1587 τῆς
177 1542 311 1584 πόλεως
332 1541 394 1584 ἔξω
414 1540 600 1589 κειμένοισι
616 1541 784 1592 πρόφασις
807 1543 816 1591 (
835 1541 1006 1592 πρόῧασιν
1027 1544 1111 1580 cod.
1129 1544 1138 1592 )

99 1602 159 1645 τῆς
185 1600 409 1648 ἀνακομιδῆς.
444 1599 684 1650 Παρεχόμενοι
716 1599 782 1651 γὰρ
803 1601 833 1636 οἱ
862 1599 1031 1651 βάρίαροι
1056 1600 1141 1652 ὑπὲρ

100 1661 158 1695 τοῦ
171 1657 380 1706 κομίσασθαι
394 1656 472 1699 τοὺς
487 1657 667 1709 σφετέρους
681 1657 901 1700 πολλοὺςτῶν
918 1652 1005 1695 εἷλον
1019 1658 1142 1695 >026er-

101 1731 155 1759 τες
188 1715 376 1754 ἀπέδοσαν.
436 1716 516 1766 Οὐχ
542 1714 597 1752 ὅτε
627 1710 715 1762 ἦσαν
749 1716 892 1767 φθάντες
912 1718 941 1753 οἱ
974 1716 1143 1768 βάρνῖαροι

101 1773 189 1811 ὥστε
210 1777 251 1824 τῇ
275 1772 419 1825 σφετέρῃ
446 1776 590 1823 στρατιῇ
610 1780 725 1810 πᾶσαν
747 1773 806 1819 τὴν
838 1775 937 1811 πόλιν
965 1789 1143 1826 περιστοι-

100 1832 297 1884 χήσασθαι,
331 1832 443 1884 (καὶ)
482 1833 511 1869 οἳ
539 1831 603 1868 ἀνὰ
639 1831 699 1877 τὴν
727 1832 827 1868 πόλιν
857 1833 952 1869 οὐδὲν
985 1833 1051 1870 ὑπὸ
1085 1837 1142 1870 τοῦ

102 1890 360 1943 ἀπροσδοκήτου
382 1889 649 1938 ἀμὲλυνῡέντες,
672 1890 748 1928 οὐδὲ
763 1893 778 1906 *
796 1891 814 1909 ²*
830 1892 846 1906 *

155 1953 228 1987 Pro
248 1950 286 1986 τὸ
315 1949 356 1995 δὴ
381 1949 542 1986 πολλοῖσι
572 1952 806 1998 scripserim,
841 1948 949 2000 ταύτῃ
984 1950 1153 1987 πολλοῖσι

103 2008 273 2060 πρόφασιν
305 2008 515 2056 ἀνακομιδῆς
545 2006 794 2058 παρεχόμενοι·
823 2009 853 2045 οἱ
882 2008 948 2059 γὰρ
976 2008 1145 2060 βάρὸαροι

104 2069 180 2105 κτλ.
203 2090 245 2095 —
263 2068 520 2104 Thessalonice
545 2080 565 2103 a
595 2068 739 2115 Scythis
760 2076 977 2116 oppugnata
997 2077 1050 2103 est
1077 2069 1145 2103 sub

105 2126 301 2161 Valeriano
321 2126 526 2160 secundum
543 2127 731 2161 Zosimum
755 2128 791 2171 Ι,
809 2139 874 2173 29,
894 2128 953 2161 vel
973 2128 1040 2161 sub
1061 2128 1146 2163 Gal·

105 2185 204 2219 lieno
234 2196 308 2220 see.
342 2185 569 2219 Trebellium
598 2185 760 2219 Pollion.
793 2187 832 2219 in
864 2186 1020 2221 Gallien.
1049 2199 1081 2220 c.
1106 2184 1143 2222 5.

105 2242 251 2277 Deinde
269 2243 403 2277 iterum
424 2255 443 2277 a
473 2243 616 2290 Scythis
637 2244 894 2279 Thessalonice
913 2245 1059 2280 obsessa
1078 2244 1146 2279 sub

106 2301 261 2336 Claudio
291 2302 536 2348 imperatore,
559 2308 648 2336 teste
678 2303 826 2336 Zosimo
853 2303 884 2346 Ι,
908 2302 971 2344 43.
994 2321 1041 2326 -
1063 2305 1147 2348 Quo

107 2367 232 2393 nostra
250 2360 481 2406 pertineant,
512 2361 650 2394 nescio.
679 2360 851 2395 Ceterum
869 2362 897 2395 si
925 2368 1023 2396 recte
1039 2362 1147 2396 statui

107 2417 713 2453 nostrumEusebiumDiocletiani
723 2419 954 2466 temporibus
964 2418 1146 2465 floruisse,

109 2474 286 2522 distingui
303 2476 349 2510 ab
364 2488 408 2510 eo
432 2475 544 2511 debet
558 2477 737 2511 Eusebius
755 2478 1012 2521 scholasticus,
1032 2478 1148 2512 Troili

109 2534 280 2581 sophistae
317 2541 492 2578 sectator,
524 2535 586 2581 qui
617 2535 740 2570 Gainae
773 2536 915 2582 Scythae
946 2549 1003 2570 res
1035 2544 1150 2583 gestas

113 2591 318 2638 (377-400)
341 2593 503 2626 carmine
526 2593 634 2639 epico
654 2605 722 2640 per
746 2600 925 2639 quattuor
955 2594 1070 2627 libros
1090 2606 1149 2628 cc-

112 2650 201 2682 cinit
225 2651 233 2698 (
252 2650 431 2697 Euagrius
453 2651 547 2685 Hist.
574 2652 710 2685 Ecclcs.
733 2652 840 2695 XIII,
863 2652 884 2686 6
903 2652 929 2699 ).

1530 565 1916 623 ONASIMUS.

1466 685 1516 723 ’O
1528 701 1543 721 ν
1554 685 1574 722 ά
1587 701 1608 722 σ
1620 702 1630 722 ι
1643 702 1668 736 μ
1680 700 1738 731 ος,
1773 685 1927 737 Κύπριος
1946 686 1968 733 ἢ
2001 689 2242 740 Σπαρτιάτης,

1204 744 1373 795 ἱστορικὸς
1392 743 1451 780 καὶ
1469 743 1633 795 σοφιστὴς
1657 747 1726 780 τῶν
1754 744 1810 780 ἐπὶ
1838 745 2101 783 Κωνσταντίνου
2129 748 2245 796 (Κων-

1203 803 1362 839 σταντίου
1381 803 1468 840 cod.
1492 803 1557 851 B.)
1573 801 1776 852 γενομένων.
1797 801 1957 855 Ἔγραψε
1973 803 2136 841 Στάσεων
2155 805 2245 842 διαι-

1204 860 1324 911 ρέσεις,
1345 859 1483 911 Τέχνην
1503 859 1682 905 δικανικὴν
1698 859 1780 911 πρὸς
1800 860 1952 912 Ἀψίνην,
1973 863 2058 914 Περὶ
2081 862 2242 914 ἀντιρρη-

1200 923 1296 964 τικῆς
1318 918 1459 970 τέχνης,
1483 918 1817 970 Προγυμνάσματα,
1836 919 2014 967 Μελέτας,
2038 921 2242 971 Ἐγκώμια,

1201 977 1259 1014 καὶ
1282 977 1371 1013 ἄλλα
1394 978 1555 1015 πλεῖστα.

1258 688 1388 723 suidas
1419 700 1427 722 ε

1254 1036 1309 1074 Cf.
1339 1036 1462 1073 idem:
1485 1034 1641 1087 Ἀψίνης,
1660 1034 1854 1084 Ὀνασίμου
1873 1038 1931 1073 τοῦ
1953 1039 2114 1087 σοφιστοῦ
2138 1038 2246 1083 Ἀθη-

1201 1093 1308 1137 ναίου,
1330 1093 1492 1144 σοφιστὴς
1509 1094 1670 1145 νεώτερος
1689 1097 1746 1130 τοῦ
1770 1093 1956 1146 Γαδαρέως
1975 1094 2126 1146 Ἀψίνου.
2144 1099 2244 1132 Num

1202 1154 1436 1189 Atheniensis
1466 1154 1526 1188 hic
1554 1153 1653 1188 idem
1679 1166 1764 1188 cum
1791 1154 1973 1201 Spartano
2002 1155 2057 1190 vel
2086 1155 2247 1203 Cyprio?

1253 1212 1358 1246 Idem
1375 1222 1383 1247 :
1405 1210 1414 1222 ’
1426 1213 1457 1248 Ο
1469 1226 1485 1247 ν
1497 1210 1519 1256 ή
1531 1226 1550 1247 σ
1563 1226 1572 1246 ι
1583 1225 1633 1260 μο
1645 1226 1659 1252 ς
1678 1223 1687 1248 :
1709 1210 1897 1262 ὠφέλιμος·
1919 1211 1978 1248 καὶ
1992 1211 2100 1261 ὄνομα
2115 1212 2243 1264 κύριον.

1255 1271 1439 1305 Historica
1461 1271 1624 1305 Onasimi
1641 1271 1699 1305 vel
1716 1271 1880 1306 Onesimi
1901 1271 2032 1306 Suidas
2047 1272 2170 1307 verbis
2189 1271 2247 1308 καὶ

1202 1326 1292 1364 ἄλλα
1310 1327 1458 1363 πλεῖστα
1475 1327 1799 1376 comprehendisse
1814 1328 1977 1363 videtur.
1997 1330 2117 1364 Vitam
2132 1331 2247 1365 Probi

1202 1387 1438 1434 imperatoris
1467 1388 1717 1434 conscriptam
1740 1399 1816 1421 esse
1845 1398 1889 1421 ex
1921 1388 2048 1422 Flavio
2085 1389 2247 1436 Vopisco

1202 1443 1390 1481 discimus.

1575 1509 1688 1542 VITA
1717 1508 1874 1545 PROBI.

1711 1609 1742 1632 1.

1258 1676 1360 1713 Flav.
1394 1677 1572 1724 Vopiscus
1601 1676 1647 1711 de
1674 1677 1836 1711 Proculo
1858 1689 1888 1711 c.
1915 1688 1974 1719 12,
2007 1689 2046 1724 p.
2074 1676 2151 1724 966
2185 1677 2246 1713 ed.

1206 1735 1394 1771 Schrevel.
1417 1746 1425 1771 ;
1443 1736 1510 1768 Hic
1525 1743 1648 1769 tamen
1668 1733 1889 1781 (Proculus)
1906 1747 2015 1780 quum
2036 1738 2150 1770 etiam
2159 1745 2250 1783 post

1205 1792 1359 1827 honores
1382 1794 1560 1826 militares
1585 1804 1624 1826 se
1650 1792 1811 1838 improbe
1837 1799 1875 1825 et
1894 1792 2102 1835 libidinose,
2129 1801 2251 1828 tamen

1205 1849 1349 1891 fortiter
1360 1859 1502 1897 ageret,
1520 1851 1748 1885 hortantibus
1760 1851 2069 1896 Lugdunensibus',
2088 1855 2149 1898 qui
2157 1860 2195 1887 et
2205 1853 2252 1887 ab

1205 1910 1408 1944 Aureliano
1433 1912 1597 1955 graviter
1623 1912 1763 1943 contusi
1782 1910 2014 1952 videbantur,
2039 1918 2075 1944 et
2095 1911 2250 1946 Probum

1205 1967 1526 2001 vehementissime
1531 1967 1847 2014 pertimescebant,
1868 1970 1905 2001 in
1917 1970 2105 2014 imperium
2116 1972 2252 2003 vocita-

1208 2034 1262 2060 tus
1284 2034 1337 2060 est
1354 2026 1437 2059 ludo
1449 2037 1562 2072 poene
1581 2033 1618 2059 et
1631 2029 1733 2071 J'oco,
1768 2033 1805 2059 ut
1826 2026 2010 2060 Onesimus
2025 2026 2134 2060 dicit:
2158 2028 2256 2073 quod

1207 2085 1355 2130 quidem
1371 2084 1475 2130 apud
1489 2084 1628 2117 nullum
1644 2084 1760 2117 alium
1777 2087 1954 2130 reperisse
1970 2096 2028 2118 me
2042 2087 2128 2120 scio.
2155 2085 2252 2120 Nam

1207 2156 1316 2190 quum
1336 2146 1373 2177 in
1389 2143 1547 2190 quodam
1565 2145 1722 2177 convivio
1739 2143 1792 2176 ad
1808 2143 2029 2177 latrunculos
2056 2143 2245 2184 luderetur,

1209 2210 1318 2248 atque
1345 2205 1421 2248 ipse
1448 2202 1570 2235 decies
1603 2204 1805 2248 imperator
1829 2204 1984 2244 exisset,
2016 2202 2164 2248 quitiam
2181 2213 2253 2235 non

1209 2261 1377 2305 ignobilis
1395 2271 1533 2301 scurra,
1560 2275 1574 2289 «
1598 2261 1689 2301 Ave,
1716 2262 1849 2305 inquit,
1875 2260 2040 2304 Auguste
2048 2271 2061 2301 ,·
2082 2275 2096 2290 υ
2114 2259 2251 2293 allata-

1209 2330 1277 2364 que
1309 2320 1399 2352 lana
1423 2329 1612 2365 purpurea
1641 2317 1800 2351 humeris
1826 2321 1905 2362 ejus
1924 2320 2069 2362 junxit,
2102 2329 2255 2363 eumque

1209 2378 1378 2411 adoravit
1395 2389 1405 2409 :
1425 2379 1533 2410 timor
1556 2376 1643 2409 inde
1668 2378 1914 2419 consciorum,
1934 2383 2043 2422 atque
2069 2376 2154 2409 inde
2168 2379 2253 2419 jam

1209 2438 1389 2468 exercitus
1417 2437 1566 2468 tentatio
1589 2441 1625 2467 et
1653 2436 1811 2479 imperii.
1836 2434 1921 2468 Non
1946 2433 2102 2467 nihilum
2132 2441 2254 2467 tamen

1212 2492 1330 2526 Gallis
1335 2490 1486 2539 profuit.
1499 2493 1597 2526 Nam
1609 2492 1844 2530 Alemannos,
1861 2494 1924 2538 qui
1935 2498 2019 2525 tunc
2029 2491 2151 2525 adlzuc
2166 2492 2255 2526 Ger-

1211 2553 1314 2584 mani
1323 2550 1544 2592 dicebantur,
1561 2562 1632 2584 non
1643 2553 1722 2584 sine
1731 2549 2066 2595 gl(›t·1'oe.‹plendore
2078 2552 2253 2597 contrivit,

1210 2621 1396 2655 nunquam
1417 2609 1528 2643 aliter
1546 2621 1655 2655 quam
1679 2609 1924 2643 latrocinandi
1932 2619 2111 2654 pugnans
2132 2608 2251 2645 modo,

1215 2668 1317 2700 Hunc
1338 2675 1460 2700 tamen
1480 2665 1617 2701 Probus
1621 2664 1802 2712 fugatum
1821 2678 1930 2712 usque
1951 2666 2004 2699 ad
2021 2667 2168 2700 ultimas
2185 2673 2254 2700 ter-

1215 2736 1292 2765 rm,
1318 2731 1353 2758 et
1371 2727 1575 2771 cupientem
1595 2727 1630 2757 in
1650 2725 1875 2758 Francorum
1901 2724 2085 2758 ancilium
2104 2726 2247 2765 venire,

1215 2794 1238 2815 α
1250 2782 1379 2828 quibus
1395 2785 1573 2828 originem
1585 2794 1623 2815 se
1639 2782 1785 2816 trahere
1799 2784 1875 2828 ipse
1891 2782 2046 2822 (licebat,
2069 2784 2156 2829 ipsis
2167 2792 2254 2828 pro-

1215 2841 1384 2875 dentibus
1394 2842 1560 2883 Francis,
1576 2841 1702 2887 quibus
1712 2838 1907 2883 familiare
1921 2848 1974 2874 est
1985 2841 2136 2875 ridendo
2135 2839 2254 2887 fidem

1205 2897 1391 2945 frangere
1402 2925 1412 2941 ,
1434 2903 1525 2933 vicit
1541 2907 1576 2933 et
1593 2902 1790 2934 interemit.

175 3069 239 3106 EX
268 3070 457 3108 EUSEBll
482 3072 836 3111 HISTORIARUM
862 3075 1010 3112 Llsssso
1035 3076 1100 3112 lx.

350 3155 584 3188 Thessalonice
597 3166 618 3188 a
639 3157 770 3196 Scythis
793 3158 931 3189 obsessa.

163 3216 271 3254 Neque
290 3216 320 3247 in
347 3217 406 3247 hoc
423 3217 552 3256 ignavos
578 3219 912 3251 se'Thessalonicenses
935 3222 1158 3261 ostenderam

121 3267 175 3298 sec}
202 3268 238 3298 iis
256 3269 309 3308 qui
332 3271 430 3308 parati
455 3272 707 3311 inveniebantur,
737 3274 766 3304 in
781 3275 876 3305 arinis
900 3284 932 3306 se
957 3276 1161 3315 adjungentes

125 3326 265 3357 pressum
291 3320 411 3352 hostem
439 3323 468 3353 in
497 3325 656 3360 angustus
680 3325 913 3364 compulerunt,
941 3327 970 3357 in
988 3336 1088 3367 eoque
1108 3330 1159 3359 tu-

1217 3074 1320 3105 multu
1337 3075 1487 3106 barbaros
1502 3075 1670 3106 nonnullos
1681 3075 1864 3115 corripiunt.
1881 3078 1951 3112 Qua
1961 3074 2090 3114 quidem
2105 3083 2138 3106 re
2150 3072 2256 3105 multis

1217 3126 1420 3165 civilum,qui
1443 3127 1541 3157 hostis
1568 3126 1599 3156 in
1622 3128 1778 3166 potestate
1794 3127 1902 3164 erant,
1930 3125 2065 3157 reditum
2080 3126 2110 3156 in
2124 3124 2256 3165 patriam

1219 3179 1421 3217 paraverunt.
1455 3179 1534 3208 Nam
1562 3177 1703 3215 Barbari,
1728 3178 1764 3208 ut
1785 3186 1859 3208 suos
1886 3177 2124 3216 recuperarent,
2143 3175 2258 3206 multos

1220 3228 1362 3267 captivos
1385 3228 1602 3259 rffllslidcrunt.
1629 3230 1737 3268 Neque
1759 3227 1889 3267 quando
1903 3228 2026 3258 barbari
2040 3227 2179 3259 exercitu
2201 3235 2258 3258 suo

1220 3280 1403 3310 universam
1428 3280 1537 3311 urbem
1558 3280 1663 3311 subito
1681 3281 1860 3318 vinxerunt,
1885 3289 1932 3311 res
1954 3280 2121 3320 improvisa
2137 3279 2257 3311 animos

1221 3330 1338 3361 civium
1355 3331 1455 3370 fregit,
1471 3339 1573 3370 neque
1587 3331 1601 3346 *
1616 3331 1630 3345 *
1645 3333 1673 3362 *.

1172 3390 1224 3414 728
