2289 3728
140 179 208 210 136

138 260 228 303 148,
254 258 319 292 ubi
351 270 357 290 :
382 254 424 291 ‘H
446 251 596 298 Σικυὼν,
626 250 703 287 ἔνθα
735 249 838 300 ἤγετο
863 249 906 286 τὰ
938 249 1070 288 Πύθια·
1099 252 1158 295 τ’ἧς

132 314 299 354 Βοιωτίας
327 311 362 348 δὲ
386 307 426 354 ἦν
451 309 537 354 αὕτη
563 307 682 357 πόλις,
707 317 744 344 et
777 308 847 344 158
883 322 891 344 z
920 310 941 353 ἡ
969 306 1003 345 δὲ
1026 306 1161 346 Σικυὼν

132 370 313 411 Βοιωτίας.
336 370 423 415 Quae
449 367 575 403 laudat
597 368 769 414 Ungerus
790 367 955 404 Theban.
977 366 1159 403 Paradox.

132 444 171 478 p.
193 429 278 464 363.
295 426 396 463 Addi
410 425 560 460 fortasse
569 424 681 471 possit
697 425 823 459 Festus
834 436 874 471 p.
894 424 967 459 266
983 424 1043 459 ed.
1059 424 1163 458 Mul·

130 489 216 530 ler.‚
230 486 295 520 ubi
311 496 319 521 :
333 483 566 530 Hyperoclzus
579 482 740 517 historice
757 482 935 517 Cumanoe
950 486 1167 529 compositor

134 543 293 578 Athenis
320 541 495 588 quosdam
524 538 709 586 profectos
743 540 934 585 SIcyonem
971 539 1163 586 Thespias-

131 612 214 646 que,
239 606 309 636 etc.

166 684 281 722 ΠΕΡΙ
309 683 406 721 ΤΟΥ
435 683 678 721 ΜΟΡΥΧΟΥ
708 683 843 720 ΠΡΟΣ
872 682 1129 720 ΔΙΟΦΙΑΟΝ.

619 771 680 816 73.

183 858 326 894 Zenob.
348 858 392 901 V,
414 856 457 893 13
476 868 483 894 :
501 856 761 905 Μωρότερος
777 848 817 892 εἶ
836 854 1060 905 Μορύχου·
1080 853 1165 900 αὕτη

131 918 153 960 ἡ
183 913 355 966 παροιμία
381 913 516 964 λέγεται
544 913 639 963 παρὰ
668 914 736 955 τοῖς
766 912 989 954 Σικελιώταις
1018 912 1074 949 ἐπὶ
1100 914 1166 948 τῶν

132 971 248 1017 εὔηθές
257 988 289 1009 τι
301 971 620 1022 διαπρασσομένων,
635 971 680 1013 ὥς
690 985 773 1022 φησι
791 969 960 1019 Πολέμων
977 971 1009 1006 ἓν
1019 973 1061 1021 τῇ
1077 970 1167 1020 Πρὸς

132 1029 292 1081 Διόφιλον
330 1031 505 1079 ἐπιστολῇ.
532 1028 677 1078 Λέγεται
705 1029 740 1065 δὲ
764 1027 887 1070 οὕτως·
919 1027 1108 1078 μωρότερος
1139 1021 1170 1064 εἶ

134 1087 318 1139 Μορύχου,
348 1087 382 1130 ὃς
409 1087 529 1123 τᾶνδον
561 1085 657 1137 ἀφεὶς
688 1085 751 1129 ἔξω
779 1088 839 1131 τῆς
871 1085 978 1128 οἰκίας
1005 1085 1164 1131 κάθηται.

134 1145 295 1196 Μόρυχος
318 1145 351 1181 δὲ
373 1144 536 1182 Διονύσου
557 1143 722 1188 ἐπίθετον,
744 1143 812 1178 ἀπὸ
832 1147 889 1179 τοῦ
913 1142 950 1178 τὸ
978 1143 1162 1194 πρόσωπον

134 1197 338 1246 μολύνεσθαι
353 1195 488 1233 ἐπειδὰν
504 1197 652 1245 τρυγῶσι
668 1196 716 1245 τῷ
734 1193 801 1231 ἀπὸ
817 1197 883 1231 τῶν
901 1193 1052 1245 βοτρύων
1065 1194 1164 1241 γλεύ·

134 1270 186 1291 κει
204 1252 263 1291 καὶ
285 1255 349 1296 τοῖς
368 1255 514 1305 χλωροῖς
535 1251 667 1294 σύκοις·
693 1251 835 1302 μορύξαι
852 1251 918 1302 γὰρ
937 1252 975 1289 τὸ
1004 1254 1164 1302 μολῦναι·

134 1315 418 1362 καταγνωσθῆναι
446 1310 480 1347 δὲ
510 1311 613 1347 αὐτοῦ
639 1309 808 1355 εὐήθειαν,
834 1307 986 1361 παρόσον
1016 1310 1081 1354 ἔξω
1107 1314 1165 1348 τοῦ

133 1369 197 1405 νεὼ
214 1370 251 1406 τὸ
270 1369 411 1418 ἄγαλμα
433 1370 533 1405 αὐτοῦ
554 1370 648 1416 ἐστι,
666 1368 761 1418 παρὰ
787 1370 829 1418 τῇ
851 1369 989 1418 εἰσόδῳ,
1008 1369 1040 1404 ἐν
1062 1369 1164 1405 ὑπαί-

133 1430 215 1478 θρῳ.
235 1425 517 1464 Κατεσκεύασται
541 1425 575 1462 δὲ
601 1424 667 1462 ἀπὸ
694 1425 862 1463 Φελλάτα
884 1425 1035 1476 (Ψ”έλλα
1058 1425 1165 1477 libri)

133 1483 344 1532 καλουμένου
359 1484 453 1520 λίθου
471 1482 536 1519 ὑπὸ
555 1481 706 1532 Σιμμίου
723 1486 781 1520 τοῦ
800 1483 1030 1531 Εὐπαλάμου.

185 1543 241 1578 Cf.
258 1542 387 1578 Suidas
401 1540 456 1590 (et
471 1543 623 1577 Photius
635 1544 644 1589 )
663 1554 671 1579 :
688 1543 724 1578 M
734 1557 761 1578 ιο
774 1556 790 1592 ρ
801 1541 818 1577 ό
829 1556 870 1578 τε
883 1556 924 1591 ρο
936 1558 950 1583 ς
966 1540 1166 1592 Μορύχου

135 1600 144 1649 (
161 1601 264 1650 Μωρ.
284 1600 410 1647 Phot.)
426 1598 610 1648 παροιμία.
634 1598 802 1648 Πολέμων
818 1599 900 1650 φησὶ
915 1599 1073 1649 λέγεσθαι
1087 1599 1167 1636 ταύ-

135 1671 197 1700 την
229 1656 325 1706 παρὰ
359 1655 581 1697 Σικελιώταις
613 1655 738 1698 οὕτως·
771 1656 971 1707 Μωρότερος
1011 1651 1041 1693 εἷ
1074 1657 1083 1708 (
1099 1657 1168 1706 εἷμὶ

135 1713 265 1763 Phot.)
292 1717 473 1764 Μορύχου,
502 1712 536 1755 ὃς
555 1713 678 1751 τᾶνδον
701 1713 796 1765 ἀφεὶς
812 1715 875 1757 ἔξω
894 1718 954 1759 τ’ἧς
970 1714 1077 1756 οἰκίας
1100 1714 1168 1751 κοί-

136 1774 250 1816 ῡηται.
271 1770 430 1822 Μόρυχος
446 1770 480 1807 δὲ
496 1771 577 1821 παρ’
594 1771 706 1814 αὐτοῖς
720 1774 737 1809 ὃ
751 1771 909 1814 Διόνυσος
923 1775 1000 1809 κατ’
1016 1772 1167 1809 ἐπίθετον

138 1829 379 1876 (κατεπείθετο
394 1830 532 1878 Phot.)‚
550 1828 605 1865 διὰ
621 1829 659 1865 τὸ
677 1829 879 1877 μολύνεσθαι
898 1832 1001 1867 αὐτοῦ
1016 1830 1053 1867 τὸ
1068 1831 1166 1880 πρόσ-

134 1901 227 1923 ωπον
251 1889 285 1923 ἐν
309 1889 350 1936 τῇ
377 1886 483 1937 τρύγῃ
501 1886 635 1934 γλεύκει
667 1902 704 1923 τε
727 1886 784 1924 καὶ
808 1887 930 1929 σύκοις.
957 1887 1111 1939 Μορύξαι
1134 1887 1168 1924 δὲ

135 1944 173 1980 το
193 1947 347 1992 μολῦναι.
369 1942 529 1994 εΌμηρος
555 1946 703 1993 (Odyss.
721 1961 750 1990 ν,
773 1945 871 1995 435)
896 1948 976 1995 γοῦν
1000 1946 1037 1982 τὸ
1056 1961 1165 1995 μεμο-
1195 1932 1201 1999 Ι

138 2001 303 2051 λυσμένος
319 2001 604 2051 (μελομυμμένος
618 2004 704 2040 cod.
720 2007 764 2042 V.
784 2004 795 2053 )
812 2003 1067 2055 μεμορυγμένος
1084 2005 1167 2053 (με-

138 2058 351 2111 μορυχμένος
365 2061 486 2109 Phot.,
507 2060 791 2111 μεμορυχημένος
805 2063 920 2110 Suid.)
939 2060 1054 2113 φησίν.
1072 2062 1166 2107 Εὐή-

138 2121 229 2154 θειαν
246 2117 279 2154 δὲ
299 2116 417 2153 τούτου
435 2120 738 2167 καταγνωσθῆναι,
764 2117 914 2169 παρόσον
937 2118 1000 2161 ἔξω
1023 2122 1081 2155 τοῦ
1105 2121 1168 2156 νεὼ

138 2177 173 2212 ἐν
187 2173 344 2225 ὑπαίθρῳ
364 2175 467 2211 αὐτοῦ
487 2174 525 2211 τὸ
543 2174 684 2225 ἄγαλμα
705 2174 905 2227 καθίδρυται
923 2175 1018 2227 παρὰ
1038 2179 1079 2226 τῇ
1101 2178 1172 2213 εἷσ-

136 2233 218 2283 όδῳ.
240 2232 415 2270 Τάττεται
434 2231 468 2269 δὲ
486 2232 542 2269 ἐπὶ
566 2235 632 2269 τῶν
656 2232 774 2279 εὔηθές
794 2248 825 2270 τι
853 2232 1168 2285 διαπραττομένων.

137 2291 192 2326 Cs.
210 2291 338 2326 Suidas
357 2304 393 2325 v.
414 2289 590 2341 Μόρυχος.

190 2349 305 2384 Clem.
328 2349 430 2385 Alex.
446 2350 632 2396 Protrept.
651 2361 689 2395 p.
708 2354 754 2391 42
770 2351 869 2387 Pott.
887 2362 895 2383 .·
914 2348 1172 2399 Παραθήσομαι

138 2407 196 2441 τοῦ
215 2403 379 2455 Μορύχου
402 2405 567 2442 Διονύσου
591 2405 629 2442 τὸ
657 2404 800 2454 ἄγαλμα
817 2405 979 2451 Ἀθήνησι
995 2404 1170 2456 γεγονέναι

140 2461 201 2511 μὲν
221 2463 259 2498 ἐκ
278 2466 336 2498 τοῦ
358 2462 525 2500 Φελλοίτα
546 2462 744 2511 (Φελλείτα
769 2471 853 2499 ante
879 2465 1006 2514 Sylb.)
1035 2465 1164 2501 καλου-

141 2518 242 2568 μένου
258 2519 352 2557 λίθου
367 2549 376 2567 ,
393 2519 491 2571 ἔργον
505 2519 539 2557 δὲ
568 2515 655 2557 εἶναι
684 2520 834 2563 Σίκωνος
865 2521 1046 2571 (Σίμωνος
1068 2537 1168 2561 corr.

139 2579 241 2625 Sylb.
256 2578 265 2626 )
282 2581 340 2614 τοῦ
361 2577 599 2627 Εὐπαλάμου,
618 2576 663 2621 ὥς
678 2593 760 2630 φησι
776 2577 945 2627 Πολέμων
963 2578 996 2616 ἔν
1017 2594 1081 2616 τινι
1096 2581 1172 2616 ἐπι-

141 2636 261 2685 στολῇ.

193 2696 253 2730 Ad
277 2696 353 2730 haec
372 2696 581 2731 Prellerus:
609 2711 623 2726 α
651 2696 817 2731 Clemens
844 2695 1041 2730 confundit
1066 2696 1172 2730 Sicu—

266 2815 331 2852 DE
361 2815 611 2854 MORYCHO
641 2815 710 2853 AD
741 2814 1042 2852 DlOPHILUM.

628 2891 687 2922 73.

186 2948 342 2987 Morycho
359 2956 393 2978 es
406 2949 558 2979 stultior.
570 2951 637 2980 Hoc
647 2949 848 2988 proverbium
863 2948 946 2988 apud
958 2948 1079 2980 Siculos
1091 2957 1176 2979 usur-

147 3002 240 3039 patur
258 2998 297 3029 de
314 2998 350 3029 iis
365 3021 373 3036 ‚
390 3000 444 3038 qui
460 2999 556 3029 stulte
575 2999 692 3038 aliquid
717 2999 852 3037 faciunt,
874 2999 920 3030 uti
939 2999 1068 3030 Polemo
1087 2999 1130 3030 ait
1144 3000 1175 3030 in

147 3049 278 3089 epistola
291 3057 385 3088 quam
399 3048 439 3079 ad
458 3049 639 3087 Diophilum
653 3049 787 3088 scripsit.
805 3049 907 3079 Verba
921 3052 994 3081 sunt
1011 3063 1017 3079 :
1035 3062 1049 3076 «
1066 3051 1177 3089 Mory-

147 3100 207 3131 clzo
223 3099 411 3130 stultiores
426 3110 436 3129 .·
451 3099 504 3138 qui
519 3099 614 3129 domo
629 3099 736 3130 relicta
749 3108 806 3138 pro
821 3100 939 3130 foribus
955 3100 1053 3131 sedet.
1073 3100 1176 3141 Μόρυ-

147 3162 201 3192 χος
215 3158 288 3181 vero
304 3149 417 3181 Bacchi
435 3149 595 3188 epitheton
609 3151 673 3187 est,
689 3150 775 3189 quod
792 3150 884 3181 facies
897 3152 964 3189 ejus
977 3151 1007 3181 111
1021 3151 1179 3182 vindemia

148 3203 250 3234 mulso
261 3202 292 3232 et
304 3200 483 3232 recentibus
497 3201 619 3232 ficubus
630 3201 760 3232 illinitur
773 3214 780 3231 ;
794 3202 916 3241 μορύξαι
931 3202 1013 3232 enim
1027 3202 1180 3241 significat

144 3252 348 3292 inquinare.
370 3254 412 3282 Ea
429 3260 504 3282 vero
526 3251 565 3282 de
587 3260 682 3282 causa
705 3252 820 3283 stultus
836 3252 996 3290 judicatus
1012 3254 1075 3292 est,
1094 3253 1180 3292 quod

150 3306 252 3336 statua
269 3303 338 3343 ejus
349 3304 439 3335 extra
453 3303 607 3343 templum
624 3303 682 3334 sub
697 3303 748 3334 dio
764 3303 802 3334 ad
818 3303 1006 3335 vestibulum
1029 3304 1180 3335 collocata

920 163 1209 211 POLEMONIS
1240 163 1448 201 lLlENSlS

1221 251 1297 284 lum
1313 249 1534 295 Morychum
1551 254 1586 283 et
1603 248 1859 283 Atheniensem
1871 273 1879 289 ‚
1897 246 1943 281 de
1957 259 2032 292 quo
2046 260 2081 284 v.
2098 249 2249 287 Ruhnk.

1221 306 1269 342 ad
1285 308 1378 343 Tim.
1398 319 1438 353 p.
1466 305 1548 342 183.
1571 307 1626 340 De
1644 304 1848 352 proverbio
1874 304 1922 338 cf.
1946 305 2055 339 etiam
2081 307 2251 352 Apostol.

1222 365 1340 408 XIII,
1373 363 1440 407 5o;
1467 363 1647 399 Proverb.
1671 361 1874 398 Alexandr.
1905 365 1965 403 4ο.
1986 382 2039 388 -
2063 364 2193 399 Verbis
2218 363 2253 406 ὃς

1223 420 1345 457 τᾶνδον
1365 422 1443 460 κτλ.
1463 433 1610 457 versum
1631 420 1765 455 comici
1785 419 1928 454 subesse
1944 420 2126 467 suspicor,
2145 433 2253 469 quem

1223 480 1290 514 hac
1311 480 1464 526 epistola
1481 479 1613 515 eodem
1628 478 1743 513 modo
1760 478 1973 512 tractaverit
1985 479 2159 523 Polemo,
2177 492 2254 526 quo

1225 537 1322 572 libro
1346 536 1432 587 Περὶ
1451 539 1510 572 τοῦ
1532 533 1627 584 παρὰ
1653 536 1849 585 Ξενοφῶντι
1873 532 2062 582 καννάθρου
2088 537 2256 571 tractavit

1226 596 1349 629 locum
1364 595 1627 642 Xenophontis
1640 620 1649 638 ‚
1667 593 1766 629 libro
1782 591 1870 642 Περὶ
1887 590 1990 640 ἄρτου
2007 593 2133 627 locum
2150 594 2254 629 Thu-

1226 653 1381 699 cydidis.
1402 655 1437 688 Is
1461 654 1624 688 comicus
1646 659 1746 696 erat,
1773 653 1812 686 ni
1837 651 1960 696 fallor,
1989 651 2230 697 Epicharmus
2244 680 2254 700 ,

1227 711 1285 744 cui
1297 717 1420 745 noster
1434 711 1593 745 multum
1608 721 1730 756 operae
1747 721 1892 744 navasse
1913 708 2078 755 videtur,
2095 716 2131 744 et
2146 722 2256 756 quem

1228 767 1391 802 indicant
1407 768 1520 803 verba
1540 764 1636 815 παρὰ
1661 766 1729 807 τοῖς
1748 764 1986 810 Σικελιώταις,
2014 778 2095 813 quae
2120 774 2256 802 notan-

1229 824 1318 858 dum
1340 837 1360 860 a
1385 825 1498 860 Suida
1513 832 1548 860 et
1565 825 1697 859 Photio
1711 825 1761 859 ita
1781 837 1865 858 cum
1880 825 2049 870 pleniore
2067 826 2258 871 proverbii

1227 882 1384 917 formula
1402 882 1595 930 conjungi,
1613 883 1716 929 quasi
1731 883 1893 917 voluerit
1908 882 2060 917 Polemo
2082 883 2259 919 lectorem

1227 940 1274 974 ad
1297 948 1439 976 certum
1455 941 1646 987 scriptoris
1663 940 1774 975 Siculi
1798 940 1922 974 locum
1942 940 2136 988 ablegare3
2155 954 2258 976 nam·

1228 1010 1300 1045 que
1327 999 1560 1047 populariter
1592 998 1747 1044 planum
1777 1003 1829 1031 est
1858 997 2072 1034 breviorem
2102 998 2259 1035 formam

1230 1056 1443 1093 obtinuisse.
1458 1076 1510 1083 —
1522 1057 1578 1091 De
1597 1056 1746 1090 nomine
1761 1053 1911 1090 artificis
1925 1057 2171 1101 quaesiverunt
2186 1058 2261 1103 Syl-

1227 1114 1336 1162 burg.
1366 1114 1414 1148 ad
1441 1114 1555 1150 Clem.
1584 1114 1610 1150 l.
1639 1126 1689 1157 e.‚
1711 1112 1897 1148 Thiersch.
1916 1113 2057 1160 Epoclz.
2075 1115 2112 1149 d.
2132 1115 2179 1150 K.
2204 1116 2258 1158 ΙΙ,

1227 1184 1261 1219 p.
1292 1172 1358 1216 33,
1377 1174 1420 1208 Ο.
1442 1173 1590 1206 Mulier.
1620 1171 1778 1218 AEginet.
1801 1183 1840 1217 p.
1874 1174 1966 1218 104,
1993 1172 2109 1219 Sillig.
2141 1173 2181 1207 C.
2212 1176 2257 1208 A.

1226 1243 1262 1277 p.
1283 1234 1355 1272 420
1372 1243 1457 1277 sqq.
1475 1231 1543 1265 Hic
1561 1236 1686 1264 tuetur
1699 1229 1896 1263 lectionem
1911 1228 2080 1273 Zenobii,
2095 1227 2260 1276 Σιμμίου,

1228 1289 1340 1323 ceteri
1359 1289 1548 1323 Simonem
1569 1288 1776 1334 AEginetam
1805 1285 1879 1321 dici
1903 1287 2128 1330 existimant,
2151 1287 2262 1333 quem

1227 1354 1409 1381 memorat
1425 1347 1519 1381 Plin.
1536 1347 1582 1381 H.
1599 1346 1644 1380 N.
1668 1344 1846 1387 XXXIV,
1869 1342 1890 1377 8
1904 1371 1913 1387 ,
1938 1356 1982 1390 ¹9
1994 1371 2003 1387 ‚
2020 1345 2127 1392 Diog.
2145 1347 2186 1381 L.
2205 1347 2240 1380 ΙΙ
2253 1374 2262 1390 ,

1233 1404 1324 1449 123,
1347 1406 1501 1439 Pausan.
1525 1406 1569 1447 V,
1590 1415 1653 1447 27,
1675 1401 1710 1437 5.
1732 1402 1842 1448 Lapis
1868 1401 2047 1436 Phellates
2069 1402 2262 1438 dicebatur

1231 1474 1250 1495 a
1270 1469 1398 1496 monte
1424 1462 1566 1504 Attico,
1592 1461 1651 1495 cui
1679 1471 1819 1494 nomen
1835 1456 2010 1502 Φελλεύς,
2042 1459 2088 1497 cf.
2112 1461 2259 1496 Miiller.

1228 1520 1346 1553 Attica
1363 1531 1401 1565 p.
1424 1518 1511 1562 218,
1529 1517 1650 1552 Leake
1666 1516 1850 1552 Nortlzern
1871 1517 2003 1551 Greece
2022 1518 2070 1562 ΙΙ,
2088 1529 2125 1564 p.
2143 1517 2230 1563 437.
2248 1535 2264 1549 η

1232 1576 1286 1614 Cf.
1310 1578 1358 1612 H.
1377 1577 1504 1623 Steph.
1524 1575 1628 1610 Thes.
1646 1587 1672 1611 s.
1686 1587 1721 1610 ν.

1715 1654 1775 1694 74-

1281 1726 1476 1761 Athenaeus
1493 1726 1566 1769 ΠΙ,
1587 1737 1621 1772 p.
1650 1737 1732 1772 109,
1748 1726 1792 1760 A.
1810 1724 1901 1759 Vide
1918 1723 2051 1771 fragm.
2069 1723 2130 1771 39.

1721 1810 1779 1856 75.

1281 1886 1475 1921 Athenaeus
1493 1886 1563 1928 XI,
1578 1898 1617 1931 p.
1643 1886 1730 1929 462,
1750 1885 1777 1919 Β
1794 1895 1802 1920 :
1830 1882 1899 1920 Καὶ
1922 1881 2090 1930 Πολέμων
2107 1881 2142 1918 δὲ
2163 1883 2195 1919 ἐν
2216 1886 2266 1935 τῷ

1233 1942 1320 1993 Περὶ
1338 1946 1396 1979 τοῦ
1415 1941 1581 1992 Μορύχου
1597 1943 1630 1978 ἐν
1653 1940 1891 1992 Συρακούσαις
1916 1939 2016 1992 φησὶν
2038 1939 2090 1978 ἐπ’
2106 1939 2195 1993 ἄκρᾳ
2219 1943 2263 1992 τῇ

1232 2000 1340 2052 Νήσῳ
1356 2000 1439 2049 πρὸς
1457 2002 1579 2051 τῷτῆς
1595 1997 1794 2048 Ὀλυμπίας
1808 2001 1887 2050 ἱερῷ
1900 2028 1909 2045 ,
1933 1998 2027 2041 ἐκτὸς
2041 2001 2099 2035 τοῦ
2113 1998 2263 2050 τείχους,

1231 2058 1381 2109 ἐσχάραν
1399 2056 1473 2094 τινὰ
1490 2050 1588 2103 εἶναι,
1607 2075 1620 2089 ‹«
1637 2057 1692 2109 ἀφ’
1713 2052 1766 2105 ἧς,
1783 2056 1880 2108 φησὶ,
1906 2056 1966 2102 τὴν
1980 2056 2105 2093 κύλικα
2120 2071 2266 2093 ναυστο-

1233 2116 1347 2152 λοῦσιν
1381 2113 1605 2157 ἀναπλέοντες
1636 2115 1738 2165 μέχρι
1764 2118 1822 2151 τοῦ
1848 2113 2004 2163 γενέσθαι
2032 2114 2093 2158 τὴν
2121 2113 2177 2150 ἐπὶ
2205 2117 2263 2151 τοῦ

1235 2171 1300 2209 νεὼ
1320 2175 1378 2218 τῆς
1404 2172 1544 2219 Ἀθηνᾶς
1568 2172 1712 2222 ἀόρατον
1740 2171 1885 2207 ἀσπίδα·
1911 2170 1969 2207 καὶ
1996 2169 2101 2213 οὕτως
2127 2172 2265 2223 ἀφιᾶσιν

1236 2231 1281 2272 εἷς
1294 2229 1355 2275 τὴν
1373 2230 1548 2266 θάλασσαν
1564 2229 1738 2279 κεραμέαν
1752 2228 1876 2265 κύλικα
1893 2257 1902 2276 ,
1925 2227 2081 2271 καθέντες
2101 2230 2146 2271 εἷς
2161 2228 2266 2274 αὐτὴν

1237 2288 1339 2325 ἄνθεα
1354 2288 1411 2324 καὶ
1426 2288 1529 2338 κηρία
1547 2287 1604 2324 καὶ
1621 2286 1810 2324 λιὸανωτον
1827 2286 1994 2335 ἄτμητον,
2012 2286 2070 2323 καὶ
2087 2286 2162 2324 ἄλλ’
2179 2286 2266 2324 ἄττα

1237 2345 1325 2395 μετὰ
1343 2347 1469 2382 τούτων
1492 2345 1673 2395 ἀρώματα.
1696 2363 1711 2377 »

1286 2407 1484 2452 Comparat
1510 2405 1746 2442 Casaubonus
1778 2416 1917 2439 morem
1948 2404 2081 2451 populi
2112 2404 2267 2451 Veneti,

1236 2465 1298 2510 qui
1317 2464 1455 2498 tradito
1475 2475 1580 2498 more
1597 2475 1617 2498 a
1636 2462 1838 2508 majoribus
1859 2474 1960 2497 mare
1981 2462 2177 2508 quotannis
2201 2461 2268 2496 de-

1234 2522 1430 2569 spondent.
1453 2538 1467 2553 «
1490 2522 1614 2557 Simile
1634 2521 1746 2568 quid,
1767 2522 1834 2564 ait,
1858 2521 2061 2555 factitatum
2086 2531 2160 2555 esse
2178 2520 2268 2554 olim

1236 2593 1255 2615 a
1275 2579 1511 2626 Syracusanis
1533 2579 1706 2613 videmur
1723 2591 1830 2625 posse
1851 2579 2026 2626 colligere
2045 2591 2085 2613 ex
2107 2578 2269 2612 Athenaei

1235 2638 1370 2673 verbis.
1393 2654 1407 2668 »
1430 2638 1529 2673 Calix
1545 2637 1689 2671 Baccho
1703 2635 1884 2682 Morycho
1902 2647 2002 2670 sacer
2016 2635 2138 2671 suerit.
2160 2635 2269 2669 Simi-

1235 2696 1319 2730 liter
1332 2694 1482 2729 natandi
1496 2707 1537 2729 ac
1552 2693 1757 2742 remigandi
1772 2693 1970 2728 certamine
1981 2692 2081 2739 apud
2099 2692 2270 2726 Hermio—

1238 2804 1295 2833 est.
1320 2804 1414 2833 Facta
1431 2805 1537 2833 autem
1560 2804 1607 2833 est
1623 2811 1640 2833 e
1657 2801 1777 2841 lapide,
1794 2809 1888 2841 quem
1908 2801 2071 2832 Pliellaten
2098 2800 2232 2838 vocant,
2251 2808 2270 2829 a

1237 2854 1367 2884 Simniia
1382 2853 1547 2893 Eupalami
1563 2853 1637 2883 filio.

1725 2923 1781 2955 75.

1281 2995 1408 3026 Polemo
1419 2996 1450 3025 in
1467 2995 1547 3026 libro
1565 2997 1611 3026 De
1624 2994 1775 3034 Morycho
1787 2993 1895 3024 scribit
1908 2991 2069 3032 Syracusis
2085 2991 2115 3022 in
2129 2992 2269 3022 extrema

1241 3047 1343 3078 Insula
1362 3048 1548 3086 (Orlyyia)
1566 3046 1604 3077 ad
1626 3045 1782 3085 Olympiae
1798 3045 1952 3084 ternplum
1971 3044 2060 3074 extra
2076 3051 2203 3072 murum
2223 3042 2268 3072 so·

1233 3093 1311 3130 bum
1325 3098 1483 3138 quendam
1503 3106 1568 3129 esse
1580 3121 1589 3136 ‚
1610 3097 1692 3127 unde
1708 3097 1837 3127 calicem
1854 3094 1924 3125 navi
1943 3093 2104 3125 deducunt
2122 3094 2153 3124 111
2169 3093 2268 3124 altum

1240 3150 1472 3189 proficiscentes
1489 3157 1587 3188 usque
1603 3147 1679 3179 dum
1702 3147 1830 3186 clypeus
1853 3146 1971 3185 templo
1990 3146 2141 3176 Minervae
2164 3154 2270 3185 super-

1240 3201 1404 3240 impositus
1417 3209 1479 3230 non
1492 3199 1627 3239 amplius
1640 3198 1724 3229 cerni
1740 3198 1841 3236 potest
1858 3209 1864 3227 :
1883 3196 1924 3226 ibi
1939 3197 2008 3227 tum
2025 3196 2055 3227 in
2072 3204 2159 3227 mare
2178 3196 2270 3227 illum

1239 3251 1411 3282 demittunt
1427 3250 1553 3281 fictilem
1579 3249 1718 3286 calicem,
1732 3247 1862 3278 floribus
1875 3248 1905 3278 et
1917 3247 1995 3277 favis
2007 3248 2038 3277 et
2051 3247 2154 3278 thuris
2166 3247 2270 3286 granis

1241 3302 1366 3343 integris
1378 3302 1508 3342 aliisque
1523 3301 1708 3341 quibusdam
1722 3298 1914 3331 aromatibus
1927 3299 2091 3338 repletum.
