2338 3765
115 190 188 221 388

110 255 277 306 αὐτάρκη.
292 255 335 289 Οἱ
349 253 381 288 δὲ
395 250 621 300 ὡμολόγησαν
638 250 773 292 ἐκείνοις
784 265 818 286 τε
831 249 965 286 καὶτῶν
978 250 1144 299 Κυμαίων

111 310 207 353 ὅσους
223 312 260 359 (3)
277 310 436 346 ἐδύναντο
452 307 708 358 [ἐπηγάγοντο]
728 309 768 358 (3)
782 337 790 354 ,
810 307 869 344 καὶ
891 307 1073 353 ἐπεξῆλθον
1088 308 1144 345 ἐπὶ

110 367 164 404 τὸν
183 368 328 410 Μέννην.
348 365 448 416 Ταχὺ
469 365 502 402 δὲ
521 365 646 401 καὶτοῦ
657 365 767 414 δήμου
787 365 1017 416 προσθεμένου
1033 367 1143 416 αὐτῷ,

110 425 250 470 νικήσας
266 425 363 474 μάχη
376 422 592 474 παραδίδωσι
606 428 674 464 τοῖς
687 422 857 472 Κυμαίοις
867 423 923 459 τὸν
938 423 1081 474 ἀδελφόν
1091 439 1098 445 ·
1114 425 1143 459 οἱ

111 484 138 518 δ’
155 483 191 519 ἐκ
203 481 314 532 χειρὸς
328 481 487 532 βαλόντες
502 479 601 516 αὐτὸν
613 481 840 527 κατέλευσαν,
853 480 978 517 καὶτὸν
990 480 1144 519 Οὐατίαν

111 540 296 584 ἐστήσαντο
317 538 475 590 βασιλέα.
499 537 544 575 ‘O
561 539 588 574 δ’
606 537 726 580 εὐθέως
742 537 801 581 τὰς
815 539 898 590 πρὸς
915 538 1088 581 Φωκαέας
1103 539 1142 589 (4)

112 598 279 642 συνθήκας
299 597 393 642 ἠξίου
410 598 594 645 ἐμπεδοῦν,
617 595 654 638 ἃς
678 596 760 648 ὑπὲρ
781 599 838 642 τῆς
854 597 988 633 ἐκείνων
1011 598 1144 633 ἐλευθε-

115 655 184 705 ρίας
203 654 379 690 συνέθετο·
401 656 429 690 οἳ
452 655 478 689 ’δ’
501 653 707 698 ἐπείσθησαν
724 653 781 689 καὶ
800 656 858 699 τῆς
874 656 935 703 γ’ῆς
954 654 1088 691 ἔδοσαν.

597 747 657 788 54.

164 841 261 875 Ibid.
289 854 296 874 :
320 837 335 851 ω

339 842 405 876 Οτι
427 838 620 887 Λεωδάμας
643 838 844 875 ἐδασίλευσε
871 840 1066 886 Μιλησίων,
1087 838 1145 874 καὶ

111 899 144 933 ἐν
165 899 232 938 τοῖς
253 896 404 945 μάλιστα
423 897 604 946 ἐπῃνεῖτο,
626 896 754 938 δίκαιός
770 912 805 933 τε
829 895 875 933 ὢν
902 898 959 933 καὶ
988 900 1028 947 τῇ
1049 897 1145 932 πόλει
1174 914 1175 920 ¹

112 954 340 1003 καταθύμιος,
358 958 403 996 εἰς
423 953 440 991 ὃ
463 954 561 1005 φόνον
583 956 676 1006 αὐτῷ
696 954 880 1005 βουλεύσας
909 953 1093 1005 Ἀμιριτρὴς
1113 955 1145 990 ἐν

114 1015 212 1063 ἑορτῗι
231 1012 440 1054 Ἀπόλλωνος
467 1011 591 1061 ἄγοντα
617 1011 814 1061 ἑκατόμῧην
842 1014 889 1062 τῷ
911 1013 976 1063 θεῷ
996 1010 1147 1049 Λεωδά-

115 1086 227 1118 μαντα
246 1071 284 1119 (1)
302 1069 391 1106 κατὰ
407 1068 467 1114 τὴν
487 1069 560 1106 ὁδὸν
582 1069 793 1117 ἀπέκτεινεν,
811 1069 910 1111 αὐτὸς
924 1068 958 1105 δὲ
981 1067 1067 1116 μετὰ
1081 1071 1146 1105 τῶν

116 1130 217 1165 αὐτοῦ
237 1130 436 1165 στασιωτῶν
461 1127 522 1173 τὴν
544 1128 642 1163 πόλιν
664 1126 895 1173 κατελάὲετο,
912 1126 970 1163 καὶ
987 1125 1147 1176 τύραννος

115 1185 380 1236 ε’γέ’νετο,-ἷσχύϊ
396 1184 555 1236 προῦχων
581 1184 773 1230 Μιλησίων,
799 1186 844 1222 Οἱ
872 1184 906 1221 δὲ
934 1183 1146 1232 Λεωδάμαν·

113 1258 167 1286 τος
193 1245 312 1285 παῖδες
344 1242 402 1279 καὶ
434 1242 525 1293 φίλοι
551 1241 668 1284 νυκτὸς
689 1240 923 1293 ἀπεχώρησαν
951 1243 997 1283 εἰς
1024 1241 1147 1287 Ἀσση-

115 1301 171 1338 σὸν
190 1302 247 1350 (2),
262 1299 515 1350 ὑποδεχομένου
534 1299 654 1341 αὐτοὺς
668 1299 850 1350 προθύμως
866 1303 925 1336 τοῦ
943 1299 1072 1342 ἐνόντος
1087 1299 1149 1350 δίρ-

113 1373 246 1409 χοντος,
260 1358 374 1395 ὅντινα
390 1357 581 1406 Λεωδάμας
595 1358 758 1408 πρότερον
774 1356 998 1402 κατέστησεν.
1013 1357 1098 1395 Μετ’
1110 1359 1147 1394 οὐ

115 1416 203 1453 πολὺ
226 1416 260 1452 δὲ
289 1414 475 1468 Ἀμφιτρὴς
504 1415 556 1452 ἐπ’
579 1414 701 1457 αὐτοὺς
728 1415 787 1453 σὺν
815 1417 951 1466 στρατῷ
971 1409 1073 1461 ἦλθε,
1091 1415 1149 1452 καὶ

113 1474 346 1524 προσκαθίσας
367 1473 574 1525 ἐπολιόρκει.
596 1475 641 1511 Οἱ
659 1473 693 1510 δὲ
715 1472 818 1523 μέχρι
841 1472 901 1522 μέν
920 1489 1005 1515 τινος
1025 1474 1147 1510 ταλαι-

111 1531 327 1581 πωρούμενοι
361 1533 515 1581 ἀντεῖχον
531 1547 537 1553 ·
578 1530 664 1579 μετὰ
696 1530 731 1567 δὲ
766 1533 874 1567 ταῦτα
910 1533 955 1573 εἰς
992 1537 1149 1580 μαντεῖον

111 1588 313 1640 πέμψαντες
340 1589 648 1639 ἐχρηστηριάζοντο
679 1589 758 1639 περὶ
786 1593 844 1625 τοῦ
875 1589 1040 1637 πολέμου.
1065 1589 1151 1632 Θεὸς

108 1647 142 1682 δ’
165 1646 243 1698 ἔφη,
265 1648 302 1683 ἐκ
317 1647 473 1697 Φρυγίας
490 1647 601 1688 αὐτοῖς
620 1647 659 1696 (3)
676 1646 766 1691 ἥξειν
789 1646 942 1697 βοηθοὺς,
958 1646 988 1683 οἳ
1008 1647 1093 1684 τίσιν
1114 1663 1150 1684 τε

111 1704 301 1755 πράξονται
330 1708 387 1740 τοῦ
420 1703 672 1752 Λεωδάμαντος
691 1703 812 1754 φόνου,
837 1704 1011 1746 κάκείνους
1037 1720 1072 1741 τε
1092 1705 1150 1741 καὶ

111 1762 308 1808 Μιλησίους
331 1765 446 1799 κακῶν
468 1761 735 1805 ἀπαλλάξουσιν.
756 1761 1010 1812 Χρονιζομένης
1034 1762 1068 1799 δὲ
1088 1766 1148 1808 τ’ῆς

116 1819 331 1870 πολιορκίας,
350 1821 570 1871 ἀφικνοῦνται
587 1819 769 1866 νεανίσκοι,
787 1820 920 1865 Τόττης
932 1819 991 1857 καὶ
1004 1819 1148 1865 ”Οννης,

118 1880 154 1915 ἐκ
170 1877 326 1928 Φρυγίας
338 1907 347 1922 ,
364 1877 438 1929 ἱερὰ
455 1877 588 1928 ἔχοντες
607 1877 787 1928 Καὸείρων
806 1879 839 1915 ἐν
853 1878 961 1915 κίστει
979 1880 1151 1928 κεκαλυμ-

121 1935 206 1983 μένα
222 1950 229 1957 ·
248 1934 406 1985 ἐχόμενοι
426 1933 460 1971 δὲ
478 1938 537 1981 τῆς
554 1934 695 1977 κίστεως
710 1934 915 1986 ἀμφότεροι,
937 1938 954 1973 ὃ
972 1935 1032 1985 μὲν
1049 1935 1151 1982 ἔνθεν,

115 1996 132 2029 ὃ
152 1991 187 2029 δὲ
207 1991 313 2040 ἔνθεν,
330 1994 447 2035 νυκτὸς
462 1992 511 2030 ἔτι
531 1992 633 2038 οὔσης
649 1995 818 2042 προηλθον
839 1995 884 2036 εἷς
898 1993 934 2030 τὸ
953 2009 1075 2044 τειχος,
1093 1994 1151 2031 καὶ

116 2052 169 2088 ἐκε
156 2049 541 2102 ’λευονσφὰςδεγεσθαμ
554 2050 905 2102 Βαρυνόμενοιδὲυπὸ
916 2068 981 2088 των
992 2052 1152 2103 φυλάκων

117 2108 204 2144 καὶ
192 2108 403 2181 ἐρωτώμενοι
433 2109 517 2151 τίνες
535 2112 615 2158 εἷεν,
638 2109 767 2161 ἔφασαν
788 2109 839 2147 ὅτι
860 2111 949 2147 κατὰ
968 2110 1153 2162 πρόσταξιν

118 2167 217 2202 θεουε
211 2165 284 2216 ιερὰ
304 2168 340 2203 ἐκ
354 2166 511 2218 Φρυγίας
525 2167 723 2215 κομίζοιεν3
709 2183 764 2204 επι
780 2183 828 2204 τι)
845 2168 1024 2214 Μιλησίων
1043 2184 1079 2205 τε
1096 2184 1154 2206 και

120 2224 309 2268 Ἀσσησίων
331 2225 461 2275 ἀγαθῷ.
491 2227 536 2262 Οἱ
557 2225 587 2261 δ’
607 2226 654 2267 εἷς
681 2228 756 2262 νοῦν
779 2225 962 2275 βαλόμενοι
990 2226 1047 2263 τὸν
1066 2241 1150 2276 χρη-

120 2281 205 2329 σμὸν
227 2281 384 2332 δέχονται
414 2280 488 2324 τοὺς
511 2281 718 2324 νεανίσκους.
744 2280 880 2320 Ἵῧωθεν
910 2283 937 2319 δ’
959 2285 1002 2325 εἰς
1027 2284 1151 2329 ἐκκλη-

122 2339 198 2375 σίαν
224 2341 388 2383 συνηλθον
418 2338 451 2376 οἵ
474 2355 511 2376 τε
532 2356 590 2378 του
616 2341 869 2390 Λεωδάμαντος
897 2342 1015 2382 παῖδες
1046 2341 1104 2377 καὶ
1125 2342 1154 2377 οἱ

122 2397 251 2433 ἄλλοι
239 2398 405 2446 άπαντες,
436 2413 495 2434 και
521 2414 597 2440 τους
628 2397 773 2449 Φρύγας
799 2413 940 2448 ηροντο,
972 2397 1091 2440 οίτινές
1119 2413 1154 2434 τε

124 2457 192 2489 εἶεν
209 2469 267 2489 και
285 2454 334 2503 εφ’
361 2470 428 2490 οτω
445 2454 570 2521 ηκοιεν.
594 2456 676 2492 Οι
660 2457 687 2491 0
711 2457 856 2505 ἔφασαν,
886 2455 958 2492 θεον
980 2456 1021 2505 (4)
1044 2455 1155 2497 αὐτοις

122 2506 220 2541 κελΐ
186 2520 282 2541 ευσαι
304 2521 363 2541 συν
381 2511 449 2548 τοῖς
464 2507 565 2557 ἱεροις
590 2507 634 2548 εἷς
651 2507 816 2552 Ασσησὸν
840 2508 962 2556 ἐλθεῖν,
982 2522 1153 2558 τιμωρους

124 2562 302 2608 ἐσομένους
333 2566 389 2598 τοῦ
423 2563 675 2612 Λεωδάμαντος
693 2563 817 2615 φόνου,
846 2563 936 2606 ὅστις
966 2566 1079 2607 αὐτοῖς
1103 2564 1154 2610 εἴη

124 2623 140 2655 ὃ
159 2619 367 2663 Λεωδάμας·
393 2620 487 2657 αὐτοὶ
507 2620 572 2671 γὰρ
590 2622 626 2657 οὐ
648 2620 844 2670 γινώσκειν·
863 2622 921 2658 καὶ
941 2624 1056 2659 κακῶν
1075 2623 1151 2673 ῥύε-

125 2681 202 2713 σθαι
232 2677 420 2723 Μιλησίους
451 2693 508 2714 και
539 2678 750 2724 Λσσησίους.
786 2682 864 2717 Δεῖν
898 2674 967 2726 οὖν,
998 2680 1090 2723 ὅπως
1116 2680 1155 2716 ἂν

125 2751 232 2771 ταυτα
248 2735 377 2783 γένοιτο
394 2738 432 2784 (5)
450 2737 590 2780 ἐπιτελῆ
608 2765 618 2784 ,
635 2739 733 2773 θύσαι
750 2735 793 2773 τὰ
806 2737 1012 2786 νομιζόμενα
1031 2738 1154 2779 αυτοῖς

126 2794 171 2829 Οἱ
194 2790 228 2828 δὲ
253 2795 362 2828 ταῦτα
391 2793 569 2835 ἀκούοντες
605 2796 622 2829 ὃ
646 2799 712 2836 πᾶς
737 2795 843 2844 δῆμος
874 2797 906 2832 ἐν
935 2801 1029 2847 χαρᾶ
1048 2799 1155 2841 ἠσαν·

126 2852 195 2892 τοῖς
211 2849 276 2900 γὰρ
303 2850 425 2899 λογίοις
450 2850 623 2902 σύνδρομα
643 2852 808 2903 ἐφαίνετο.
832 2852 921 2890 ‘Ys'rr
907 2853 1046 2903 εσχοντό
1063 2869 1099 2890 τε
1116 2853 1157 2890 τὰ

127 2907 199 2959 ἱερὰ
222 2906 367 2958 ἱδρύσειν
400 2908 439 2958 (a)
468 2908 562 2958 παρὰ
588 2910 682 2961 σφίσι
712 2910 770 2946 καὶ
794 2911 967 2960 τιμήσειν,
994 2912 1023 2947 εἷ
1049 2915 1156 2948 ταῦτα

919 164 1122 202 'NICOLAI
1156 164 1443 201 DAMASCEM

1209 258 1306 288 Uatiae
1325 257 1416 287 sociis
1429 257 1519 295 pacta
1536 255 1673 286 inierunt
1690 257 1721 287 et
1735 257 1937 288 Cumanorum
1952 258 2030 296 quot
2046 258 2191 297 poterant
2209 259 2238 290 in

1204 324 1277 346 snas
1303 317 1406 355 partes
1419 315 1610 346 adducentes
1630 316 1741 347 contra
1761 317 1906 346 Mennem
1925 317 2036 355 egressi
2053 319 2137 349 sunt.
2164 320 2238 350 Mox

1205 383 1304 413 qutun
1316 374 1410 405 etiam
1422 374 1555 414 populus
1569 382 1601 404 se
1612 373 1713 405 Uatiae
1723 373 1924 415 adjungeret,
1940 375 2051 415 proelio
2065 376 2167 408 victor
2177 378 2239 408 tra-

1206 435 1285 463 trem
1300 431 1571 463 Cumaeistradidit
1580 456 1588 471 ‚
1597 432 1651 471 qui
1659 431 1840 471 lapidibuse
1849 442 1942 464 manu
1948 434 2040 473 jactis
2048 443 2121 466 eum
2132 435 2241 467 obrue-

1206 492 1278 521 runt
1291 491 1386 530 atque
1400 490 1523 520 Uatiam
1534 489 1592 520 sibi
1607 498 1710 529 regem
1725 491 1884 522 crearunt.
1903 491 1961 522 Hic
1975 500 2050 524 vero
2067 493 2173 524 statim
2187 502 2238 524 cu-

1206 549 1285 579 ravit
1303 550 1336 578 ut
1359 549 1425 578 rata
1443 549 1543 579 essent
1560 556 1632 588 quae
1648 547 1687 579 de
1704 548 1989 581 Orchomeniorum
2005 550 2150 583 libertate
2167 561 2240 583 cum

1207 606 1449 638 Phocaeensibus
1459 606 1629 646 pepigerat.
1645 606 1913 647 Obtemperarunt
1928 608 2132 641 Phocaeenses
2143 610 2242 650 iisqne

1206 667 1298 696 terrm
1315 666 1434 704 partem
1448 664 1610 696 dederunt.

1691 758 1748 788 54.

1249 850 1424 882 Leodamas
1448 850 1576 882 Milesiis
1600 851 1788 891 imperavit,
1811 853 1843 882 et
1867 860 1967 891 quum
1982 854 2085 892 justus
2111 858 2191 885 esset
2213 857 2244 886 et

1206 915 1313 953 gratus
1338 913 1477 952 civibuS‚
1510 922 1711 953 summopere
1744 914 1969 946 honorabatur.
1998 916 2140 948 Tandem
2167 927 2242 949 vero

1208 976 1329 1008 caedem
1345 977 1373 1008 ei
1386 985 1442 1017 per
1457 977 1583 1008 insidias
1595 985 1707 1017 parans
1719 978 1896 1017 Amphitres
1907 978 2057 1018 Apollinis
2067 980 2146 1011 sesto
2156 980 2244 1011 heca-

1207 1041 1348 1072 tombam
1374 1040 1433 1072 deo
1455 1040 1624 1071 ducentem
1651 1040 1897 1072 Leodamantem
1915 1041 1946 1072 in
1973 1051 2088 1082 pompa
2110 1043 2242 1074 interse-

1210 1103 1251 1133 cit
1262 1127 1270 1142 ‚
1286 1104 1317 1134 et
1332 1111 1404 1133 cum
1420 1103 1562 1134 factionis
1575 1111 1641 1134 suae
1654 1103 1747 1133 sociis
1757 1103 1868 1134 urbem
1885 1104 2057 1143 occupavit
2070 1105 2247 1146 roboreque

1209 1166 1334 1197 Milesiis
1354 1166 1497 1205 superior
1513 1165 1678 1205 tyrannide
1694 1166 1814 1205 potitus
1838 1168 1896 1197 est.
1915 1167 1984 1198 Filii
2002 1176 2078 1198 vero
2100 1169 2131 1199 et
2153 1169 2245 1200 amici

1208 1229 1431 1260 Leodamantis
1451 1229 1547 1260 noctu
1560 1228 1778 1260 abscesserunt
1799 1232 1947 1261 Assesum
1960 1253 1968 1269 ,
1991 1230 2044 1261 ubi
2062 1231 2147 1262 urbis
2163 1240 2246 1271 prae—

1210 1291 1310 1322 fectus
1322 1315 1330 1330 ,
1344 1300 1440 1331 quem
1458 1291 1633 1323 Leodamas
1648 1292 1724 1323 olim
1739 1292 1965 1332 constituerat,
1979 1294 2126 1332 prompto
2141 1294 2247 1325 animo

1210 1363 1262 1385 eos
1275 1353 1410 1393 excepit.
1425 1354 1494 1385 Non
1508 1354 1609 1385 multo
1624 1355 1694 1394 post
1704 1354 1884 1394 Amphitres
1894 1363 1967 1385 cum
1981 1355 2122 1386 exercitu
2137 1357 2248 1386 contra

1210 1424 1264 1447 eos
1284 1424 1424 1455 egressus
1459 1416 1623 1448 obsidione
1658 1417 1768 1448 urbem
1794 1417 1903 1448 cinxit.
1926 1417 2082 1457 Oppidani
2110 1427 2166 1458 per
2189 1419 2247 1449 ali-

1210 1481 1364 1517 quantum
1377 1478 1528 1518 temporis
1539 1478 1655 1510 multas
1665 1479 1872 1519 perdurantes
1880 1488 2038 1511 aerumnas
2048 1480 2247 1520 resistebant,

1211 1540 1324 1572 deinde
1340 1549 1414 1571 vero
1428 1542 1581 1572 miserunt
1599 1542 1654 1581 qui
1666 1541 1706 1572 de
1719 1542 1804 1572 exitu
1821 1541 1896 1572 belli
1916 1543 2083 1573 oraculum
2101 1543 2246 1574 consule·

1213 1605 1293 1635 rent.
1308 1603 1480 1643 Respondit
1493 1603 1571 1635 deus
1582 1606 1731 1635 venturos
1741 1604 1815 1644 ipsis
1825 1613 1864 1635 ex
1877 1605 2009 1644 Phrygia
2022 1605 2226 1637 auxiliatores
2236 1630 2244 1645 ,

1211 1667 1266 1706 qui
1282 1666 1434 1697 ultionem
1454 1666 1493 1697 de
1510 1666 1596 1698 caede
1619 1666 1840 1698 Leodamantis
1854 1668 2030 1706 sumpturi,
2050 1667 2198 1708 ipsosque
2216 1671 2247 1699 et

1212 1728 1348 1759 Milesios
1373 1728 1464 1759 malis
1488 1728 1652 1759 liberaturi
1677 1730 1792 1759 essent.
1813 1728 1942 1759 Interim
1958 1738 2057 1768 quum
2080 1729 2250 1761 duceretur

1215 1790 1336 1822 obsidio
1347 1814 1355 1829 ‚
1364 1790 1496 1830 ,iuvenes
1509 1790 1584 1828 duc,
1597 1791 1706 1821 Tottes
1716 1791 1748 1821 et
1758 1792 1864 1822 Onnes
1873 1815 1882 1829 ‚
1896 1799 1935 1822 ex
1946 1791 2079 1831 Phrygia
2092 1793 2249 1823 venerunt

1214 1864 1288 1886 curn
1305 1855 1401 1886 sacris
1423 1854 1612 1885 cabirorum
1637 1854 1668 1884 in
1692 1854 1769 1885 cista
1788 1854 1997 1894 absconditis,
2015 1863 2110 1894 quam
2135 1855 2249 1895 ambo,

1212 1917 1291 1948 alter
1310 1916 1382 1947 hinc
1395 1916 1475 1947 alter
1491 1916 1576 1946 illinc
1587 1939 1596 1954 ,
1611 1915 1838 1955 apprehensam
1856 1916 2008 1955 serentes,
2023 1916 2100 1947 dum
2117 1926 2180 1948 nox
2194 1916 2248 1947 ad-

1214 1980 1276 2010 huc
1289 1981 1374 2018 erat,
1389 1979 1427 2010 ad
1440 1988 1567 2015 murum
1581 1979 1792 2018 accesserunt,
1807 1979 2032 2019 petieruntque
2043 1981 2078 2012 ut
2091 1981 2122 2011 in
2137 1982 2248 2013 urbem

1215 2042 1469 2074 immitterentur.
1486 2045 1571 2079 Quos
1588 2051 1689 2082 quum
1706 2043 1855 2074 custodes
1869 2043 1957 2075 duris
1970 2044 2075 2075 verbis
2086 2044 2246 2085 increpan-

1215 2108 1261 2138 tes
1290 2107 1517 2146 interrogarent
1543 2106 1671 2145 quinam
1691 2107 1812 2146 essent,
1829 2106 2059 2146 responderunt
2083 2107 2133 2139 dei
2161 2108 2247 2147 jussu

1215 2177 1247 2199 se
1260 2178 1299 2200 ex
1318 2168 1451 2208 Phrygia
1476 2177 1565 2199 sarra
1589 2168 1719 2207 afferre,
1737 2177 1809 2207 quae
1832 2169 1960 2200 Assesiis
1987 2169 2180 2209 Milesiisque
2206 2171 2248 2201 so.-

1217 2235 1285 2264 rent
1301 2234 1406 2264 saluti.
1424 2235 1505 2264 Tum
1531 2233 1575 2263 illi
1589 2233 1620 2263 in
1640 2233 1782 2263 animum
1805 2235 1990 2264 revocantes
2005 2234 2189 2277 oraculum,
2201 2235 2250 2273 ju·

1216 2306 1311 2328 venes
1328 2296 1358 2327 in
1369 2297 1479 2328 urbem
1494 2296 1659 2336 recipiunt.
1678 2298 1757 2327 Orto
1771 2296 1911 2327 diluculo
1928 2297 1959 2327 in
1976 2297 2160 2331 concionem
2174 2306 2248 2329 con-

1216 2359 1308 2399 gressi
1344 2358 1564 2390 Leodamantis
1591 2358 1645 2389 filii
1677 2359 1836 2398 ceterique
1870 2367 1980 2391 omnes
2013 2368 2052 2391 ex
2077 2360 2249 2399 juvenibus

1214 2423 1361 2461 quaerunt
1389 2421 1517 2461 quinam
1540 2422 1642 2452 essent
1660 2424 1692 2452 et
1713 2421 1802 2460 eujus
1828 2421 1872 2452 rei
1890 2430 1983 2452 eausa
2010 2422 2178 2453 venissent.
2202 2422 2248 2453 llli

1217 2483 1310 2514 deum
1330 2483 1479 2514 dixerunt
1491 2482 1618 2522 jussisse
1631 2482 1713 2522 ipsos
1730 2486 1875 2514 Assesum
1891 2483 2044 2522 proticisci
2058 2508 2065 2522 ,
2081 2485 2115 2515 ut
2129 2483 2248 2515 caedem

1216 2546 1442 2577 ulciscerentur
1469 2545 1689 2577 Leodamantis
1715 2545 1915 2585 (quicunque
1928 2546 2059 2577 demum
2076 2546 2115 2577 sit
2132 2545 2249 2577 Leoda-

1216 2616 1301 2646 mas,
1326 2607 1353 2638 id
1378 2607 1460 2637 enirn
1483 2616 1515 2638 se
1530 2608 1702 2647 ignorare),
1726 2607 1885 2647 sinuilque
1900 2608 1936 2638 ut
1950 2607 2040 2639 malis
2064 2607 2202 2639 Milesios
2219 2609 2250 2639 et

1219 2670 1355 2699 Assesios
1369 2668 1547 2699 liberarent.
1562 2670 1711 2699 Ceterum
1725 2670 1761 2700 ut
1777 2669 1883 2708 perfici
1899 2669 1961 2700 hoc
1974 2669 2098 2708 posset,
2112 2677 2250 2700 necessa-

1218 2733 1296 2762 rium
1312 2740 1377 2762 esse
1394 2733 1428 2762 ut
1455 2732 1512 2761 rite
1534 2740 1573 2761 ex
1593 2740 1680 2762 more
1698 2732 1835 2770 ipsorum
1852 2739 1939 2761 sacra
1955 2732 2102 2762 facerent.
2128 2720 2250 2767 Quibus

1218 2794 1330 2825 auditis
1340 2795 1474 2833 populns
1486 2795 1650 2825 universus
1662 2794 1776 2834 gaudio
1786 2793 1984 2833 exsultabat3
1996 2802 2070 2824 nam
2081 2801 2252 2833 congruere

1219 2858 1286 2887 lia-c
1306 2866 1380 2887 curn
1396 2858 1499 2888 verbis
1512 2858 1630 2888 oraculi
1645 2857 1833 2897 apparebat;
1856 2865 1892 2887 ae
1916 2856 2046 2896 polliciti
2068 2856 2142 2887 sunt
2163 2864 2252 2887 sacra

1220 2918 1408 2950 Gabii-orum
1423 2927 1455 2949 se
1471 2919 1500 2949 in
1516 2919 1592 2950 urbe
1605 2920 1841 2950 consecraturos
1854 2919 1886 2948 et
1900 2917 2041 2957 religiose
2051 2917 2212 2955 culturos,
2226 2917 2251 2947 si

130 3017 296 3048 Pausanias
311 3019 365 3048 Vll
379 3041 386 3054 ‚
405 3022 421 3047 ‘2
433 3042 442 3055 ‚
458 3023 473 3048 3
492 3031 496 3047 :
511 3019 597 3049 Ἴωσι
612 3020 642 3049 δὲ
658 3024 712 3049 τοῦ
729 3020 839 3050 στολου
859 3021 1096 3060 μετασχόντες...

1113 3024 1164 3052 καὶ
1189 3023 1380 3062 Ὀρχομένιοι
1398 3023 1509 3053 Μινύαι
1528 3022 1690 3062 συγγενείᾳ
1711 3025 1772 3052 τῶν
1790 3022 1907 3060 Κόδρου
1929 3021 2058 3051 παίδων.
2086 3022 2186 3052 Teum
2212 3020 2252 3050 ab

129 3063 346 3094 Orchomeniis
363 3064 520 3094 conditam
536 3074 601 3095 esse
615 3065 696 3095 idem
715 3069 864 3096 memorat
887 3067 1052 3098 Pausanias
1067 3070 1107 3098 ΙΙΙ
1121 3092 1129 3106 ,
1143 3073 1179 3106 s»,
1195 3072 1223 3098 3.
1244 3071 1278 3099 V.
1298 3069 1418 3098 Miiller.
1432 3070 1515 3099 Min.
1535 3076 1564 3107 p.
1582 3072 1652 3099 399.
1669 3087 1707 3092 —
1721 3071 1751 3098 3.
1768 3068 1958 3106 ἐπηγάγοντο
1971 3067 2020 3098 vel
2035 3067 2096 3097 tale
2104 3065 2179 3105 quid
2193 3074 2250 3096 ex-

128 3109 238 3141 cidisse
249 3110 393 3148 videtm·;
408 3111 490 3143 ὅσοις
503 3111 594 3141 scribi
614 3111 753 3142 nolimsi.
773 3114 978 3153 ψωκαέας]
996 3115 1121 3152 φοκέους
1135 3115 1203 3145 cod.
1222 3117 1326 3151 Quum
1344 3115 1374 3145 in
1390 3116 1510 3145 antece.
1529 3114 1763 3145 Phocaeensium
1781 3113 1898 3144 mentio
1915 3121 1976 3143 non
1995 3113 2075 3143 sacta
2091 3112 2148 3149 sit,
2163 3120 2252 3142 com-

130 3156 219 3195 plura
232 3158 397 3195 excerptor
414 3157 566 3188 omiserit.
585 3158 629 3187 Ad
649 3158 850 3189 Plioczecnses
869 3161 900 3189 et
920 3161 1043 3190 Uatiam
1061 3161 1220 3192 referenda
1237 3162 1296 3192 erit
1315 3170 1374 3191 vox
1393 3161 1517 3196 ἐκείνοις
1531 3161 1561 3191 in
1579 3160 1681 3191 verbis
1695 3162 1723 3190 oi
1740 3161 1771 3190 δὲ
1785 3159 1989 3199 ὡμολόγησαν
2003 3159 2140 3194 ἐκείνοις.

171 3205 219 3233 54.
248 3202 326 3235 Cod.
340 3205 455 3233 Escor.
466 3203 533 3241 fol.
552 3208 588 3234 82
600 3227 607 3241 ‚
627 3208 661 3233 15
672 3213 727 3235 vso
740 3224 778 3229 -
789 3208 826 3235 83
839 3229 846 3243 ,
866 3210 903 3235 '28
918 3214 946 3235 ν.
967 3208 1010 3236 De
1025 3206 1118 3237 rebus
1132 3208 1191 3238 hoc
1205 3209 1239 3238 sr.
1258 3208 1380 3238 traditis
1395 3207 1520 3238 aliunde
1540 3215 1602 3237 non
1615 3208 1747 3237 constat.
1760 3225 1800 3231 —
1814 3211 1839 3236 1.
1855 3208 1976 3236 Nomen
1990 3204 2200 3244 Λεωδάμαντα
2213 3202 2252 3233 ad

130 3249 302 3287 marginem
320 3249 531 3288 a‹lscriptum;
550 3250 579 3280 in
595 3252 746 3281 contextu
762 3251 885 3282 lacuna.
907 3269 946 3273 —
970 3256 997 3282 2.
1014 3253 1113 3283 Assesi
1133 3253 1238 3293 oppidi
1258 3254 1289 3284 in
1304 3254 1498 3285 Milesiorum
1512 3253 1630 3284 ditione
1651 3253 1700 3283 siti
1718 3251 1910 3282 mentionem
1934 3251 2054 3282 faciunt
2071 3249 2253 3280 Herodotus

132 3297 163 3331 ι,
184 3298 227 3325 ιι).
255 3299 311 3332 22;
332 3295 479 3334 stephan.
502 3297 571 3334 Byz.
592 3305 616 3326 s.
635 3304 685 3333 v.;

130 3355 169 3361 —-
183 3345 211 3370 Γ).
228 3341 286 3379 γέν
299 3340 398 3380 orto]
412 3341 545 3380 γένοιντο
560 3342 628 3372 cod.
647 3361 682 3363 —
698 3348 725 3373 (ἱ,
741 3343 938 3382 ἱδρύσειν)
959 3344 1055 3383 ἵδρυσι
1077 3345 1145 3376 cod.

707 3296 892 3327 Parthenius
908 3299 991 3327 Erot.
1012 3300 1068 3334 14;
1084 3299 1219 3337 Polyaen.
1236 3302 1277 3330 Vl
1289 3323 1296 3337 ,
1312 3301 1361 3329 47.
1380 3317 1417 3321 —-
1431 3302 1459 3329 3.
1484 3297 1637 3338 αὐτοῖς]
1657 3297 1765 3333 αὐτοὺς
1785 3296 1854 3328 cod.
1872 3299 1950 3327 -4.
1971 3295 2078 3336 θεὸν]
2092 3296 2161 3326 θεοῦ
2175 3294 2247 3327 cod.
