2338 3765
141 189 159 219 ,ἶ
176 188 213 218 12

140 265 223 315 πρὸς
239 262 436 310 <Ρωμαιόυς
457 261 665 311 στεργόντων
686 260 820 311 φιλίαν·
844 261 886 296 δι’
901 260 942 305 ἢν
960 262 1036 296 κατ’
1057 262 1167 296 αὐτῶν

144 322 359 373 Μιθριδάτης
394 319 451 355 καὶ
474 319 566 355 κατὰ
597 321 660 367 γῆν
680 319 738 354 καὶ
761 318 851 354 κατὰ
878 318 1050 354 θάλατταν
1068 319 1169 355 ἐκίνει

141 380 198 415 τον
218 378 378 426 πόλεμον,
399 377 427 412 εἰ
445 376 555 412 καὶτὸ
575 375 679 412 πλέον
696 375 826 413 Ῥόδιοι
845 375 958 426 ἔσχον,
974 377 1018 418 ὡς
1031 375 1090 412 καὶ
1107 377 1170 412 αὖ-

140 436 197 472 τὸν
214 434 425 485 Μιθριδάτην
450 436 695 483 ναυμαχοῦντα
716 432 813 483 ἔγγὺς
828 437 885 470 τοῦ
904 433 1033 470 ἁλῶναι
1050 435 1167 470 ἐλθεῖν.

144 495 185 541 (ti
210 491 310 530 Μετὰ
334 491 488 527 δὲταῦτα
514 489 631 538 μαθὼν
655 490 868 542 Μιθριδάτης
887 493 932 534 ὡς
956 489 1091 528 οἱκατὰ
1110 491 1170 534 τὰς

141 550 255 591 πόλεις
271 549 438 599 σποράδες
458 547 631 595 (Ρωμαῖοι
654 551 721 585 τῶν
737 551 820 599 παρ’
843 551 944 586 αὐτοῦ
965 547 1168 596 διανοουμέ-

142 622 206 642 νων
230 606 387 656 ἐμποδὼν
404 606 586 656 ἵστανται,
603 606 725 658 γράφει
743 606 825 654 πρὸς
846 607 977 652 πάσας,
995 605 1062 642 ὑπὸ
1087 606 1168 654 μίαν

143 663 274 714 ἡμέραν
291 664 365 706 τοὺς
386 664 468 716 παρ’
486 666 604 707 αὐταῖς
624 664 819 714 Ῥωμαίους
832 664 992 715 φονεύειν.
1011 664 1172 701 Καιπολ-

143 721 193 757 λοὶ
213 721 426 767 πεισθέντες,
448 726 607 759 τοσοῦτον
630 721 728 774 φόνον
747 723 966 774 εἰργάσαντο,
988 724 1032 763 ὡς
1046 720 1171 770 μυριά-

144 780 202 821 δας
216 778 304 816 ὀκτὼ
323 781 356 815 ἐν
376 785 437 831 μιᾷ
452 779 510 817 καὶ
526 782 568 827 τῇ
585 781 670 831 αὐτῇ
687 779 802 831 ἡμέρα
818 780 872 816 τὸν
892 778 946 816 διὰ
966 778 1075 830 ξίφους
1096 778 1170 816 ὄλε-

143 840 219 887 θρον
241 839 442 882 ὑποστῆναι.

197 895 295 932 XXX
309 897 352 933 ΙΙ.
383 893 562 945 Ἐρετρίας
595 893 629 931 δὲ
670 894 728 931 καὶ
760 894 956 942 Χαλκίδος,
1000 895 1058 931 καὶ
1092 893 1172 939 ὅλης

146 951 294 994 limatae
316 953 383 995 τοῖς
405 957 461 989 τοῦ
480 952 689 1003 Μιθριδάτου
708 952 958 1004 προσθεμένων,
979 952 1038 988 καὶ
1060 951 1171 988 ἄλλων

143 1009 275 1045 πόλεων
294 1011 386 1060 αὐτῷ
403 1009 713 1060 προσχωρούντων,
747 1010 805 1046 καὶ
823 1008 889 1058 μὴν
913 1009 971 1046 καὶ
1000 1010 1171 1047 Λακεδαι-

146 1067 270 1114 μονίων
291 1067 517 1115 ἡττηθέντων,
538 1067 674 1105 Σύλλαν
692 1067 924 1116 ἐκπέμπουσιν
941 1069 971 1104 οἳ
988 1067 1172 1115 εΡωμαῖοι,

974 1124 1017 1163 ‘O
1038 1125 1072 1162 δὲ
1103 1140 1171 1161 πα-

147 1181 433 1232 ραγεγονὼς,τῶν
451 1181 584 1218 πόλεων
607 1181 666 1224 τὰς
693 1181 753 1231 μὲν
772 1182 984 1227 ἑκουσιότητι
1003 1181 1174 1230 μεταὲαλ·

144 1124 265 1170 ἱκανὴν
296 1127 388 1176 αὐτῷ
417 1125 712 1176 συνεκπέμψαντες
738 1125 914 1176 στρατιάν.

144 1238 313 1288 λομένας,
343 1239 401 1282 τὰς
421 1238 455 1275 δὲ
484 1239 543 1275 καὶ
565 1240 622 1291 βία
647 1240 828 1290 κατέσχεν,
860 1240 920 1277 οὐκ
940 1239 1052 1288 ὀλίγον
1076 1238 1176 1289 στρά-

144 1313 253 1345 τευμα
271 1300 336 1334 τῶν
360 1299 534 1335 Ποντικῶν
564 1298 661 1348 μάχῃ
678 1299 900 1349 τρεψάμενος.
930 1292 1027 1336 Ιίῖλεν
1056 1297 1089 1334 δὲ
1118 1297 1176 1334 καὶ

146 1355 206 1396 τὰς
224 1355 363 1400 Ἀθήνας
377 1371 384 1377 ·
401 1355 458 1391 καὶ
477 1356 695 1392 κατέσκαπτο
713 1355 752 1392 ἂν
767 1359 787 1400 ἡ
804 1355 903 1398 πόλις
916 1386 925 1404 ,
943 1357 971 1392 εἷ
992 1355 1039 1404 μὴ
1056 1359 1175 1392 θᾶττον

145 1415 165 1456 ἡ
188 1411 374 1461 σύγκλητος
398 1412 584 1461 <Ρωμαίων
606 1413 665 1458 τὴν
699 1417 757 1450 τοῦ
784 1412 902 1451 ..ζύλλα
934 1413 1074 1463 γνώμην
1101 1412 1174 1449 ἀνέ·

146 1477 242 1525 κοψε.
305 1476 346 1523 (Δ)
373 1476 516 1526 Συχνῶν
546 1476 579 1512 δὲ
602 1475 829 1526 παρατάξεων
856 1475 1122 1523 συνισταμένων,
1143 1477 1177 1512 ἐν

148 1528 201 1575 αἷς
232 1532 269 1569 τὸ
291 1533 407 1569 πλεῖον
443 1528 534 1583 εἶχον
555 1535 584 1569 οἳ
616 1534 793 1579 Ποντικοί,
812 1533 870 1569 καὶ
890 1533 1178 1582 συμμεταδαλλο-

147 1590 257 1638 μένων
289 1592 355 1626 τῶν
384 1590 600 1641 πραγμάτων
634 1596 701 1632 τοῖς
732 1592 1033 1641 κατορθουμένοις,
1068 1591 1177 1628 ἔνδεια

146 1654 218 1689 τοῖς
243 1649 431 1698 βασιλικοῖς
456 1650 515 1691 ’.ἧς
550 1647 681 1692 διαίτης
714 1648 858 1694 ἐπέστη,
879 1648 1020 1691 ἀσώτως
1039 1664 1073 1685 τε
1094 1648 1178 1699 προς

146 1705 273 1751 ταύτην
293 1704 515 1753 διακειμένοις
537 1705 595 1741 καὶ
612 1706 784 1753 ταμιεύειν
798 1704 840 1742 τὰ
857 1705 1023 1751 κτηθέντα
1042 1705 1089 1754 μὴ
1103 1708 1177 1743 ἐπι-

147 1763 337 1811 σταμένοις.
362 1762 431 1800 Καὶ
451 1764 495 1805 εἷς
514 1766 696 1813 συμφορῶν
714 1763 754 1800 ἂν
767 1762 923 1806 ἐξέπεσον
934 1763 995 1809 τὴν
1014 1764 1177 1814 ἐσχάτην,

149 1822 175 1856 εἰ
198 1820 244 1868 μὴ
267 1823 284 1857 ὁ
304 1820 478 1866 Ταξίλλης
508 1821 712 1872 Ἀμφίπολιν
733 1820 830 1867 ἑλὼν,
847 1821 905 1857 καὶ
922 1821 977 1858 διὰ
993 1825 1101 1858 ταῦτα
1118 1825 1177 1867 τῆς

148 1878 365 1919 Μακεδονίας
382 1877 465 1929 πρὸς
491 1878 591 1915 αὐτὸν
615 1878 940 1928 μεταὸαλλομένης,
967 1880 1091 1916 ἐκεῖθεν
1116 1879 1177 1924 τὴν

150 1936 308 1985 ἀφθονίαν
335 1936 527 1986 ἐχορήγησε
546 1939 612 1973 τῶν
633 1937 847 1983 ἐπιτηδείων.
880 1939 924 1987 (3)
942 1931 1051 1980 Οῧτος
1072 1937 1179 1975 δὲκαὶ

150 1992 329 2044 Ἀρχέλαος
356 1994 585 2043 συμμίξαντες
610 1994 653 2031 τὰ
672 1995 916 2046 στρατεύματα
949 1994 1032 2047 ὑπὲρ
1053 1994 1113 2038 τὰς
1144 1996 1176 2039 ἓξ

151 2051 317 2101 μυριάδας
343 2051 380 2088 τὸ
400 2053 528 2096 πλῆθος
546 2047 640 2102 ἦγον,
667 2053 724 2089 καὶ
746 2053 1072 2104 στρατοπεδεύονται
1092 2054 1180 2091 κατὰ

149 2109 209 2152 τὴν
228 2109 373 2145 Φωκίδα
394 2108 526 2160 χώραν,
547 2110 817 2152 ὑπαντιάσαντες
833 2114 880 2162 τῷ
896 2111 1029 2162 ,μύλλομ
1087 2111 1131 2149 ‘O
1145 2112 1179 2149 δὲ

155 2166 212 2202 καὶ
233 2165 377 2204 Λούκιον
399 2166 599 2218 Ὁρτηνσιον
631 2168 714 2219 ὑπὲρ
739 2168 798 2211 τὰς
823 2168 856 2212 ἒξ
875 2169 1034 2220 χιλιάδας
1054 2169 1179 2219 ἄγοντα

151 2223 182 2266 ἐξ
203 2224 352 2265 Ἰταλίας
382 2225 683 2276 συμπαραλαὸὼν,
710 2226 777 2263 ἀπὸ
800 2231 924 2278 συχνοῦ
950 2228 1180 2276 διαστήματος

152 2283 528 2334 ἀντεστρατοπεδεύετο.
550 2283 630 2321 Ἐπὶ
656 2285 847 2335 σιτολογίαν
868 2286 901 2322 δὲ
923 2286 1018 2336 παρὰ
1037 2286 1075 2322 τὸ
1097 2285 1183 2333 πρέ-

151 2355 212 2375 πον
227 2342 292 2376 τῶν
313 2341 390 2391 περὶ
408 2341 439 2378 Ἀ
449 2340 592 2391 ργῠέλαον
622 2342 836 2392 τραπέντων,
867 2342 1068 2393 ἅπροόπτως
1089 2344 1180 2381 Σύλ-

155 2397 217 2438 λας
234 2398 418 2433 ἐπιτίθεται
436 2401 484 2448 τῷ
501 2401 567 2434 τῶν
582 2398 755 2447 πολεμίων
773 2399 1011 2450 στρατοπέδῳ,
1032 2399 1090 2436 καὶ
1107 2399 1182 2443 τοὺς

154 2453 214 2501 μὲν
233 2455 418 2505 εὐρώστους
437 2458 502 2491 τῶν
525 2455 673 2492 ἁλόντων
695 2456 816 2492 αὐτίκα
834 2456 979 2504 κτείνει,
1010 2456 1041 2499 ἐξ
1065 2451 1112 2493 ὧν
1145 2457 1180 2494 δὲ

153 2511 255 2559 φότῗον
273 2512 453 2554 ἐπιθέσεως
481 2514 541 2549 οὐκ
562 2507 651 2563 εἶχε,
669 2512 807 2555 τούτους
827 2513 1022 2564 περιίστησι
1043 2516 1091 2565 τῷ
1108 2530 1179 2565 χω-

156 2568 216 2619 ρίῳ
238 2568 294 2604 καὶ
316 2569 406 2619 πυρὰ
433 2569 561 2605 κελεύει
586 2569 710 2618 καίειν,
728 2572 773 2612 ὡς
785 2569 859 2612 τοὺς
887 2571 954 2607 ἀπὸ
972 2574 1031 2616 τῆς
1052 2574 1180 2609 σιτολο·

154 2625 228 2673 γίας
247 2625 510 2676 ἀφικνουμένους
527 2626 677 2677 δέχοιντο
701 2627 871 2675 μηδεμίαν
894 2629 1053 2666 ὑπόνοιαν
1074 2645 1181 2679 παρε-

154 2682 293 2731 χόμενοι
315 2687 372 2719 τοῦ
394 2683 537 2725 πάθους·
565 2684 623 2720 καὶ
644 2684 767 2729 συνέβη
789 2688 833 2727 ὡς
850 2687 1104 2736 ἐστρατηγήθη,
1126 2688 1183 2724 καὶ

155 2739 319 2789 λαμπρὰν
339 2739 400 2784 τὴν
421 2740 515 2783 νίκην
537 2741 636 2791 ἔσχον
657 2743 686 2778 οἳ
706 2742 783 2792 περὶ
797 2742 853 2779 τὸν
873 2743 1023 2782 Σύλλαν.

209 2799 382 2835 ΧΧΧΙΙΙ.
406 2799 508 2840 Χίους
530 2798 563 2835 δὲ
584 2803 629 2841 ὡς
650 2799 793 2842 Ῥοδίοις
814 2801 1112 2852 συμμαχήσαντας
1133 2805 1183 2840 αἷ-

156 2855 358 2902 τιασάμενος
377 2857 394 2891 ὃ
414 2857 644 2905 Μιθριδάτης,
676 2857 751 2894 κατ’
784 2860 894 2895 αὐτῶν
924 2860 1098 2910 Δορύλαον
1124 2862 1180 2897 ἐκ·

157 2911 306 2960 πέμπει,
325 2912 377 2959 δς,
398 2915 425 2949 εἰ
452 2913 509 2949 καὶ
539 2916 656 2964 πολλῷ
676 2915 789 2966 πόνῳ,
813 2916 873 2961 τὴν
893 2917 990 2954 πόλιν
1012 2918 1181 2968 κατέσχε,

1060 174 1333 212 ΜΕΜΝΟΝΙΞ

1231 267 1259 296 in
1277 265 1413 296 amicitia
1427 267 1639 296 Romanorum
1655 263 1907 304 perdurantibus.
1922 263 2058 304 ldeoque
2071 265 2153 295 terra
2167 265 2262 295 mari-

1230 341 1292 372 que
1305 332 1423 363 bellum
1437 335 1547 363 contra
1561 333 1643 372 ipsos
1664 331 1765 362 movit
1787 330 1984 362 Mithridates
2000 343 2006 361 :
2026 329 2139 361 Rhodii
2155 332 2278 360 tamen·

1231 397 1405 436 superiores
1429 398 1539 433 erant,
1567 396 1645 426 adeo
1665 396 1701 426 ut
1718 395 1886 426 commisso
1912 394 2022 435 proelio
2046 395 2150 426 navali
2179 394 2262 425 haud

1232 463 1370 493 multum
1386 462 1509 493 abesset
1526 465 1602 501 quin
1623 462 1687 501 ipse
1710 461 1908 492 Mithridates
1923 462 2102 501 caperetur.
2120 461 2164 500 (4)
2187 462 2262 492 Post

1231 528 1297 559 baec
1314 529 1366 559 ubi
1386 530 1541 560 intellexit
1566 529 1783 567 Mithridates,
1806 529 1891 560 cives
1913 532 2071 560 Romanos
2093 538 2148 569 per
2170 529 2265 560 urbes

1232 591 1312 622 Asim
1329 591 1482 631 dispersos
1498 591 1634 622 consiliis
1659 591 1722 622 suis
1744 591 1969 631 impedimento
1994 601 2060 623 esse
2073 615 2082 631 ,
2099 592 2139 623 ad
2155 600 2264 623 omnes

1229 655 1372 685 civitates
1391 654 1532 693 scripsit,
1556 655 1593 684 ut
1609 663 1671 684 uno
1696 653 1745 686 die
1759 654 1921 686 universos
1946 654 2029 694 apud
2051 663 2084 686 se
2108 657 2265 687 Romanos

1230 717 1420 748 occiderent.
1438 719 1475 748 lit
1489 717 1645 757 pleraeque
1658 717 1743 748 dicto
1756 719 1824 756 ejus
1836 718 1998 749 audientes
2012 718 2130 750 caedem
2143 720 2263 750 tantam

1231 780 1407 819 patrarunt,
1419 780 1455 810 ut
1468 787 1531 809 uno
1543 778 1717 818 eodemque
1730 778 1780 810 die
1790 780 1949 819 octoginta
1961 780 2056 811 millia
2070 781 2173 820 gladio
2187 789 2265 811 mor-

1232 843 1294 873 tem
1311 842 1508 880 oppeterent.

1272 903 1399 934 XXXlI.
1416 902 1475 933 Ubi
1492 910 1566 932 vero
1580 901 1702 933 Eretria
1716 903 1748 933 et
1763 901 1889 934 Chalcis
1901 902 2044 943 adeoque
2060 904 2128 934 tota
2145 903 2266 935 Euboea

1233 975 1271 1005 ad
1287 973 1498 1006 Mithridatem
1515 982 1582 1005 sese
1601 973 1812 1014 applicarant,
1832 974 1966 1014 aliaeque
1980 975 2020 1006 ad
2037 983 2111 1006 eum
2124 976 2268 1008 civitates

1232 1046 1458 1084 transiverant,
1471 1045 1562 1076 victis
1575 1045 1670 1076 etiam
1684 1045 1932 1077 Lacedaemoniis
1942 1070 1949 1084 ,
1965 1046 2082 1085 Syllam
2097 1055 2168 1077 cum
2181 1047 2268 1086 justo

1234 1119 1355 1157 agmine
1372 1118 1504 1150 Romani
1524 1118 1675 1149 emittunt
1694 1131 1700 1149 ι
1720 1118 1810 1157 cujus
1832 1118 1971 1149 adventu
1994 1120 2136 1151 civitates
2153 1119 2268 1159 partim

1234 1191 1344 1229 sponte
1360 1189 1551 1220 deditionem
1572 1189 1710 1229 faciunt,
1727 1190 1840 1229 partim
1858 1190 1889 1220 vi
1911 1190 1941 1220 in
1955 1191 2140 1230 potestatem
2163 1191 2190 1223 ei
2210 1200 2266 1223 ve-

1235 1263 1335 1293 niunt.
1350 1264 1415 1294 Nec
1428 1263 1557 1302 exiguas
1567 1261 1768 1293 Ponticorum
1782 1262 1887 1301 copias
1902 1261 2004 1293 fundit
2017 1264 2048 1293 et
2062 1263 2158 1302 sugat.
2175 1263 2267 1295 Athe-

1236 1343 1292 1365 nas
1307 1333 1400 1365 etiam
1418 1334 1501 1373 cepit
1519 1343 1526 1363 :
1551 1334 1582 1365 et
1597 1333 1663 1364 solo
1680 1333 1756 1364 urbs
1776 1335 1902 1373 aequata
1917 1335 2018 1373 esset,
2037 1334 2095 1365 nisi
2117 1335 2205 1366 ocius
2217 1344 2268 1367 se-

1237 1409 1329 1439 natus
1339 1410 1498 1439 Romanus
1508 1408 1601 1447 syllae
1612 1408 1805 1447 propositum
1814 1407 1998 1446 infregisset.
2008 1408 2050 1446 (2)
2064 1409 2136 1439 Post
2144 1408 2270 1439 crebros

1238 1483 1344 1513 autem
1366 1482 1552 1520 conflictus,
1581 1482 1612 1512 in
1631 1481 1745 1521 quibus
1760 1481 1975 1521 praevalebant
2005 1481 2144 1520 Pontici,
2168 1490 2269 1522 quum

1238 1558 1397 1597 feliciJam
1423 1566 1570 1589 successu
1596 1566 1645 1588 res
1667 1558 1952 1596 commutarentur,
1980 1557 2138 1588 alimoniae
2166 1557 2270 1597 inopia

1240 1629 1332 1668 regiis
1344 1629 1506 1668 incubuit,
1534 1629 1619 1669 quod
1642 1628 1770 1668 prodige
1786 1629 1872 1660 victu
1895 1628 2099 1660 abuterentur
2115 1630 2146 1660 et
2159 1629 2270 1669 acqui-

1237 1700 1297 1731 sita
1310 1702 1394 1732 recte
1413 1701 1592 1740 dispensare
1610 1700 1776 1732 nescirent.
1796 1701 1836 1731 Et
1856 1700 1886 1731 in
1905 1702 2081 1732 extremam
2097 1701 2270 1733 deventum

1237 1772 1318 1802 esset
1337 1771 1548 1802 calamitatem
1560 1794 1568 1807 ‚
1583 1770 1641 1801 nisi
1654 1770 1778 1802 Taxiles
1790 1795 1798 1809 ‚
1814 1772 1905 1810 capta
1922 1771 2116 1811 Amphipoli,
2136 1772 2272 1813 ideoque

1238 1839 1422 1871 Macedonia
1435 1839 1474 1870 ad
1488 1839 1590 1878 ipsum
1604 1838 1767 1870 deficiente
1781 1862 1789 1877 ‚
1803 1839 1921 1878 largam
1936 1839 2126 1871 cibariorum
2142 1841 2273 1874 faculta-

1238 1912 1302 1941 tem
1317 1909 1391 1941 inde
1406 1909 1682 1940 subministrasset.
1708 1908 1752 1947 (3)
1770 1909 1827 1940 Hic
1846 1909 1877 1940 et
1893 1910 2083 1950 Archelaus,
2100 1910 2272 1942 commistis

1241 1978 1418 2018 agminibus
1427 2001 1435 2016 ‚
1448 1978 1518 2018 plus
1530 1986 1626 2021 quam
1641 1977 1805 2016 sexaginta
1818 1977 1916 2008 millia
1929 1977 2094 2009 hominum
2105 1978 2164 2009 sub
2179 1979 2272 2019 signis

1240 2049 1414 2088 ducebant,
1432 2050 1463 2080 et
1477 2048 1638 2079 occursuri
1658 2047 1751 2087 Syllae
1767 2047 1798 2078 in
1815 2047 1952 2078 Phocide
1974 2047 2131 2079 habebant
2145 2049 2270 2080 stativa.

1241 2120 1296 2150 ltlle
1315 2127 1389 2150 vero
1403 2120 1436 2150 L.
1460 2117 1626 2149 Hortensio
1642 2116 1810 2156 adsumpto
1822 2141 1830 2154 ‚
1848 2117 1902 2156 qui
1915 2117 2016 2148 sexies
2031 2117 2116 2149 mille
2131 2127 2171 2149 ex
2186 2119 2273 2149 ltalia

1241 2189 1434 2226 adduxerat,
1452 2188 1526 2219 satis
1537 2187 1665 2225 longum
1680 2187 1712 2217 in
1733 2186 1837 2218 medio
1850 2186 2050 2218 intervallum
2072 2187 2251 2228 relinquens
2263 2213 2272 2227 ,

1241 2260 1343 2289 castra
1361 2258 1458 2297 ponit.
1477 2255 1621 2287 Archelai
1638 2256 1744 2286 autem
1764 2255 1919 2286 militibus
1935 2256 2141 2296 incomposite
2154 2256 2193 2288 ad
2207 2257 2272 2288 sru-

1242 2327 1448 2360 mentandum
1469 2326 1627 2357 conversis
1649 2326 1819 2366 improviso
1832 2326 1962 2357 adortus
1981 2328 2102 2366 eastra,
2117 2329 2274 2368 quotquot

1243 2399 1355 2429 robore
1373 2398 1525 2437 pollentes
1541 2396 1625 2435 cepit
1643 2395 1726 2435 Sylla
1738 2416 1748 2429 ,
1768 2395 1874 2426 statim
1892 2395 2006 2426 occidit
2030 2405 2038 2426 ε
2054 2404 2073 2426 a
2088 2396 2203 2436 quibus
2219 2405 2274 2428 au-

1242 2469 1306 2499 tem
1331 2466 1437 2497 nullus
1460 2464 1626 2496 invadendi
1652 2465 1756 2495 uictus
1781 2464 1868 2502 erat,
1892 2463 1949 2494 hos
1968 2463 2037 2494 loco
2061 2464 2274 2496 circumdatos

1243 2536 1330 2575 ignes
1343 2532 1629 2571 accendereJubet‚
1646 2533 1681 2562 ut
1699 2540 1716 2562 a
1742 2531 1942 2571 pabulatione
1966 2533 2158 2563 revertentes
2176 2541 2273 2572 oppe-

1244 2606 1376 2642 riantur,
1407 2603 1494 2634 nulla
1519 2601 1640 2633 adversi
1667 2609 1757 2631 casus
1781 2600 1956 2640 suspicione
1978 2601 2122 2640 praebita.
2148 2603 2217 2633 Hoc
2239 2604 2274 2633 ut

1244 2670 1411 2710 prudenter
1432 2669 1471 2700 ab
1498 2669 1684 2708 imperatore
1703 2668 1864 2708 provisum
1888 2670 1974 2707 erat,
1996 2669 2126 2700 feliciter
2141 2670 2239 2701 exivit
2263 2679 2271 2700 ε

1245 2739 1470 2777 magnificaque
1484 2737 1615 2768 victoria
1629 2736 1796 2776 potiuntur
1815 2737 1945 2776 Syllani.

1285 2809 1426 2838 XXXlll.
1452 2806 1547 2837 Chios
1564 2807 1641 2836 tunc
1658 2806 1803 2836 incusans
1816 2805 2030 2844 Mithridates,
2045 2805 2128 2845 quod
2144 2805 2274 2837 Rhodiis

1243 2866 1358 2896 auxilia
1377 2865 1552 2902 misissent,
1567 2864 1691 2903 Dorylai
1707 2872 1800 2903 opera
1817 2864 1979 2902 impugnat
1995 2875 2002 2894 :
2017 2863 2072 2902 qui
2084 2864 2184 2895 multo
2200 2864 2274 2895 licet

1212 2959 1215 2962 ¹
1245 2924 1351 2955 labore
1367 2924 1398 2954 et
1423 2923 1535 2953 urbem
1552 2922 1651 2962 cepit,
1678 2923 1709 2952 et
1731 2930 1821 2961 agros
1835 2921 1970 2952 Ponticis
1986 2920 2110 2960 divisit,
2135 2922 2167 2952 et
2190 2921 2274 2953 cives

158 3043 182 3072 εἰ
194 3042 290 3081 md«
307 3045 366 3073 Aut
383 3043 497 3074 excidit
509 3044 624 3083 aliquid
637 3068 644 3081 ,
662 3047 715 3075 aut
728 3046 889 3084 legendum
905 3047 934 3077 ἐν
951 3049 975 3087 ᾧ
992 3049 1052 3086 (sc.
1067 3049 1192 3088 πολέμῳ
1206 3050 1227 3087 ).
1245 3062 1259 3075 υ
1277 3049 1395 3079 Orelli.
1409 3048 1491 3079 Nihil
1504 3047 1807 3085 movendum;cs.ei
1823 3047 1874 3077 καὶ
1888 3055 1956 3085 cap.
1972 3050 2022 3084 35,
2039 3050 2066 3077 3.
2078 3045 2272 3085 -μυριάδας

158 3088 259 3127 ὀκτὼ]
275 3101 288 3114 «
309 3091 473 3120 interserta
487 3092 560 3120 sunt
578 3095 719 3129 150,000,
734 3094 861 3123 auctore
875 3094 1041 3125 Plutarcho
1056 3094 1085 3124 in
1097 3096 1218 3133 Syllae,
1232 3098 1280 3126 48.
1297 3097 1378 3125 Cum
1391 3096 1498 3125 nostro
1513 3095 1586 3125 tacit
1597 3093 1741 3125 Valerius
1752 3094 1834 3124 Max.
1848 3094 1903 3130 lX,
1918 3096 1934 3122 2
1945 3115 1954 3130 ,
1970 3095 1998 3122 3.
2015 3092 2063 3122 Cf.
2076 3091 2269 3122 Freinshem,

159 3134 198 3164 ad
215 3135 294 3164 Flor.
312 3137 352 3165 ΙΙΙ
367 3159 375 3173 ,
398 3141 414 3166 5
428 3137 459 3166 et
476 3136 609 3166 Reimar.
628 3138 666 3167 ad
689 3139 778 3168 Dion.
812 3142 895 3170 Cass.
914 3142 992 3170 tom.
1011 3145 1045 3178 1,
1064 3150 1092 3180 p.
1114 3145 1161 3172 46.
1183 3155 1195 3168 υ
1219 3142 1335 3172 Orelli.

201 3183 330 3213 xxxii.
359 3187 382 3212 1.
409 3184 432 3212 εἰ
448 3184 488 3221 μὴ
502 3185 520 3218 ἡ
537 3183 703 3221 σύγκλητος
717 3196 747 3214 κ.
764 3195 791 3214 ι.
807 3185 855 3224 λ.]
873 3188 915 3216 De
933 3187 979 3217 bis
997 3188 1070 3217 nihil
1088 3197 1136 3226 ap.
1164 3188 1321 3219 l‘lutareh.
1337 3189 1366 3218 in
1383 3188 1484 3226 Sylla,
1502 3188 1533 3217 et.
1547 3189 1679 3217 l‘ausan.
1700 3188 1729 3224 l,
1758 3189 1813 3223 20,
1834 3192 1937 3223 neque
1953 3192 2002 3223 ap.
2025 3183 2212 3223 Appianum.
2234 3200 2272 3206 --

161 3231 189 3257 2.
223 3228 388 3268 κτηθέντα]
413 3229 463 3259 alii
494 3229 546 3259 lib.
565 3231 734 3260 κτισθέντα.
761 3248 799 3252 —-
825 3234 854 3261 3.
884 3234 1113 3273 στρατεύματα]
1141 3238 1183 3271 Α,
1200 3233 1373 3273 στράτευμα
1398 3232 1481 3272 vulg.
1497 3252 1536 3258 -—
1557 3232 1688 3263 Λούκιον
1705 3229 1898 3272 Ὁρτήνσιον]
1917 3238 1997 3260 corr.
2020 3229 2179 3269 Scaliger„
2202 3228 2272 3260 libri

161 3273 330 3304 λουκίνσιον
344 3274 490 3314 ὀρτίνσιον
507 3276 552 3306 vel
570 3276 722 3306 λουῧίσιον
739 3277 880 3316 ὁρτίσιον.
898 3298 935 3303 -
952 3280 1104 3319 χιλιάδας]
1125 3283 1159 3311 Α.
1175 3304 1183 3318 ,
1207 3279 1350 3319 μυριάδας
1368 3279 1449 3318 vulg.

202 3320 346 3351 xxxul.
370 3324 396 3351 1.
418 3320 527 3360 Χίους]
544 3322 585 3352 ct.
603 3321 734 3361 Appian.
757 3323 776 3352 l.
795 3322 814 3353 Ι.
835 3332 864 3354 c,
882 3326 918 3354 >¹15
941 3334 1008 3363 sqq.

2330 403 2333 417 t

2328 437 2332 452 l
