2338 3765
141 176 214 208 348

240 336 411 386 ΠΕΡΙ
446 335 602 403 ,ΤΟΥ
650 335 842 386 ΙΔΙΟΥ
887 337 1068 387 ΒΙΟΥ.

253 482 371 519 ΠΕΡΙ
399 482 498 519 ΤΗΣ
529 482 732 519 ἘΑΥΤΟΥ
763 482 962 519 ΑΓΩΙῊΣ
995 482 1052 533 (Ἴ.

636 599 668 621 1.

190 677 319 713 Suidas
340 690 376 715 v.
399 675 696 727 Ἀντίπατρος
719 691 726 712 :
750 676 968 727 Ἀντίπατρος
997 670 1038 722 ἦν
1061 677 1169 714 Νικο-

133 734 218 770 λάου
249 737 306 770 τοῦ
333 737 568 782 Δαμασκηνοῦ
589 734 704 785 πατὴρ
734 738 792 771 τοῦ
813 738 1001 785 ἱστορικοῦ,
1023 733 1056 775 ὃς
1088 733 1168 783 ἔσχε

135 790 368 843 Στρατονίκην
388 794 555 841 γυναῖκα,
578 791 638 837 τὴν
660 791 794 843 μητέρα
815 792 1010 837 Νικολάου,
1035 790 1066 828 οἳ
1089 791 1167 826 δια-

135 852 250 901 φανεῒς
280 843 369 895 ἦσαν
400 851 434 886 ἐν
463 852 645 900 Δαμασκῷ
665 850 755 886 κατά
782 865 819 887 τε
853 848 1074 899 σωφροσύνην
1109 846 1168 883 καὶ

135 907 243 952 ἄλλην
259 907 506 958 λαμπρότητα·
525 907 662 958 πλούτῳ
679 923 715 945 τε
731 907 797 957 γὰρ
809 909 926 957 πολλῷ
939 905 1166 957 διαφέροντες,

132 965 258 1011 ἥκιστα
277 965 329 1002 ἐπ’
345 968 438 1018 αὐτῷ
458 965 728 1015 ἐμεγαλύνοντο,
751 965 899 1008 εὐδοξίας
918 980 953 1001 τε
974 965 1010 1001 οὐ
1027 963 1070 1000 τὰ
1093 963 1167 999 δεύ-

134 1039 215 1074 τερα
242 1023 440 1076 φερόμενοι,
469 1023 580 1075 βραχὺ
610 1028 709 1062 τοῦτο
742 1023 943 1072 ἐλογίζοντο.
978 1021 1021 1060 ‘O
1053 1021 1087 1058 δὲ
1125 1019 1164 1066 δὴ

136 1080 356 1132 Ἀντίπατρος
382 1082 440 1119 καὶ
464 1082 565 1131 λόγου
585 1082 751 1130 δεινότητι
770 1082 930 1132 προῦχων
952 1079 1082 1131 ἔὸλαψε
1105 1076 1166 1128 μὲν

134 1140 357 1186 οὖδοντινοῧν,
377 1139 488 1187 ὤνησε
505 1140 539 1177 δὲ
557 1140 662 1191 μυρία
674 1138 793 1191 τούτῳ,
808 1141 846 1176 οὐ
862 1139 899 1175 τὸ
913 1137 1024 1176 κοινὸν
1039 1139 1079 1187 (1)
1098 1137 1166 1186 μό-

134 1213 202 1244 νον,
229 1198 318 1235 ἀλλὰ
348 1198 407 1235 καὶ
430 1202 497 1236 τῶν
525 1200 638 1235 ἀστῶν
664 1197 827 1248 συχνούς·
853 1195 1070 1242 δικαιοσύνην
1099 1194 1165 1246 γὰρ

134 1257 262 1302 ἀσκῶν,
293 1255 388 1308 εἴπερ
409 1272 457 1299 τις
486 1257 613 1307 ἕτερος,
641 1257 787 1292 πλεῖστα
818 1255 878 1303 μὲν
900 1254 1043 1303 διῄτησε
1071 1253 1164 1298 νείκη

132 1314 201 1356 τοῖς
223 1314 379 1357 πολίταις
408 1314 491 1365 πρὸς
519 1314 707 1361 ἀλλήλους,
736 1315 881 1350 πλεῖστα
900 1313 934 1350 δὲ
954 1316 996 1364 τῇ
1026 1312 1165 1363 πατρίδι

133 1371 217 1423 πρὸς
229 1371 306 1414 τοὺς
323 1374 355 1409 ἐν
372 1372 488 1423 κύκλῳ
509 1371 687 1418 δυνάστας,
710 1374 767 1409 καὶ
783 1374 925 1420 ἐτιμᾶτο
943 1371 1007 1408 ὑπὸ
1026 1371 1164 1407 πάντων

137 1428 192 1465 διὰ
216 1433 334 1467 τοῦτο·
363 1430 527 1472 πλείστας
548 1430 582 1467 δὲ
603 1429 785 1476 ἐπιστεύθη
806 1429 991 1480 upa-Cetae
1011 1429 1068 1466 καὶ
1095 1431 1164 1465 ἐπι-

133 1486 274 1537 τροπὰς,
293 1488 401 1538 ἀρχάς
415 1503 450 1525 τε
469 1488 581 1531 πάσας
593 1487 742 1533 διεξῆλθε
756 1487 816 1530 τὰς
833 1487 1033 1539 ἐγχωρίους·
1053 1488 1165 1524 τελευ-

133 1547 201 1582 τῶν
219 1545 253 1582 δὲ
271 1545 327 1582 τὸν
352 1546 422 1596 βίον
444 1547 505 1583 οὐκ
528 1546 618 1583 ἔστιν
639 1545 658 1582 ὅ
672 1562 704 1583 τι
733 1546 772 1596 (2)
803 1545 976 1596 ἐπέσκηψε
1002 1545 1165 1595 Νικολάῳ

133 1604 183 1654 τῷ
212 1604 277 1640 υἱεῖ
305 1604 363 1641 καὶ
391 1604 599 1655 Πτολεμαίῳ
618 1605 657 1653 (3)
679 1605 727 1655 τῷ
753 1604 871 1640 τούτου
895 1604 1052 1654 ἀδελφῷ,
1075 1602 1095 1647 ἢ
1117 1604 1166 1654 τῷ

135 1659 192 1696 Διὶ
228 1661 463 1711 θυμιατήριον,
496 1660 578 1712 ὅπερ
609 1661 693 1712 ἔφθη
725 1660 823 1703 αὐτὸς
859 1660 1166 1711 προϋπεσχημένος

936 171 1145 210 NlCOLAl
1178 174 1464 213 DAMASCENI

1497 339 1587 392 DE
1628 339 1799 394 VITA
1840 340 1994 398 SUA.

1524 494 1573 520 DE
1601 494 1859 520 EDUCA'I'IONE
1887 496 1971 521 sUA.

1732 601 1762 631 1.

1271 687 1444 726 Antipater,
1461 687 1579 718 Nicolai
1593 688 1774 718 Damasceni
1794 688 1931 719 historici
1946 691 2046 729 pater,
2063 699 2194 722 uxorem
2209 692 2261 723 ha—

1230 755 1299 786 buit
1317 755 1530 795 Stratonicen,
1545 756 1664 787 Nicolai
1681 758 1814 787 matrem
1837 770 1843 788 :
1861 758 1916 796 qui
1938 759 2005 788 tum
2023 759 2063 790 ob
2078 760 2264 793 modestiam

1229 824 1297 853 tum
1330 824 1457 861 propter
1482 821 1543 852 alia
1574 822 1813 852 honestamenta
1841 824 1983 854 Damasci
2016 824 2093 855 clari
2116 826 2262 865 suerunt3

1228 898 1302 920 nam
1317 898 1417 929 quum
1434 889 1554 928 magnis
1569 888 1743 920 eminerent
1758 889 1895 928 divitiis,
1910 890 2040 922 minime
2062 891 2132 922 ideo
2148 893 2262 925 essere-

1228 953 1361 991 bantur3
1383 961 1548 992 quumque
1570 952 1713 983 claritate
1736 952 1816 983 nulli
1837 953 1967 984 secundi
1986 955 2106 993 essent,
2127 956 2213 995 parvi
2231 957 2263 988 id

1229 1017 1393 1048 faciebant.
1413 1018 1510 1047 Porro
1525 1017 1688 1056 Antipater
1705 1016 1817 1055 insigni
1830 1017 1925 1048 etiam
1939 1017 2063 1049 dicendi
2078 1019 2108 1050 vi
2122 1020 2262 1059 pollens,

1227 1081 1350 1111 tantum
1364 1079 1464 1111 abfuit
1479 1081 1514 1110 ut
1524 1088 1560 1111 ea
1573 1079 1703 1111 laederet
1719 1079 1899 1119 quempiam
1910 1105 1918 1119 ,
1933 1081 1969 1111 ut
1981 1089 2044 1112 non
2061 1090 2264 1114 communem

1227 1144 1329 1175 solum
1342 1142 1570 1182 rempublicam
1582 1142 1636 1174 sed
1651 1143 1845 1182 singulorum
1860 1144 1954 1174 etiam
1965 1144 2082 1176 civium
2094 1147 2263 1186 quamplu-

1227 1208 1322 1238 rimos
1332 1206 1507 1246 adjuvaret.
1523 1207 1644 1238 Etenim
1656 1216 1755 1247 quum
1765 1208 1920 1247 justitiam
1932 1209 2080 1240 coleretsi
2092 1210 2162 1249 quis
2171 1210 2262 1250 alius,

1227 1273 1311 1304 cives
1326 1271 1474 1312 privatim
1490 1272 1569 1302 inter
1589 1280 1621 1302 se
1635 1271 1821 1303 dissidentes
1835 1272 2013 1304 conciliavit
2032 1274 2218 1313 saepissime,
2233 1276 2265 1306 et

1226 1336 1336 1376 patriae
1350 1345 1424 1367 cum
1438 1335 1579 1367 finitimis
1595 1336 1710 1375 regulis
1725 1337 1956 1367 controversias
1972 1339 2150 1377 composuit
2163 1338 2264 1377 pluri·

1227 1409 1312 1440 mas3
1327 1408 1422 1439 quam
1436 1399 1477 1430 ob
1487 1408 1616 1430 causam
1630 1399 1670 1430 ah
1683 1399 1831 1431 omnibus
1846 1400 2071 1432 honorabatur.
2088 1402 2265 1432 permultas

1226 1464 1308 1495 idem
1332 1464 1403 1495 fidei
1423 1464 1519 1504 ipsius
1542 1464 1724 1495 commissas
1742 1463 1912 1502 legationes
1928 1465 1959 1495 et
1974 1464 2152 1496 curationes
2167 1465 2262 1504 obiit,

1223 1527 1320 1565 atquc
1334 1525 1568 1565 magistratibus
1579 1526 1687 1565 patriae
1699 1527 1883 1565 perfunctus
1893 1528 1939 1558 est
1949 1527 2107 1559 omnibus.
2123 1527 2263 1563 Tandem

1225 1591 1398 1621 moriturus
1411 1590 1539 1621 Nicolao
1555 1590 1616 1620 filio
1630 1590 1760 1630 ejusque
1783 1591 1871 1621 fratri
1895 1592 2066 1622 Ptolemaeo
2080 1592 2156 1622 nihil
2175 1592 2261 1623 aliud

1226 1654 1406 1692 mandavit,
1423 1662 1520 1693 qnam
1537 1655 1572 1684 ut
1585 1653 1783 1684 thuribulum
1796 1677 1804 1691 ,
1818 1654 1901 1693 qnod
1927 1654 1998 1685 Jovi
2014 1656 2087 1685 ante
2113 1657 2261 1692 voverat,

130 1719 179 1769 τῷ
219 1720 302 1770 θεῷ,
335 1718 594 1755 κατασκευάσαι
627 1717 764 1755 ἐπειδὰν
799 1718 1005 1767 τελευτήσῃ,
1041 1718 1165 1763 δηλῶν,
1228 1730 1261 1752 se
1275 1721 1423 1753 defuncto
1443 1720 1555 1751 confici
1571 1721 1719 1751 curarent
1742 1732 1749 1750 :
1775 1720 1971 1759 significans,
1990 1723 2086 1760 puto,
2111 1722 2262 1761 pietatem

171 1828 212 1866 (*)
225 1830 270 1859 De
287 1828 380 1859 titulo
399 1829 470 1868 Περὶ
485 1831 539 1859 τοῦ
552 1827 630 1858 ἰδίου
647 1828 714 1867 βίου
733 1829 799 1857 κτλ.
816 1827 859 1857 ita
876 1829 1032 1858 VALesms
1049 1835 1079 1866 p.
1099 1829 1159 1856 414
1178 1839 1184 1856 :
1208 1838 1222 1852 «
1237 1828 1327 1856 Hunc
1342 1826 1471 1856 titulum
1488 1834 1561 1855 cum
1578 1825 1680 1856 tribus
1693 1825 1802 1864 primis
1815 1825 1970 1865 capitibus
1983 1826 2137 1857 exsuidm
2148 1827 2262 1858 Lexico

128 1874 185 1912 (v.
201 1874 390 1914 Ἀντίπατρος
405 1877 435 1905 et
449 1874 600 1909 Νικόλαος
614 1876 623 1911 )
639 1874 800 1913 supplevi,
819 1883 917 1912 :pium
935 1874 965 1904 in
980 1876 1087 1904 nostro
1103 1868 1210 1903 codice
1228 1873 1351 1912 aliquot
1365 1872 1485 1912 paginae
1502 1871 1657 1902 deessent.
1673 1874 1717 1902 Ac
1729 1872 1860 1902 titulum
1877 1872 2007 1911 quidem
2025 1873 2145 1912 ipsum,
2163 1883 2259 1912 quem

129 1922 277 1960 apposui,
298 1922 350 1951 hic
372 1922 490 1960 optime
511 1921 680 1951 convenire
692 1945 700 1959 ,
717 1929 755 1951 ex
780 1921 937 1959 reliquiis,
955 1929 1028 1959 ‹111ae
1054 1921 1084 1950 in
1102 1922 1161 1950 Ms.
1180 1921 1287 1950 nostro
1310 1918 1421 1949 saltem
1436 1920 1630 1949 conservatae
1644 1919 1735 1956 sunt,
1753 1918 1829 1949 satis
1846 1921 1985 1958 apparet.
2005 1918 2139 1950 Videtur
2152 1921 2259 1951 autem

129 1967 277 1999 Nicotaus
288 1967 370 1998 hunc
385 1971 429 1999 De
445 1968 507 1998 vita
530 1976 586 1998 sua
603 1967 719 1997 librum
735 1967 879 1998 Historiis
892 1967 955 1997 suis
967 1967 1137 2006 praefixisse
1152 1966 1298 2005 exemplo
1314 1964 1450 1995 Hecataei
1465 1966 1561 2004 atque
1578 1964 1725 2009 Herodoti
1740 1973 1777 1995 ac
1791 1964 1983 2004 Thucydidis
1994 1989 2002 2003 ,
2018 1965 2073 2004 qui
2087 1965 2126 1996 de
2140 1973 2173 1996 se
2186 1966 2261 2005 ipsis

129 2014 219 2044 initio
241 2016 343 2053 operis
356 2022 552 2053 quamquam
566 2013 655 2051 longe
679 2013 804 2043 brevius
817 2015 912 2051 atque
935 2013 1106 2043 modestius
1120 2012 1241 2051 praefati
1256 2016 1345 2048 sunt,
1360 2019 1498 2050 quorum
1512 2011 1693 2050 exemplum
1717 2011 1810 2041 ceteri
1828 2012 1892 2042 sere
1906 2011 2006 2042 Graeci
2029 2007 2166 2042 historia!
2188 2013 2262 2043 scri-

129 2062 234 2099 ptores
247 2061 344 2090 secuti
362 2062 447 2091 sunt.
462 2062 610 2090 Ceterum
625 2059 692 2089 haec
709 2060 881 2098 fragmenta
895 2060 952 2090 tria
966 2060 1061 2099 ipsius
1076 2058 1195 2090 Nicolai
1209 2067 1274 2088 esse
1284 2082 1292 2096 ‚
1307 2057 1428 2097 phrasis
1441 2057 1507 2096 ipsa
1522 2057 1596 2088 satis
1610 2065 1664 2096 per
1677 2066 1710 2087 se
1723 2057 1852 2087 indicat.
1870 2071 1884 2084 υ
1902 2075 1942 2080 -
1957 2059 2076 2088 Contra
2090 2067 2239 2090 onELLms
2252 2069 2259 2089 t

130 2119 144 2132 «
165 2107 318 2146 liquidem
339 2107 426 2137 nullo
444 2106 538 2136 modo
561 2106 637 2136 mihi
656 2115 782 2145 possum
801 2106 1009 2145 persuadere,
1029 2107 1112 2136 hanc
1137 2106 1182 2135 Dc
1199 2104 1264 2134 vita
1279 2112 1335 2134 sua
1354 2103 1651 2134 commentationem
1664 2126 1672 2140 ,
1696 2105 1731 2134 ut
1748 2112 1806 2134 nos
1825 2104 1912 2134 illam
1936 2104 2107 2141 habemus,
2127 2105 2167 2135 ab
2194 2105 2261 2144 ipso

129 2162 195 2184 esso
214 2153 342 2184 Nicolao
358 2154 542 2192 profectam.
561 2154 687 2183 Etenim
704 2155 821 2192 quotus
834 2153 967 2192 quisque
985 2153 1033 2183 vel
1053 2151 1325 2190 arrogantissimus
1339 2150 1433 2180 homo
1446 2158 1483 2180 ac
1503 2149 1791 2188 impudentissimus
1807 2150 1936 2180 laudum
1953 2159 2082 2181 suarum
2100 2159 2203 2190 praeco
2218 2152 2261 2182 ita

128 2199 167 2229 de
183 2208 215 2229 se
231 2199 315 2238 loqui
334 2199 441 2230 suisset
454 2208 587 2229 ausurus
598 2224 606 2237 ,
621 2201 656 2229 ut
679 2199 729 2229 hic
748 2199 917 2230 Nicolaus'?
935 2200 1038 2230 Credo
1052 2199 1155 2238 potius
1179 2197 1490 2237 amicum-quendam
1512 2197 1560 2228 vel
1575 2196 1764 2236 discipulum
1781 2197 1899 2228 Nicolai
1919 2198 2025 2228 Vitam
2042 2197 2123 2228 hanc
2141 2207 2159 2228 e
2175 2207 2261 2229 com-

130 2246 290 2276 mentariis
302 2269 310 2284 ‚
325 2255 406 2285 quos
417 2246 482 2285 ipse
500 2247 602 2277 forsan
621 2246 767 2277 Nicotaus
779 2245 817 2276 de
834 2247 897 2276 vita
914 2255 971 2277 sua
983 2246 1130 2284 reliquit,
1145 2245 1380 2276 concinnavisse
1393 2267 1401 2281 ‚
1422 2243 1546 2274 insertis
1562 2243 1762 2282 amplissimis
1775 2244 1915 2282 magistri
1930 2243 2086 2274 laudibus.
2105 2257 2118 2270 υ
2140 2244 2260 2275 Orellio

128 2292 297 2322 assentitur
311 2295 453 2332 Corayus
471 2302 499 2332 p.
515 2297 574 2324 362
592 2306 598 2324 2
615 2295 731 2336 Κοικῶς
743 2293 894 2323 ὑπέλαὸεν
908 2295 924 2323 ὁ
938 2296 1058 2332 πρῶτος
1073 2293 1178 2326 ἐκδοὺς
1192 2293 1286 2322 αὑτοῦ
1300 2290 1456 2321 Νικολάου
1473 2290 1548 2320 εἶναι
1565 2289 1629 2327 (sc.
1642 2291 1792 2329 excerpta
1806 2291 1913 2320 nostra
1927 2292 1972 2321 De
1986 2290 2051 2320 vita
2067 2290 2124 2328 N.)
2136 2314 2145 2328 ‚
2160 2291 2260 2331 τούτῳ

132 2339 217 2377 μόνῳ
231 2339 423 2378 χρησάμενος
439 2340 595 2380 τεκμηρίῳ
609 2342 653 2378 τῷ
670 2340 729 2369 ὑπὸ
746 2342 800 2369 τοῦ
818 2340 929 2370 Σουίδα
944 2340 1094 2379 λεχθέντι,
1113 2339 1158 2369 ὅτι
1173 2337 1324 2372 Νικόλαος
1339 2337 1452 2376 ἔγραψε
1466 2337 1517 2366 καὶ
1536 2337 1602 2375 περὶ
1617 2339 1670 2366 τοῦ
1684 2336 1763 2367 ἰδίου
1779 2337 1847 2376 βίου
1861 2338 1913 2367 καί
1927 2340 1980 2373 τῆς
1995 2338 2105 2368 ἑαυτοῦ
2122 2338 2258 2376 ἀγωγῆς.

131 2385 222 2419 Εἰκὸς
237 2386 295 2424 γὰρ
311 2386 362 2415 τὸν
380 2385 433 2424 μὲν
450 2386 510 2415 ὑπὸ
530 2385 684 2416 Νικολάου
704 2387 855 2424 γραφέντα
873 2385 938 2424 βίον
958 2388 1069 2416 ἑαυτοῦ
1080 2409 1087 2423 ,
1106 2385 1215 2424 χρόνον
1231 2383 1444 2423 παρανάλωμα
1457 2384 1631 2421 γεγονέναι,
1648 2383 1727 2412 καθὰ
1743 2384 1795 2413 καὶ
1809 2383 1848 2413 τὰ
1864 2384 1992 2413 πλεῖστα
2005 2387 2065 2413 τῶν
2083 2385 2237 2415 Νικολάου
2248 2396 2255 2402 ·

127 2430 166 2460 τὰ
179 2430 210 2460 δὲ
223 2431 289 2469 περὶ
306 2430 398 2460 αὐτοῦ
415 2431 463 2460 ἐπὶ
478 2434 532 2460 τοῦ
545 2431 692 2470 παρόντος
706 2431 866 2470 σωζόμενα
882 2435 978 2461 ταῦτα
991 2455 999 2469 ,
1017 2431 1094 2469 ᾗπερ
1109 2431 1202 2470 ὀρθῶς
1216 2429 1433 2468 ἐσημειώσατο
1449 2429 1465 2458 ὁ
1482 2429 1540 2468 πρὸ
1556 2430 1643 2467 ἡμῶν
1661 2429 1785 2465 ἐκδότης
1801 2430 1811 2467 (
1825 2429 1980 2468 Orellius)
1993 2453 2001 2467 ‚
2019 2434 2080 2460 τῶν
2104 2431 2260 2462 Νικολάου

128 2476 221 2515 φίλων
235 2477 252 2512 ἢ
268 2477 409 2514 μαθητῶν
422 2487 478 2506 τιν’.
493 2480 714 2516 συγγραφῆναι.
732 2479 769 2506 At
786 2485 839 2515 per
852 2486 885 2507 se
898 2485 1009 2515 parum
1028 2476 1188 2515 probabile
1201 2477 1246 2505 est
1262 2475 1360 2512 Vitae,
1373 2483 1467 2513 quam
1486 2474 1551 2513 ipse
1565 2475 1713 2506 Nicolaus
1729 2475 1876 2514 scripsit,
1894 2475 2098 2507 substitutam
2112 2476 2152 2506 ab
2171 2478 2259 2508 licto·

129 2522 221 2560 gai-iis
238 2521 351 2551 nostris
364 2530 430 2551 csse
447 2522 540 2551 aliam
554 2546 562 2559 ,
582 2532 678 2561 quam
696 2523 816 2553 amicus
830 2523 877 2553 vel
893 2523 1066 2562 discipulus
1082 2521 1304 2560 composuerit.
1326 2524 1370 2551 Ac
1385 2521 1514 2551 omnino
1532 2520 1670 2559 pondere
1684 2523 1770 2552 caret
1785 2522 1939 2552 sententia
1952 2531 2025 2561 quae
2043 2522 2135 2553 unice
2149 2523 2260 2553 nititur

132 2568 335 2608 praejudicata
352 2567 390 2598 de
404 2569 544 2600 moribus
559 2569 673 2599 Nicolai
692 2569 857 2607 opinione;
872 2569 962 2608 quasi
979 2570 1021 2602 is,
1038 2577 1132 2608 quem
1149 2567 1281 2598 Herodis
1296 2568 1327 2597 et
1342 2567 1470 2605 Augusti
1484 2567 1681 2597 adulatorem
1694 2568 1786 2598 fuisse
1800 2569 1940 2606 constat,
1956 2568 1996 2599 de
2011 2577 2044 2599 se
2055 2570 2122 2607 ipso
2134 2568 2260 2600 nonnisi

130 2614 271 2645 modeste
289 2614 460 2644 admodum
480 2615 565 2653 loqui
585 2615 739 2645 debuerit.
760 2632 801 2636 —-
817 2617 964 2646 Ceterum
985 2616 1054 2645 lihri
1075 2613 1204 2645 titulum
1225 2613 1407 2644 Suidianum
1420 2637 1427 2651 ,
1447 2615 1519 2653 Περὶ
1537 2617 1590 2650 τῆς
1610 2614 1687 2644 ἰδίου
1703 2615 1770 2654 βίου
1790 2615 1842 2645 καὶ
1859 2618 1911 2651 τῆς
1926 2616 2038 2645 ἑαυτοῦ
2061 2615 2208 2654 ἀγωγῆς,
2228 2615 2259 2645 in

129 2660 259 2691 titulum
273 2660 341 2690 libri
358 2661 532 2697 generalem
544 2685 552 2698 ‚
570 2663 600 2690 et
614 2661 643 2690 in
657 2660 892 2698 inscriptionem
909 2661 1019 2700 primm
1032 2661 1100 2691 libri
1118 2661 1198 2700 parti
1217 2660 1378 2699 praelixam
1396 2659 1609 2690 distinximus.

174 2709 197 2737 Ι.
220 2711 244 2737 t.
266 2707 301 2737 τὸ
323 2706 437 2746 κοινὸν]
459 2710 587 2745 Portus3
614 2711 674 2737 τῶν
692 2710 802 2737 κοινῶν
826 2707 906 2739 libri.
929 2708 1028 2738 Possis
1044 2709 1183 2738 statuere
1202 2707 1321 2741 κοινοὺς
1338 2706 1397 2736 dici
1414 2707 1679 2745 consanguineos,
1699 2706 1753 2737 sed
1769 2708 1830 2738 hoc
1843 2716 1861 2738 a
1881 2707 2005 2747 vulgari
2028 2707 2176 2747 loquendi
2200 2717 2258 2738 usu

130 2753 282 2784 remotius
297 2754 328 2783 et
344 2752 381 2782 ad
399 2762 525 2783 sensum
545 2754 649 2783 minus
663 2755 783 2792 aptum.
798 2771 839 2776 -—
856 2758 884 2784 2.
904 2755 972 2784 οὐκ
992 2755 1097 2784 ἔστιν
1116 2754 1185 2793 ὅτι]
1203 2754 1260 2784 οὐκ
1276 2753 1340 2783 ἔστι
1356 2753 1400 2783 ὅτι
1417 2753 1472 2783 οὐκ
1489 2753 1586 2783 codex
1604 2756 1638 2783 A.
1657 2755 1688 2783 et
1702 2753 1777 2786 edit.
1796 2754 1920 2785 Mediol.
1939 2767 1953 2781 «
1970 2755 2071 2785 Possis
2083 2755 2100 2785 ὅ
2115 2765 2142 2784 τι
2160 2754 2224 2785 οὖν.
2243 2768 2257 2781 »

131 2797 346 2836 Bernhardy.
362 2817 401 2824 -
418 2802 444 2828 3.
462 2800 485 2829 ΙΙ
496 2810 512 2828 τ
524 2798 707 2838 ολεμαίῳ]
732 2799 893 2829 Ptoleuuei
909 2800 1002 2838 hujus
1015 2800 1132 2831 mentio
1151 2800 1183 2830 [it
1197 2798 1280 2838 apud
1294 2799 1467 2838 Josephum
1484 2802 1518 2830 Α.
1535 2801 1564 2830 J.
1582 2801 1682 2838 XVH‚
1698 2803 1729 2836 9,
1747 2802 1763 2830 4
1782 2813 1789 2830 :
1805 2800 1956 2839 Ἔπήγετο
1970 2801 2002 2831 δὲ
2016 2800 2102 2835 οὗτος
2118 2800 2183 2838 (sc.
2199 2804 2260 2832 An-

130 2845 227 2883 tipas,
247 2845 378 2875 Herodis
398 2846 433 2881 12,
451 2847 582 2875 Romam
601 2846 816 2884 proficiscens.
837 2849 874 2876 ut
891 2846 973 2885 apud
998 2848 1153 2877 Caesarem
1167 2846 1206 2877 (le
1223 2854 1316 2883 regno
1335 2845 1542 2877 contenderet
1558 2855 1631 2877 cum
1646 2847 1801 2877 Archelao
1819 2847 1915 2878 fratrc
1931 2847 2064 2885 majori,
2084 2855 2180 2886 quem
2196 2849 2259 2878 He-

133 2891 223 2921 rodes
236 2891 372 2921 moriens
384 2914 392 2928 ,
413 2892 578 2922 imnmtato
596 2893 804 2929 testamento,
825 2893 907 2931 regni
924 2902 1134 2923 successorem
1158 2892 1364 2923 constituerat
1381 2892 1458 2931 )τήν
1471 2903 1503 2923 τε
1521 2894 1636 2932 μητέρα
1659 2894 1710 2923 καὶ
1724 2894 1774 2923 τὸν
1790 2894 1915 2932 ἀδελφὸν
1937 2894 1988 2925 τὸν
2008 2893 2162 2924 Νικολάου
2181 2894 2260 2924 Πτο-

131 2938 268 2976 λεμαῖον,
291 2938 383 2977 φίλων
399 2948 431 2967 τε
447 2939 568 2977 Ἡρώδῃ
584 2939 767 2977 τιμιώτατον
782 2940 981 2978 γεγενημένον
996 2942 1047 2970 καὶ
1063 2941 1147 2979 αὐτῷ
1161 2939 1395 2979 προσκείμενον.
1414 2939 1498 2969 ldenl
1518 2941 1551 2970 Β.
1571 2941 1601 2969 ,1.
1620 2942 1647 2970 ΙΙ
1660 2964 1667 2976 ,
1684 2944 1700 2970 2
1713 2963 1720 2976 ,
1737 2944 1753 2970 3
1772 2952 1778 2970 :
1797 2940 1950 2979 Ἐπήγετο
1967 2941 1999 2970 δὲ
2023 2941 2087 2979 (sc.
2102 2939 2258 2977 Ἀντίπας)

130 2985 185 3021 τὴν
201 2984 314 3024 μητέρα
326 3007 335 3022 ,
357 2986 409 3014 καὶ
422 2986 474 3015 τὸν
498 2985 623 3024 ἀδελφὸν
639 2986 791 3015 Νικολάου
813 2987 1016 3026 Πτολεμαῖον,
1033 2989 1127 3027 ῥοπὴν
1145 2987 1220 3017 εἶναι
1237 2986 1386 3015 δοκοῦντα
1409 2986 1458 3015 διὰ
1475 2986 1529 3022 τήν
1546 2986 1618 3025 παρ’
1632 2987 1754 3026 Ἡρώδῃ
1771 2987 1873 3017 πίστιν
1889 2997 1896 3004 ·
1912 2987 2045 3025 ἐγεγόνει
2065 2987 2123 3025 γὰρ
2140 2986 2177 3022 δὴ
2196 2989 2257 3016 τῶν

132 3031 224 3069 φίλων
239 3031 421 3070 τιμιώτατος
436 3032 552 3071 ἐκείνῳ.
569 3032 687 3062 Contra
704 3032 742 3061 ab
763 3033 903 3063 Archelai
921 3035 1062 3072 partibus
1079 3037 1155 3065 tunc
1177 3032 1280 3069 stetit,
1301 3030 1431 3070 ejusque
1453 3041 1580 3062 causam
1599 3034 1705 3063 nomm
1732 3032 1873 3063 defendit
1897 3032 2055 3064 Nicolaus.
2086 3032 2198 3063 Nescio
2217 3041 2258 3063 an

132 3076 182 3107 hic
199 3077 238 3107 sit
251 3077 450 3113 Ptolemaeus.
466 3087 559 3116 quem
575 3079 604 3108 ἐν
620 3076 647 3107 α’
664 3078 735 3116 11ερὶ
751 3078 890 3117 Ἡρώδου
908 3081 1063 3118 βασιλείας
1075 3080 1184 3110 laudat
1198 3077 1382 3109 Ammonius
1394 3080 1437 3109 De
1452 3078 1519 3110 dits.
1536 3079 1622 3109 verb.
1639 3079 1823 3118 εἸδουμαῖοι
1834 3079 1886 3109 καὶ
1896 3078 2037 3109 Ἰουδαῖοι
2052 3079 2254 3118 διαφέρουσιν,

133 3125 173 3159 ὥς
187 3135 259 3163 φησι
275 3125 521 3163 Πτολεμαῖος
535 3126 572 3155 ἐν
586 3126 722 3164 πρώτῳ
741 3127 765 3155 ll
780 3135 792 3155 ε
804 3127 836 3163 ρί
853 3126 947 3165 Ἥρὼ
959 3128 1027 3157 &ou
1044 3131 1110 3158 τοῦ
1129 3125 1334 3168 βασιλέως·
1350 3126 1491 3157 Ἰουδαῖοι
1507 3127 1559 3166 μὲν
1573 3126 1716 3166 γάρείσιν
1730 3128 1756 3156 οἱ
1775 3125 1804 3160 ἐξ
1821 3126 1915 3165 ἀρχῆς
1932 3125 2071 3164 φυσικοί·
2088 3125 2253 3165 Ἰδουμαῖοι

133 3170 164 3200 δὲ
182 3171 217 3200 τὸ
235 3171 287 3209 μὲν
304 3171 432 3210 ἀρχῆθεν
447 3171 501 3201 οὐκ
518 3171 677 3207 Ἰουδαῖοι,
698 3171 774 3200 ἀλλὰ
794 3171 932 3207 Φοίνικες
949 3174 1000 3203 καὶ
1020 3173 1126 3213 Σύροι,
1143 3175 1335 3212 κρατηθέντες
1353 3173 1383 3203 δὲ
1401 3172 1452 3203 ὑπ’
1475 3174 1587 3210 αὐτῶν,
1605 3174 1656 3202 καὶ
1686 3171 1922 3210 ἀναγκασθέντες
1947 3172 2174 3211 περιτέμνεσθαι
2202 3172 2254 3201 καὶ

133 3218 283 3247 συντελεῖν
297 3217 338 3252 εὶς
354 3217 388 3247 τὸ
403 3218 467 3252 ἔθος
483 3219 534 3248 καὶ
549 3219 586 3248 τὰ
603 3218 680 3247 αὐτοὶ
697 3216 812 3256 νόμιμα
828 3220 986 3256 ἡγεῖσθαι,
1005 3220 1174 3256 ἐκλήθησαν
1195 3219 1346 3250 Ἰουδαῖοι.
1366 3222 1568 3258 Quamquam
1587 3219 1653 3249 fieri
1673 3219 1768 3249 etiam
1784 3220 1905 3257 potest,
1922 3217 2201 3258 utjntelligendus
2213 3218 2254 3248 sit

135 3263 323 3293 Ptolemaeus
335 3264 413 3303 regis
430 3265 561 3295 Herodis
575 3265 774 3303 procurator,
793 3264 831 3294 de
845 3274 908 3304 quo
921 3266 1076 3304 Josephus
1093 3269 1127 3296 A.
1146 3266 1175 3296 J.
1194 3268 1263 3296 xvi
1275 3289 1282 3303 ‚
1298 3269 1314 3296 7
1327 3289 1335 3303 ‚
1354 3270 1382 3296 2.
1403 3270 1437 3304 s,
1454 3270 1482 3296 3.
1499 3267 1584 3297 ΧΥΙΙ
1600 3289 1607 3303 ,
1626 3268 1643 3295 8
1655 3289 1663 3303 ,
1679 3269 1708 3296 2.
1725 3270 1760 3302 9,
1780 3270 1816 3303 3;
1834 3266 1866 3296 ss.
1885 3265 1960 3296 dud.
1982 3266 2011 3303 l,
2030 3267 2086 3302 24,
2103 3269 2130 3295 2.
2147 3267 2184 3295 33
2196 3287 2204 3302 ,
2220 3267 2249 3294 8.

138 3310 161 3339 11
178 3332 185 3346 ,
204 3313 220 3339 2
233 3333 240 3347 ,
263 3313 287 3341 1.
