2338 3765
985 154 1313 196 FRAGMENTA.

89 237 146 276 ἐπὶ
172 236 323 286 ἡγεμόνα
347 235 615 285 μνημονεύονται
638 238 819 282 συστῆναι.
842 236 939 274 Φασὶ
959 237 1024 288 γὰρ
1042 238 1118 280 τοὺς

89 294 322 345 μετασχόντας
341 298 399 331 τοῦ
418 293 519 343 λόγου
538 293 693 344 γενέσθαι
710 292 794 344 ὑπὲρ
811 294 846 330 π’
870 294 925 345 (3)·
943 296 975 331 ἓν
994 290 1040 337 οἷς
1056 295 1117 345 με’-

88 367 201 402 γιστον
225 350 374 396 ἠδύνατο
396 351 527 401 Δέκμος
547 353 587 401 (4)
606 367 641 388 τε
660 354 826 404 Βροῦτος,
838 351 961 403 φίλος’
948 368 978 395 ες
992 352 1034 389 τὰ
1050 354 1117 402 μά-

88 408 227 447 λιστα
207 425 253 446 ων
275 408 445 460 Καίσαρι,
468 409 526 446 καὶ
547 409 648 481 Ιαϊρς
668 409 820 452 Κάσσιός
839 425 875 446 τε
895 425 953 446 και
976 410 1120 462 Μάρκος

88 469 254 518 Βρουτος,
270 465 401 508 οὐδενὸς
417 471 517 512 ἧττον
537 466 631 518 παρὰ
651 466 840 516 Ἱ)ωμαίοις
859 466 935 504 τότε
956 467 1118 505 ἐπαινού-

88 536 197 573 μενος
214 524 336 565 πάντες
360 525 395 560 δὲ
415 523 576 575 πρότερον
595 524 818 574 ἀντιπόλεαοί
836 540 872 561 τε
893 527 978 570 ἠσαν
996 540 1055 561 και
1074 525 1117 563 τὰ

89 581 274 631 Πομπηίου
295 576 394 627 ηὖξον
418 582 481 632 (*)·
503 582 628 619 ἐκείνου
649 582 682 619 δὲ
700 581 920 628 ἡττηθέντος,
944 583 1118 631 γενόμενοι

86 640 150 677 ὑπὸ
182 640 356 691 Καίσαρι,
380 640 419 676 τὸ
447 641 508 676 ἀπ’
526 640 628 676 αὐτοῦ
652 639 818 691 εἰρηνικὸν
841 640 880 690 (5)
909 640 981 691 βίον
1013 634 1116 692 εἶχον·

86 695 180 742 οὐδὲ,
213 695 338 747 καίπερ
368 695 543 746 Καίσαρος
575 695 821 746 φιλανθρώπως
857 698 1118 747 προσαγομένου

85 752 228 790 ἕκαστον
239 755 302 802 (6),
320 755 352 790 ἐν
367 756 409 803 τῇ
425 751 554 804 διανοίᾳ
571 753 609 790 τὸ
622 754 765 790 ούσελπι
781 755 870 790 αὐτ(
865 770 891 790 ιν
908 756 1117 806 ἀφῃροῦντο·

85 811 317 860 ἀμνησικακος
336 811 446 861 [γὰρ]
466 814 505 856 ἠν
524 811 621 862 (7)το
640 815 718 857 ἠθος
735 811 818 863 πρὸς
837 828 914 855 τους
923 812 1118 885 κρατηθέν-

84 884 143 911 τας
173 868 229 906 δια
256 884 332 906 τινα
352 869 544 919 πραότητα.
573 868 818 919 Καρπούμενοι
840 869 879 915 δὴ
901 870 938 907 τὸ
957 870 1014 907 ἀπ’
1031 871 1118 907 ἐκεί-

83 942 140 963 νου
170 926 377 972 ἀνύποπτον,
407 925 668 977 κατεχρήσαντο
688 928 780 978 αὐτῷ
798 928 843 970 εἷς
870 927 908 964 τὸ
934 927 1064 977 μᾶλλόν
1085 944 1117 965 τι

83 983 258 1021 λανθάνειν
279 982 552 1026 ἐπιδουλεύοντες
572 985 766 1034 ἐπαγωγοῖς
784 1000 821 1021 τε
837 985 948 1034 λόγοις
968 985 1027 1023 καὶ
1058 985 1117 1036 ἔρ-

82 1057 151 1091 γοις
166 1041 422 1093 προσποιήτοις.
453 1041 569 1080 Αἰτίαι
589 1042 619 1078 δ’
649 1041 770 1084 αὐτοὺς
794 1043 910 1092 ε’νῆγον
934 1045 1117 1095 ἐπιχειρεῖν

81 1099 199 1150 τάνδρὶ
218 1101 279 1137 οὐκ
299 1099 368 1136 ἀπὸ
392 1102 522 1151 μικρῶν
548 1099 716 1151 διαφόρων
738 1099 807 1151 ἰδίᾳ
828 1116 865 1137 τε
882 1101 1036 1144 ἑκάστοις
1057 1101 1116 1138 καὶ

82 1160 176 1207 κοινῇ
197 1163 282 1194 πᾶσι
297 1160 484 1207 γεγονυῖαι.
506 1159 551 1196 Οἱ
569 1157 629 1207 μὲν
645 1157 711 1209 γὰρ
727 1158 860 1200 ἐλπίδος
877 1174 909 1195 τι
927 1158 1072 1209 ἔχοντες,
1088 1160 1116 1196 εἷ

82 1217 208 1252 ἐκεῖνον
226 1215 378 1253 ἐκποδων
399 1215 622 1263 ποιήσαιντο,
639 1215 736 1253 αὐτοι
752 1216 916 1267 ἡγεμόνες
936 1217 1007 1254 ἀντ’
1029 1217 1117 1255 ἐκεί-

80 1288 137 1310 νου
152 1272 286 1310 ἔσεσθαι
295 1273 382 1320 ,τὴν
400 1272 585 1318 επιὸουλὴν
601 1273 822 1323 συνίστασαν,
840 1276 869 1311 οἳ
885 1274 919 1311 δὲ
934 1274 999 1312 υπὸ
1014 1276 1116 1325 ὂργης

80 1346 126 1367 ων
145 1331 283 1368 πάθοιεν
305 1330 399 1382 παρα
419 1331 475 1368 τὸν
493 1332 658 1403 πόλεμον,
681 1330 813 1368 οἰκείων
842 1332 956 1373 αὐτοῖς
978 1333 1115 1369 ἀπολω-

80 1389 223 1427 λότιιΗν
205 1406 226 1435 η
248 1389 290 1427 τὰ
310 1389 475 1441 χρήματα
496 1389 709 1440 ἀφῃρημένοι
722 1388 744 1435 ἢ
760 1389 870 1441 ἀρχὰς
886 1391 920 1427 ἐν
936 1393 978 1441 τῇ
996 1391 1113 1437 πόλει,

80 1447 372 1499 ἐνεπικραίνοντο,
406 1448 465 1485 καὶ
499 1448 537 1485 τὸ
571 1448 785 1499 ὀργιζόμενον
817 1448 1112 1499 ὑποκρυπτόμενοι

79 1508 138 1542 τοῦ
161 1507 347 1556 εὐπρεποῦς
365 1521 399 1543 τι
419 1509 679 1555 μετεποιοῦντο,
707 1507 752 1548 ὡς
781 1505 1031 1557 δυσχεραίνοιεν
1051 1506 1112 1552 τὴν

79 1562 149 1605 ἑνὸς
177 1562 299 1614 ἀρχὴν,
336 1564 466 1610 ζητοῖεν
492 1562 527 1600 δὲ
557 1565 633 1600 κατ’
662 1563 837 1613 ἰσονομίαν
857 1564 1109 1604 πολιτεύεσθαι.

78 1618 186 1657 Ἄλλα
206 1620 241 1658 δὲ
261 1620 375 1663 ἄλλοις
395 1620 488 1658 αἴτια
509 1621 750 1672 συνενεχθέντα
770 1623 825 1673 ὑφ’
847 1616 893 1658 ὧν
914 1621 1012 1673 ἔτυχε
1032 1638 1114 1673 προ-

78 1677 213 1728 φάσεων
228 1678 267 1715 τὸ
281 1677 342 1726 μὲν
359 1681 494 1730 πρῶτον
512 1677 632 1721 αὐτοὺς
648 1677 725 1720 τοὺς
742 1679 996 1720 δυνατωτάτους
1015 1679 1111 1716 συνέ-

79 1750 214 1782 στησεν,
232 1736 350 1773 ἔπειτα
370 1736 455 1773 πολὺ
476 1736 611 1779 πλείους
630 1735 845 1788 προσήγετο,
863 1735 940 1779 τοὺς
960 1737 1020 1786 μὲν
1045 1739 1110 1774 αὐ-

77 1792 327 1843 τεπαγγέλτους
353 1794 392 1843 (8)
415 1796 493 1831 κατ’
519 1794 589 1831 ἴδια
615 1794 838 1843 ἐγκλήματα,
865 1794 941 1836 τοὺς
967 1794 1002 1831 δὲ
1022 1794 1111 1831 κατὰ

77 1850 271 1902 σύμπραξιν
291 1850 414 1902 ἑτέροις
434 1854 472 1889 ἐκ
486 1854 546 1897 τ’ῆς
565 1852 674 1889 πάλαι
695 1851 809 1903 φιλίας
829 1851 915 1889 πολὺ
935 1852 974 1889 τὸ
990 1853 1110 1911 πιστὸν

77 1909 322 1960 ὑποφαίνοντας
335 1908 496 1946 καὶκατὰ
506 1912 605 1947 τοῦτο
618 1909 980 1960 προσηταιρισμένους.
998 1912 1112 1948 Ἡσαν

78 1965 115 2002 δέ
133 1981 219 2008 τινες
239 1968 269 2003 οἱ
289 1966 364 2003 κατ’
381 1965 567 2018 οὐδέτερον,
585 1966 673 2003 ἀλλὰ
692 1970 733 2017 τῇ
754 1983 790 2004 τε
811 1966 948 2010 ἀξιώσει
965 1969 1031 2003 τῶν
1052 1969 1113 2004 ἀν-

78 2024 165 2074 δρῶν
185 2023 453 2066 συνεπιδιδόντες
468 2023 530 2069 τὴν
546 2023 699 2073 γνώμην,
718 2024 777 2061 καὶ
796 2025 834 2061 ἐκ
850 2027 909 2070 τῆς
922 2024 1031 2061 πάλαι
1052 2025 1110 2069 δη·

77 2081 265 2132 μοκρατίας
282 2081 466 2132 ἀχθόμενοι
485 2085 526 2133 τῇ
545 2081 615 2124 ἑνὸς
633 2081 748 2133 ἰσχύι,
766 2081 907 2131 ἅσμενοί
923 2098 957 2119 τε
978 2081 1067 2132 (ἂν),
1083 2084 1111 2119 εἷ

76 2139 134 2176 καὶ
167 2138 213 2188 μὴ
234 2139 330 2177 αὐτοὶ
360 2139 459 2188 ἄρξαι
485 2143 546 2176 τοῦ
574 2139 798 2190 πράγματος,
824 2141 900 2176 ἀλλ’
933 2139 1047 2191 ἑτέρου
1071 2156 1109 2190 γε

77 2195 237 2248 ἄρξαντος
260 2196 494 2234 συλλαῧέσθαι
525 2196 597 2234 τότ’
617 2199 803 2246 ἀγαπητῶς
836 2196 924 2247 μετὰ
946 2197 1106 2235 τοιούτων

77 2255 224 2304 ἀνδρῶν,
244 2256 271 2291 εἷ
288 2255 327 2307 (9)
350 2254 409 2292 καί
425 2270 457 2291 τι
478 2254 546 2292 δέοι
565 2258 685 2291 παθεῖν
706 2256 766 2292 οὐκ
780 2257 967 2297 ὀκνοῦντες.
989 2255 1109 2292 Πολλὰ

76 2311 104 2348 δ’
125 2311 285 2362 ἐξώτρυνε
318 2312 376 2349 καὶ
397 2315 419 2358 ἡ
445 2313 483 2349 ἐκ
507 2314 656 2350 παλαιοῦ
690 2311 851 2364 Βρούτοις
884 2316 1020 2349 ὑποῦσα
1041 2312 1107 2349 εὕ-

75 2371 171 2406 κλεια
184 2372 240 2420 (10)
255 2373 322 2407 τῶν
333 2370 507 2422 προγόνων
517 2369 594 2413 τοὺς
607 2370 674 2407 ἀπὸ
684 2370 868 2420 (Ρωμύλου
886 2372 1036 2421 βασιλεῖς
1051 2371 1106 2422 (11)

75 2430 134 2473 τ’ῆς
157 2427 300 2478 Ῥώμης
324 2427 605 2465 καταλελυκότων
626 2442 685 2465 και
710 2429 946 2480 δημοκρατίαν
972 2444 1108 2495 πρωτον

75 2485 405 2534 καταστησαμένων.
428 2485 477 2524 Οἵ
494 2500 529 2522 τε
552 2486 643 2536 φίλοι
662 2486 825 2538 πρότερον
839 2486 930 2528 ὄντες
949 2501 997 2523 τω
1016 2487 1109 2524 Καί-

75 2558 153 2593 σαρι
170 2543 276 2581 οὐκέθ’
291 2543 414 2594 ὁμοίως
439 2547 528 2582 εὖνοι
542 2547 650 2591 ἠσαν,
674 2545 720 2587 εἷς
734 2543 806 2580 ἴσον
825 2545 954 2587 ἑαυτοῖς
968 2547 1108 2596 ὁρῶντες

75 2602 287 2650 τιμωμένους
314 2617 390 2644 τους
411 2602 520 2639 πάλαι
542 2601 604 2651 μὲν
623 2601 856 2672 πολεμίους,
845 2605 903 2639 υπ’
925 2603 1051 2640 ἐκείνου
1074 2603 1107 2640 δὲ

75 2659 329 2702 σωθέντας.οὖ
346 2659 413 2709 μὴν
432 2658 507 2696 οὐδὲ
523 2661 636 2702 αὐτοῖς
656 2659 792 2702 ἐκείνοις
810 2675 848 2697 το
869 2659 982 2697 εὔνουν
999 2662 1107 2712 υπῆρ-

74 2732 146 2767 χεν,
162 2719 237 2755 ἀλλ’
255 2717 456 2777 ἐπίπροσθεν
476 2720 537 2762 τ’ἦς
554 2718 692 2769 χάριτος
708 2718 824 2769 γινόμ-
802 2734 885 2756 ενον
905 2718 943 2755 τὸ
962 2720 1106 2769 ἀρχαῖον

76 2777 173 2824 μῖσος
202 2777 266 2826 οὐχ
293 2779 339 2812 ων
368 2778 404 2812 εὖ
435 2774 558 2813 ἔπαθον
586 2775 746 2819 σωθέντες
775 2776 914 2824 μνήμην
943 2777 1104 2824 ἐνεποίει,

76 2831 152 2868 ἀλλ’
168 2826 215 2869 ὧν
232 2832 515 2883 ἀπεστερηθησαν
534 2834 668 2882 ἇγαθων
686 2833 943 2884 κρατηθέντες
929 2834 1105 2882 εννοούμε·

75 2904 125 2926 νοι
145 2889 384 2942 παρωξύνοντο
406 2891 483 2940 (12).
511 2890 642 2928 Πολλοὶ
662 2891 697 2928 δὲ
717 2891 775 2928 καὶ
794 2893 887 2942 αὐτῷ
903 2891 1049 2941 ἤχθοντο
1068 2892 1107 2928 τὸ

76 2948 117 2983 δι’
151 2948 278 2985 ἐκείνου
312 2950 500 2995 σεσῶσθαι,
529 2948 640 2986 καίτοι
673 2964 712 2999 γε
744 2949 954 2986 ἀνονείδιστα
986 2948 1107 2992 αὐτοὺς

2131 177 2203 209 439

1181 248 1272 287 sacti,
1297 251 1328 280 et
1348 253 1425 289 ‹piot
1449 253 1539 283 antea
1566 263 1727 293 nunquam
1750 257 1779 287 in
1804 257 1917 289 ducem
1938 260 2116 298 coniurasse
2142 270 2209 293 nie-

1181 308 1353 338 morantur.
1381 310 1458 340 Nam
1475 319 1569 349 supra
1593 313 1750 351 octoginta
1772 315 1866 346 fuisse
1882 317 2008 356 dieunt,
2030 318 2110 350 inter
2132 329 2212 359 quos

1180 365 1333 404 principes
1344 369 1432 399 erant
1447 369 1592 401 Decimus
1607 373 1722 403 Brutus
1733 397 1741 411 ,
1755 375 1887 405 Caesaris
1903 385 1942 406 ex
1956 376 2071 408 intimis
2084 378 2191 409 amicis
2201 405 2209 420 ‚

1179 427 1251 457 etC.
1263 428 1387 459 Cassius
1397 430 1475 461 etM.
1489 433 1615 470 Brutus,
1627 435 1725 472 gratia
1733 436 1809 466 tunc
1821 437 1905 475 apud
1919 439 2076 470 Romanos
2087 441 2211 471 nemine

1180 486 1316 518 inferior.
1348 488 1385 519 lli
1409 498 1518 522 ornnes
1542 494 1634 523 antea
1664 496 1833 528 adversarii
1867 499 1990 531 fuerant
2019 503 2050 533 et
2072 503 2210 543 Pompeii

1180 548 1320 586 partibus
1332 549 1459 582 addicti.
1477 555 1547 589 Quo
1564 554 1737 595 dewbzllito,
1755 568 1854 598 quum
1872 561 1901 591 in
1922 563 2054 593 Cacszwis
2071 565 2209 603 potestw

1178 610 1242 640 tem
1264 611 1440 650 venissent,
1464 613 1494 643 in
1514 622 1650 653 piaes1ns
1671 618 1807 657 quietem
1823 622 1972 662 assebant3
1997 633 2098 663 neque
2114 635 2208 660 veie,

1179 682 1373 713 quamquam
1395 675 1591 709 bunumitate
1618 680 1650 710 <t
1671 682 1769 719 gratia
1796 684 1933 723 singulos
1961 688 2128 720 conciliare
2152 690 2209 719 sibi

1179 738 1284 767 Caesar
1316 738 1481 778 studebat,
1511 741 1626 771 malam
1660 751 1747 782 spem
1776 746 1887 778 animis
1918 750 2125 788 expellebant.
2173 755 2211 783 Et

1179 807 1277 838 quum
1314 799 1479 831 immemor
1512 801 1700 840 injuriarum
1735 814 1806 843 erga
1835 808 1934 839 victos
1965 813 2045 842 esset
2075 812 2211 851 ingenita

1179 862 1326 900 lenitate,
1344 863 1386 893 illi
1407 865 1438 894 in
1459 873 1524 895 rem
1544 874 1633 896 suam
1660 869 1878 899 convertentes
1901 872 1984 910 quod
2002 873 2077 904 nihii
2105 877 2211 906 (κυεην

1179 924 1259 962 ipsos
1279 926 1491 964 suspectaret,
1520 926 1608 956 abusi
1637 936 1674 958 eo
1695 930 1787 967 sunt,
1814 932 1849 961 ut
1873 932 1961 962 tanto
1986 934 2107 967 facilins
2138 937 2212 968 late-

1179 988 1247 1017 rent
1269 986 1449 1018 insidiantes
1472 989 1576 1019 verbis
1597 989 1720 1021 blandis
1743 991 1895 1032 factisque
1917 995 2079 1028 simulatis.
2099 1000 2210 1030 Causae

1178 1056 1252 1078 vero
1271 1048 1311 1079 ad
1328 1058 1458 1079 manum
1478 1050 1545 1081 viro
1564 1050 1795 1083 admovendam
1813 1062 1866 1084 eos
1891 1055 2083 1089 induxerunt
2107 1059 2209 1090 diver-

1177 1109 1307 1141 sissimae
1321 1111 1468 1150 privatim
1482 1112 1619 1151 singulos
1641 1114 1672 1144 et
1688 1116 1899 1147 communiter
1927 1126 2046 1151 omnes,
2063 1123 2208 1153 Nonnulli

1177 1173 1261 1214 quod
1275 1174 1460 1212 sperabant,
1482 1174 1508 1205 si
1528 1177 1685 1206 Caesarem
1704 1178 1930 1218 removissent,
1955 1180 2038 1219 ipsos
2060 1185 2127 1221 ejus
2143 1184 2210 1214 loco

1177 1236 1307 1276 imperio
1330 1237 1485 1276 potituros
1501 1247 1586 1276 esse,
1611 1239 1737 1270 insidias
1759 1241 1928 1281 parabant;
1947 1244 1998 1274 alii
2018 1244 2062 1274 ira
2083 1248 2211 1285 propter

1175 1308 1212 1330 ea
1239 1308 1312 1339 quae
1343 1309 1397 1339 per
1426 1300 1544 1331 bellum
1571 1302 1651 1340 passi
1677 1303 1796 1341 essent,
1825 1305 2007 1335 necessariis
2031 1305 2151 1345 orbati,
2180 1310 2211 1338 et

1176 1362 1288 1401 opibus
1303 1363 1334 1393 et
1349 1363 1532 1393 muneribus
1543 1387 1550 1401 ‚
1568 1364 1685 1402 quibus
1699 1364 1730 1395 in
1742 1365 1818 1396 urbe
1832 1366 1930 1397 functi
1946 1369 2052 1407 crant,
2068 1370 2208 1408 spoliati,

1176 1424 1459 1463 exacerbabamus,
1474 1424 1528 1455 sed
1546 1425 1625 1455 iram
1640 1426 1720 1456 banc
1735 1427 1872 1459 celantes
1883 1451 1891 1466 ‚
1906 1429 2075 1468 speciosius
2088 1431 2207 1470 aliquid

1179 1495 1244 1526 prae
1258 1495 1290 1517 se
1304 1486 1464 1525 ferebant,
1482 1487 1600 1518 aientes
1620 1488 1756 1527 graviter
1769 1498 1802 1520 se
1817 1489 1896 1520 serre
1918 1490 2012 1521 unius
2032 1493 2089 1522 viri
2112 1493 2209 1532 impe-

1174 1549 1256 1579 rium
1267 1573 1275 1588 ,
1291 1551 1386 1589 atque
1400 1550 1460 1580 boc
1475 1558 1566 1589 agere
1577 1575 1585 1589 ,
1599 1552 1634 1581 ut
1648 1560 1687 1582 ex
1698 1551 1777 1590 juris
1793 1553 2008 1592 aequabilitate
2030 1555 2208 1593 respublIca

1176 1614 1346 1652 regeretur.
1365 1613 1441 1644 Alia.
1454 1613 1589 1653 deniqne
1599 1614 1666 1645 aliis
1683 1623 1785 1646 causae
1810 1618 1898 1647 erant
1913 1626 1950 1647 «x
1973 1617 2068 1648 obvio
2084 1627 2210 1658 quoque

1175 1677 1330 1715 praetextu
1358 1677 1517 1715 repetita;

1176 1736 1602 1775 conjurationisjungebzmnt
1617 1737 1729 1768 deinde
1743 1746 1817 1768 vero
1830 1739 1932 1769 multo
1952 1740 2056 1779 plures
2075 1741 2208 1772 adduce-

1176 1793 1252 1824 bant
1263 1817 1271 1832 ,
1287 1794 1401 1833 partim
1421 1796 1531 1834 sponte
1545 1803 1601 1825 sua
1619 1795 1781 1826 venientes
1802 1796 1842 1826 ob
1859 1797 1997 1835 privatas
2013 1798 2207 1830 criminatio-

1546 1686 1619 1716 quae
1645 1677 1734 1708 initio
1759 1678 1886 1717 quidem
1909 1680 2030 1710 nonnisi
2055 1681 2210 1720 principes

1174 1860 1230 1882 nes
1240 1875 1247 1888 ‚
1259 1852 1373 1890 partim
1385 1852 1533 1882 societate
1543 1861 1596 1883 sua
1610 1852 1678 1883 aliis
1691 1854 1822 1884 vetustae
1836 1855 1982 1885 amicitiae
1994 1855 2205 1887 firmissimam

1175 1910 1268 1940 tidem
1291 1911 1460 1941 testaturos
1477 1911 1507 1940 et
1526 1912 1651 1949 propter
1674 1910 1734 1941 boc
1753 1920 1785 1942 sc
1799 1912 1970 1950 conjuratis
1985 1913 2205 1953 adjungentes.

1174 1969 1270 1999 Erant
1287 1968 1381 1998 etiam
1398 1968 1557 2005 nonnulli,
1573 1968 1627 2008 qui
1652 1970 1764 1999 neutro
1782 1969 1895 2000 berum
1906 1994 1914 2009 ,
1929 1971 1983 2001 sed
2002 1971 2152 2011 dignitate
2168 1973 2206 2004 il-

1174 2026 1276 2056 lorum
1292 2026 1431 2056 virorum
1450 2026 1527 2056 moti
1543 2026 1799 2065 suffragabantur
1819 2027 1855 2058 iis
1868 2052 1876 2066 ,
1891 2029 1987 2067 atque
2006 2031 2121 2061 veteris
2139 2033 2204 2061 sta-

1172 2085 1223 2114 tus
1242 2084 1398 2122 popularis
1413 2092 1568 2114 memores
1581 2093 1662 2123 aegre
1679 2085 1820 2116 serebant
1834 2085 1925 2116 unius
1939 2086 1997 2117 viri
2012 2088 2184 2126 potentiam
2196 2113 2204 2126 ,

1173 2144 1203 2172 et
1217 2151 1410 2181 quamquam
1425 2142 1481 2181 ipsi
1496 2151 1561 2173 rem
1581 2151 1643 2172 non
1656 2143 1831 2182 suscepturi
1851 2144 2002 2183 fuissent,
2020 2146 2128 2176 tamen
2148 2147 2203 2177 ubi

1172 2201 1251 2231 alius
1265 2209 1334 2230 eam
1349 2209 1512 2239 aggressus
1523 2202 1600 2231 esset
1613 2223 1621 2237 ‚
1645 2202 1714 2231 tum
1729 2201 1847 2232 alacres
1859 2210 1891 2232 se
1905 2202 2072 2242 adjungere
2089 2213 2202 2244 prope-

1174 2258 1285 2288 rabant
1302 2267 1374 2287 cuni
1391 2257 1543 2296 ejusmodi
1562 2258 1635 2288 viris
1648 2281 1656 2296 ,
1675 2258 1795 2289 etiamsi
1815 2259 1877 2297 pati
1900 2260 2018 2299 aliquid
2033 2261 2202 2302 deberent,

1173 2316 1255 2346 baud
1279 2317 1474 2348 cunctantes,
1490 2316 1624 2346 Multum
1641 2324 1713 2346 vero
1727 2316 1885 2347 excitabat
1899 2317 1993 2348 ctiam
2007 2327 2078 2358 quae
2095 2328 2133 2350 ex
2147 2329 2203 2350 an-

1170 2376 1258 2413 tiquo
1272 2375 1412 2413 tempore
1430 2374 1535 2404 Brutis
1553 2374 1621 2404 erat
1637 2373 1750 2404 nobilis
1766 2374 1848 2404 sama
1863 2375 2036 2415 majorum,
2051 2377 2104 2415 qui
2120 2387 2205 2417 reges

1171 2434 1240 2472 post
1253 2432 1421 2464 Romulum
1438 2432 1586 2462 Romanis
1600 2432 1787 2471 imperantes
1800 2434 1994 2472 everterant,
2005 2434 2205 2474 primumque

1171 2490 1322 2530 populare
1338 2491 1474 2529 regimen
1492 2489 1705 2520 instituerant.
1718 2492 1815 2520 Porro
1831 2490 1951 2529 pristini
1967 2492 2099 2523 emsaris
2111 2493 2202 2523 amici

1170 2558 1232 2579 nen
1246 2548 1386 2587 ejusden]
1399 2548 1534 2587 amplius
1556 2547 1781 2578 benevolentiae
1805 2549 1911 2587 erant,
1932 2549 2015 2587 quod
2032 2550 2099 2589 pari
2120 2551 2204 2590 apud

1170 2615 1241 2636 eum
1258 2606 1377 2637 bonore
1392 2614 1457 2636 esse
1473 2605 1621 2636 videbant
1637 2614 1707 2643 eos,
1723 2605 1775 2644 qui
1793 2606 1897 2636 hostes
1910 2606 1985 2636 olim
2001 2607 2123 2638 fuerant
2139 2609 2169 2638 et
2185 2618 2204 2639 a

1170 2667 1294 2695 Caesare
1307 2664 1430 2695 servati.
1453 2666 1572 2695 Verum
1585 2672 1624 2694 ne
1640 2663 1687 2693 liis
1702 2663 1774 2702 ipsis
1789 2664 1917 2702 quidem
1932 2664 2050 2695 sincera
2067 2667 2135 2696 erat
2149 2665 2202 2695 be-

1169 2722 1364 2760 nevolentia,
1380 2722 1433 2753 scd
1449 2722 1607 2752 offuscans
1622 2721 1754 2759 gratiam
1772 2722 1863 2751 vetus
1879 2721 1985 2752 odium
2003 2731 2065 2753 non
2079 2732 2150 2761 quae
2171 2723 2202 2754 in

1168 2781 1308 2810 servatos
1323 2780 1428 2810 Ctesat·
1447 2778 1633 2809 contulisset
1653 2777 1876 2808 beneficiorum
1894 2779 2078 2809 memoriam
2098 2780 2203 2819 intige-

1168 2827 1240 2876 bat,
1264 2837 1317 2868 sed
1330 2846 1402 2876 quze
1419 2836 1492 2866 vieti
1508 2836 1588 2866 bona
1604 2836 1779 2866 amisissent
1793 2836 1995 2867 recordantes
2016 2837 2201 2868 exstimula-

1168 2897 1232 2927 bat.
1248 2896 1337 2927 Multi
1356 2896 1448 2926 etiam
1466 2904 1502 2925 eo
1516 2894 1626 2925 infensi
1644 2895 1751 2931 erant,
1773 2894 1857 2933 quod
1874 2894 2006 2925 salutem
2023 2904 2111 2926 suam
2128 2898 2200 2927 Cae-

1166 2954 1210 2985 ari
1225 2954 1394 2991 deberent,
1410 2961 1603 2992 ‹pnunquam
1621 2961 1660 2982 ne
1679 2951 1807 2983 minimo
1823 2952 1950 2991 quidem
1975 2953 2094 2991 probro
2110 2953 2148 2983 ab
2162 2963 2199 2983 eo

77 3074 117 3080 —
133 3062 160 3088 3.
179 3058 271 3098 ὑπὲρ
292 3058 577 3098 π’]Οοηεριιιιῖιιιιι
594 3060 640 3089 est
657 3067 675 3089 a
692 3060 874 3098 sexaqinta
893 3059 1054 3098 aniplc'us,
1069 3060 1196 3089 Sueten.
1222 3059 1302 3088 Caes.
1329 3061 1378 3088 So.
1405 3077 1442 3082 -
1461 3059 1488 3087 4.
1515 3056 1685 3095 Δέκμος)
1700 3056 1743 3085 sic
1769 3055 1862 3086 etiam
1883 3057 2112 3096 ap.Appiannm
2131 3055 2200 3085 libri

78 3112 132 3143 pro
143 3105 281 3144 Δέκιμος.
297 3106 363 3130 -*
380 3105 477 3142 ἠύξων
492 3105 561 3136 cod.
576 3126 613 3130 —
631 3110 659 3136 5.
675 3107 751 3136 ὑπὸ
765 3108 790 3136 Κ
803 3117 822 3134 οι
834 3105 842 3135 ί
854 3117 872 3135 σ
884 3116 988 3145 αρι...

1004 3106 1022 3144 β
1035 3105 1070 3135 ίο
1080 3117 1094 3134 ν
1107 3104 1117 3144 ]
1130 3104 1189 3134 ὑπὸ
1206 3103 1309 3143 καίρος
1325 3104 1359 3133 τὸ
1380 3103 1431 3133 ἀπ’
1450 3104 1543 3132 αὑτοῦ
1558 3103 1635 3139 (ὑπὸ
1653 3102 1783 3142 Καίσαρι
1799 3103 1826 3137 ἐς
1840 3103 1874 3133 τὸ
1887 3103 2082 3141 παραυτίκα.0
2096 3103 2104 3139 )
2120 3102 2200 3141 εἵρην

80 3151 145 3190 βίον
163 3151 245 3191 εἶχον
268 3152 405 3192 (εἰρήνην
416 3152 532 3191 ἧγονῗ)
551 3152 661 3182 codex,
680 3169 719 3174 —
737 3157 765 3182 f».
786 3152 923 3191 οὐδὲγὰρ
937 3152 1034 3186 ἄλλως
1048 3151 1264 3190 φιλανθρώπως
1285 3150 1517 3188 προσαγομένου
1536 3148 1666 3178 ἑκάστου
1678 3148 1789 3178 code&
1810 3167 1848 3173 —
1866 3152 1893 3180 7.
1911 3149 1929 3178 ἆ
1941 3160 1985 3187 μν
1997 3160 2013 3183 η
2025 3160 2043 3178 σ
2055 3149 2062 3177 ί
2074 3159 2091 3177 κ
2103 3159 2200 3200 ακος

78 3197 151 3236 γὰρ
174 3197 241 3237 ἦν]
257 3198 442 3237 μνησίκακος
460 3199 513 3228 ὢν.
533 3199 662 3228 Mutato.
683 3199 725 3227 ὢν
743 3197 772 3227 ιιι
787 3198 822 3235 ἦν
835 3221 843 3236 ,
861 3198 964 3228 addidi
989 3198 1174 3237 particulam
1195 3198 1262 3235 γὰρ.
1282 3213 1318 3217 —
1335 3199 1363 3226 8.
1383 3194 1615 3233 αὐτεπαγγ.)
1635 3194 1799 3233 ἀντεπαγγ.
1823 3195 1934 3224 codex.
1954 3212 1993 3215 —
2008 3198 2026 3225 {l
2057 3205 2090 3247 ει
2112 3204 2179 3223 και
2199 3192 2203 3232 l

78 3241 207 3271 tortasse
220 3244 292 3272 ante
309 3243 333 3272 εἰ
349 3242 465 3273 excidit
481 3243 613 3273 alterum
628 3244 691 3272 καὶ.
709 3260 748 3263 -
767 3246 811 3273 10.
829 3243 953 3273 aazia«.
965 3255 980 3273 ο.
994 3242 1003 3282 Α1
1020 3244 1115 3275 εὕκλει
1141 3243 1250 3274 codex.
1270 3262 1306 3267 —
1328 3246 1370 3272 ll.
1393 3244 1409 3281 β
1422 3253 1438 3271 α
1451 3253 1466 3271 0
1482 3243 1516 3271 ιλ
1529 3252 1539 3270 z
1552 3246 1583 3275 ῖς
1600 3240 1604 3279 l
1623 3241 1770 3278 βασίλεως
1786 3241 1896 3270 codex.
1919 3258 1956 3261 -—
1974 3245 2020 3269 12.
2040 3249 2195 3277 ευνοουμε-

78 3297 144 3322 νους
161 3287 270 3319 cedcx.
290 3290 373 3319 Fert.
394 3290 521 3328 praestat
540 3289 755 3327 εὐνοουμένους
771 3290 935 3329 παρώξυνε,
