2338 3765
937 194 1261 232 FRAGMENTA.

528 313 585 337 12.

100 392 149 426 St.
168 391 209 426 Β.
237 401 244 423 :
280 385 481 434 Χαζηνὴ,
502 382 695 435 σατραπεία
722 383 804 434 πρὸς
836 385 884 434 τῷ
912 383 1076 434 Εὐφράτῃ

49 449 109 491 τῆς
126 443 410 492 Μεσοποταμίας.
435 441 607 493 Ἀρριανὸς
627 444 660 478 ἐν
682 440 953 492 τρισκαιδεκάτῳ
980 441 1076 490 Παρ-

49 506 151 541 θικῶν
164 519 172 526 ·
194 522 209 535 «
233 502 292 540 Ἐν
309 501 417 551 ταύτῃ
432 504 473 551 τῇ
494 500 618 550 Ὀλῧίᾳ
634 500 691 537 καὶ
711 501 753 537 τὰ
772 500 872 537 πεδία
889 503 947 545 τῆς
962 500 1079 545 Χαζη-

48 564 107 606 νῆς
140 559 348 610 σατραπείας
381 560 519 607 (codd.
549 558 758 608 σατραπείου
784 558 792 607 )
822 557 877 594 ἐπὶ
913 557 1079 606 μήκιστον

49 617 302 666 ἀποτεταμένα.
325 634 338 649 υ
357 618 411 653 Cf.
432 617 565 652 Strabo
582 618 682 662 XVI,
698 630 736 665 p.
756 616 842 662 736.

540 702 598 740 13.

104 791 231 827 Idem:
255 788 363 840 ἹΙφα
377 788 496 825 ίστου
521 791 668 835 ν’ῆσοι,
688 791 747 833 ’.ἧς
768 788 985 833 Ἀδιαίέηνῆς.
1005 788 1080 839 ’Λρ-

51 848 163 900 ριανὸς
183 848 224 898 ιγ’
244 848 444 898 Παρθικῶν.
464 846 516 884 Τὸ
530 846 675 893 ἐθνικὸν,
689 846 1041 897 Ἡφαιστονησιώτης.

260 957 289 990 E
316 957 463 991 LIBRO
491 956 674 991 DECIMO
702 956 870 991 SEXTO.

538 1058 599 1096 14.

103 1143 210 1179 Idem
235 1154 243 1179 z
261 1140 431 1192 Ἄκρα...
456 1139 594 1185 Δεκάτῃ
612 1139 684 1177 ἐστὶ
699 1139 757 1176 καὶ
777 1138 855 1189 περὶ
873 1142 934 1175 τοῦ
953 1138 1084 1189 Τίγρη-

52 1215 106 1242 τος
123 1200 132 1250 (
147 1199 318 1250 Πίγρητος
341 1200 455 1237 codd.
472 1200 586 1234 Palat.
603 1198 611 1247 )
636 1196 759 1248 Ἄκρα.
779 1196 949 1248 Ἀρριανὸς
965 1199 1085 1234 ἑκκαι-

54 1258 196 1307 δεκάτῃ.

109 1317 215 1351 Idem
238 1329 247 1350 t
269 1314 317 1351 Ὀ
332 1317 458 1364 ραθα,
477 1313 573 1355 πόλις
597 1315 657 1358 τῆς
686 1314 719 1350 ἐν
739 1312 887 1364 Τίγρητι
908 1312 1083 1359 Μεσήνης.

57 1372 233 1425 Ἀρριανὸς
253 1374 436 1422 Παρθικῶν
460 1370 698 1420 ἑκκαιδεκάτῃ·
718 1370 769 1408 Τὸ
790 1371 917 1408 ἐθνικὸν
936 1371 1087 1422 Ὀραθη-

54 1432 122 1473 νός.
164 1433 303 1468 Oratha
330 1432 420 1466 urbs
461 1431 589 1466 eadem
621 1438 674 1466 est
703 1443 814 1477 quam
844 1432 898 1466 Ur
928 1433 1089 1479 appellat

55 1491 257 1527 Marcellin.
278 1490 398 1537 XXV,
416 1489 437 1524 8
458 1489 468 1538 (
485 1489 532 1526 cf.
551 1489 698 1525 Genesis
722 1502 736 1523 1
749 1502 762 1524 1
775 1516 785 1534 ‚
805 1489 887 1537 28).

241 1607 271 1640 E
298 1605 443 1641 LIBRO
471 1605 654 1640 DECIMO
684 1605 903 1641 SEPTIMO.

548 1707 607 1743 15.

112 1801 217 1836 Idem
235 1814 242 1835 :
269 1796 407 1850 Ἄτραι,
427 1798 524 1840 πόλις
541 1797 666 1847 μεταξὺ
689 1799 870 1850 Εὐφράτου
885 1803 943 1836 καὶ
958 1800 1088 1851 Τίγρη-

59 1872 123 1899 τος.
142 1856 311 1907 Ἀρριανὸς
329 1855 611 1907 ἑπτακαιδεκάτῳ
632 1857 829 1907 Παρθικῶν.
848 1859 900 1895 Cf.
919 1872 1027 1906 supra
1043 1860 1087 1894 fr.

62 1916 100 1952 6.
118 1918 172 1951 De
188 1917 284 1951 Atris
299 1928 318 1950 a
332 1915 488 1961 Trajano
507 1915 659 1950 obsessis
672 1928 707 1950 V.
723 1917 795 1950 Dio
810 1917 904 1951 Cass.
922 1918 1090 1961 LXVIII,

62 1973 123 2010 31.
151 1974 206 2010 Cf.
228 1975 365 2017 LXXI,
393 1985 447 2008 10.
482 1974 686 2010 Herodian.
711 1975 780 2017 111,
815 1973 876 2019 23,
910 1976 1090 2010 Ammian.

62 2031 179 2076 XXV,
199 2031 235 2066 8.

340 2125 368 2158 Ε
396 2125 552 2159 LIBRIS
581 2124 814 2162 INCERTIS.

549 2223 607 2260 16.

117 2307 248 2343 Suidas
273 2321 308 2345 V.
339 2307 542 2359 Ἀμφίλογον
566 2322 573 2343 :
602 2307 786 2358 Ἀρριανός.
821 2326 835 2340 «
863 2307 1039 2359 Ἀξιδάρην
1061 2305 1095 2344 δὲ

64 2360 115 2399 ὅτι
132 2362 250 2414 ἄρχειν
267 2363 335 2416 χρὴ
362 2364 559 2416 Ἀρμενίας,
580 2364 617 2402 οὔ
638 2380 695 2414 μοι
723 2365 812 2402 δοκεῖ
831 2359 915 2402 εἶναί
936 2381 971 2402 σε
990 2365 1095 2416 ἀμφί-

65 2421 178 2470 λογον.
199 2439 214 2453 »ι

556 2536 610 2566 12.

2084 197 2157 227 589

1191 282 1293 316 Idem
1316 294 1350 315 v.
1387 281 1513 321 Γνῶσις
1534 293 1541 314 :
1563 278 1733 328 Ἀρριανὸς
1758 279 1790 314 ἐν
1815 279 2016 326 ΙΙαρθικοῖς·
2035 294 2048 308 «
2074 275 2159 326 Περὶ

1139 337 1412 387 ΙΙαρΟαμασίρου
1434 336 1468 373 δὲ
1489 336 1564 386 οὐχὶ
1591 336 1762 385 Ἁξιδάρου
1789 330 1890 379 εἶναι,
1921 333 2010 370 ἀλλὰ
2040 335 2159 369 ἑαυτοῦ

1137 393 1197 437 τὴν
1218 396 1352 442 γνῶσιν·
1385 393 1435 429 ὅτι
1468 396 1600 443 πρῶτος
1632 392 1856 442 impotentum
1885 391 1927 427 τὰ
1957 390 2160 440 συγκείμενα

1140 450 1238 499 ἔτυχε
1258 453 1315 495 τῆς
1338 450 1445 495 δίκης.
1470 467 1485 482 »

1196 505 1497 557 ΙΙαρΟαμασίρου]
1533 509 1694 554 1101·1111.;
1726 506 1863 557 Πάρθου
1895 504 2073 555 Μαρσίρου
2104 506 2161 539 vel

1141 563 1301 614 Μασίρου
1317 566 1429 602 codd.
1452 567 1568 611 Vulgo
1583 573 1634 599 cst
1650 562 1928 614 11αροαμάσιρις;
1943 563 2005 597 sed
2023 564 2163 599 Fronto

1140 636 1178 669 p.
1203 623 1277 657 268
1306 624 1392 657 item
1420 623 1531 657 habet
1561 623 1829 656 I'arlliomasiri
1863 625 1974 666 regia,
2010 625 2163 654 notante

1141 679 1380 725 Bernhardyo
1394 706 1403 722 ‚
1431 679 1495 725 qui
1518 678 1563 713 de
1584 691 1624 713 re
1653 685 1804 713 annotat
1822 679 1898 712 haec
1921 690 1929 711 :
1953 693 1967 708 κ
1988 676 2166 721 Trujanus

1140 736 1432 771 I’arthamasirim
1445 738 1470 769 Λ
1478 737 1702 769 rmcuiorum
1717 748 1839 781 regem
1850 735 1958 769 armis
1969 734 2161 779 expulsum

1141 794 1276 828 deinde
1292 794 1493 839 supplicem
1509 793 1576 826 sibi
1595 793 1729 827 factum
1756 793 1910 835 nefarie,
1932 793 1959 825 si
1979 791 2160 825 Frontoni

1141 864 1180 897 p.
1203 850 1276 892 248
1296 850 1500 897 credimus,
1519 850 1623 894 jussit
1641 850 1817 884 trucidari
1840 860 1848 886 z
1871 851 1974 896 cujus
1991 848 2166 883 facinoris

1142 919 1285 942 causam
1310 907 1430 941 noluit
1451 907 1488 940 in
1513 906 1709 941 Axidarcm
1724 933 1732 949 ‚
1753 907 1932 942 Armeniae
1951 905 2164 952 praesectum

1142 964 1150 1013 (
1172 964 1249 1001 vid.
1292 977 1329 1000 v.
1367 962 1554 1013 ἀμφίλογον
1575 962 1585 1010 )
1624 963 1796 999 derivari.
1835 980 1849 993 »
1887 961 2061 1011 Ἀξιδάρην
2094 963 2165 996 Dio

1144 1023 1282 1059 Cassius
1296 1022 1468 1065 LXVIII,
1498 1021 1541 1055 16
1560 1027 1667 1055 vocat
1686 1018 1894 1069 Ἐξηδάρην.
1915 1020 1970 1055 Cf.
2000 1020 2097 1054 idem
2115 1019 2165 1053 ib.

1144 1092 1177 1116 c.
1202 1080 1246 1113 18
1271 1091 1339 1125 sqq

1634 1186 1691 1217 17.

1199 1272 1406 1309 Eustathius
1431 1272 1477 1308 ad
1496 1272 1650 1319 Dionys,
1677 1283 1713 1307 v,
1741 1271 1815 1317 916
1841 1283 1849 1305 ε
1871 1267 2089 1319 Ὕπέρκειται
2115 1270 2174 1312 τῆς

1146 1328 1358 1381 Ἀντιοχείας
1374 1328 1409 1378 μ’
1431 1328 1588 1370 σταδίους
1614 1330 1635 1373 ἡ
1666 1326 1814 1380 ᾀδομένη
1847 1326 1991 1377 Δάφνη,
2018 1325 2174 1362 κατοικία

1148 1388 1209 1437 μὲν
1229 1386 1369 1438 μετρία,
1390 1386 1492 1429 ἄλσος
1520 1385 1555 1423 δὲ
1575 1384 1664 1435 με’γα
1689 1387 1816 1436 ἔχουσα
1837 1383 2037 1435 συνηρεφὲς,
2060 1377 2097 1420 οἷ
2116 1382 2176 1419 κύ-

1146 1447 1225 1488 κλος
1250 1445 1287 1481 π’
1313 1444 1474 1494 σταδίων,
1495 1443 1731 1494 διαρρεόμενον
1758 1441 1916 1491 πηγαίοις
1941 1440 2071 1486 ὕδασιν,
2099 1439 2176 1477 ἔνθα

1148 1501 1394 1553 ἐπανηγύριζον
1422 1503 1453 1540 οἱ
1481 1502 1661 1552 ἐγχώριοι·
1681 1499 1766 1538 ὅπου
1792 1499 1851 1536 καὶ
1876 1498 2013 1547 τέμενος
2040 1497 2175 1535 ἄσυλον.

1148 1561 1317 1612 Ἀρριανὸς
1335 1560 1369 1597 δὲ
1386 1560 1464 1612 περὶ
1484 1559 1610 1596 τούτων
1627 1558 1716 1596 οὕτω
1734 1556 1871 1609 γράφει·
1891 1574 1905 1590 «
1923 1556 1983 1594 Ἐν
1997 1555 2118 1607 Δάφνῃ
2133 1558 2176 1606 τῇ

1148 1618 1231 1668 πρὸς
1251 1618 1442 1669 Ἀντιοχείᾳ
1467 1617 1569 1659 ἄλσος
1598 1632 1630 1654 τι
1653 1617 1741 1667 ἱερὸν
1766 1616 1993 1660 Ἀπόλλωνος,
2011 1614 2070 1651 καὶ
2091 1613 2176 1659 αὐτὴ

1149 1674 1260 1720 ἐκείνη
1283 1674 1391 1725 δάφνη
1415 1673 1605 1719 δείκνυται,
1627 1673 1668 1719 ἥν
1693 1688 1779 1715 τινες
1798 1675 1898 1723 γῆθεν
1921 1673 2083 1722 ἀνασχεῖν
2114 1670 2173 1707 λε’-

1149 1747 1262 1780 γουσιν
1284 1732 1340 1769 ἐπὶ
1366 1735 1409 1783 τῇ
1438 1731 1558 1783 Δάφνῃ
1589 1734 1646 1768 τοῦ
1670 1730 1848 1776 Λάδωνος,
1877 1729 1898 1775 ἢ
1925 1728 2095 1780 φεύγουσα
2117 1727 2174 1765 τὸν

1150 1789 1294 1840 ἐραστὴν
1312 1790 1510 1827 Ἀπόλλωνα
1527 1788 1653 1834 ηὔξατο
1672 1787 1727 1824 τὸν
1746 1787 1811 1824 ὑπὸ
1829 1789 1892 1837 γῆν
1910 1785 2101 1839 ἀφανισμὸν
2118 1785 2178 1822 καὶ

1151 1849 1249 1897 ἔτυχε
1268 1849 1335 1884 τῶν
1352 1848 1476 1897 εὐχῶν,
1501 1863 1515 1880 n

1202 1908 1246 1940 In
1264 1906 1420 1952 Daphne
1435 1906 1503 1940 hac
1520 1904 1695 1950 Trajanus
1713 1902 1888 1938 sacrificia
1904 1903 2065 1950 peregit,
2082 1909 2178 1936 tem-

1150 1965 1327 2012 plumque
1340 1963 1509 1998 condidit
1522 1961 1569 2010 (v.
1580 1963 1710 1997 Malala
1719 1973 1757 2008 p.
1772 1973 1862 2005 272.
1875 1959 1948 2005 275
1961 1959 2022 1996 ed.
2037 1958 2178 2006 Bonn).

1151 2024 1271 2068 Quare
1291 2022 1468 2056 Parthicis
1484 2021 1729 2068 fragmentum
1756 2019 1944 2065 assignavi.
1961 2019 2179 2063 Quanquam

1152 2087 1292 2115 tantum
1309 2092 1385 2113 non
1403 2080 1525 2113 omnia
1547 2091 1627 2125 quae
1647 2090 1692 2112 ex
1714 2077 1862 2112 Arriani
1879 2075 1981 2111 libris
2005 2074 2178 2121 deperdi-

1152 2139 1195 2172 tis
1213 2137 1420 2172 Eustathius
1436 2136 1565 2180 affert,
1589 2147 1634 2170 ex
1661 2134 1861 2181 Bithynicis
1879 2133 2040 2167 historiis
2058 2130 2179 2166 fluxe-

1152 2202 1252 2239 runt,
1283 2202 1393 2241 atque
1425 2194 1534 2229 etiam
1571 2194 1609 2227 in
1639 2193 1748 2227 Ponti
1783 2192 1876 2226 ostio
1911 2191 2067 2236 Daphne
2102 2196 2180 2224 erat

1156 2253 1165 2300 (
1184 2266 1219 2289 v.
1239 2252 1404 2287 Eustath.
1422 2252 1446 2288 l.
1468 2251 1494 2286 l.
1517 2250 1527 2298 )
1548 2263 1556 2285 :
1586 2249 1679 2285 adeo
1700 2256 1741 2284 ut
1765 2255 1890 2283 noster
1910 2258 2061 2294 quoque
2079 2247 2183 2280 locus

1154 2322 1198 2344 ex
1227 2309 1428 2355 Bithynicis
1452 2307 1622 2355 depromi
1652 2306 1838 2354 potuerit,
1868 2305 1933 2339 ubi
1954 2304 2000 2339 de
2030 2303 2182 2338 Pontica

1153 2367 1308 2413 Daphne
1319 2367 1474 2412 loquens
1485 2372 1614 2400 auctor
1625 2365 1733 2400 etiam
1747 2364 1895 2398 alterius
1902 2362 2075 2409 Daphnes
2085 2372 2183 2395 men·

1158 2426 1296 2459 tionem
1316 2423 1495 2469 injecerit.

1155 2534 1315 2572 oporteat,
1330 2541 1393 2562 non
1409 2531 1520 2569 debes,
1547 2539 1616 2562 mea
1641 2529 1769 2569 quidem
1794 2527 1964 2565 sententia,
1983 2526 2141 2558 dubitare.
2169 2537 2184 2551 u

106 2588 252 2619 Chazene
266 2612 274 2626 ‚
290 2591 424 2628 sau-apia
442 2590 481 2620 ad
495 2590 671 2629 Euphatem
687 2591 718 2621 jn
736 2592 972 2630 Mesopotamia,
991 2591 1096 2622 Arria-
1124 2558 1130 2608 l
1197 2583 1344 2613 Arrianus
1358 2582 1389 2612 in
1412 2581 1564 2612 Parthicis
1579 2591 1586 2612 ε
1603 2593 1618 2607 «
1633 2575 1724 2618 Quo'd
1748 2580 1855 2610 autem
1869 2578 1980 2609 attinet
1998 2577 2037 2607 ad
2061 2575 2185 2608 Partha-

66 2646 125 2668 nus
141 2639 359 2670 Parthicorum
375 2641 455 2671 libro
468 2641 590 2671 decimo
603 2641 696 2672 tertio
720 2651 727 2672 :
744 2654 759 2668 «ι
782 2645 815 2673 111
829 2643 888 2673 hac
900 2643 992 2673 Olbia
1004 2643 1097 2673 etiam

68 2689 169 2728 campi
184 2690 345 2722 Chazenes
360 2691 504 2730 satrapioe
518 2691 697 2730 longissime
711 2693 858 2731 porrecti.
878 2706 892 2720 »

556 2747 612 2778 13.

109 2797 244 2829 Vulcani
258 2798 370 2830 insulae
391 2798 578 2831 Adiabenes.
601 2800 755 2831 Arrianus
770 2800 893 2831 decimo
915 2800 1007 2832 tertio
1023 2803 1097 2832 Par-

70 2848 240 2880 thicorum.

554 2905 566 2936 1
577 2905 611 2935 4.

111 2958 192 2986 Acra
205 2955 244 2986 ad
263 2955 431 2995 Tigridem.
449 2957 599 2988 Arrianus
614 2957 737 2988 decimo
750 2959 852 2988 sexto.

112 3006 252 3046 Oratha,
273 3007 349 3037 urbs
365 3010 503 3039 Mesenes
521 3007 560 3038 ad
583 3008 750 3048 Tigridem.
772 3009 922 3040 Arrianus
941 3009 1100 3040 Parthico-

73 3065 142 3087 rum
154 3057 278 3089 'decimo
297 3061 398 3091 sexto.

559 3114 602 3145 15

114 3167 215 3204 111130,
229 3167 306 3198 urbs
320 3168 400 3198 inter
427 3167 617 3206 Euphratem
634 3169 666 3199 et
682 3167 839 3208 Tigridem
862 3168 932 3200 sita.
949 3170 1102 3201 Arrianus

73 3216 195 3247 decimo
214 3218 346 3257 septimo
370 3218 598 3249 Parthicorum.

557 3273 613 3305 16.

118 3324 265 3355 Arrianus
298 3336 304 3355 :
335 3338 348 3352 «
376 3327 458 3362 Quin
480 3328 584 3358 autem
606 3327 771 3358 Axidarem
795 3328 950 3360 Armeniae
972 3337 1101 3368 praeesse

1157 2634 1306 2664 masii-um
1319 2657 1327 2672 ‚
1346 2633 1425 2663 hanc
1441 2640 1504 2662 non
1523 2640 1589 2663 esse
1610 2630 1737 2663 Axidari
1749 2654 1758 2669 ,
1772 2629 1826 2661 sed
1839 2638 1929 2660 suam
1949 2628 2045 2667 ipsius
2060 2628 2185 2658 senten-

1157 2685 1244 2715 tiam.
1262 2685 1318 2715 Ille
1334 2684 1416 2714 enim
1437 2692 1536 2723 quum
1553 2683 1690 2723 primum
1705 2682 1804 2722 pactis
1819 2690 1882 2712 non
1903 2680 2042 2719 steterit,
2067 2679 2188 2710 debitas

1158 2745 1228 2766 eum
1246 2744 1353 2776 poenas
1371 2734 1474 2765 luisse.
1504 2747 1518 2760 »

1643 2804 1697 2834 17.

1199 2868 1315 2900 Stadiis
1335 2868 1542 2908 quadraginta
1564 2875 1657 2906 supra
1681 2865 1878 2897 Antiochiam
1901 2865 1960 2896 sita
1982 2863 2029 2894 est
2058 2860 2187 2892 celebris

1157 2922 1207 2953 illa
1218 2919 1482 2959 Daphne,modici
1496 2918 1634 2950 ambitus
1647 2919 1751 2949 locum
1766 2915 2011 2948 habitationibus
2026 2915 2090 2944 suis
2105 2920 2186 2942 com-

1158 2970 1352 3009 prehendens
1364 2994 1372 3009 ‚
1386 2969 1439 3001 sed
1456 2977 1604 3008 magnum
1618 2969 1735 2999 habens
1756 2969 1862 2999 lucum
1881 2966 2081 3000 umbrosum,
2101 2963 2186 2992 octo-

1158 3021 1243 3060 ginta
1259 3020 1432 3052 stadiorum
1445 3020 1565 3050 ambitu
1577 3044 1585 3059 ‚
1598 3020 1733 3050 fontium
1746 3019 1836 3058 aquis
1847 3017 2008 3055 irrigatum
2019 3038 2027 3052 ‚
2044 3012 2094 3043 ubi
2111 3013 2186 3042 festa

1158 3071 1297 3102 solennia
1314 3071 1466 3110 indigente
1482 3070 1654 3101 celebrant.
1676 3070 1797 3101 Ibidem
1811 3069 1905 3100 etiam
1926 3067 2032 3097 sanum
2055 3064 2100 3094 est
2115 3070 2185 3100 asy-

1160 3122 1235 3152 lum.
1249 3121 1397 3153 Arrianus
1409 3121 1448 3152 de
1462 3121 1507 3151 his
1520 3121 1694 3152 itascribit:
1708 3132 1723 3146 «
1734 3119 1872 3159 Daphnae
1886 3124 1980 3157 prope
1990 3112 2184 3146 Antiochiam

1160 3173 1249 3203 lucus
1261 3175 1307 3203 est
1322 3173 1456 3212 Apollini
1470 3181 1570 3210 sacer,
1590 3173 1686 3210 atque
1699 3171 1750 3202 illa
1763 3171 1830 3210 ipsa
1850 3170 1957 3199 laurus
1979 3164 2183 3200 monstratur,

1160 3234 1255 3264 quam
1269 3225 1413 3257 nonnulli
1427 3234 1444 3256 e
1456 3226 1538 3256 terra
1551 3224 1700 3264 prodiisse
1713 3223 1821 3253 dieunt
1831 3222 1861 3251 in
1876 3220 2024 3250 honorem
2041 3214 2185 3253 Daphnes

1160 3277 1294 3308 Ladonis
1319 3276 1407 3314 tiliae,
1424 3286 1495 3316 qum
1517 3276 1692 3315 Apollinem
1708 3282 1816 3305 amore
1841 3272 1907 3310 ejus
1927 3270 2052 3308 captum
2069 3266 2186 3304 fugiens

1161 3328 1268 3360 subter
1282 3330 1398 3360 terram
1416 3327 1571 3362 abscondi.
1581 3327 1705 3366 precata
1719 3324 1846 3363 votique
1859 3328 1985 3360 compos
1998 3319 2077 3349 sacta
2099 3316 2148 3347 sit.
2169 3328 2184 3341 υ
