2338 3765
955 154 1281 194 FRAGMENTA.

58 256 116 287 νην
140 242 177 291 ἐφ
180 234 286 276 ’ὧν
272 238 456 289 ετύγχανεν
472 237 656 309 ἀνθρώπιον
678 254 753 280 τους
769 253 806 288 γε
827 238 959 282 νεανίας
977 240 1053 290 (4)
1035 255 1084 277 ον-

58 314 128 340 τας.
143 297 413 345 Πυνθανομένων
430 296 485 334 δ’
470 296 608 334 εκείνων
620 297 678 334 καὶ
693 296 740 339 τίς
751 297 931 347 γενήσεται
948 299 1090 367 τρόπος,

58 359 153 392 εἶπεν
171 357 215 397 ὡς
229 353 323 392 οὐδὲν
344 353 412 405 χρὴ
430 353 588 424 κΜάμνειν,
611 355 687 391 ἀλλ’
706 354 902 398 ἀναὸάντας
923 355 1005 408 πρὸς
1023 358 1088 393 αὖ·

57 413 118 458 τὴν
141 412 196 449 ἐπι
227 411 377 464 κορυφὴν
403 414 462 448 τοῦ
492 411 606 463 ὄρους,
630 411 767 449 ἐπειδὰν
797 413 895 456 αὐτὸς
922 414 1089 470 κελεύσῃ,

59 465 148 521 (εἶχε
163 468 197 507 δε
209 469 338 515 ταύτην
354 468 414 513 τὴν
433 469 650 520 ἐπιμέλειαν)
670 471 768 507 ὠθεῖν
787 470 892 516 αὐτὴν
910 471 968 508 ἀπ’
985 471 1089 524 ᾀκρου

56 531 101 571 εἷς
115 528 158 566 τὰ
172 527 278 566 κάτω.
300 527 369 565 Και
384 529 413 564 οι
433 526 493 576 μὲν
508 531 617 564 ταῦτα
638 544 715 565 συνε
702 528 753 565 c'50
742 544 812 565 -ντο
831 529 1029 572 καιπίστεις
1048 531 1072 581 (5
1077 532 1087 580 )

55 587 177 624 ἔδοσαν
210 585 372 631 ἀλλήλοις
405 585 461 621 ἐπί
491 600 579 628 τινος
614 588 716 637 ἱεροῦ.
747 585 876 637 Ἔτυχε
908 587 943 624 δὲ
983 588 1088 624 κατό-

55 648 154 682 πισθε
173 647 232 681 τοῦ
256 646 372 694 βωμοῦ
391 642 469 680 ἔνθα
487 642 696 680 συνετίθεντο
712 642 795 696 ἀνὴρ
816 645 935 690 Μῆδος
956 645 1089 682 ἀναπε-

57 701 203 744 πτωκὼς
224 701 283 738 καὶ
312 700 426 737 πάντα
454 699 602 748 ἀκούων,
633 700 666 744 ὃς
698 702 771 739 ἐπεὶ
792 701 934 753 ᾔσθετο,
956 701 1091 753 γράψας

55 760 146 797 ἅπαν
167 761 212 802 εἷς
232 758 390 811 διφθέραν
411 758 607 811 Σεμιράμει
636 758 767 808 πέμπει
786 760 840 797 διά
860 775 961 802 τινος.
987 759 1032 798 ‘H
1055 759 1090 797 δὲ

55 819 247 866 ἀναγνοῦσα
264 820 306 868 τῇ
328 817 489 868 ὑστεραίᾳ
511 818 564 854 ἐπ’
590 816 695 868 ἄκρου
716 821 774 854 τοῦ
801 818 897 870 ὄρους
918 818 1090 855 ἀναδιδα-

54 875 188 923 σαμένη
216 876 316 912 καλεῖ
344 875 420 918 τοὺς
452 874 586 913 ’Όννεω
618 875 744 917 παῖδας
774 876 833 913 καὶ
861 875 1036 913 κελεύει’”ὃ’
1057 893 1090 914 τι

53 933 174 979 δήποτ’
196 931 396 981 ἐννοουμένη
419 931 462 982 (6)
485 931 575 977 ἥκειν
596 932 845 982 ὡπλισμένους.
863 933 965 971 Koa&
984 936 1089 972 Σατι·

53 990 161 1042 ὅάρας
185 989 315 1041 χαίρων
336 990 412 1032 τοὺς
432 990 626 1033 νεανίσκους
642 990 779 1040 μετῄει,
796 993 841 1034 ὡς
858 993 900 1041 (7)
923 991 988 1028 ὕπὸ
1014 995 1087 1029 θεοῦ

52 1050 258 1100 ὀρθουμένης
288 1047 402 1099 σφίσιν
428 1050 488 1093 τῆς
513 1047 684 1099 πράξεως,
705 1047 823 1094 ἐπειδὴ
854 1049 1089 1098 ὡπλισμένους

52 1106 173 1149 αὐτοὺς
193 1109 214 1151 ἡ
236 1105 351 1156 μήτηρ
377 1105 503 1143 ἐκάλει.
534 1106 763 1158 Ἀφικομένων
791 1106 847 1156 δὲ,
876 1111 1089 1156 μεταστῆναι

51 1164 106 1201 τὸν
129 1165 289 1214 εὐνοῦχον
305 1164 499 1201 κελεύσασα
523 1163 718 1214 Σεμίραμις
738 1165 776 1216 (8)
795 1164 887 1214 λέγει
912 1165 995 1216 πρὸς
1009 1165 1085 1207 τοὺς

312 1215 332 1223 ω

51 1222 258 1264 νεανίσκους·
279 1240 294 1254 «
318 1222 364 1259 Ὠ
386 1223 494 1258 καλοῦ
516 1223 666 1270 κάγαθοῦ
687 1222 815 1274 πατρὸς
835 1222 936 1259 κακοὶ
956 1224 1087 1269 παῖδες,

51 1279 83 1318 οἳ
102 1279 293 1322 πεισθέντες
314 1279 380 1317 ὑπὸ
397 1283 505 1317 κακοῦ
527 1279 646 1316 δούλου
674 1280 779 1331 μητρὶ
804 1284 847 1332 τῇ
873 1283 1003 1318 ἑαυτῶν
1029 1282 1087 1318 002-

50 1354 150 1375 νατον
172 1336 442 1385 ἐδουλεύσασθε,
469 1339 514 1380 ὡς
542 1337 602 1385 ἐμὲ
634 1339 673 1387 (9)
699 1338 828 1375 ἐνθένδε
858 1337 965 1376 ὤσετε
992 1339 1087 1391 παρὰ

52 1399 135 1433 θεῶν
151 1395 194 1433 τὰ
214 1395 322 1447 κράτη
350 1395 496 1446 ἔχουσαν
511 1410 518 1417 ·
538 1396 614 1431 ἀλλ’
644 1395 700 1440 ἥδ’
725 1397 783 1445 (10)
814 1399 895 1445 ὑμῖν
924 1396 1012 1447 ἐγώ·
1031 1396 1088 1434 καί

50 1469 92 1504 με
110 1453 199 1491 κατὰ
215 1457 370 1503 κρημνοῦ
388 1454 445 1503 (11)
462 1454 558 1490 τοῦδε
579 1454 696 1490 ὠθεῖτε
708 1483 717 1500 ,
734 1453 790 1490 ἵνα
808 1453 848 1499 δὴ
866 1454 963 1497 κλέος
978 1454 1087 1506 ἔχοιτε

52 1513 133 1563 πρὸς
148 1512 354 1563 ἀνθρώπων,
371 1511 430 1549 καὶ
450 1511 663 1562 βασιλεύοιτε
681 1512 872 1556 κτείναντες
888 1512 949 1558 τήν
964 1529 1000 1550 τε
1018 1529 1086 1563 μη-

48 1571 130 1623 τέρα
143 1572 338 1619 Σεμίραμιν
356 1571 414 1607 καὶ
431 1568 561 1608 Νινύαν
574 1569 629 1606 τὸν
649 1569 792 1622 ἀδελφόν
805 1570 877 1622 (12).
895 1588 909 1604 »
928 1571 1086 1619 Ἔδημη-

48 1628 173 1680 γόρησε
196 1628 279 1679 πρὸς
299 1627 507 1679 Ἀσσυρίους.
536 1627 664 1673 Ζήτει
689 1629 728 1665 ἐν
751 1630 807 1679 τῷ
831 1629 934 1681 Περὶ
954 1630 999 1675 δη
1011 1644 1085 1678 μη-

48 1703 70 1738 γ
79 1703 95 1724 ο
106 1702 122 1738 ρ
133 1689 215 1725 τῶν.

549 1797 586 1832 ὅ.

103 1926 189 1959 Exc.
220 1923 270 1958 De
291 1924 375 1959 virt.
403 1919 488 1959 “Ort
509 1922 805 1973 Σαρδανάπαλλος

47 1980 280 2025 ἐὸασίλευσεν,
302 1980 369 2016 ἀπό
389 1995 425 2016 τε
443 1979 547 2018 Νίνου
568 1980 626 2017 καὶ
647 1980 875 2032 Σεμιράμεως
896 1981 956 2027 τὴν

47 2039 139 2076 λείαν
156 2036 452 2089 παραδεξάμενος,
472 2035 605 2082 οἴκησιν
632 2037 720 2088 ἔχων
746 2041 779 2076 ἐν
798 2038 912 2089 Νίνῳ,
932 2040 1024 2076 ἔνδον
1047 2039 1084 2076 τὸ

835 1923 876 1974 (1)
899 1923 1083 1975 Ἀσσυρίων

981 1986 1082 2032 βασι-

47 2097 186 2146 σύμπαν
217 2097 250 2132 έν
271 2100 339 2136 τοῖς
366 2094 550 2146 βασιλείοις
571 2096 769 2146 διατρίὸων,
799 2096 914 2134 ὅπλων
935 2097 996 2145 μὲν
1020 2099 1083 2148 οὐχ

47 2154 258 2203 ἁπτόμενος,
279 2154 348 2190 οὐδ’
371 2152 426 2189 ἐπὶ
456 2152 562 2203 θήραν
583 2154 624 2203 (2)
652 2153 760 2200 ἐξιὼν,
789 2153 906 2205 ὥσπερ
927 2157 956 2192 οἱ
973 2155 1082 2192 πάλαι

2 2257 6 2259 4
47 2214 218 2264 βασιλεῖς,
237 2210 456 2262 ἐγχριόμενος
475 2210 511 2247 δὲ
529 2210 568 2247 τὸ
585 2211 768 2263 πρόσωπον
785 2213 844 2249 καὶ
862 2213 938 2255 τοὺς
953 2215 1081 2265 ὀφθαλ-

46 2269 128 2318 μοὺς
159 2269 456 2321 ὑπογραφόμενος,
490 2269 573 2320 πρός
590 2285 625 2306 τε
655 2269 716 2312 τὰς
743 2271 957 2313 παλλακίδας
979 2272 1080 2321 ἁμιλ-

44 2327 194 2374 λώμενος
208 2325 285 2378 περὶ
304 2326 450 2368 κάλλους
464 2325 522 2363 καὶ
541 2327 733 2375 ἐμπλοκῆς,
750 2327 789 2364 τό
805 2343 840 2365 τε
861 2327 1001 2378 σύμπαν
1018 2344 1079 2378 γυ-

44 2383 182 2436 ναικείῳ
201 2384 276 2430 ἤθει
302 2383 491 2435 χρώμενος.
523 2383 626 2422 Κατὰ
646 2384 681 2421 δὲ
705 2384 747 2422 τὰ
767 2386 930 2438 πρότερον
961 2403 1078 2424 συντε-

43 2441 218 2492 ταγμένα,
240 2441 295 2479 ἐπὶ
323 2441 382 2485 τὰς
402 2441 505 2493 θύρας
534 2444 627 2494 αὐτῷ
647 2446 810 2494 παρῆσαν
840 2443 874 2481 οἵ
897 2460 933 2481 τε
953 2446 992 2481 ἐκ
1011 2447 1078 2482 τῶν

45 2500 157 2537 ἄλλων
178 2503 281 2538 ἐθνῶν
302 2499 496 2552 σατράπαι,
517 2499 654 2550 ἄγοντες
675 2500 734 2544 τὰς
757 2504 795 2552 (3)
822 2501 1000 2553 εἰρημένας
1021 2503 1078 2540 δυ-

42 2558 177 2606 νάμεις,
197 2559 255 2596 καὶ
284 2558 325 2604 δὴ
346 2557 515 2610 Ἀρὸάκης
533 2561 550 2596 ὁ
568 2558 699 2604 Μήδων
720 2559 892 2612 ὕπαρχος,
914 2560 1000 2612 ἀνὴρ
1021 2560 1078 2598 τόν

35 2631 78 2659 ,τε
101 2616 172 2666 βίον
189 2616 346 2668 σώφρων,
366 2617 426 2654 καὶ
447 2618 674 2668 πραγμάτων,
696 2619 724 2654 εἰ
745 2618 786 2664 δή
807 2634 856 2661 τις
877 2618 995 2665 ἄλλος,
1016 2619 1078 2669 ἔμ-

42 2689 177 2726 πειρος,
207 2674 429 2725 τετριμμένος
457 2691 493 2712 τε
522 2677 554 2712 ἐν
579 2676 791 2726 κυνηγεσίοις
810 2676 868 2714 καὶ
896 2677 1075 2726 πολέμοις,

43 2732 100 2769 καὶ
127 2732 239 2770 πολλὰ
272 2732 333 2782 μὲν
362 2733 472 2771 πάλαι
500 2735 640 2783 γενναῖα
662 2734 941 2786 ἐξειργασμένος,
964 2734 1074 2773 πλείω

2105 167 2176 197 3Ῑ17

1162 247 1401 285 quijuventulis
1421 250 1697 290 lloreprastarent.
1716 253 1938 289 Quaerentibus
1949 252 2025 291 illis,
2037 261 2183 293 quamam

1158 308 1237 338 ratio
1265 310 1379 347 negotii
1406 311 1512 343 sutura
1535 315 1632 352 esset,
1658 315 1734 346 nibil
1760 324 1952 356 magnopere
1977 315 2184 347 laborandum

1151 381 1218 404 esse
1233 375 1405 414 respondit,
1422 376 1475 406 sed
1489 378 1615 415 quando
1628 379 1667 409 ad
1683 382 1814 411 matrem
1835 382 1866 412 in
1881 390 2033 412 cacumen
2049 382 2166 412 montis
2177 406 2184 420 ,

1151 435 1217 475 ipso
1231 439 1405 468 arccssente
1419 438 1517 477 (banc
1530 441 1613 471 enim
1624 452 1732 474 curmn
1743 444 1800 475 sibi
1813 445 2047 485 mandaverat),
2059 445 2184 476 adscen-

1151 499 1272 538 deriut,
1288 510 1357 531 eam
1371 500 1409 532 de
1423 510 1546 533 summa
1559 514 1634 543 rupe
1654 506 1683 536 in
1698 508 1888 545 profundum
1900 509 2069 541 detrudere
2080 510 2182 549 jussit.

1151 565 1197 593 De
1221 563 1268 594 his
1290 564 1383 603 igitur
1405 565 1486 596 inter
1507 576 1560 598 eos
1586 571 1755 610 convenit,
1779 572 1937 612 iidemque
1956 575 2014 605 sibi
2040 576 2184 606 mutuam

1151 627 1306 659 dederuut
1319 628 1358 658 ad
1376 629 1482 660 sanum
1497 630 1667 669 quoddam.
1684 634 1806 666 Accidit
1817 638 1922 668 autem
1936 639 1971 668 ut
1985 647 2064 678 pone
2076 648 2162 670 aram
2175 664 2183 678 ‚

1152 691 1206 722 ubi
1229 692 1456 732 conjurabant,
1484 694 1532 725 vir
1554 696 1664 727 Medus
1685 699 1871 731 recumbens
1898 702 2000 732 omnia
2024 703 2184 735 audiisset.

1152 763 1231 797 Quae
1244 761 1295 792 ille
1308 763 1337 793 in
1348 764 1567 796 membranam
1578 765 1727 806 inscripta
1738 776 1792 807 per
1804 771 1950 801 nuntium
1962 772 1998 802 ad
2011 773 2185 804 Semirami-

1151 828 1222 859 dem
1246 831 1430 869 perferenda
1447 835 1582 865 curavit.
1598 837 1676 866 Haec
1696 846 1789 875 vero,
1811 838 1897 869 lectis
1911 841 2023 879 literis,
2039 842 2185 881 postridie

1151 896 1182 927 in
1202 905 1354 929 cacumen
1377 901 1493 931 montis
1514 910 1650 941 egressa,
1681 903 1761 934 filios
1784 907 1884 936 Onnis
1900 907 2045 940 advocari
2071 919 2186 950 eosque

1150 973 1206 1004 pro
1217 974 1273 997 suo
1286 967 1380 1006 ipsius
1393 969 1523 1000 consilio
1533 970 1672 1009 quodam
1684 973 1822 1003 armatos
1830 975 2085 1015 accederejubet..
2102 981 2185 1010 Gau-

1150 1030 1371 1071 densjuvenes
1391 1035 1553 1066 arcessivit
1579 1037 1755 1077 Satibaias,
1773 1039 1861 1077 quasi
1880 1041 2008 1071 numine
2029 1042 2185 1083 inceptum

1149 1100 1332 1140 adjuvante,
1348 1103 1498 1142 quoniam
1513 1105 1651 1135 armatos
1665 1105 1767 1136 mater
1778 1106 1885 1137 adesse
1899 1108 2005 1139 vellet.
2022 1110 2081 1141 Ubi
2095 1110 2185 1141 adve-

1150 1169 1283 1208 nerant,
1301 1170 1482 1201 Semiramis
1496 1171 1681 1202 eunuchum
1699 1173 1849 1204 facessere
1863 1174 1972 1213 jubet,
1988 1176 2019 1206 et
2038 1176 2077 1206 ad
2090 1176 2185 1214 juve-

1150 1244 1204 1266 nes
1218 1243 1250 1265 se
1270 1236 1457 1267 convertens
1471 1260 1479 1275 ‚
1497 1249 1510 1262 1(
1528 1239 1554 1268 Ο
1570 1238 1665 1276 patris
1679 1238 1790 1278 optimi
1803 1263 1811 1277 ,
1830 1239 1950 1279 inquit,
1975 1240 2028 1270 lilii
2043 1242 2185 1280 pessimi,

1149 1301 1203 1340 qui
1217 1310 1234 1332 a
1256 1302 1368 1332 misero
1382 1311 1473 1333 servo
1496 1304 1677 1342 persuaderi
1700 1305 1791 1336 vobis
1817 1307 1896 1345 passi
1923 1307 2018 1346 estis,
2036 1310 2072 1339 ut
2095 1309 2185 1339 matri

1149 1369 1263 1398 vestrae
1280 1377 1390 1399 necem
1405 1377 1440 1399 ex
1458 1369 1575 1400 insidiis
1592 1371 1738 1409 parantes
1752 1371 1824 1401 binc
1842 1381 1892 1403 me
1907 1372 2082 1411 dejicere-tis
2093 1398 2100 1412 ,
2115 1384 2187 1413 qum

1149 1434 1281 1465 deorum
1295 1435 1393 1474 gratia
1408 1437 1500 1466 nacta
1518 1445 1589 1467 sum
1607 1436 1785 1476 imperium.
1815 1439 1920 1478 Agite,
1935 1439 2002 1478 jam
2028 1450 2099 1472 ecce
2116 1444 2183 1473 me!

1151 1502 1190 1532 de
1208 1511 1285 1542 rupe
1304 1503 1361 1533 bac
1376 1502 1448 1534 date
1462 1504 1656 1543 prrccipitem
1668 1529 1676 1543 ‚
1691 1505 1727 1536 ut
1741 1505 1871 1545 gloriam
1889 1506 1932 1537 sic
1946 1508 2028 1547 apud
2045 1508 2187 1541 homines

1149 1570 1237 1601 vobis
1245 1570 1433 1610 comparetis
1444 1572 1539 1611 atque
1551 1571 1766 1604 Semiramidis
1783 1574 1891 1605 matris
1900 1575 2072 1615 Ninyaeque
2085 1577 2186 1608 fratris

1149 1637 1234 1668 caede
1248 1647 1379 1677 regnum
1394 1638 1570 1671 obtineatis.
1594 1653 1607 1666 υ
1626 1640 1743 1671 Deinde
1767 1640 1805 1671 ad
1822 1641 1963 1681 Assyrios
1983 1642 2078 1673 verba
2098 1643 2182 1673 fecit.

1158 1703 1235 1734 Vide
1252 1706 1412 1744 excerpta
1432 1707 1479 1736 Dc
1497 1706 1722 1738 concionibus.

1650 1804 1685 1836 8.

1190 1927 1433 1967 Sardanapallus
1448 1929 1644 1967 Assyriorum
1660 1938 1728 1967 rex,
1742 1930 1796 1969 qui
1809 1939 1826 1960 a
1841 1930 1921 1962 Nino
1932 1931 1963 1961 et
1978 1932 2183 1963 Semiramide

1151 2005 1204 2036 per
1221 1997 1332 2027 seriem
1350 1997 1585 2028 successionum
1603 2007 1732 2038 regnum
1747 1999 1884 2038 accepit,
1903 2000 2025 2031 assidue
2040 2001 2120 2032 intra
2132 2010 2183 2041 pa-

1147 2066 1256 2096 latium
1271 2066 1300 2095 in
1313 2065 1390 2096 urbe
1403 2066 1482 2096 Nino
1495 2066 1638 2105 degebat,
1654 2075 1756 2106 neque
1773 2076 1861 2098 arma
1877 2070 2013 2099 tractans
2029 2078 2180 2109 unquam,

1144 2144 1201 2166 nec
1214 2137 1361 2166 venatum
1375 2135 1535 2174 egrediens
1548 2144 1636 2166 more
1646 2136 1843 2176 superiorum
1858 2146 1978 2176 regum,
1995 2138 2049 2169 sed
2063 2139 2078 2169 s
2077 2140 2178 2170 aciem

1146 2204 1257 2235 liniens
1270 2229 1278 2243 ‚
1296 2205 1392 2243 atque
1406 2204 1514 2235 oculos
1529 2205 1656 2244 pingens
1673 2206 1703 2235 et
1720 2214 1791 2236 cum
1807 2206 1971 2245 pellicibus
1983 2206 2022 2238 de
2038 2208 2137 2238 forma
2150 2210 2182 2239 et

1146 2282 1246 2304 comae
1263 2273 1493 2312 compositione
1510 2274 1704 2305 contendens
1716 2299 1724 2313 ‚
1743 2283 1932 2314 prorsusque
1953 2275 2097 2307 muliebri
2119 2276 2180 2307 dis-

1149 2342 1248 2373 fluens
1265 2342 1408 2372 mollitie.
1425 2344 1496 2373 Jam
1511 2352 1551 2373 ex
1568 2351 1656 2373 more
1668 2342 1875 2382 institutoque
1886 2344 2040 2382 maJ‘orum
2054 2345 2093 2375 ad
2108 2354 2180 2385 por-

1144 2412 1193 2442 tas
1216 2411 1322 2451 palatii
1344 2410 1476 2441 aderant
1499 2411 1732 2450 provinciarum
1755 2411 1898 2442 omnium
1920 2413 2054 2451 satrapae
2075 2413 2180 2452 copias

1147 2474 1214 2505 illas
1224 2498 1233 2513 ,
1248 2484 1327 2513 quas
1340 2474 1495 2511 diximus,
1510 2474 1720 2513 adducentes3
1735 2483 1815 2514 quos
1826 2475 1907 2506 inter
1919 2476 2054 2507 Arbaces
2069 2476 2179 2507 Mediae

1145 2541 1312 2580 praefectus
1323 2565 1331 2579 ‚
1362 2541 1410 2571 vir
1439 2541 1587 2579 singulari
1612 2541 1837 2580 temperantia,
1863 2550 2032 2581 rerumque
2057 2552 2114 2573 usu
2141 2553 2177 2573 ai:

1139 2609 1328 2641 dexteritate
1345 2608 1428 2639 baud
1445 2609 1564 2648 vulgari
1580 2609 1749 2648 proeddus,
1767 2610 1866 2648 atque
1883 2610 1913 2641 iu
1933 2612 2098 2642 venatibus
2111 2612 2176 2644 bel-

1138 2676 1238 2715 lisque
1258 2676 1449 2707 exercitatus
1472 2689 1479 2707 ε
1497 2677 1549 2716 qui
1579 2686 1679 2716 quum
1703 2677 1804 2707 multa
1828 2677 1962 2708 antebac
1983 2679 2110 2709 strenue
2130 2679 2174 2709 t'e—

1139 2741 1231 2772 cisset
1244 2766 1252 2780 ‚
1268 2743 1335 2772 111111
1352 2751 1426 2773 vero
1442 2742 1546 2772 adbuc
1566 2742 1685 2781 majora
1704 2744 1809 2774 animo
1825 2743 1973 2782 agitabat.
2000 2745 2057 2775 l-lic
2076 2753 2175 2784 (pium

46 2843 130 2879 13,4
155 2842 184 2872 :'

42 2888 180 2926 ἠφάνισε.
210 2889 346 2927 Syncell.
366 2898 394 2927 p.
410 2891 467 2927 64,
494 2891 539 2926 B;
566 2889 682 2920 Justin.
703 2892 733 2927 1,
759 2894 786 2920 2.
810 2891 891 2921 Vide
906 2891 1019 2922 Ctesiae
1037 2892 1075 2923 sr.
1094 2901 1124 2931 p.
1149 2897 1198 2923 25.
1213 2909 1254 2914 —-
1270 2894 1299 2922 4.
1317 2892 1370 2930 ἐφ’
1402 2891 1445 2921 ὧν

187 2842 396 2882 Επιλεγομένη
411 2843 441 2873 δὲ
460 2846 521 2873 τῶν
538 2847 734 2883 στρατιωτῶν
748 2845 816 2879 τοὺς
830 2845 994 2885 εὐπρεπείᾳ
1016 2846 1210 2885 διαφέροντας
1222 2868 1229 2882 ,
1243 2845 1361 2880 τούτοις
1375 2846 1517 2885 ἐμίσγετο
1531 2869 1538 2882 ,
1558 2847 1608 2875 καὶ
1632 2846 1746 2881 πάντας
1760 2848 1828 2882 τοὺς
1846 2847 1921 2887 αὐτῇ
1945 2848 2173 2883 πλησιάσαντα.-

1522 2893 1608 2927 τούς
1636 2903 1675 2929 γε
1699 2894 1874 2933 νεανίας]
1898 2893 1945 2933 ὑφ’
1963 2895 2044 2924 ὧν.
2071 2895 2171 2929 ‘ro-3365

41 2935 158 2970 νεανίας
185 2934 295 2966 codex.
320 2935 436 2972 Quodsi
456 2935 572 2966 codicis
586 2936 682 2967 verba
705 2938 789 2968 recte
812 2937 945 2976 liabent,
973 2939 1177 2969 statuendum
1195 2939 1275 2969 soret
1294 2939 1364 2977 post
1383 2938 1460 2972 Τοὺς
1482 2938 1512 2968 δὲ
1535 2938 1671 2975 νεανίας,
1691 2939 1779 2977 plura
1797 2940 1968 2977 excidisse;
1991 2941 2022 2970 et
2039 2942 2158 2979 λιχνευο

42 2982 133 3021 μένην
154 2989 244 3011 sensu
269 2982 391 3020 passivo
411 2982 517 3013 deberi
544 2983 682 3022 intelligi.
711 2986 913 3023 Quamquam
939 2994 1002 3015 non
1025 2988 1091 3016 tam
1108 2985 1246 3024 appetita
1268 2993 1334 3014 esse
1356 2993 1453 3023 quam
1476 2985 1663 3023 appetivisse
1681 2986 1862 3016 Semiramis
1880 2995 1959 3016 anus
1982 2987 2109 3017 dicitur.
2132 3005 2169 3010 —-

41 3031 72 3058 5.
86 3027 257 3067 πίστεις]
275 3028 375 3064 πίστις
398 3028 509 3060 codex.
523 3046 564 3051 -—
584 3034 612 3060 6.
634 3032 779 3061 Arinates
802 3030 909 3061 adesse
926 3030 1071 3069 jusserit,
1089 3040 1125 3062 eo
1139 3031 1270 3062 consilio
1284 3033 1319 3061 ut
1342 3039 1455 3061 coram.
1465 3032 1595 3070 Assyriis
1619 3032 1738 3063 diceret
1754 3033 1849 3062 armis
1867 3033 2036 3064 instructos
2055 3034 2094 3063 ad
2110 3043 2166 3063 cae·

41 3073 112 3104 dem
129 3073 224 3112 ipsius
246 3074 306 3104 buc
325 3075 512 3106 ascendisse.
532 3093 572 3098 —
592 3079 620 3107 7.
645 3077 774 3116 μετῄει
795 3076 862 3116 ὡς]
880 3079 1024 3117 μετηειὼς
1041 3077 1111 3107 cod.
1138 3097 1178 3103 —
1199 3083 1226 3108 8.
1246 3079 1320 3107 κελ.

42 3119 111 3150 cod.
126 3130 165 3145 -·-
194 3124 237 3150 10.
262 3121 314 3156 ἥδ’
327 3120 364 3160 ]
358 3120 392 3151 ιδ’
404 3144 412 3159 ,
439 3121 557 3160 absque
582 3123 733 3160 accentu,
751 3122 862 3153 codex.
878 3123 1081 3162 Subiutelliee
1095 3123 1356 3164 noipeipzveltale
1370 3124 1457 3162 quid.
1485 3125 1533 3155 Cf.
1552 3133 1581 3154 v
1598 3133 1625 3154 c.
1650 3125 1788 3155 llerodot
1820 3128 1948 3163 1,11Γ»
1942 3150 1948 3156 .

1350 3079 1369 3095 v

1349 3088 1432 3117 ,εμπ
1449 3077 1458 3116 ]
1473 3079 1639 3108 κελεύσασε
1660 3079 1781 3118 μίραμις
1804 3080 1873 3110 eod.
1898 3100 1937 3105 —
1958 3084 1985 3110 Ε).
2009 3080 2094 3119 ἐμὲ]
2117 3082 2167 3118 μὲν

1974 3127 2007 3155 lli
2028 3126 2069 3155 ὧν
2090 3126 2167 3160 ἄξιος

26 3175 91 3200 ,τευ
112 3169 210 3196 κακοῦ
233 3167 313 3205 εἰμὶ,
339 3167 388 3197 ὅοε
407 3178 452 3198 τοι
475 3168 609 3208 πάρειμι.
637 3189 669 3194 -
699 3173 746 3199 11
767 3169 958 3209 κρημνου]
980 3173 1106 3210 κριμνοῦ
1127 3175 1180 3201 τοι)
1200 3171 1336 3202 δεωθεῖτε
1354 3171 1465 3201 codex
1492 3189 1528 3193 —
1550 3176 1595 3202 12.
1615 3173 1666 3202 τὸν
1683 3172 1770 3203 ἀδελ
1761 3172 1828 3212 ον]
1852 3174 1901 3203 τὸν
1923 3172 1948 3202 δ’
1971 3173 2061 3202 aaran
2080 3172 2108 3201 ἑο
2098 3173 2163 3210 Tw-

42 3211 105 3240 κτλ.
127 3208 238 3242 codex.
257 3213 358 3243 locus
377 3214 520 3245 mutilus.

82 3261 112 3289 8.
140 3258 585 3299 0011.ιιιιιηιεηεχοιωῑ),
601 3266 617 3292 ’2,
633 3280 669 3283 —-
688 3266 722 3293 18
739 3271 804 3293 vso.
819 3266 898 3299 Quae
916 3264 945 3293 11.
961 3264 980 3293 1.
997 3264 1028 3294 et
1045 3264 1218 3302 fragmento
1235 3264 1333 3296 91'1ise
1346 3267 1560 3302 exponuntur,
1577 3265 1684 3303 paucis·
1700 3264 1815 3295 indicat
1837 3264 1960 3295 Diodor.
1978 3266 2016 3299 ΙΙ,
2031 3266 2078 3299 23,
2099 3268 2123 3293 1-
2140 3266 2162 3293 i.

43 3322 81 3328 --
98 3308 123 3335 1.
140 3305 371 3344 Σαρδαναπάλος
385 3306 484 3338 codex
502 3306 532 3337 li.
548 3307 568 3338 1.
585 3327 623 3333 -
639 3314 666 3339 2.
689 3310 730 3345 θη
741 3321 783 3349 pm
794 3310 829 3349 ν]
847 3310 935 3349 θύραν
956 3310 1065 3341 codex.
1078 3330 1114 3335 --
1132 3317 1159 3342 3.
1175 3322 1190 3340 τ
1202 3322 1240 3345 ας

1259 3309 1486 3350 εἰρημένας]
1504 3310 1553 3344 τάς
1572 3310 1601 3341 τε
1617 3312 1667 3350 εἰρ4
1692 3311 1800 3341 codex.
1821 3310 1931 3348 Possis,
1950 3309 2047 3339 τάσδε,
2074 3310 2161 3339 Orela
