2338 3765
119 167 192 198 432

115 246 176 291 τὴν
195 245 330 295 μακρὰν
357 246 431 282 ὁδὸν
454 248 496 295 (a)
510 275 519 292 ,
545 245 705 295 σύνεγγύς
721 262 755 284 τε
773 242 814 293 ἦν
833 249 1002 299 Καίσαρι,
1024 251 1141 287 διαπε·

113 302 324 352 πολεμηκότι
342 303 406 349 ἤδη
428 303 484 340 τὸν
501 303 685 352 σύμπαντα
704 307 852 355 πόλεμον
868 308 901 343 ἐν
918 309 1021 355 μησὶν
1043 309 1141 346 ἑπτά.

166 362 232 398 ΧΙ.
231 361 469 433 ΜἈφικόμενος
487 361 514 398 δ’
540 364 584 404 εἷς
606 364 823 414 Ταρρακῶνα
853 365 1013 402 ἀπιστίαν
1034 367 1141 417 παρέ-

115 434 209 470 σχεν,
227 418 319 462 ὅπως
339 420 494 470 ἀφικοιτο
516 422 549 457 ἐν
570 422 699 473 τοσῳδε
715 423 869 472 πολέμου
885 424 1042 475 ταράγι).
1065 426 1144 475 Οὐχ

111 475 217 526 εὑρὼν
238 476 304 513 δε
292 479 346 514 ἐντ
351 480 436 514 αυθοι
456 478 642 530 Καισαρα,
667 480 775 516 πλείω
794 480 894 517 πόνον
912 481 970 518 καὶ
992 482 1063 518 κίνο
1067 497 1142 518 υνον

111 537 222 584 εῑγεν·
241 535 380 586 ἀφίκετο
400 535 434 572 δὲ
453 537 498 579 εἷς
522 535 678 587 Ιὸηρίαν
699 537 783 588 πρὸς
802 538 966 590 Καίσαρα
986 555 1062 590 περι
1079 540 1143 576 πό-

112 593 163 628 ὶιν
188 593 394 630 Καλπίανι
370 595 394 643 (1
399 594 423 643 ).
447 593 518 632 Καὶ
547 596 563 631 ὁ
592 593 652 644 μὲν
673 599 727 632 οἱα
741 595 856 633 τέκνον
869 596 1066 647 περιὸαὶων
1089 598 1142 648 (2),

108 647 162 685 διά
191 665 226 686 τε
265 650 303 687 τὸ
333 655 497 688 νοσοῦντα
529 652 813 690 καταλελοιπέναι
843 654 901 691 καὶ
933 657 971 692 ἐκ
1007 657 1143 692 πολὶων

105 707 279 756 πολεμίων
299 708 358 745 καὶ
376 709 572 760 λῃστηρίων
595 711 891 761 περισεσωσμένον
912 714 992 763 ὁρᾶν
1017 713 1143 759 ἀδοκή-

105 779 186 810 τως,
204 765 391 815 ἠσπάζετο,
407 766 466 803 καὶ
481 768 615 817 οὐδαμῆ
631 768 752 817 μεθίει,
773 770 966 818 ὁμοδίαιτον
984 786 1019 807 τε
1038 765 1139 821 εἶχεν·

105 822 257 873 sitifim*
239 825 269 859 ο’
290 825 394 861 αὐτου
415 826 458 874 (3)
478 825 537 862 καὶ
557 823 617 871 τὴν
636 826 876 876 ἔπιμέλειαν’
855 840 928 876 αυα
944 827 1002 864 καὶ
1024 844 1127 865 συντα

105 894 157 915 σιν
183 882 240 930 (4),
270 883 315 924 ὡς
341 897 475 932 πρωτος
502 885 568 920 τῶν
591 885 628 921 ἐκ
649 900 710 930 της
733 884 832 934 Ῥώυ
834 902 873 931 ης
896 885 967 929 εἶξε)
970 887 1022 931 ηλ·
1017 886 1142 923 υΟότων

101 940 198 983 ἡκεν.
220 938 406 989 Ἐπιμεὶὲς
429 941 459 977 δ’
482 940 522 992 (5)
548 943 693 980 ἐποιεῖτο
712 943 795 994 πρὸς
817 943 917 980 αὐτον
942 945 971 980 δι
977 944 1143 994 αλεγόμε-

102 1010 154 1037 νος
173 996 235 1033 ὑπὲ
241 1012 258 1048 ρ
276 999 445 1035 πολλων’
428 1000 635 1050 ανακρίνειν,
658 1000 936 1052 ἀποπειρώμενος
959 1004 1061 1039 αὐτου
1081 1005 1141 1047 τῆς

102 1053 264 1097 διανοίας,
285 1054 399 1107 ‘Opffiv
423 1057 456 1094 δὲ
473 1057 634 1109 εὕστογον
656 1058 713 1095 καὶ
736 1058 910 1095 ευσύνετον
933 1061 990 1096 καὶ
1010 1063 1140 1110 βραχυ-

101 1110 215 1161 λόγον,
239 1113 326 1150 αὐτά
344 1130 381 1151 τε
399 1116 667 1167 ἀποκρινόμενον
688 1117 730 1153 τὰ
752 1116 982 1168 καιριώτατα,
1004 1117 1142 1169 ἔστεργε

100 1169 158 1206 καὶ
173 1172 446 1222 ὗπερησπάζετο.
465 1174 530 1212 Ἕκ
546 1176 666 1211 τούτου
683 1176 780 1212 πλεῖν
798 1174 863 1212 ἔδει
885 1175 940 1211 ἐπὶ
958 1177 1141 1227 Καρχηδό-

100 1243 170 1270 νος·
191 1229 407 1280 προσταχθὲν
426 1231 455 1267 δ’
475 1232 568 1283 αὐτῷ
588 1232 763 1281 ε’μῧαίνειν
783 1235 828 1276 εἷς
848 1232 909 1279 τὴν
926 1233 1031 1279 αὐτὴν
1051 1234 1139 1271 Καί-

99 1301 179 1336 σαρι
199 1290 280 1323 ναῧν
307 1287 366 1324 σὺν
387 1287 487 1325 πέντε
513 1290 658 1336 δούλοις,
683 1291 783 1333 αὐτὸς
807 1292 872 1328 ὑπὸ
895 1293 1141 1361 φιλοστοργίας

97 1342 157 1380 καὶ
171 1350 259 1395 τρεῖς
276 1344 429 1396 ἑταιρους
442 1346 524 1397 πρὸς
543 1352 612 1389 τοῖς
630 1348 758 1388 δουλοις
775 1350 825 1385 ἐνε
830 1348 970 1386 οίέασε’
992 1349 1050 1386 καὶ
1068 1351 1138 1387 ἐδε-

99 1400 182 1448 δίει,
203 1401 252 1451 μὴ
272 1406 373 1440 τοῦτο
389 1403 486 1453 γνοὺς
508 1407 680 1456 Καῖσαρ’
667 1421 767 1455 επιμε
761 1406 911 1455 almaro.
932 1408 1137 1444 ’Ῑούναντίον

98 1458 128 1495 δ’
150 1458 299 1508 ἐγένετο·
318 1459 406 1505 ἡσΟη
430 1462 496 1533 γὰρ
524 1463 647 1505 ἐκεῖνος
668 1464 724 1500 ἐπὶ
748 1480 795 1500 τω
816 1468 900 1500 εἰναι
927 1464 1136 1516 φιλέταιρον7

99 1516 159 1553 καὶ
182 1516 357 1567 ἐπῃνεσεν,
392 1518 442 1556 ότι
471 1520 524 1557 ἀεὶ
558 1521 719 1593 βούλεται
748 1529 908 1573 παρεῖναι
940 1525 1032 1560 αὐτοι
1060 1540 1137 1566 τους

97 1573 237 1612 πάντων
255 1575 406 1620 ἐπόπτας
431 1579 533 1627 ἐσομε
526 1578 612 1621 ’νους
639 1579 762 1631 ἀνδρας
790 1580 848 1617 καὶ
874 1582 995 1631 ἀρετῆς
1015 1583 1134 1630 ἐπιμε-

95 1632 296 1680 λουμενους,
316 1634 476 1684 πρόνοιάν
494 1652 529 1672 τε
547 1637 584 1674 οὔ
603 1637 728 1688 μικρὰν
748 1641 901 1688 χρηστῆς
922 1638 976 1675 δοζ
963 1655 1017 1684 ης
1039 1641 1071 1676 ἐν
1093 1643 1134 1690 τῇ

95 1690 233 1742 πατρίδι
251 1692 317 1737 ἤδη
334 1694 477 1730 ποιοῖτο.

147 1750 235 1787 XII.
263 1743 351 1787 ῗΗκε
372 1751 400 1787 δ’
429 1755 485 1788 οὖν
506 1754 550 1794 εἰς
581 1752 643 1798 τὴν
671 1754 882 1805 Καργηοόνα
913 1757 1108 1805 Καῖσαρ,“
1092 1772 1136 1798 ως

93 1811 163 1848 τοῖς
180 1809 364 1858 χρῃζουσιν
383 1810 493 1847 ἐντευῖ
481 1810 627 1859 όμενος.
646 1812 777 1849 Πολλοὶ
793 1812 827 1849 δὲ
848 1814 946 1850 συνελ
949 1812 1132 1862 ηὶύθεσαν,

94 1866 124 1900 οἱ
152 1865 213 1912 μὲν
238 1867 466 1910 ὃικαιοοοσίας
496 1868 597 1920 ’χάριν
619 1870 697 1920 περὶ
726 1873 772 1907 ὡν
806 1874 898 1922 εἰ-[ον
930 1870 1132 1923 ἀμφιὸόὶων

92 1923 177 1995 πρός
192 1939 304 1971 τινας,
321 1926 351 1961 οἱ
379 1924 413 1962 δε
434 1927 627 1976 οἰκονομίας
648 1930 846 1976 πολιτικῆς,
869 1931 898 1966 οἱ
921 1930 949 1966 δ’
974 1929 1065 1972 ὅπως
1092 1930 1131 1967 ἂν

92 1980 135 2017 τὰ
157 1975 243 2018 ἆθλα
266 1999 332 2019 των
353 1985 664 2035 ἠνδραγαθημένων
692 1986 812 2025 λαὸοιε
799 2003 853 2023 cv·
883 1987 961 2038 περὶ
988 2004 1034 2025 ων
1056 1987 1107 2025 ἐνέ
1112 2012 1131 2017 -

93 2055 194 2090 τυγεν
213 2041 267 2090 (1).

92 2099 354 2149 Προσφεύγουσι
385 2100 425 2152 (2)
456 2105 505 2154 τῷ
533 2103 686 2156 Καίσαρι
706 2104 763 2141 καὶ
793 2103 976 2143 Ζακύνθιοι
997 2105 1129 2155 μεγάλα

290 2040 407 2079 Άλλοι
428 2059 461 2080 τε
479 2047 540 2094 ἡγε
546 2044 644 2093 μόνες
667 2046 821 2083 πλεῖστοι
842 2062 918 2083 συνε
923 2045 1127 2091 ληλυθεσαν.

92 2156 295 2206 ἐγκλήματα
313 2158 464 2209 ἔχοντες,
485 2161 543 2197 καὶ
564 2161 716 2210 δεόμενοι
738 2163 905 2212 βοηθείας.
929 2163 973 2201 ‘0
994 2163 1029 2200 δὲ
1049 2164 1126 2201 τού-

90 2229 157 2250 των
176 2215 329 2266 προῦστη
343 2233 405 2265 -τε,
427 2220 484 2255 καὶ
502 2219 691 2271 διαλεχθεὶς
712 2220 835 2271 ἄριστα
859 2221 942 2272 πρὸς
967 2222 1129 2273 Καίσαρα

90 2273 123 2308 ἐν
145 2277 280 2326 φανερῷ
311 2275 372 2325 (3),
393 2279 459 2313 τῶν
487 2293 524 2314 τε
554 2279 671 2315 αἰτιῶν
699 2277 818 2320 αὐτοὺς
847 2279 1045 2326 ἀπήλλαξε,
1071 2279 1129 2316 καὶ

90 2330 315 2383 προῦπεμψεν
341 2333 393 2369 ἐπ’
415 2333 508 2371 οἴκου
540 2335 724 2384 ’ἡδομένους
749 2352 784 2373 τε
805 2337 864 2373 καὶ
892 2338 975 2388 πρὸς
994 2338 1128 2380 πάντας

948 2396 1128 2433 Ἐντεῦθεν

89 2446 210 2483 πολλοι
241 2447 418 2499 συνέρρεον
443 2452 656 2500 προστασίας
682 2467 716 2488 οε
720 2453 859 2502 damet,
887 2457 934 2495 οἱς
965 2455 1128 2490 πλείστου

90 2501 179 2545 ἄξιος
209 2505 406 2554 (ενόμενος,
433 2523 500 2543 των
516 2524 572 2580 ’Ῐμ
567 2524 592 2544 ν
624 2508 734 2546 διέλυε
760 2511 802 2546 τὰ
827 2510 1004 2560 ἔνιμὶημτα
995 2527 1047 2559 α,
1084 2514 1131 2554 οἷς

90 2561 119 2596 δ’
135 2563 249 2612 ᾐτεῖτο
263 2578 348 2614 οωρε
353 2580 409 2611 ας,
427 2565 480 2607 οὒς
495 2568 523 2602 ο’
536 2568 579 2608 εἰς
598 2567 706 2637 ἀρῖας
718 2571 861 2619 προῆίε.
884 2569 1048 2611 Πάντες
1034 2585 1068 2605 τε
1090 2570 1129 2618 (5)

90 2618 154 2654 ἀνὰ
177 2620 288 2669 στόμα
314 2625 404 2672 εἰγον
431 2623 492 2668 τ-ίν
507 2639 542 2660 τε
571 2626 610 2673 (6)
634 2626 831 2676 ἧμεροτητα
850 2642 908 2663 και
937 2629 995 2678 ιρι)
1000 2629 1126 2677 ανΟρι)-

91 2388 222 2425 αὐτὸν(
210 2393 409 2437 υμνοῧντας,
427 2407 496 2428 σωτ
485 2393 565 2442 ἦρά
580 2409 615 2430 τε
630 2394 856 2442 ὀνομάζοντας
875 2396 901 2445 (4
887 2397 930 2441 4).

907 164 1110 203 NICOLAI
1141 166 1247 204 ΒΑΜ
1257 167 1433 206 ASCtiNt

1204 266 1277 296 sus,
1304 260 1430 291 tandem
1460 261 1541 292 liaud
1561 263 1670 301 procul
1696 264 1806 294 castris
1827 265 1974 295 avunculi
2000 267 2161 306 pervenit,
2180 268 2235 308 qui

1205 316 1330 355 quidem
1347 320 1465 357 septem
1484 319 1642 350 mensibus
1657 320 1776 351 bellum
1789 322 1853 360 Jam
1873 331 1967 354 omne
1983 324 2173 357 confecerat.

1245 375 1299 405 XI.
1325 377 1535 407 Tarraconem
1552 377 1715 417 ingressus,
1735 379 1941 411 admiratione
1954 389 2064 413 omnes
2080 383 2233 423 perculit,

1204 445 1341 475 quonam
1362 440 1452 477 pacto
1466 439 1497 469 in
1516 441 1605 470 tanto
1625 440 1780 471 bellorum
1801 442 1942 473 tumultu
1958 443 2148 477 advenisset.
2171 449 2235 479 Nec

1205 501 1311 530 tamen
1327 500 1456 531 invento
1469 500 1512 531 ibi
1523 501 1681 533 avunculo
1693 526 1701 541 ,
1714 503 1857 542 pluribus
1869 504 2030 537 laboribus
2041 515 2078 538 ac
2090 509 2238 547 periculis

1203 562 1399 593 conflictatus
1413 564 1477 601 est,
1494 563 1685 603 tandemque
1700 566 1897 598 avunculum
1914 567 1945 598 in
1956 568 2103 608 Hispania
2115 579 2237 602 assecu-

1204 626 1255 655 tus
1268 627 1314 657 est
1333 626 1416 656 circa
1429 626 1541 657 urbem
1564 627 1716 666 Calpiam.
1735 629 1774 659 At
1788 631 1905 669 coesar,
1925 631 1980 670 qui
1993 639 2066 662 eum
2081 635 2237 673 aegrotum

1204 688 1288 719 domi
1318 689 1507 729 reliquerat,
1527 698 1626 728 quum
1655 691 1779 722 salvum
1796 700 1836 723 ex
1853 692 1991 724 hostium
2015 703 2053 725 ac
2077 695 2237 727 latronum

1204 750 1320 782 insidiis
1352 751 1510 791 insperato
1541 752 1678 792 videret,
1714 755 1867 794 tanquam
1899 755 1997 787 filium
2029 758 2176 798 amplecti
2201 768 2238 791 ac
2267 757 2269 759 ’

1203 814 1375 846 deosculari
1392 815 1495 854 coepit.
1511 817 1620 855 Neque
1637 824 1713 847 vero
1726 825 1799 848 eum
1822 817 2001 850 dimittebat
2017 829 2169 861 usquam,
2184 822 2238 853 sed

1203 878 1325 909 assidue
1335 878 1366 908 in
1376 879 1471 908 contu
1477 877 1585 909 bernio
1596 878 1743 918 habebat,
1753 879 1966 921 laudabatque
1975 883 2042 921 eJus
2050 883 2237 916 industriam

1203 940 1296 971 simul
1319 942 1350 971 et
1366 941 1616 980 festinationem,
1639 941 1724 981 quod
1741 942 1862 982 primus
1877 952 2007 984 eorum,
2023 946 2076 985 qui
2099 946 2139 978 ab
2161 947 2240 979 urbe

1204 1004 1335 1043 protecti
1350 1006 1462 1042 erant,
1486 1004 1645 1044 affuisset,
1665 1014 1802 1045 eumque
1823 1006 1862 1038 de
1883 1008 1991 1040 multis
2014 1009 2107 1041 rebus
2128 1010 2238 1042 sedulo

1202 1064 1435 1102 interrogabat,
1454 1073 1518 1103 quo
1532 1064 1645 1103 ingenii
1661 1073 1698 1095 ac
1712 1064 1820 1104 judicii
1837 1066 2012 1105 periculum
2035 1067 2162 1099 faceret.
2177 1069 2238 1100 Sed

1202 1131 1300 1162 quum
1317 1130 1460 1161 sagacem
1479 1124 1510 1153 et
1529 1123 1688 1153 sollertem
1704 1131 1741 1153 ac
1764 1123 1878 1154 modici
1899 1124 2052 1156 sermonis
2073 1134 2171 1165 eaque
2186 1135 2238 1157 so-

1202 1182 1268 1211 lum
1279 1204 1288 1218 ‚
1304 1190 1375 1220 quae
1388 1180 1427 1211 ad
1442 1190 1508 1211 rem
1522 1181 1700 1220 pertinent,
1717 1181 1957 1221 respondentem
1971 1183 2237 1224 deprehenderet,

1203 1239 1300 1277 magis
1315 1248 1352 1269 ac
1369 1239 1466 1278 magis
1484 1239 1570 1269 illum
1586 1239 1618 1270 in
1630 1239 1696 1270 dies
1710 1240 1849 1271 amabat.
1869 1241 1951 1271 llinc
1961 1250 2060 1280 quum
2077 1242 2239 1283 Carthagi·

1201 1306 1273 1328 nem
1299 1298 1510 1337 navigandum
1537 1299 1635 1337 esset,
1659 1298 1764 1337 jussus
1788 1299 1820 1329 in
1844 1299 1993 1330 avunculi
2020 1309 2135 1331 navem
2163 1309 2237 1332 cum

1200 1356 1340 1395 quinque
1355 1356 1480 1386 famulis
1495 1356 1724 1395 conscendere,
1739 1358 1802 1388 tres
1820 1361 1973 1396 praeterea
1989 1357 2111 1389 sodales
2128 1367 2236 1390 secum

1200 1412 1343 1444 adduxit.
1370 1416 1416 1444 Ac
1440 1413 1608 1444 verebatur
1633 1414 1782 1454 quidem,
1808 1424 1848 1446 ne
1873 1415 1912 1446 ab
1932 1416 2093 1447 avunculo
2116 1417 2236 1448 sactum

1200 1471 1351 1502 resciente
1367 1470 1609 1510 objurgaretur3
1628 1472 1682 1503 sed
1699 1473 1790 1512 longe
1802 1473 1893 1504 aliter
1917 1483 1965 1505 res
1989 1474 2119 1514 cecidit,
2137 1475 2236 1515 siqui-

1198 1528 1268 1560 dem
1290 1539 1327 1560 ea
1353 1539 1387 1561 re
1409 1530 1584 1561 delectatus
1607 1532 1713 1562 Caesar
1730 1530 1879 1570 juvenem
1905 1532 2045 1564 laudavit
2069 1542 2128 1573 eo,
2149 1533 2235 1573 quod

1198 1588 1321 1619 sodales
1342 1588 1483 1627 diligeret
1502 1590 1533 1619 et
1558 1589 1668 1620 virtuti
1691 1598 1728 1620 ac
1744 1589 1834 1621 bonis
1857 1590 1978 1622 artibus
1999 1590 2124 1622 deditos
2140 1593 2236 1623 testes

1201 1647 1345 1676 onmium
1362 1647 1517 1677 sactorum
1531 1655 1638 1678 secum
1653 1647 1769 1679 habere
1784 1657 1906 1688 semper
1921 1644 2032 1688 vellet,
2047 1651 2142 1689 atque
2158 1651 2236 1690 opti·

1199 1713 1284 1734 mam
1299 1704 1357 1735 sibi
1375 1705 1490 1735 samam
1504 1705 1586 1744 apud
1608 1706 1693 1736 cives
1705 1715 1889 1746 comparare
1906 1708 2044 1738 multum
2059 1708 2212 1740 studeret.

1238 1765 1307 1795 XII.
1331 1766 1469 1795 Venerat
1491 1765 1716 1804 Carthaginem
1745 1766 1959 1806 (Hispanioe)
1985 1768 2093 1798 Caesar
2116 1776 2174 1806 eo,
2202 1769 2237 1799 ut

1196 1823 1386 1855 adeuntibus
1399 1824 1522 1864 copiam
1543 1825 1590 1855 sui
1604 1824 1777 1864 praeberet;
1793 1834 1830 1856 ac
1848 1827 1998 1865 permulti
2016 1835 2054 1858 eo
2074 1835 2233 1858 convene·

1196 1886 1266 1914 rant
1283 1884 1396 1923 partim
1411 1884 1639 1923 jurisdictionis
1659 1894 1754 1916 causa
1770 1885 1811 1916 ob
1828 1886 1964 1925 privatas
1986 1886 2235 1924 controversias,

1194 1947 1309 1986 partim
1328 1946 1369 1977 ob
1388 1947 1513 1986 negotia
1528 1947 1654 1986 publica
1664 1958 1673 1986 ;
1695 1947 1843 1986 quidam,
1859 1949 1895 1979 ut
1909 1949 2039 1988 praemia
2055 1948 2182 1981 virtutis
2199 1957 2236 1980 ac

1195 2011 1345 2050 przeclare
1363 2010 1517 2041 sactorum
1540 2011 1738 2050 acciperent:
1755 2011 1794 2041 de
1808 2011 1856 2042 liis
1870 2012 1964 2050 igitur
1980 2012 2085 2043 aditus
2104 2012 2165 2043 illis
2178 2011 2234 2043 da-

1193 2073 1259 2104 bat.
1276 2073 1368 2104 Multi
1384 2076 1539 2112 praeterea
1551 2074 1602 2104 alii
1617 2075 1713 2105 duces
1727 2074 1758 2105 in
1776 2083 1848 2106 earn
1868 2075 1980 2107 urbem
2004 2071 2231 2106 confluxerant.

1193 2139 1274 2168 Tum
1304 2136 1486 2175 Saguntini,
1517 2136 1570 2176 qui
1600 2137 1747 2167 maximis
1771 2137 1956 2169 criminibus
1980 2135 2172 2174 urgebantur
2201 2135 2234 2165 et

1193 2200 1310 2231 auxilio
1326 2209 1406 2239 opus
1419 2200 1595 2240 habebant,
1614 2200 1654 2231 ad
1669 2201 1837 2232 Octavium
1851 2199 2081 2239 confugerunt3
2098 2198 2150 2238 qui
2165 2206 2232 2229 sus-

1193 2266 1283 2304 cepta
1297 2265 1435 2304 ipsorum
1450 2273 1546 2295 causa
1562 2273 1660 2304 quum
1674 2265 1777 2304 palam
1791 2264 1875 2304 apud
1889 2266 2044 2296 Caesarem
2059 2262 2230 2308 prudenter

1191 2327 1410 2366 disseruisset,
1431 2337 1484 2359 eos
1500 2327 1654 2367 impositis
1670 2327 1855 2359 criminibus
1869 2325 2016 2358 liberavit
2038 2326 2190 2365 laetosque
2203 2327 2232 2356 et

1191 2399 1352 2430 praecones
1368 2390 1499 2421 laudum
1525 2399 1655 2421 suarum
1674 2399 1711 2421 ac
1735 2391 1928 2421 servatorem
1951 2388 2150 2429 appellantes
2173 2388 2231 2419 do-

1196 2462 1283 2483 mum
1299 2453 1428 2483 dimisit.
1457 2452 1576 2483 Exinde
1593 2453 1772 2491 complures
1787 2451 1950 2491 patrocinii
1974 2459 2069 2481 causa
2088 2449 2127 2480 ad
2142 2449 2232 2480 illum

1192 2523 1400 2552 concurrere,
1425 2514 1540 2554 quibus
1566 2514 1752 2545 industriam
1779 2522 1868 2544 suam
1888 2512 2074 2553 approbavit
2083 2522 2092 2551 ;
2115 2511 2231 2551 quippe

1193 2574 1270 2604 alios
1287 2573 1452 2604 calumniis
1467 2574 1499 2603 et
1520 2572 1791 2603 criminationibus
1820 2571 1991 2608 liberabat,
2014 2570 2082 2602 aliis
2101 2570 2230 2610 praemia

1194 2631 1402 2671 impetrabat,
1423 2631 1492 2661 aliis
1508 2631 1725 2670 magistratus;
1743 2630 1874 2670 proinde
1890 2632 1957 2662 erat
1971 2629 2003 2660 in
2015 2637 2070 2660 ore
2085 2628 2229 2659 omnium

89 2745 181 2784 plevi.
197 2764 237 2769 —
253 2750 287 2778 3.
315 2748 365 2779 Cf.
391 2750 560 2780 Suetonius
581 2753 693 2781 octav.
716 2755 732 2782 8
750 2765 756 2782 :
782 2753 975 2790 Profectum
993 2762 1073 2784 mooe
1097 2754 1309 2784 civunculum
1324 2755 1357 2784 in
1373 2754 1561 2792 Hispanias
1575 2751 1738 2784 adversus
1759 2754 1818 2784 Cn.
1839 2751 1985 2791 Pompeji
2002 2750 2144 2786 liberos,
2169 2752 2230 2781 vix

89 2794 160 2823 lum
172 2792 302 2832 firmus
320 2803 341 2825 (ι
361 2798 458 2834 pravi
480 2797 698 2835 valetudine,
719 2807 780 2838 per
797 2800 939 2838 infestas
956 2800 1111 2830 hostibus
1134 2803 1208 2832 vias
1221 2823 1229 2837 ,
1245 2802 1463 2839 paucissumis
1479 2799 1673 2837 conatibus,
1693 2799 1877 2839 nausrayio
1894 2801 2001 2830 etiam
2017 2798 2136 2837 saeco,
2153 2797 2228 2829 sub-

90 2841 244 2876 secutus,
265 2849 467 2881 maqnoperc
491 2843 672 2878 (immeruit,
692 2846 884 2884 approbata
908 2848 974 2877 cilo
997 2848 1102 2877 etiam
1125 2854 1258 2876 morum
1282 2846 1394 2877 indole
1416 2854 1518 2885 super
1540 2847 1673 2877 itineris
1694 2846 1916 2877 industriam.
1944 2845 2084 2884 Vellejus
2108 2846 2154 2883 ll,
2176 2847 2227 2883 29,

91 2890 107 2916 2
128 2897 135 2915 :
154 2886 296 2924 (Caesar
313 2890 512 2927 Octavium)
529 2889 653 2921 dilexit
668 2893 707 2921 ιιι
720 2900 838 2926 snum,
860 2894 1048 2932 natumque
1063 2901 1172 2924 annos
1194 2894 1311 2930 XVII,
1328 2894 1565 2931 Hispaniensis
1580 2892 1735 2930 vizilitz'ae,
1751 2892 1951 2923 adsecutum
1967 2900 2018 2928 se,
2042 2893 2162 2931 postea
2177 2900 2226 2923 co-

88 2933 204 2963 mitem
220 2933 342 2963 habuit
355 2957 363 2971 ‚
381 2943 560 2974 nunquam
577 2939 639 2967 (ιιιι
655 2937 837 2969 attonsum
860 2939 1004 2978 hospilio
1026 2948 1130 2979 quam
1155 2947 1233 2976 suo,
1250 2941 1313 2969 aut
1331 2939 1402 2969 alio
1416 2941 1546 2969 veclum
1561 2938 1726 2969 vehiculo.
1740 2938 1787 2969 cf.
1804 2938 1863 2969 Dio
1876 2939 1963 2969 Cass.
1978 2939 2076 2969 XLlll
2089 2961 2098 2976 ‚
2113 2939 2163 2968 41.

130 2980 188 3016 Xl,
216 2982 242 3009 l.
263 2980 461 3020 Καλπίαν]
485 2981 597 3011 Strabo
619 2984 678 3020 lll,
695 2992 724 3022 p.
752 2986 806 3013 tto
825 2985 951 3020 Κάλπην
974 2985 1061 3016 dicit.
1089 2986 1185 3016 Plura
1207 2984 1246 3014 de
1264 2984 1311 3014 liis
1336 2984 1517 3015 nominibus
1538 2983 1680 3023 disputat
1696 2984 1841 3014 Valesius
1859 2983 1947 3014 adli.
1975 2984 2016 3022 l.,
2034 2992 2106 3023 quae
2126 2984 2228 3023 legere

88 3025 183 3054 etiam
203 3026 249 3055 est
267 3025 350 3064 apud
368 3026 564 3057 llolstenium
584 3027 622 3058 ad
641 3029 748 3068 Stepli.
769 3032 839 3068 liyz.
862 3040 891 3061 v.
912 3031 1034 3061 Κάλπαι
1053 3033 1084 3061 et
1102 3030 1258 3070 Καρπηία.
1275 3048 1312 3052 -
1339 3036 1365 3061 2.
1386 3029 1623 3070 περιὸαλὼν]
1646 3031 1811 3069 Valesius;
1829 3031 2000 3071 περιλαὸὼν
2021 3033 2053 3062 et
2073 3039 2148 3061 mox
2172 3042 2224 3061 νο-

88 3073 222 3101 στοῦντα
242 3080 298 3110 pro
311 3075 460 3102 νοσοῦντα
472 3097 480 3110 ,
494 3074 604 3104 codex.
621 3094 660 3099 —
675 3078 702 3105 3,
717 3076 853 3116 αὐτοῦ]
868 3077 1027 3116 Valesius,
1046 3078 1136 3109 αὐτόν
1161 3077 1272 3109 codex.
1288 3095 1328 3102 —
1341 3080 1371 3108 4.
1388 3089 1406 3107 σ
1417 3078 1434 3108 o
1445 3090 1460 3107 ν
1471 3089 1488 3108 τ
1499 3089 1547 3107 ασ
1560 3089 1568 3107 ι
1579 3076 1613 3116 ν]
1631 3078 1742 3116 Coray.
1758 3088 1767 3115 ;
1785 3077 1906 3108 σύνεσιν
1926 3077 2037 3108 codex.
2055 3095 2092 3101 —
2105 3081 2134 3108 5.
2151 3079 2221 3108 Par-

89 3117 217 3148 ticulam
234 3118 265 3148 δὲ
282 3117 320 3148 de
335 3126 392 3148 suo
410 3119 531 3150 addidit
551 3121 704 3151 Valesius.

129 3165 199 3201 ΧΠ,
223 3169 249 3194 1.
266 3164 461 3204 ἐνέτυχεν·
482 3166 588 3196 ἄλλοι
601 3165 610 3205 ]
625 3169 750 3205 Coray.;
766 3167 879 3207 ἔτυχεν.
900 3169 998 3199 ἄλλων
1013 3169 1124 3200 codex.
1141 3172 1181 3201 Οἱ
1193 3171 1223 3201 δὲ
1235 3171 1300 3209 περὶ
1314 3170 1356 3200 ὧν
1371 3170 1474 3209 ἔτυχεν
1488 3170 1586 3200 ἄλλων
1598 3169 1682 3199 ἄλλοι
1693 3179 1736 3207 τε,
1754 3170 1819 3199 κτλ.
1832 3169 1936 3200 Vates.
1948 3173 2024 3200 —2.
2037 3169 2218 3210 προσφεύ-

88 3221 200 3249 γουσι
215 3210 226 3250 ]
247 3211 408 3250 Valesius3
435 3215 636 3252 προσφέρουσι
657 3214 726 3244 cod.
745 3231 786 3236 -
800 3219 828 3244 3.
853 3216 1019 3255 φανερῷ]
1038 3217 1105 3246 Vat.
1120 3228 1128 3254 ;
1147 3220 1273 3256 φανεροῦ
1291 3216 1349 3246 cod
1377 3233 1419 3238 —
1432 3219 1461 3246 4.
1481 3216 1521 3246 ὀν
1533 3227 1549 3246 0
1561 3227 1581 3255 μ
1592 3215 1662 3251 άζο
1673 3227 1687 3245 ν
1698 3214 1788 3255 τας]
1806 3217 1939 3254 Coray.;
1959 3216 2133 3255 νομίζοντας
2151 3215 2220 3247 cod·

90 3275 127 3278 —
143 3262 171 3288 f).
190 3257 304 3288 πάντε
315 3269 327 3292 ς
349 3258 405 3298 τε]
417 3258 524 3295 πάντες
537 3270 570 3289 τε
586 3270 618 3290 τε
635 3260 704 3290 cod.
717 3277 756 3282 —
770 3266 799 3291 ὓ.
812 3262 878 3298 τήν
891 3273 907 3291 τ
918 3272 964 3292 ε...
978 3273 996 3301 φ
1009 3274 1016 3292 ι
1028 3263 1043 3292 J
1054 3274 1072 3292 α
1083 3275 1098 3293 ν
1109 3265 1123 3293 θ
1133 3275 1158 3304 ρ.
1172 3264 1182 3303 ]
1198 3263 1357 3301 valesius;
1377 3263 1427 3299 τής
1443 3263 1516 3301 (sic)
1532 3273 1563 3292 τε
1577 3261 1748 3301 ἡμερότητα
1762 3262 1996 3302 φιλανθρωπίαν.
2014 3262 2114 3293 Possis
2128 3261 2222 3293 etiam

91 3304 143 3334 τήν
157 3315 187 3334 τε
202 3308 254 3341 τῆς
269 3304 452 3344 ἡμερότητος
474 3306 708 3346 φιλανθρωπίαν.
