2289 3728
591 237 1053 324 POLEMO
1113 236 1604 324 ILIENSIS.
1685 337 1687 341 ι

94 587 222 623 Suidas
258 598 265 619 :
299 582 467 631 Πολέμων
505 580 696 631 Εὐηγέτου,
730 581 851 623 Ἰλιεὺς
873 582 931 631 (Ἴ,
953 580 1072 629 κώμης

44 643 208 684 Γλυκείας
235 641 367 689 ὄνομα,
397 639 557 685 Ἀθήνησι
590 638 625 676 δὲ
651 639 974 690 πολιτογραφηθεὶς,
1002 638 1073 688 [διὸ

43 700 253 752 ἐπεγράφετο
274 696 524 747 ἹΞλλαδικός,]
543 699 560 734 ὃ
577 697 711 741 κληθεὶς
730 695 960 748 περιηγητὴς,
979 698 1070 732 icto·

42 759 144 810 ρικός.
182 756 303 806 Γέγονε
333 755 424 792 κατὰ
455 755 511 792 τὸν
546 756 762 802 Πτολεμαῖον
796 753 850 790 τὸν
881 753 1071 803 Ἰῖπιςρανῆ·

40 817 130 853 κατὰ
164 815 198 852 δὲ
228 812 483 859 Ἀσκληπιάδην
519 812 575 849 τὸν
606 811 806 862 Μυρλεανὸν
839 810 1072 860 συνεχρόνισεν

41 872 267 925 Ἀριστοφάνη
290 874 338 922 τῷ
362 872 595 921 γραμματικῷ
615 869 673 906 καὶ
699 869 856 913 διήκουσε
879 869 917 919 (3⁸)
939 867 996 904 καὶ
1015 870 1072 903 τοῦ

40 931 175 970 ζΡοδίου
198 929 403 968 Παναιτίου.
421 927 582 979 ’Ἔγραψε
609 927 822 977 Περιήγησιν
846 925 949 963 Ἰλίου
965 927 996 961 ἐν
1017 927 1072 975 βι-

43 989 149 1031 ὅλίοις
163 988 194 1038 γ’
207 1020 215 1034 ,
236 987 372 1030 Κτίσεις
386 989 453 1023 τῶν
470 988 503 1023 ἐν
528 985 665 1024 Φωκίδι
685 985 816 1021 πόλεων
842 983 901 1019 καὶ
921 983 997 1032 περὶ
1015 984 1074 1026 τῆς

43 1047 125 1095 πρὸς
159 1045 351 1090 Ἀθηναίους
384 1043 579 1093 συγγενείας
610 1042 736 1086 αὐτῶν,
779 1041 913 1082 Κτίσεις
944 1042 1009 1076 τῶν
1040 1041 1074 1076 ἐν

47 1105 167 1154 Πόντῳ
188 1104 337 1151 πόλεων,
362 1102 447 1153 Περὶ
473 1104 538 1137 τῶν
568 1103 600 1137 ἐν
623 1098 856 1146 Λακεδαίμονι
874 1098 1074 1147 [πόλεων],

42 1162 101 1199 καὶ
130 1163 218 1198 ἄλλα
247 1162 415 1205 πλεῖστα,
442 1160 474 1194 ἐν
502 1153 549 1199 οἷς
574 1157 632 1193 καὶ
660 1156 843 1203 Κοσμικὴν
874 1155 1076 1205 περιήγησιν

40 1221 116 1266 ἤτοι
136 1219 362 1269 γεωγραφίαν.
386 1220 439 1254 Cf.
462 1218 627 1252 Eudocia
645 1229 681 1262 p.
704 1216 791 1252 362.

96 1276 279 1326 Γλυκείας]
301 1279 350 1311 518
372 1275 520 1321 ABVE,
541 1275 652 1309 ceteri
669 1271 848 1313 Γλυκυίας.
864 1274 1078 1307 PRELLERUS

43 1337 54 1383 ζ
65 1338 269 1372 Polemonis
310 1337 517 1381 Periegeloe
552 1328 777 1378 Fragmenta
821 1333 968 1378 collegit
1008 1340 1075 1368 etc.

43 1396 85 1430 L.
107 1395 254 1430 Preller.
271 1394 367 1439 Lsps.
388 1390 519 1439 1838),
537 1391 594 1424 vir
616 1390 845 1424 doctissimus
857 1396 892 1424 et
907 1390 952 1423 de
973 1390 1078 1423 Polc-

43 1464 153 1486 mone
189 1451 321 1486 eximie
352 1450 530 1496 meritus,
560 1459 697 1482 nomen
723 1448 806 1482 vico
839 1447 946 1481 fuisse
974 1453 1080 1493 putat

44 1522 64 1545 a
84 1506 225 1557 γλυκείᾳ
246 1505 376 1557 κρήνῃ,
407 1507 542 1541 collato
568 1507 664 1540 inter
691 1506 760 1539 alia
786 1506 963 1540 Pausania
989 1506 1077 1548 VII,

46 1579 108 1611 27,
119 1580 131 1600 1
153 1580 160 1601 :
174 1564 211 1601 τὸ
224 1564 258 1601 δὲ
269 1563 393 1614 χωρίον
408 1564 495 1612 (sub
510 1564 656 1598 Ρ8118118
665 1564 758 1597 urbe
769 1563 796 1607 ),
813 1560 890 1597 ἔνθα
907 1563 941 1597 αἱ
956 1560 1079 1609 πηγαὶ,

44 1622 434 1669 Γλυκείαςόνομάζουσι.
446 1621 716 1667 —Eudociap.
737 1618 1080 1663 362113118111υκίας,

44 1683 104 1717 cui
132 1683 321 1728 scripturae
354 1681 417 1715 vix
443 1680 639 1726 quisquam
668 1678 964 1725 patrocinabitur
989 1691 1081 1725 pro-

45 1748 186 1787 pterea,
210 1739 314 1786 quod
337 1740 443 1774 Zelea
469 1738 559 1772 urbs
577 1737 732 1771 Troadis
749 1737 950 1782 antiquitus
969 1734 1082 1772 Λυκία

45 1799 227 1845 appellata
246 1797 351 1832 fuisse
369 1809 388 1831 a
402 1797 589 1830 nonnullis
607 1795 755 1829 dicitur.
775 1797 815 1830 V.
835 1796 950 1829 schol.
971 1796 1015 1830 Il.
1038 1797 1079 1839 V,

52 1855 120 1890 105
137 1856 220 1890 8011.
249 1856 363 1889 schol.
389 1855 434 1890 ΙΙ.
452 1855 516 1896 VI,
544 1860 633 1897 172,
659 1853 776 1888 schol.
800 1853 957 1898 AEscliyl.
984 1852 1080 1888 Pers.

51 1916 152 1959 Sept.
171 1913 286 1949 8.’1’11,
310 1925 343 1947 v.
381 1912 466 1947 132.
495 1927 509 1941 ‹<
535 1911 668 1945 Similis
695 1911 804 1944 scrib.
840 1910 1084 1957 discrepantia

51 1971 234 2017 reperitur
261 1971 299 2004 in
327 1969 442 2015 Soph.
464 1969 621 2003 Philoct.
646 1968 737 2008 1461
762 1966 907 2014 (Λύκιον
925 1966 1029 2004 πότον
1051 1976 1085 2004 et

50 2024 188 2072 γλύκιον
212 2025 350 2074 πότον).
375 2043 388 2058 ›1
407 2025 639 2071 Bernhardy.
656 2023 845 2069 Γλαυκίαν,
869 2023 1000 2066 Ἰωνίας
1020 2039 1079 2061 πο·

47 2086 188 2135 λίχνων,
219 2092 402 2119 memorat
433 2084 639 2130 Stephanus
664 2084 746 2130 Byz.
779 2085 945 2118 Fortasse
982 2084 1081 2117 idem

50 2155 185 2178 nomen
205 2142 273 2176 fuit
294 2142 504 2176 Polemonis
516 2141 657 2187 patriae.
685 2160 731 2165 ,-
752 2138 801 2175 διὸ
822 2140 936 2189 ἔπεγρ.
960 2137 1083 2191 ‘EM-l

54 2203 139 2236 Haec
174 2201 276 2235 uncis
300 2200 447 2234 inclusit
483 2199 678 2233 Prellerus.
707 2199 853 2233 Scilicet
881 2196 1084 2238 Ἑλλαδικὸς

52 2249 134 2294 libri
151 2258 342 2305 inscriptio
364 2264 458 2301 crat,
476 2263 517 2291 ut
536 2255 631 2290 infra
646 2256 868 2291 videbimus.
888 2258 1014 2291 Potuit
1030 2264 1086 2291 ta-

51 2330 133 2352 men
163 2328 299 2350 nomen
330 2314 427 2349 istud
454 2326 475 2348 a
503 2314 600 2348 libro
639 2314 749 2348 etiam
783 2313 830 2348 ad
862 2315 1085 2361 scriptorem

51 2374 250 2409 transferri.
266 2371 462 2419 Refingere
476 2372 562 2406 lieet
581 2383 589 2405 ε
609 2369 659 2406 διὸ
677 2369 734 2407 καὶ
753 2369 927 2415 Ἀθηναῖος
941 2371 1085 2422 ἐπεγρά-

51 2444 151 2480 φετο·
170 2427 380 2479 περιηγητὴς
409 2430 426 2463 ὃ
444 2427 579 2472 κληθεὶς
600 2425 817 2470 Ἑλλαδικός.
841 2431 978 2464 Vocem
995 2430 1086 2466 ἱστο-

55 2487 142 2538 ρικὸς
171 2489 307 2523 omittit
325 2487 506 2522 Eudocia.
525 2507 576 2513 —
593 2484 753 2530 διήκουσε
779 2485 856 2530 καὶ]
884 2487 1080 2535 Corrupta.

98 2580 141 2619 (*)
167 2578 223 2609 Alii
241 2579 400 2615 auctores,
416 2577 532 2616 quibus
556 2577 733 2607 Polemonis
748 2586 863 2608 nomen
875 2601 883 2616 ,
903 2586 922 2608 a
950 2579 1085 2609 Prellero

55 2625 256 2655 recensentur
270 2623 300 2653 111
320 2635 326 2653 :
347 2626 371 2652 1.
390 2623 546 2653 Polemon
565 2624 738 2657 Ponticus,-
756 2622 846 2661 eujus
863 2623 1086 2662 epigrammata

58 2671 120 2702 tria
135 2671 165 2700 in
187 2669 352 2707 Antiiolog.
368 2671 401 2706 1,
420 2678 449 2707 p.
470 2673 543 2707 103;
561 2671 606 2706 ¹¹1,
626 2677 656 2707 p.
682 2671 739 2699 254
752 2693 759 2707 ,
776 2672 847 2700 330.
866 2672 948 2700 Num
972 2671 1011 2702 sit
1026 2674 1086 2702 Po-

57 2717 158 2754 lemo,
173 2724 268 2755 quem
283 2715 418 2753 primum
435 2715 525 2745 Ponti
548 2723 651 2753 regem
677 2716 832 2746 Antonius
848 2717 1029 2755 constituit,
1048 2726 1087 2748 an

58 2763 140 2793 tilius
154 2761 221 2799 ejus
237 2762 269 2791 et
285 2769 455 2799 successor,
471 2769 582 2799 parum
597 2761 707 2800 liquet.
725 2762 773 2793 Cf.
792 2762 907 2792 Jacobs
921 2763 1086 2794 Animadv.

56 2808 95 2838 ad
109 2807 234 2839 Antliol.
251 2808 309 2843 111,
326 2811 355 2844 3,
372 2814 401 2844 p.
418 2809 489 2837 940.
506 2826 546 2831 -
566 2811 594 2837 2.
612 2807 746 2838 Polemo
762 2808 915 2846 sophista
931 2809 1086 2840 Laodice-

59 2862 122 2884 ητις
133 2876 140 2889 ,
159 2852 282 2891 Trajani
301 2853 394 2882 aniate
409 2852 531 2883 ssorcns.
548 2855 598 2882 Ex
612 2853 736 2892 scriptis
749 2854 816 2892 ejus
831 2854 903 2884 dna³
922 2857 1089 2894 supersunt

59 2897 254 2929 laudationes
268 2896 431 2935 funebres,
446 2906 522 2936 quas
535 2897 584 2928 ed.
605 2899 714 2929 Orelli.
740 2899 822 2938 Lips.
843 2902 931 2930 1819.
947 2916 987 2921 -
1001 2904 1030 2931 3.
1048 2903 1087 2931 P.

55 2944 359 2984 physioynomz'cus.
376 2945 413 2973 V.
430 2943 550 2973 Fabi-ic.
569 2946 600 2974 B.
617 2947 669 2975 Gr.
686 2947 745 2981 111,
761 2954 791 2984 p.
810 2951 867 2976 323
885 2948 926 2977 11.
941 2963 982 2969 —
996 2949 1026 2977 4.
1047 2949 1085 2977 P.

59 2989 287 3025 Atheniensis,
308 2987 484 3018 Philostrati
503 2989 543 3025 1’.,
562 2991 750 3021 xenocratis
766 3000 937 3023 successor.
952 2994 992 3023 V.
1015 2992 1088 3023 Dio-

58 3044 128 3074 gen.
147 3037 180 3066 L.
201 3036 260 3072 lv,
283 3037 317 3064 16
338 3042 429 3073 sqq.;
448 3034 558 3064 Ritter.
583 3035 699 3065 Gescli.
727 3036 759 3066 d.
788 3036 879 3067 Phil.
906 3039 955 3074 ΙΙ,
980 3045 1011 3076 p.
1031 3039 1087 3068 544

59 3081 109 3111 ed.
126 3084 154 3111 2.
169 3091 208 3100 -
224 3084 252 3110 5.
266 3081 306 3109 P.
319 3080 616 3118 soplzislajunior.
628 3080 686 3110 sub
699 3081 875 3111 Commodo
889 3081 1087 3121 imperatore.

60 3126 172 3157 suidas
188 3135 216 3155 v.
236 3126 397 3165 Πολέμων.
414 3143 452 3147 -—
467 3130 495 3155 ὓ.
516 3126 650 3156 Polemo
676 3126 817 3165 quidam
843 3130 1090 3165 yramnmetcus

62 3173 92 3203 in
106 3175 270 3203 Lucanum
287 3171 529 3202 commentarios
554 3171 695 3209 scripsit,
712 3180 847 3210 qnorum
865 3172 980 3202 librum
997 3173 1089 3211 quin-

62 3221 129 3249 tum
147 3218 253 3248 laudat
270 3217 374 3257 Lydus
391 3219 435 3248 De
452 3217 591 3256 magistr.
608 3219 672 3256 111,
687 3220 738 3248 46.
755 3236 793 3242 -
807 3219 837 3248 7.
858 3220 898 3248 P.
916 3219 1089 3257 Neoplalo·

64 3267 170 3295 nicus.
197 3265 227 3295 et
242 3266 278 3295 P.
297 3264 487 3295 leoereticus.
505 3265 543 3293 V.
560 3263 682 3294 Fabric.
700 3265 734 3294 B.
761 3265 814 3294 Gr.
832 3265 893 3300 111,
909 3273 938 3302 p.
962 3269 1028 3295 183.
1053 3284 1090 3289 -

66 3312 147 3340 inter
175 3311 309 3349 pictores
341 3309 447 3340 floruit
481 3309 638 3340 Polemon
671 3308 938 3342 Alexandrinus.
977 3309 1092 3340 Plinius

66 3357 103 3386 Η.
129 3357 164 3386 N.
181 3357 312 3393 XXXV,
332 3358 388 3393 40,
405 3360 453 3386 33.

1134 581 1367 615 Intercidisse
1387 581 1510 627 aliqua
1527 587 1649 616 censet
1668 581 1898 627 Bernhardy.
1921 581 2062 626 Conjici
2086 594 2172 629 pos·

1133 640 1178 672 sit
1197 638 1292 681 διῆκε
1313 635 1416 686 μέχρι
1441 639 1498 672 τοῦ
1529 635 1585 673 Ῥ.
1611 638 1699 674 Παν.
1746 658 1778 665 -·
1800 634 1959 687 Ἔγραψε
1988 636 2168 686 Περιήγη-

1136 695 1212 743 σιν]
1239 713 1253 726 «
1276 697 1320 730 In
1340 694 1531 741 parietinis
1546 696 1655 729 variae
1671 695 1848 729 doctrinae
1864 707 1932 730 nos
1949 696 2086 730 versari
2107 695 2172 730 de—

1134 750 1338 787 monstrat*
1352 754 1393 795 V,
1405 759 1489 798 post
1500 750 1704 801 περιήγησιν
1719 753 1881 787 1115818115
1889 750 1931 787 τὰ
1942 750 2025 801 πρὸς
2038 751 2173 788 Ἀδαῖον

1135 808 1194 845 καὶ
1218 810 1332 855 (adde
1350 807 1559 857 Ἀντίγονον)
1582 822 1590 845 :
1622 822 1702 856 quae
1719 822 1778 844 res
1799 809 1980 844 indicium
2000 810 2086 845 facit
2105 822 2174 857 ap-

1135 875 1284 914 paratus
1309 868 1562 912 tumultuarii,
1586 879 1697 913 quem
1720 868 1910 913 Byzantini
1936 868 2107 903 homines
2125 868 2174 903 ad

1136 926 1354 959 brevitatem
1385 924 1610 971 redegerint.
1643 940 1658 955 υ
1697 924 1928 970 Bernhardy.
1960 945 2012 953 —
2043 923 2172 974 Ἰλίου]

1137 980 1258 1018 Ἠλίου
1280 983 1370 1017 Ven.
1399 997 1413 1012 «
1439 982 1556 1026 Hujus
1572 983 1772 1016 auctoritas
1790 995 1866 1016 non
1881 984 1996 1030 inagis
2015 990 2067 1018 est
2086 995 2175 1018 con·

1138 1039 1225 1073 fessa
1254 1052 1365 1086 quam
1382 1038 1458 1084 ejus
1481 1039 1585 1082 libri,
1615 1040 1678 1084 qui
1703 1040 1898 1085 inscriptus
1929 1040 2037 1075 fuisse
2057 1040 2177 1075 fertur

1140 1094 1278 1136 Κτίσεις
1304 1097 1369 1131 τῶν
1392 1096 1425 1130 ἐν
1447 1094 1567 1144 Πόντῳ
1584 1095 1729 1131 πόλεων.
1754 1112 1768 1126 υ
1789 1097 2023 1143 Bernhardy.
2046 1099 2177 1144 Neque

1139 1160 1261 1188 tamen
1278 1156 1390 1188 etiam
1412 1160 1463 1188 est
1478 1166 1543 1188 cur
1563 1153 1675 1188 tidem
1692 1154 1813 1188 Suidae
1828 1155 1875 1188 in·
1884 1155 2040 1189 dubium
2060 1168 2175 1191 voce-

1139 1224 1233 1245 mus.
1266 1232 1315 1237 ——-
1344 1209 1480 1250 Κτίσεις
1510 1225 1541 1247 τ.
1564 1211 1590 1247 ἓ.
1622 1211 1671 1247 ΙΙ.
1701 1210 1768 1259 π.]
1789 1213 1839 1246 518
1866 1224 1911 1246 ex
1936 1213 2020 1247 Mss.
2058 1213 2173 1248 Paris.

1140 1269 1309 1312 Kriste1·.;
1332 1269 1474 1315 priores
1490 1268 1595 1305 editt.
1617 1276 1652 1303 et
1668 1269 1829 1303 Eudoeia
1846 1267 2042 1316 συγγενείας
2059 1270 2126 1305 τῶν
2141 1271 2175 1306 ἐν

1141 1325 1263 1375 Πόντῳ
1283 1327 1428 1362 πολεων.
1444 1325 1638 1362 -11ακεδ,
1654 1324 1804 1374 πόλεων]
1829 1328 1866 1361 111
1886 1329 1931 1362 V.
1950 1340 2024 1362 vox
2039 1326 2172 1363 πόλεων

1142 1385 1295 1432 omissa,
1312 1382 1464 1419 πινάκων
1488 1384 1686 1431 legendum
1704 1392 1825 1419 censet
1841 1386 2042 1421 Reinesius.

1193 1444 1281 1487 Quae
1305 1442 1350 1476 de
1367 1443 1550 1489 Euergete
1569 1443 1765 1489 periegctae
1780 1444 1896 1477 nostri
1914 1450 2086 1489 parente,
2111 1444 2180 1479 de-

1143 1512 1214 1546 que
1242 1500 1376 1546 Glycea
1404 1501 1527 1534 Iliensi
1555 1501 1661 1544 vico,
1694 1501 1733 1534 in
1766 1513 1841 1547 quo
1872 1501 1993 1535 lucem
2020 1502 2176 1537 Polemo

1142 1558 1349 1604 aspexerit,
1384 1569 1403 1591 a
1432 1557 1544 1592 Suida
1572 1557 1784 1601 traduntur,
1819 1557 1968 1593 aliunde
1992 1571 2068 1593 non
2093 1559 2180 1594 licet

1143 1614 1376 1649 confirmare.
1398 1618 1450 1649 Ac
1468 1615 1514 1649 de
1531 1616 1650 1661 patria
1678 1616 1831 1662 quidem
1850 1627 1929 1650 rem
1948 1617 2031 1651 satis
2056 1618 2180 1652 incer-

1144 1680 1217 1707 tam
1246 1685 1319 1707 esse
1332 1700 1340 1716 ,
1362 1672 1447 1706 inde
1466 1673 1597 1719 aliquis
1623 1674 1834 1720 collegerit,
1852 1674 1955 1720 quod
1975 1675 2175 1711 Athenaeus

1142 1732 1211 1774 VI,
1232 1743 1271 1776 p.
1296 1731 1384 1773 234,
1403 1732 1435 1764 D
1455 1729 1517 1777 (fr.
1539 1730 1603 1776 78)
1624 1732 1852 1765 mentionem
1870 1731 2079 1766 Polemonis
2095 1732 2180 1778 inji-

1145 1788 1262 1832 ciens,
1280 1786 1448 1833 Πολέμων
1463 1790 1558 1835 γοῦν,
1577 1789 1646 1832 ait,
1669 1789 1686 1823 ὁ
1707 1786 1774 1823 εἴτε
1796 1785 1926 1834 Σάμιος
1950 1785 1971 1831 ἢ
1994 1786 2180 1830 Σικυώνιος

1145 1842 1205 1879 εἴτ’
1234 1843 1405 1888 Ἀθηναῖος
1434 1843 1681 1891 ὀνομαζόμενος
1708 1843 1841 1894 χαίρει,
1871 1845 1916 1886 ὡς
1944 1845 1961 1879 ὁ
1993 1844 2179 1895 Μοψεάτης

1145 1899 1375 1951 εΗρακλείῧης
1384 1899 1475 1950 λέγει
1484 1900 1798 1952 καταριθμούμενος
1811 1900 1911 1937 αὐτὸν
1923 1901 1981 1938 καὶ
1995 1902 2054 1938 ἀπ’
2067 1902 2179 1939 ἄλλων

1143 1958 1289 1997 πόλεων.
1309 1963 1447 1995 Verum
1471 1960 1583 1995 fidem
1600 1962 1799 1995 testimonii
1819 1961 1985 1996 Suidiani
2002 1962 2078 2008 ipsa
2093 1968 2178 1998 tue-

1145 2026 1204 2053 tur
1216 2019 1357 2053 Iliensis
1370 2019 1442 2053 vici
1459 2019 1664 2054 obscuritas
1677 2019 1780 2065 juxta
1796 2019 1907 2053 urbes
1920 2020 2038 2066 posita
2056 2021 2181 2055 claris-

1143 2078 1269 2120 simas,
1292 2089 1382 2122 quas
1396 2078 1585 2123 periegeta
1606 2089 1682 2111 non
1702 2077 1827 2123 potuit
1844 2089 1921 2110 non
1940 2076 2042 2111 adire
2062 2084 2097 2112 et
2112 2089 2182 2124 per

1146 2141 1288 2180 tempus
1309 2135 1466 2180 aliquod
1492 2135 1709 2170 inhabitare.
1731 2134 1842 2169 Unde
1861 2134 2087 2168 Atheniensis
2107 2134 2178 2169 dici

1144 2193 1309 2239 potuerit
1319 2192 1364 2226 ab
1377 2193 1454 2238 ipso
1470 2192 1581 2226 Suida
1593 2192 1936 2238 docemur.Nempe
1951 2192 2096 2226 civitate
2107 2193 2179 2226 Po-

1146 2251 1330 2284 lemonem
1346 2250 1391 2284 ab
1414 2250 1694 2291 Atheniensibus
1711 2250 1891 2284 donatum
1905 2261 1979 2284 esse
1999 2248 2103 2287 dicit.
2124 2251 2179 2284 De

1145 2308 1297 2353 reliquis
1319 2319 1409 2342 vero
1436 2308 1651 2342 nominibus
1676 2313 1777 2342 recte
1806 2308 1885 2342 sine
1912 2307 2028 2341 dubio
2056 2308 2182 2341 statuit

1147 2366 1331 2399 Prellerus
1350 2366 1375 2401 l.
1402 2366 1427 2401 l.
1450 2378 1488 2412 p.
1514 2377 1556 2400 12
1581 2377 1589 2401 ε
1619 2381 1634 2395 «
1657 2365 1813 2401 Videtur
1840 2365 2015 2412 Polemo,
2035 2366 2179 2411 inquit,

1148 2435 1263 2469 quum
1288 2423 1404 2457 modo
1433 2423 1527 2457 hanc
1550 2423 1666 2457 modo
1700 2423 1800 2457 illam
1825 2423 1958 2457 urbem
1978 2423 2178 2466 incoleret,

1149 2481 1259 2514 etiam
1276 2480 1391 2514 libros
1410 2492 1494 2514 51105
1514 2480 1628 2514 inodo
1650 2492 1695 2514 ex
1715 2480 1783 2514 hac
1811 2479 1927 2514 modo
1945 2491 1990 2514 ex
2006 2480 2067 2514 illa
2084 2480 2181 2514 civi-

1147 2545 1219 2572 tate
1246 2538 1282 2571 in
1306 2538 1425 2572 lucem
1446 2537 1622 2581 emisisse,
1644 2537 1759 2584 idque
1786 2538 1825 2571 in
1851 2537 1964 2571 titulis
1991 2537 2174 2572 librorum

1151 2596 1304 2631 diversis
1326 2597 1542 2643 gentilibus,
1559 2603 1599 2631 ut
1617 2608 1802 2642 quamque
1825 2595 1959 2630 urbem
1974 2595 2178 2638 incolebat,

1147 2655 1289 2688 nomini
1308 2667 1374 2688 suo
1392 2654 1542 2699 adjectis
1556 2653 1787 2701 significasse.
1813 2655 1866 2688 Ex
1882 2665 1953 2699 qua
1970 2653 2177 2687 domicilio-

1149 2724 1231 2745 rum
1251 2711 1461 2746 diversitate
1484 2712 1511 2745 si
1534 2712 1728 2759 gloriolam
1749 2711 1817 2745 sibi
1843 2710 2034 2756 quaerebat
2056 2721 2177 2754 meus,

1149 2769 1186 2803 id
1208 2781 1284 2803 non
1315 2776 1385 2803 tam
1414 2769 1501 2803 huic
1520 2769 1662 2803 homini
1683 2781 1795 2814 quaxn
1822 2769 2019 2811 universae,
2054 2779 2127 2813 qua
2151 2768 2180 2802 is

1150 2827 1263 2870 vixit,
1285 2827 1380 2861 aetati
1395 2827 1655 2873 imputandum
1672 2833 1744 2869 est,
1763 2839 1842 2872 quae
1858 2825 2003 2872 pridem
2022 2824 2180 2860 desierat

1148 2886 1273 2931 patriae
1294 2897 1458 2919 amorem
1485 2897 1631 2920 censere
1652 2897 1696 2919 ex
1720 2885 1872 2918 caritate
1892 2883 1967 2928 ejus
1991 2883 2084 2926 loci,
2114 2882 2180 2920 ubi

1150 2944 1301 2989 quisquc
1317 2950 1421 2977 natus
1440 2950 1548 2985 esset,
1569 2950 1605 2977 et
1623 2943 1660 2976 in
1677 2954 1749 2987 qua
1765 2941 1931 2975 litteratis
1946 2940 2178 2986 potissimum

1150 3000 1380 3044 hominibus,
1407 3000 1436 3034 si
1465 3000 1597 3034 itinera
1614 3000 1818 3046 longinqua
1834 2997 2015 3040 fecerant,
2038 3009 2179 3045 magnae

1150 3057 1187 3091 id
1206 3057 1305 3092 laudi
1319 3057 1538 3092 habebatur.
1563 3072 1578 3088 1>

1202 3115 1345 3149 Floruit
1364 3115 1541 3158 Polemo,
1571 3121 1613 3149 ut
1641 3113 1770 3149 Snidas
1796 3113 1864 3155 ait,
1885 3111 1952 3145 sub
1978 3111 2178 3146 Ptolemaeo

1150 3173 1342 3219 'Epiphane
1370 3171 1452 3219 (qui
1471 3172 1639 3219 regnavit
1665 3161 1725 3206 an.
1752 3168 1956 3211 204—180
1985 3180 2015 3203 a.
2038 3167 2123 3216 C.),
2146 3176 2179 3204 et

1150 3231 1255 3264 sicuti
1272 3242 1315 3265 ex
1327 3230 1549 3276 Asclepiadis
1563 3227 1651 3278 Περὶ
1667 3227 1916 3277 γραμματικῶν
1934 3239 2046 3273 opere
2064 3226 2178 3261 refer-

1153 3294 1225 3333 tur,
1247 3288 1394 3333 aequalis
1414 3293 1492 3321 erat
1508 3286 1759 3332 Aristophanis
1774 3285 2025 3331 grammatici,
2045 3284 2108 3330 qui
2132 3295 2178 3318 cx

1153 3352 1328 3391 computo
1356 3345 1519 3379 Ritsclilii
1553 3344 1685 3378 (Ales.
1710 3344 1808 3377 Bihl.
1838 3355 1873 3389 p.
1903 3341 1972 3389 91))
2005 3347 2109 3376 natus
2126 3348 2179 3377 est
