2338 3765
932 156 1253 195 FRAGMENTA.

440 250 674 287 xt‘oNlKix.

94 323 283 369 Eunapius
303 321 392 369 (qui
412 321 625 367 Dexippuin
645 315 898 364 continuavit)
922 317 960 350 in
980 318 1067 353 Exn

40 383 95 416 De
109 386 199 416 sent.
215 392 253 427 p.
275 378 321 413 56
342 378 403 413 ed.
419 378 600 414 Niebuhr.
624 389 632 410 ε
656 373 819 424 Δεξίππῳ
836 375 883 424 τῷ
904 372 1069 424 Ἀθηναίῳ

41 434 133 472 κατὰ
153 434 228 476 τοὺς
249 433 425 479 Ἀθήνησιν
441 432 626 483 ἄρχοντας,
643 434 698 482 ἀφ’
717 425 754 468 οὗ
773 430 865 481 παρὰ
882 429 1071 474 Ἀθηναίοις

43 492 221 543 ἄρχοντες,
257 490 389 542 ἱστορία
420 490 695 540 συγγέγραπται,
721 486 1071 539 προσαριθμουμένων

41 552 108 587 τῶν
132 549 340 597 Ῥωμαϊκῶν
374 549 512 585 ὑπάτων
544 547 602 585 καὶ
626 546 691 598 πρό
723 561 760 596 γε
789 547 900 582 αὐτῶν
932 544 1070 581 ὑπάτων

42 607 99 643 καὶ
120 606 294 657 ἀρχόντων
311 605 500 656 ἀρξαμένης
528 607 586 650 τῆς
611 607 754 655 γραφῆς.
787 602 838 641 Τὸ
859 602 893 639 δὲ
913 602 946 639 ἓν
968 602 1070 653 κεφά-

42 665 136 700 λαιον
157 666 216 708 τῆς
233 663 383 714 ἱστορίας
405 663 447 699 τὰ
466 663 526 711 μὲν
545 661 701 713 ἀνωτέρω
721 660 779 697 καὶ
803 660 865 697 ὅσα
883 659 920 696 τὸ
939 675 1072 705 ποιητι-

43 720 100 757 κὸν
125 721 264 769 νέμεται
293 719 403 769 γένος,
435 720 562 771 ἐφεῖναι
587 719 645 756 καὶ
669 718 847 770 ἐπιτρέψαι
872 721 920 769 τῷ
941 720 1073 768 πιθανῷ

43 778 100 816 καὶ
133 780 262 827 μᾶλλον
298 777 516 814 ἀναπείθοντι
551 776 607 813 τὸν
648 778 896 827 ἐντυγχάνοντα
911 805 921 822 ,
961 775 1004 812 τὰ
1040 776 1072 812 δὲ

42 835 202 886 προϊόντα
229 835 286 872 καὶ
308 835 363 872 ἐπὶ
384 835 486 872 πλέον
509 834 770 886 μαρτυρούμενα
787 838 995 883 συνενεγκεῖν
1015 833 1072 870 καὶ

43 894 267 931 κατακλεῖσαι
279 894 362 944 πρὸς
375 892 549 944 ἱστορικὴν
565 892 739 943 ἀκρίὸειαν
755 891 813 928 καὶ
830 890 939 942 κρίσιν
952 893 1072 936 ἀληθε-

44 951 179 1001 στέραν.
201 952 362 994 Βιάζεται
376 954 454 999 γοῦν
475 950 532 987 καὶ
549 953 805 1001 συναριθμεῖται
821 949 875 985 τὸν
893 948 1012 999 χρόνον
1030 947 1076 990 εἴς

44 1024 79 1045 τε
102 1011 162 1051 τὰς
182 1009 427 1058 Ὀλυμπιάδας
454 1009 672 1060 περιγράφων
697 1008 755 1044 καὶ
776 1007 852 1050 τοὺς
871 1006 963 1048 ἐντὸς
993 1006 1075 1044 ἑκά-

45 1081 126 1112 στης
144 1066 379 1116 Ὀλυμπιάδος
397 1066 576 1117 ἄρχοντας.
596 1066 757 1117 Πρόθυρα
776 1064 809 1101 δὲ
831 1064 976 1106 κάλλους
989 1063 1054 1100 ἀνά

45 1138 153 1172 μεστά
171 1123 303 1174 προθεὶς
323 1126 381 1167 τ’ἧς
400 1127 619 1174 συγγραφῆς,
639 1123 696 1160 καὶ
719 1121 847 1174 προϊὼν
868 1121 910 1158 τά
930 1137 965 1158 τε
983 1120 1075 1158 ἔνδον

45 1180 210 1224 ἐπιδείξας
228 1181 434 1232 σεμνότερα,
454 1181 491 1218 τὸ
510 1181 570 1230 μὲν
593 1182 741 1230 μυθῶδες
759 1180 816 1217 καὶ
832 1179 909 1217 λίαν
932 1181 1075 1230 ἀρχαῖον

46 1241 201 1290 ἀφαιρεῖ,
230 1239 288 1275 καὶ
309 1239 447 1291 ἀφίησιν
480 1239 597 1291 ὥσπερ
630 1238 811 1290 φάρμακον
838 1237 986 1274 παλαιὸν
1017 1237 1075 1274 καὶ

46 1296 206 1345 ἀδόκιμον
220 1299 264 1339 εἷς
281 1295 356 1340 τοὺς
372 1297 645 1340 συντεθεικότας·
661 1296 870 1346 Αἰγυπτίους
887 1293 922 1332 δὲ
936 1294 1076 1346 χρόνους

45 1354 290 1404 ἀναλεγόμενος
307 1354 365 1392 καὶ
383 1356 632 1403 συνωθούμενος
653 1354 709 1391 ἐπὶ
733 1353 775 1391 τὰ
794 1356 915 1406 πρῶτα
936 1352 996 1390 καὶ
1018 1368 1073 1390 τε·

43 1412 194 1463 λεώτερα
219 1412 449 1464 (παλαιότερα
468 1415 564 1461 conj.
583 1414 717 1462 Bekk.)
736 1415 803 1449 τῶν
820 1414 903 1463 παρ’
921 1411 1076 1453 ἑκάστοις

45 1472 174 1521 ἀρχῶν,
196 1470 272 1512 τοὺς
291 1471 462 1519 ’ἡγεμόνας
483 1471 540 1508 καὶ
561 1470 711 1522 πατέρας
725 1473 783 1516 τῆς
802 1469 956 1522 ἱστορίας
977 1469 1076 1507 ε’κτί-

45 1532 154 1575 θησιν,
170 1528 306 1574 ἔνδηλος
321 1527 367 1565 ὢν
387 1529 446 1566 καὶ
466 1528 586 1580 σχεδόν
601 1544 633 1565 τι
652 1528 923 1580 μαρτυρόμενος,
942 1526 993 1565 ὅτι
1009 1531 1075 1564 τῶν

47 1586 307 1636 ἀπιστουμένων
329 1586 472 1624 ἕκαστον
502 1586 612 1637 ἕτερος
632 1587 815 1637 προλαὸὼν
836 1586 981 1638 εἴρηκεν.
1008 1586 1078 1624 Καὶ

46 1644 219 1697 περιφέρει
235 1660 273 1695 γε
299 1645 360 1690 τὴν
379 1644 530 1695 ἱστορίαν
552 1647 589 1682 ἐκ
613 1646 748 1682 πολλῶν
769 1645 828 1682 καὶ
846 1646 1075 1681 παντοδαπῶν

46 1704 111 1738 τῶν
129 1707 238 1739 ταῦτα
256 1703 440 1753 εἰρηκότων
459 1702 574 1754 ὥσπερ
596 1703 707 1754 ῥωπόν
725 1719 756 1739 τι
777 1703 835 1740 καὶ
849 1703 1003 1739 ποικίλον
1019 1702 1077 1739 καὶ

45 1760 214 1810 χρήσιμον
233 1762 277 1802 εἷς
300 1760 333 1797 ἓν
359 1761 573 1813 μυροπώλιον
592 1761 652 1807 τὴν
676 1761 763 1797 ἰδίαν
788 1760 947 1810 ἐξήγησιν
967 1776 1076 1797 κατα·

46 1817 290 1866 κεκλεισμένην
310 1818 369 1855 καὶ
389 1818 615 1868 συνηγμένην.
640 1818 763 1856 Πάντα
784 1818 818 1855 δὲ
834 1847 844 1867 ,
864 1818 927 1855 ὅσα
942 1817 1025 1868 πρός
1042 1833 1076 1854 τε

45 1874 82 1912 τὸ
98 1875 207 1914 κοινὸν
228 1876 389 1913 ἁπάντων
408 1876 595 1927 ἀνθρώπων
621 1876 780 1926 ἀξιόλογα
796 1875 854 1913 καὶ
875 1876 950 1913 κατ’
968 1875 1076 1927 ἄνδρα

428 1993 700 2031 CHRONICA.

88 2077 248 2116 Dexippus
276 2077 474 2108 Atheniensis
505 2077 669 2108 historiam
699 2077 878 2116 composuit
904 2077 1080 2107 secundum

48 2128 158 2172 seriem
176 2130 363 2159 archontum
385 2128 638 2166 Atheniensium,
651 2128 722 2159 inde
735 2128 774 2159 ab
788 2128 847 2159 illis
863 2130 948 2159 certe
963 2129 1083 2167 tempo-

49 2178 136 2209 ribus
146 2203 154 2217 ,
169 2188 187 2209 a
203 2179 318 2218 quibus
334 2188 399 2209 esse
412 2179 495 2218 apud
508 2179 712 2210 Athenienses
726 2179 892 2209 archontes
905 2182 1080 2218 coeperunt.

49 2228 210 2267 Simulque
224 2236 297 2258 cum
309 2228 344 2258 iis
360 2228 455 2258 etiam
470 2228 613 2259 consules
625 2229 781 2258 Romanos
795 2236 833 2259 ex
844 2228 952 2258 ordine
963 2227 1081 2258 adscri-

50 2279 120 2319 psit.
136 2281 285 2311 Ceterum
303 2288 402 2318 quum
416 2280 488 2310 ante
506 2279 671 2309 consulum
689 2280 721 2309 et
737 2279 926 2309 archontum
941 2280 1083 2318 tempora

50 2332 201 2371 scriptum
230 2332 425 2369 exordiatur,
454 2332 514 2361 hoc
542 2340 641 2361 unum
667 2331 805 2361 maxime
833 2331 890 2361 sibi
922 2331 1083 2370 proposuit

2 2409 3 2412 ,
51 2382 217 2414 historicus
228 2408 235 2421 ,
257 2386 292 2414 ut
305 2383 436 2422 antiqua
447 2383 540 2413 nimis
557 2384 587 2413 ct
603 2392 675 2422 quae
693 2392 710 2413 a
725 2384 890 2422 poetarum
910 2386 1002 2422 gente
1016 2385 1080 2414 tra-

2 2443 4 2472 J
49 2432 177 2472 duntur,
193 2434 405 2473 probabilitati
423 2443 487 2464 suae
510 2435 671 2473 permittat
693 2435 725 2464 et
738 2435 831 2473 prout
845 2434 958 2474 cuique
974 2434 1082 2465 lectori

1 2474 4 2483 ’
51 2483 217 2523 videbitur,
238 2493 304 2516 esse
328 2485 409 2515 sinat
428 2497 434 2515 ι
460 2485 633 2524 posteriora
656 2486 782 2523 autem,
802 2494 874 2524 quae
896 2487 1084 2517 testimoniis

53 2534 148 2573 magis
161 2536 321 2567 abundant
334 2561 342 2574 ,
358 2536 499 2566 conferat
512 2536 551 2566 ad
568 2536 747 2566 historicam
762 2537 960 2568 severitatem
979 2540 1010 2569 et
1025 2538 1084 2568 sub

4 2609 8 2618 2
52 2586 181 2616 verioris
194 2585 312 2616 criticae
324 2588 445 2623 regulas
461 2587 591 2625 redigat.
613 2588 703 2626 Cogit
716 2587 809 2626 igitur
819 2588 994 2628 digeritque
1008 2591 1083 2620 tem·

0 2628 5 2639 ”
54 2643 110 2674 pus
120 2636 211 2674 juxta
226 2637 448 2675 Olympiadum
462 2638 572 2668 seriem
581 2638 736 2677 juxtaque
750 2641 952 2670 occurrentes
962 2640 993 2670 in
1005 2649 1084 2670 una-

2 2707 9 2727 m.
52 2696 178 2727 quaque
204 2688 391 2727 Olympiade
416 2689 593 2720 archontes.
615 2692 686 2721 Jam
710 2691 921 2729 pulcherrimo
948 2692 1085 2723 historiae

8 2755 11 2763 =
52 2747 116 2770 suae
138 2741 291 2779 prooemio
310 2741 481 2780 proposito,
504 2742 603 2781 pergit
620 2751 729 2782 porro,
752 2745 784 2773 et
805 2744 907 2783 ipsum
921 2745 1085 2783 scripturae

6 2796 9 2798 ’
54 2798 166 2830 corpus
176 2792 340 2822 venustius
356 2792 460 2823 adhuc
468 2793 646 2831 ostendens,
656 2794 796 2825 fabulosa
804 2795 931 2833 quidem
941 2797 971 2826 et
986 2796 1085 2835 prisca

6 2863 7 2867 ,
56 2841 150 2873 nimis
174 2845 315 2881 resecat,
331 2845 426 2883 atque
442 2844 524 2883 apud
538 2844 651 2874 horum
668 2846 812 2876 auctores
827 2847 977 2885 tanquam
994 2847 1087 2886 phar-

5 2892 15 2927 ‘1
55 2900 179 2923 macum
205 2894 323 2924 vietum
350 2897 381 2925 et
411 2895 632 2934 reprobatum,
659 2895 758 2926 otiosa
783 2904 849 2927 esse
873 2897 946 2927 sinit
964 2910 971 2928 z
989 2899 1084 2937 AEgy-

12 2954 15 2965 ⁴
55 2944 155 2981 ptiaca
171 2954 245 2976 vero
261 2948 404 2985 tempora
417 2949 590 2985 supputans
603 2949 697 2986 atque
714 2947 751 2977 ad
768 2949 960 2987 antiquiores
976 2951 1084 2988 purio—

9 3014 11 3018 .
59 3002 169 3034 resque
180 3021 187 3034 ‚
205 2998 258 3036 qui
276 3001 349 3028 sunt
363 2998 446 3036 apud
460 3007 620 3037 quamque
642 3000 765 3037 gentem
779 3023 787 3037 ,
803 3000 904 3031 fontes
923 3010 1083 3040 revocans,

58 3047 210 3089 principes
239 3051 405 3089 patresque
433 3050 570 3080 historiae
604 3051 634 3081 in
663 3051 802 3082 medium
830 3053 964 3090 prot'ert3
995 3054 1086 3092 plane

58 3097 274 3131 demonstrans
307 3110 344 3131 ac
378 3101 607 3140 propemodum
640 3102 828 3133 testimoniis
855 3103 1064 3141 comprobans
1076 3128 1084 3143 ,

59 3151 305 3190 unumquodque
325 3161 364 3182 ex
383 3152 430 3182 his
443 3151 676 3182 incredibilibus
686 3152 783 3182 alium
803 3161 842 3183 ex
855 3153 916 3183 alio
940 3154 1087 3185 historico

7 3211 21 3246 ³..
58 3200 151 3231 fuisse
168 3204 360 3233 mutuatum.
405 3205 472 3242 lpse
488 3205 594 3234 autem
611 3212 628 3234 e
644 3204 753 3235 multis
772 3206 803 3235 et
822 3205 1015 3244 omnigenis,
1032 3207 1087 3245 qui

14 3250 23 3289 ³}
58 3252 95 3282 de
113 3253 159 3283 his
172 3255 265 3285 rebus
280 3255 488 3295 scripserunt,
507 3256 669 3287 historiam
688 3256 831 3294 conticit3
846 3258 974 3288 cinnum
989 3259 1087 3290 veluti

60 3305 178 3335 varium
193 3308 222 3336 et
248 3307 420 3345 perlmnum
437 3308 473 3337 ad
494 3309 617 3338 unicam
633 3310 828 3347 pigmentarii
852 3310 1028 3349 officinam,
1048 3311 1087 3341 ad

2077 162 2146 194 671

1130 248 1172 284 δι’
1191 248 1313 299 ἀρετὴν
1330 251 1487 300 περιττοῦ
1505 264 1591 291 τινος
1605 248 1768 298 ὀνόματος
1780 248 2006 299 τετυχηκότα,
2021 247 2156 300 λάὸρως

1130 305 1327 356 ἐπιδραμὼν
1363 307 1421 343 καὶ
1455 306 1648 356 διαθέμενος
1677 308 1724 358 τῷ
1756 306 1866 358 λόγῳ,
1909 307 2076 344 τελευτῶν
2112 307 2157 348 εἷς

1135 363 1303 401 Κλαύδιον
1321 363 1483 401 καταλύει
1500 365 1560 409 τὴν
1579 364 1793 415 συγγραφὴν,
1817 364 1874 400 καὶ
1901 363 2074 402 Κλαυδίου
2099 368 2159 409 τ’ἧς

1133 421 1309 470 βασιλείας
1323 422 1394 464 ἔτος
1408 422 1445 458 τὸ
1460 424 1609 473 πρῶτον,
1626 424 1656 464 ἐς
1671 421 1687 459 ὃ
1703 421 1759 458 καὶ
1774 425 1832 467 τ’ῆς
1847 421 2021 471 βασιλείας
2032 422 2159 473 ἤρχετο

1132 477 1190 513 καὶ
1208 477 1384 524 ἐτελεύτα,
1404 480 1555 516 ἐνιαυτὸν
1574 479 1675 530 ἄρξας
1699 480 1885 528 (Ῥωμαίοις
1906 479 1982 516 ἕνα·
2000 482 2030 516 οἱ
2051 479 2085 516 δὲ
2102 479 2160 517 καὶ

1133 532 1244 584 ἕτερον
1268 537 1361 587 αὐτῷ
1378 537 1590 586 χαρίζονται.
1617 531 1701 574 Εἶτα
1720 537 1962 586 Ὀλυμπιάδας
1981 537 2162 586 καταλογί-

1133 594 1226 634 ζεται
1254 592 1356 635 τόσας
1380 594 1438 630 καὶ
1458 594 1560 636 τόσας
1588 594 1646 632 καὶ
1671 594 1815 637 ὑπάτους
1840 595 1898 631 καὶ
1920 594 2088 646 ἄρχοντας
2107 593 2161 631 ἐπὶ

1132 649 1292 695 ταύταις,
1326 652 1387 695 τὴν
1420 652 1562 702 χιλιάδα
1594 655 1661 689 τῶν
1691 654 1775 689 ἐτῶν
1805 651 2006 701 ὑποὸαλὼν,
2044 651 2161 702 ὥσπερ

1134 709 1300 757 ἀγωνιῶν,
1321 711 1348 745 εἰ
1368 709 1414 757 μὴ
1445 711 1580 747 πολλῶν
1608 710 1686 747 λίαν
1707 712 1789 747 ἐτῶν
1816 709 1957 755 ἀποδοίη
1976 710 2074 760 λόγον
2094 716 2162 753 τοῖς

1135 767 1409 815 ἐντυγχάνουσιν.

1189 827 1282 877 Ἰζγὼ
1303 827 1337 864 δὲ
1363 831 1379 864 ὁ
1398 832 1496 865 τοῦτο
1514 829 1552 865 τὸ
1574 829 1669 879 ἔργον
1696 831 1741 871 εἷς
1765 834 1840 867 νοῦν
1870 831 2076 881 βαλόμενος,
2107 830 2164 867 ὑπ’

1136 886 1239 922 αὐτοῦ
1252 885 1425 928 Δεξίππου
1440 890 1548 922 ταῦτα
1566 886 1653 936 ἔχων
1667 887 1925 925 ἐκδιδάσκεσθαι
1938 888 1998 925 καὶ
2012 890 2165 937 συλλαμ-

1137 941 1263 987 ὅάνειν,
1286 941 1362 984 ὅσος
1382 943 1439 980 καὶ
1466 942 1582 987 ἡλίκος
1608 946 1624 980 ὁ
1644 944 1791 986 κίνδυνος
1820 945 1909 982 κατὰ
1929 945 1985 983 τὸν
2013 946 2165 983 ἐνιαυτὸν

1137 1004 1280 1041 ἕκαστον
1295 1000 1447 1050 ἱστορίαν
1463 1000 1618 1052 γράφειν,
1634 1001 1691 1037 καὶ
1706 1002 1789 1052 πρὸς
1804 1003 1880 1045 τοὺς
1896 1003 2165 1054 ἐντυγχάνοντας

1138 1060 1328 1110 ὁμολογεῖν,
1350 1058 1400 1095 ὅτι
1420 1062 1527 1095 ταῦτα
1552 1060 1613 1095 οὐκ
1630 1058 1720 1095 ἔστιν
1742 1062 1851 1106 ἀληθῆ
1874 1060 1964 1097 κατὰ
1987 1060 2063 1103 τοὺς
2082 1061 2167 1112 χρό-

1136 1134 1228 1163 νους,
1252 1116 1341 1154 ἀλλὰ
1374 1118 1421 1167 τῷ
1450 1116 1510 1163 μὲν
1538 1115 1664 1161 οὕτως,
1692 1120 1741 1168 τῶ
1762 1118 1795 1154 δὲ
1826 1119 1947 1168 ἑτέρως
1978 1119 2086 1165 ἔδοξε,
2109 1119 2169 1156 καὶ

1137 1177 1332 1227 περιφανῶς
1370 1176 1492 1211 ἑαυτοῦ
1518 1177 1736 1225 κατηγορεῖν,
1777 1175 1894 1226 ὥσπερ
1939 1177 2082 1223 ἐκεῖνος,
2117 1176 2169 1214 ὅτι

1138 1231 1300 1284 χρονικὴν
1322 1231 1475 1282 ἱστορίαν
1508 1231 1648 1283 γράφων
1671 1232 1900 1281 πλανωμένην
1930 1233 2005 1270 τινὰ
2025 1233 2084 1271 καὶ
2109 1250 2170 1282 με·

1137 1290 1220 1336 στὴν
1251 1292 1318 1327 τῶν
1352 1289 1593 1338 ἀντιλεγόντων
1615 1288 1731 1341 ὥσπερ
1766 1290 1951 1341 ἀπρόεδρον
1984 1291 2169 1337 ἐκκλησίαν

1138 1348 1291 1394 ἐκτίθησι
1306 1347 1367 1392 τὴν
1381 1346 1528 1398 γραφὴν,
1547 1347 1646 1391 ὀξέως
1661 1347 1696 1384 δὲ
1713 1348 1770 1385 καὶ
1787 1351 1845 1394 τῆς
1862 1348 2028 1391 Βοιωτίας
2039 1349 2171 1386 ἀκούων

1136 1405 1341 1457 παροιμίας,
1354 1404 1404 1442 ὅτι
1424 1404 1528 1448 οὕτως
1545 1406 1660 1442 αὐλεῖν
1683 1407 1720 1442 οὐ
1740 1406 1884 1456 πρέπει,
1903 1408 2045 1444 κάκεῖνα
2065 1423 2173 1459 προσ-

1137 1463 1354 1514 ελογιζόμην,
1373 1462 1425 1501 ὅτι
1448 1462 1542 1506 τέλος
1561 1463 1712 1514 ἱστορίας
1740 1463 1798 1500 καὶ
1819 1464 1942 1506 σκοπὸς
1972 1464 2109 1515 ἄριστος
2127 1464 2171 1501 τὰ

1137 1522 1336 1574 πραχθέντα
1357 1521 1408 1557 ὅτι
1428 1521 1580 1569 μάλιστα
1596 1521 1675 1571 δίχα
1694 1521 1780 1563 τινὸς
1794 1522 1921 1565 πάθους
1938 1524 1982 1564 εἷς
1996 1522 2033 1559 τὸ
2050 1524 2173 1568 ἀληθὲς

1139 1578 1351 1631 ἀναφέροντα
1371 1579 1524 1630 γράφειν,
1543 1580 1573 1616 οἱ
1594 1578 1629 1615 δὲ
1647 1578 1798 1629 ἀκριὸεῖς
1817 1579 1977 1629 λογισμοὶ
2001 1583 2069 1617 τῶν
2085 1580 2169 1631 χρό·

1138 1653 1218 1684 νων,
1242 1636 1358 1687 ὥσπερ
1377 1637 1518 1682 ἄκλητοι
1540 1637 1708 1688 μάρτυρες
1726 1636 1929 1686 αὐτομάτως
1950 1637 2171 1687 ἐπεισιόντες,

1137 1698 1183 1738 εἷς
1202 1700 1309 1733 ταῦτα
1327 1696 1515 1745 ὠφελοῦσιν
1533 1694 1641 1734 οὐδέν.
1663 1698 1836 1732 Pluribus
1855 1698 1893 1731 in
1912 1697 2007 1732 hanc
2026 1705 2171 1733 sentcn-

1137 1758 1224 1791 tiam
1245 1756 1438 1803 disputatis
1450 1783 1459 1799 ,
1476 1768 1563 1790 mox
1583 1756 1718 1791 iterum
1734 1757 1896 1803 Dexippi
1916 1757 2055 1791 mentio
2077 1755 2117 1793 fit
2135 1757 2171 1792 in

1136 1815 1235 1848 hisce
1268 1826 1275 1848 ε
1303 1809 1437 1849 Κωλύει
1467 1810 1527 1860 μὲν
1548 1811 1613 1862 γὰρ
1641 1811 1722 1854 ἴσως
1751 1813 1845 1848 οὐδὲν
1875 1811 1933 1849 καὶ
1962 1811 2119 1863 περιττόν
2138 1828 2171 1848 τι

1141 1873 1275 1920 μαθεῖν,
1298 1870 1410 1911 ἄλλως
1430 1885 1466 1906 τε
1483 1869 1559 1915 καὶ,
1581 1868 1624 1911 ὥς
1645 1885 1746 1920 φησιν
1771 1869 1870 1911 αὐτὸς
1893 1869 2081 1916 Δέξιππος,
2103 1872 2170 1906 τῶν

1140 1994 1230 2017 suam
1245 1985 1388 2016 videlicet
1401 1985 1624 2023 narrationem,
1638 1994 1750 2024 cogens
1761 1987 1856 2024 atque
1872 1986 2048 2016 cumulans.
2062 1985 2177 2016 Omnia

1140 2045 1215 2067 vero
1225 2061 1233 2075 ‚
1248 2045 1320 2076 quae
1343 2037 1408 2067 sive
1421 2038 1591 2075 generatim
1606 2036 1687 2067 inter
1702 2036 1843 2067 homines
1857 2036 1990 2067 illustria
2001 2060 2008 2072 ‚
2023 2036 2090 2067 sive
2112 2035 2176 2066 sin-

1140 2088 1271 2126 gillatim
1292 2087 1332 2117 ob
1347 2088 1479 2124 alicujus
1494 2087 1642 2117 virtutem
1659 2089 1826 2126 praestante
1843 2087 1925 2117 fama
1946 2087 2176 2124 inclaruerunt,

1142 2140 1285 2170 celeriter
1314 2147 1500 2178 percurrens
1519 2141 1613 2178 atque
1636 2140 1666 2170 in
1689 2148 1778 2170 suam
1804 2139 2054 2170 lucubrationem
2080 2138 2177 2169 adsu-

1143 2199 1249 2228 mens,
1267 2190 1363 2221 finem
1388 2189 1527 2220 historiae
1546 2190 1621 2220 facit
1638 2190 1669 2220 in
1687 2190 1809 2220 Claudii
1827 2199 1909 2220 anno
1926 2190 2027 2229 primo
2039 2213 2048 2227 ‚
2073 2198 2136 2229 quo
2153 2190 2178 2220 is

1142 2250 1273 2280 regnum
1288 2242 1319 2271 et
1332 2241 1511 2280 auspicatus
1524 2243 1570 2271 est
1581 2242 1612 2271 et
1629 2241 1749 2279 finivit,
1769 2250 1851 2271 anno
1874 2250 1936 2271 uno
1953 2241 2100 2271 Romanis
2116 2242 2177 2271 im—

1142 2292 1300 2331 peritans;
1328 2300 1510 2330 quanquam
1536 2292 1678 2322 nonrmlli
1695 2291 1774 2322 duos
1800 2292 1827 2322 ei
1847 2292 1969 2331 imperii
1993 2301 2092 2322 annos
2110 2292 2176 2322 lar-

1142 2343 1281 2382 giuntur.
1301 2342 1420 2373 Deinde
1445 2342 1667 2381 Olympiadum
1698 2351 1865 2373 numerum
1891 2344 2043 2382 supputat
2068 2344 2100 2373 et
2124 2351 2176 2373 ar-

1142 2396 1292 2426 chontum
1329 2395 1578 2433 consulumque,
1615 2404 1770 2425 annorum
1809 2395 1976 2425 chiliadem
2008 2394 2177 2432 exhibens,

1142 2447 1296 2478 laboriose
1313 2446 1484 2477 admodum
1503 2448 1659 2485 aestuans,
1684 2446 1741 2476 nisi
1769 2447 2001 2486 permultorum
2021 2455 2177 2477 annorum

1143 2498 1316 2529 lectoribus
1334 2497 1398 2528 suis
1419 2497 1571 2527 rationem
1591 2497 1774 2528 reddiderit.
1797 2500 1861 2536 Ego
1878 2506 1972 2536 vero,
1989 2498 2043 2536 qui
2064 2497 2103 2528 de
2119 2497 2179 2527 hoc

1142 2558 1236 2588 opere
1255 2548 1452 2579 lucubrando
1469 2548 1634 2579 consilium
1648 2548 1734 2587 cepi,
1752 2548 1791 2579 ab
1807 2548 1873 2587 ipso
1891 2548 2018 2587 quidem
2037 2548 2180 2587 Dexippo

1143 2601 1262 2631 discere
1282 2600 1369 2639 potui
1383 2602 1413 2630 et
1430 2608 1636 2638 cognoscere,
1657 2600 1750 2638 quale
1769 2603 1986 2638 quantumque
2000 2599 2177 2638 periculum

1144 2652 1183 2682 sit
1196 2660 1251 2691 per
1270 2660 1368 2681 annos
1385 2651 1523 2689 singulos
1538 2649 1698 2680 historiam
1716 2649 1890 2687 deducere,
1907 2658 1944 2679 ac
1960 2658 2054 2688 porro
2079 2650 2178 2680 lecto-

1144 2703 1230 2733 ribus
1246 2702 1405 2740 confiteri,
1425 2702 1484 2732 hoc
1497 2703 1529 2732 et
1545 2702 1622 2732 illud
1641 2702 1815 2732 secundum
1829 2703 2007 2740 temporum
2025 2703 2179 2733 rationem

1143 2762 1206 2784 non
1222 2762 1294 2784 vere
1308 2762 1373 2784 esse
1386 2753 1524 2791 dictum,
1546 2752 1599 2782 scd
1613 2753 1680 2782 aliis
1693 2752 1783 2782 aliter
1798 2761 1863 2782 esse
1879 2753 1982 2782 visum
1993 2776 2000 2790 ‚
2019 2755 2116 2792 atque
2137 2753 2179 2783 ita

1143 2814 1175 2836 se
1195 2805 1296 2843 ipsum
1311 2804 1474 2843 perspicue
1493 2812 1662 2842 coarguere
1675 2827 1683 2841 ,
1700 2804 1736 2833 ut
1752 2811 1860 2842 reapse
1884 2804 2025 2842 Dexippo
2042 2803 2177 2840 accidit,

1143 2855 1229 2894 quod
1244 2855 1382 2885 historiae
1396 2853 1553 2885 chronicae
1564 2854 1667 2893 quivis
1685 2855 1797 2884 auctor
1815 2854 1957 2884 fallacem
1975 2854 2132 2893 quandam
2147 2855 2178 2884 ct

1143 2907 1267 2946 plenam
1286 2906 1560 2945 repugnantiarum
1571 2930 1580 2944 ‚
1592 2914 1648 2936 ceu
1661 2907 1843 2937 concionem
1862 2906 1993 2945 praeside
2006 2908 2176 2944 carentem,

1144 2958 1207 2988 edit
1231 2958 1430 2997 scriptionem
1454 2970 1461 2988 :
1484 2958 1657 2989 Boeoticum
1676 2967 1803 2997 quoque
1820 2958 2022 2997 proverbium
2050 2957 2176 2988 auditu-

1146 3018 1215 3047 rus,
1238 3009 1324 3047 quod
1350 3009 1394 3038 sic
1419 3009 1503 3039 tibiis
1532 3017 1644 3039 sonare
1662 3018 1725 3039 non
1755 3009 1839 3040 licet.
1886 3010 2029 3047 Denique
2045 3010 2076 3038 et
2099 3008 2176 3039 illud

1145 3068 1269 3089 mecum
1285 3059 1426 3098 reputavi
1441 3084 1449 3097 ,
1466 3059 1558 3090 tinen}
1573 3060 1711 3090 historiae
1728 3068 1858 3099 scopum
1873 3060 2028 3098 optimum
2042 3068 2107 3089 esse
2119 3083 2126 3097 ‚
2142 3062 2178 3089 ut

1146 3118 1195 3140 res
1210 3111 1304 3148 gestae
1317 3134 1324 3148 ‚
1342 3110 1421 3140 duce
1439 3110 1568 3141 omnino
1587 3111 1737 3148 veritate,
1753 3111 1872 3149 absque
1889 3110 1952 3140 ullo
1965 3110 2080 3140 affectu
2098 3110 2176 3140 scri-

1146 3162 1260 3192 bantur
1277 3174 1283 3192 :
1301 3163 1466 3192 accuratos
1476 3163 1582 3192 autem
1595 3164 1773 3202 temporum
1785 3162 1934 3198 calculos,
1947 3161 1971 3191 si
1983 3162 2070 3191 velut
2083 3162 2178 3192 testes

1144 3221 1208 3242 11011
1225 3211 1368 3243 advocati
1384 3212 1504 3251 adsint,
1523 3213 1682 3252 praedictae
1695 3213 1739 3244 rei
1760 3213 1835 3243 nihil
1855 3211 2010 3251 prodesse.

1186 3263 1249 3294 Nisi
1280 3263 1359 3293 forte
1385 3263 1489 3294 inania
1505 3264 1598 3294 etiam
1615 3263 1733 3294 discere
1753 3263 1876 3293 animus
1895 3262 1973 3300 fert3
2001 3262 2175 3301 praesertim

1146 3322 1245 3352 quum
1263 3313 1401 3344 chronici
1419 3314 1601 3353 scriptores,
1619 3316 1653 3344 ut
1670 3314 1713 3344 ait
1728 3314 1790 3352 ipse
1805 3312 1980 3351 Dexippus,
2003 3312 2050 3343 vel
2067 3321 2178 3343 omncs
