2289 3728
965 115 1288 158 FRAGMENTA.

124 190 227 221 Ταῦτά
244 201 293 229 μοι
309 190 479 229 ὁρμαίνοντι
497 191 666 230 παρίστατο
684 192 805 227 Παλλὰς
820 192 924 229 Ἀθήνη

123 240 237 276 χρυσῆν
251 236 360 276 ῥάὸδον
377 236 494 276 ἔχουσα
507 237 557 266 καὶ
574 237 686 273 ἤλασεν
702 237 767 268 εἶπέ
784 248 815 268 τε
829 242 913 277 φωνῇ
924 247 930 254 ·

119 283 210 313 Δεινὰ
223 283 366 313 παθοῦσα
382 285 472 319 Φακῆ
488 283 613 323 βδελυρὴ
628 283 703 323 χώρ’
716 285 756 319 εἰς
772 284 823 314 τὸν
836 284 952 323 ἀγῶνα.

122 328 183 358 Καὶ
193 328 261 359 τότε
277 329 313 365 δὴ
327 328 468 369 θάρσησα
481 330 532 359 καὶ
546 329 644 366 ἤειδον
657 329 734 359 πολὺ
749 329 873 368 μᾶλλον.

41 389 216 436 Πεποίηκε
238 391 272 428 δὲ
295 391 470 443 παρῳδίας
495 391 553 428 καὶ
580 391 784 442 Ἕρμιππος
803 394 820 428 ὁ
839 394 899 436 τ’ἧς
919 391 1066 443 ἀρχαίας

39 448 222 498 κωμῳδίας
238 449 396 494 ποιητής.
415 448 556 487 Τούτων
571 448 605 485 δὲ
620 451 751 499 πρῶτος
765 451 917 494 εἰσῆλθεν
937 451 982 491 εἰς
993 449 1066 491 τοὺς

41 507 174 554 ἀγῶνας
193 506 269 548 τοὺς
292 505 491 556 θυμελικοὺς
511 505 679 555 Ἡγήμων
700 507 758 543 καὶ
778 506 860 558 παρ’
880 507 1067 552 Ἀθηναίοις

39 562 192 608 ἐνίκησεν
222 564 341 606 ἄλλαις
364 579 401 601 τε
421 563 611 615 παρῳδίαις
630 563 688 600 καὶ
714 567 756 616 τῇ
788 564 1063 616 Γιγαντομαχίᾳ.

39 619 194 672 Γέγραφε
216 621 249 658 δὲ
270 621 327 658 καὶ
353 621 538 672 κωμῳδίαν
558 621 604 662 εἷς
625 621 682 658 τὸν
707 623 849 672 ἀρχαῖον
865 621 1006 672 τρόπον,
1024 623 1065 667 ἣν

39 678 265 727 ἐπιγράφουσι
278 677 456 723 Φιλίννην.
470 676 514 716 ‘O
529 678 563 715 δὲ
582 678 725 721 Εὕὸοιος
736 679 847 717 πολλὰ
860 679 919 728 μὲν
933 679 1065 730 εἴρηκεν

0 751 1 754 ’
40 736 73 770 ἐν
91 740 158 778 τοῖς
175 736 346 784 ποιήμασι
359 736 540 787 χαρίεντα·
555 736 633 787 περὶ
649 736 710 786 μὲν
728 740 786 782 τῆς
802 740 868 774 τῶν
888 736 1065 786 βαλανέων

36 791 153 842 μάλης
164 807 174 817 ·

121 890 231 930 βάλλον
247 892 272 922 δ’
298 892 442 928 ἀλλήλους
465 893 648 932 χαλκήρεσιν
666 893 822 932 ἐγχείῃσιν
844 893 882 931 (f.
899 892 1066 932 ἀγγείοισιν

876 938 990 978 [Schw.
1002 940 1022 975 ).

41 1029 126 1079 Περὶ
141 1027 175 1066 δὲ
192 1033 250 1066 τοῦ
268 1029 526 1080 λοιδορουμένου
544 1030 690 1079 κουρέως
706 1033 754 1081 τῷ
769 1035 912 1081 κεραμεῖ
929 1033 987 1075 τῆς
1007 1046 1063 1079 γυ-

38 1085 151 1128 ναικὸς
167 1086 285 1137 χάριν·

122 1189 196 1228 μήτε
210 1189 249 1219 σὺ
265 1188 342 1219 τόνδ’
361 1189 471 1228 ἀγαθός
485 1200 540 1229 περ
553 1190 611 1220 ἐὼν
625 1190 771 1229 ἀποαίρεο
784 1193 892 1230 κουρεῦ
905 1213 912 1226 ,

121 1236 197 1274 μήτε
211 1236 249 1266 σὺ
264 1236 411 1272 Πηλείδη.

37 1322 121 1360 “Ort
142 1322 176 1359 δὲ
204 1317 246 1368 ἦν
266 1338 315 1365 τις
342 1323 419 1374 περὶ
441 1323 560 1366 αὐτοὺς
586 1323 664 1367 δόξα
683 1323 778 1376 παρὰ
805 1325 872 1367 τοῖς
902 1324 1066 1362 Σικελιώ-

38 1395 132 1427 ταις,
163 1379 377 1431 Ἀλέξανδρος
409 1383 425 1417 ὃ
458 1381 611 1424 Αἰτωλὸς
643 1384 661 1418 ὃ
691 1381 1066 1433 τραγῳδιοδιδάσκαλος

40 1435 185 1481 ποιήσας
205 1438 350 1487 ἐλεγεῖον
367 1437 491 1489 τρόπον
511 1442 628 1476 τοῦτον
645 1440 758 1486 δηλοῖ·
859 1447 863 1450 ⁴

123 1526 176 1562 Ὡς
189 1527 389 1567 Ἀγαθοκλῆος
405 1527 508 1558 λάσιαι
525 1529 624 1568 φρένες
640 1529 759 1566 ἤλασαν
777 1530 833 1565 ἔξω

159 1573 313 1613 πατρίδος.
331 1573 476 1613 Ἀρχαίων
493 1574 528 1612 ἦν
543 1574 587 1605 ὅδ’
602 1575 676 1615 ἀνὴρ
689 1576 845 1615 προγόνων
856 1599 864 1613 ,

120 1619 205 1654 εἰδὼς
220 1620 254 1650 ἐκ
267 1619 406 1655 νεότητος
419 1620 465 1650 ἀεὶ
477 1621 614 1656 ξείνοισιν
629 1623 741 1661 ὁμιλεῖν

161 1666 268 1701 ξεῖνος·
283 1668 460 1706 Μιμνέρμου
474 1667 499 1697 δ’
513 1668 555 1702 εἰς
573 1667 644 1702 ἔπος
664 1668 755 1708 ἄκρον
773 1669 828 1698 ἰὼν

119 1712 302 1750 παιδομανεῖ
313 1712 367 1742 σὺν
381 1713 468 1752 ἔρωτι
488 1713 555 1743 πότ’
570 1713 606 1751 ἦν
622 1714 689 1744 ’ίσον
699 1722 706 1728 ·
721 1714 829 1754 ἔγραφε
846 1713 871 1744 δ’
887 1715 967 1753 ὡνηρ

162 1757 194 1787 εὖ
204 1780 212 1795 ,
226 1758 296 1797 παρ’
311 1758 474 1798 Ὁμηρείην
491 1759 619 1797 ἀγλαΐην
636 1760 746 1796 ἐπέων,

123 1804 310 1843 πισσύγγους
323 1806 342 1841 ἢ
356 1809 457 1845 φῶρας
473 1805 612 1840 ἀναιδέας
625 1806 644 1842 ἦ
662 1816 729 1835 τινα
742 1805 881 1845 χλούνην,

161 1851 260 1890 φλύων
280 1851 389 1891 ἀνθηρῇ
404 1852 458 1882 σὺν
469 1852 690 1892 κακοδαιμονίῃ
702 1875 710 1888 ,

123 1900 192 1927 τοῖα
208 1897 405 1936 Συρηκοσίοις
419 1898 470 1927 καὶ
485 1897 564 1937 ἔχων
578 1898 677 1937 χάριν·
697 1898 728 1932 ὃς
742 1897 773 1928 δὲ
791 1898 927 1927 Βοιωτοῦ

162 1943 278 1981 ἔκλυεν,
293 1943 416 1983 Boeoto
426 1944 564 1983 τέρψεται
582 1944 644 1974 οὐδ’
662 1944 775 1983 ὀλίγον.
799 1956 814 1969 »

39 2015 246 2061 Disputatio
267 2015 429 2062 profecta
451 2015 598 2050 videtur
617 2016 662 2050 ab
688 2016 750 2059 iis,
770 2028 849 2062 quae
876 2015 922 2049 de
942 2016 1072 2049 Boeoto

40 2081 77 2107 ct
95 2072 239 2107 Euboeo
261 2073 416 2107 Timaeus
443 2074 481 2107 in
500 2074 713 2120 Agathoclis
739 2073 889 2107 historia
921 2071 1071 2106 fortasse

41 2130 198 2165 dixerat.
229 2151 277 2157 —-
295 2132 351 2165 De
367 2131 485 2177 poetis
509 2131 583 2165 istis
596 2143 670 2178 prae
689 2132 820 2165 ceteris
838 2143 874 2164 v,
897 2129 1069 2164 lVeland.

41 2204 54 2219 a
73 2190 127 2223 De
144 2189 340 2235 praecipuis
360 2188 603 2223 Parodiarum
631 2190 742 2224 Hom.
765 2188 1020 2234 scriptoribus.
1050 2202 1063 2216 »

110 2297 180 2324 Haec
193 2296 264 2323 mihi
279 2299 376 2324 mente
390 2296 512 2331 agitanti
526 2296 639 2324 adstitit
654 2296 745 2324 Pallas
759 2296 872 2324 Athene
882 2315 890 2329 ‚

110 2354 228 2375 auream
242 2348 355 2382 virgam
369 2351 489 2380 tencnS,
503 2355 559 2383 qua
574 2356 620 2376 me
635 2347 743 2376 feriens
752 2347 825 2375 dixit
840 2356 846 2374 ε

113 2410 123 2423 ιι
141 2399 246 2436 Gravia
258 2407 353 2436 passa,
369 2400 518 2428 Lenticula
531 2401 666 2434 scelesta,
681 2400 725 2427 abi
738 2400 768 2427 in
782 2401 948 2428 certamen!
967 2409 977 2423 n

110 2453 191 2479 Tunc
205 2458 259 2486 ego
271 2452 368 2488 recepi
382 2451 528 2487 animum,
543 2454 572 2480 et
586 2453 679 2480 multo
693 2452 782 2487 magis
795 2451 897 2479 cecini.

84 2520 187 2552 Etiam
212 2521 401 2561 Hermippus
427 2521 574 2553 Parodias
594 2523 790 2562 composuit,
813 2521 927 2553 veteris
957 2529 1073 2551 comoe-

43 2577 105 2609 diae
127 2580 231 2618 poeta.
287 2579 347 2610 Sed
370 2579 491 2618 primus
506 2588 547 2611 ex
568 2580 699 2611 Parodis
714 2580 745 2610 in
759 2580 882 2611 scenica
903 2579 1075 2610 certamina

42 2635 203 2667 descendit
216 2637 376 2676 Hegemon
386 2661 395 2675 ,
409 2638 441 2668 et
464 2637 547 2677 apud
564 2637 767 2669 Athenienses
782 2637 944 2668 victoriam
962 2645 1071 2676 repor-

42 2693 134 2732 tavit,
149 2701 247 2732 quum
258 2693 325 2724 aliis
339 2694 485 2734 parodfis,
494 2696 563 2725 tum
575 2694 844 2734 Gigantomachia.
856 2695 984 2734 Scripsit
993 2694 1073 2726 idem

43 2751 139 2782 etiam
153 2750 340 2782 comoediam
354 2752 456 2791 prisco
470 2760 558 2783 more
568 2775 577 2790 ,
591 2761 687 2792 quam
700 2753 878 2783 Philinnam
892 2753 1073 2784 inscribunt.

44 2809 184 2840 Euboeus
197 2817 273 2840 vero
287 2809 387 2840 multa
405 2809 436 2839 in
452 2810 515 2840 suis
529 2810 721 2841 carminibus
734 2811 844 2842 festiva
860 2810 960 2849 dixit3
976 2811 1072 2842 veluti

44 2866 83 2898 de
98 2866 282 2898 balneorum
295 2875 399 2906 pugna
415 2879 422 2897 ε

115 2930 269 2958 Feriebant
282 2937 311 2958 se
324 2930 450 2958 invicem
464 2931 552 2959 aeneis
572 2931 694 2959 vasculis
714 2931 848 2965 (lanceis
863 2933 947 2959 Hom.
973 2932 1004 2960 11.
1031 2932 1073 2965 ⁴8,

969 2986 978 3019 [
992 2986 1072 3017 334.)

46 3036 126 3066 Tum
149 3034 188 3065 de
200 3036 326 3066 tonsore
340 3034 426 3074 (περὶ
441 3035 592 3074 κουρέως)
608 3035 661 3075 qni
686 3035 825 3066 mulieris
847 3045 941 3067 cansa
964 3038 1072 3068 convi-

46 3091 189 3123 ciabatur
201 3092 295 3131 figulo
311 3092 383 3132 (qui
396 3093 448 3123 τὸν
461 3094 568 3131 πηλὸν,
585 3093 694 3124 lutum
706 3114 714 3128 ‚
731 3094 866 3133 tractat)
885 3107 891 3124 :

113 3151 211 3184 Neque
223 3152 263 3183 tu,
275 3149 406 3184 quamvis
419 3149 504 3177 fortis
513 3150 563 3184 sis,
573 3150 581 3184 (
593 3157 656 3178 eam
668 3151 677 3183 δ
689 3150 757 3178 huic
770 3149 863 3185 auser,
876 3156 983 3192 κουρεῦ
995 3153 1076 3191 (κού-

719 3208 794 3248 [ρην.
816 3210 900 3236 Hom.
914 3210 935 3236 ΙΙ
960 3210 1073 3244 i,275.)

132 3271 187 3292 nec
205 3265 239 3292 tu
255 3263 355 3292 Pelide
375 3266 381 3292 Ξ
397 3266 406 3298 (
421 3264 539 3300 figulel)

232 3332 418 3355 FRAGMENTA
444 3334 563 3356 nlSTou.
586 3335 638 3356 GR·
656 3343 689 3348 —
711 3336 777 3357 vol..
800 3337 842 3357 ΙΙΙ.

2081 135 2151 166 129

1125 205 1298 253 Goetting.
1337 207 1445 247 1833.
1480 212 1532 245 De
1561 211 1760 246 Alexandri
1786 211 1900 248 AEtoli
1926 213 2089 248 versibus
2114 227 2150 250 v.

1126 264 1382 308 Capellcinann
1413 266 1535 314 (Alex.
1557 269 1667 303 AEtol.
1691 270 1736 306 fr.
1759 282 1797 317 p.
1826 268 1893 318 15)
1917 277 1951 306 et
1971 272 2016 307 N.
2041 272 2149 308 Barh.

1128 320 1164 352 in
1184 322 1441 368 Zeilsclzrtj'cfi
1464 328 1509 362 A.
1537 327 1643 372 1837.
1665 340 1700 364 n.
1725 332 1784 369 [μ.
2077 346 2082 351 ·

1609 430 1669 469 46.

1415 521 1442 554 F.
1472 522 1615 557 LIBRO
1646 525 1865 561 INCERTO.

1179 623 1373 658 Athenaeus
1385 625 1485 669 XIV,
1499 639 1536 672 p
1554 626 1642 673 659,
1658 630 1709 663 C:
1724 628 1839 666 Ὶὸνδὲ
1852 631 2021 667 Μαίσωνα
2045 631 2137 672 Πολ’
2123 648 2153 668 ε-

1127 694 1200 726 μων
1215 680 1249 715 ἐν
1266 685 1334 722 τοῖς
1350 681 1440 730 Πρὸς
1453 681 1634 719 Τίμαιον
1621 699 1658 719 εκ
1672 700 1761 720 *tow
1750 687 1782 721 ἰν
1798 687 1960 724 Σικελία
1953 704 2053 739 φησιν
2069 693 2154 725 εἰναι

1130 736 1329 789 Μεγαρεων,
1351 738 1409 774 καὶ
1429 740 1489 776 οὐκ
1508 741 1545 776 ἐκ
1561 743 1627 777 των
1646 742 1811 781 Νισαίων.

1178 799 1219 833 V.
1239 798 1399 832 Meinek.
1421 799 1523 835 Com.
1553 801 1625 837 vol.
1645 802 1670 843 Ι,
1692 813 1730 847 p.
1753 815 1798 836 22
1823 816 1876 850 sq.
1895 813 1930 839 et
1947 818 2039 852 quos
2054 808 2157 842 Prel-

1127 857 1224 890 lerus
1243 855 1367 890 laudat
1382 856 1529 903 Grysar.
1549 859 1720 894 Doricus.
1739 872 1834 895 com.
1854 874 1888 907 p.
1906 867 1993 907 247,
2007 862 2155 911 Baguet.

1126 914 1181 947 De
1200 913 1407 960 Chrysippo
1425 927 1462 960 p.
1485 915 1557 949 236
1576 928 1675 962 sqq.‚
1696 917 1965 960 Schneidewin.
1994 922 2153 956 Exercit.

1127 971 1209 1006 crit.
1229 983 1308 1018 cap.
1324 972 1379 1006 IX
1393 978 1429 1006 et
1443 973 1481 1006 in
1498 973 1666 1021 Goetting.
1685 976 1778 1010 ΑΗΖ.
1801 975 1910 1021 1837,
1931 990 1970 1024 p.
1986 978 2057 1023 847
2074 992 2154 1027 sqq.

1158 1080 1277 1117 ΠΕΡΙ
1308 1081 1408 1117 ΤΗΣ
1431 1081 1692 1120 ΑΘΗΝΗΣΙΝ
1722 1083 2127 1124 ΕΡΑΤΟΣΘΕΝΟΥΣ

1496 1150 1792 1188 ΕΠΙΔΗΜΙΑΣ.

1179 1263 1395 1297 PRELLERUS
1415 1274 1422 1295 :
1442 1277 1454 1291 n
1477 1261 1531 1295 Ita
1548 1261 1664 1297 schol.
1684 1263 1872 1310 Aristoph.
1896 1265 1964 1299 Av.
1993 1277 2050 1300 11.
2075 1264 2163 1299 Bre-

1127 1322 1206 1355 vius
1219 1321 1314 1366 Hesy
1324 1319 1380 1354 ch.
1398 1331 1434 1353 v.
1455 1316 1575 1368 Βίῃφι,
1598 1320 1642 1360 ὡς
1658 1317 1829 1367 Πολέμων
1847 1320 1880 1355 ἐν
1899 1319 2164 1370 Ἐρατοσθένους

1130 1376 1309 1426 ἐπιδημία.
1328 1377 1448 1412 Schol.
1470 1377 1582 1423 Soph.
1599 1377 1696 1412 OEd.
1718 1378 1796 1413 Col.
1820 1379 1906 1423 481,
1924 1387 1959 1414 et
1978 1380 2160 1427 Harpocr.

1129 1450 1168 1484 p.
1200 1440 1269 1481 24,
1296 1434 1316 1469 5
1346 1446 1354 1471 ε
1379 1434 1469 1471 Πολ.
1497 1434 1530 1469 ἐν
1559 1435 1629 1475 τοῖς
1660 1432 1742 1483 πρὸς
1774 1433 2034 1485 Ἐρατοσθένην,
2065 1438 2164 1472 unde

1130 1493 1357 1540 Bernhardy.
1387 1492 1570 1527 Eratosth.
1602 1505 1643 1539 p.
1673 1491 1693 1527 5
1724 1491 1766 1528 τὰ
1798 1491 1881 1543 πρὸς
1913 1492 2161 1543 Ἐρατοσθένην

1130 1553 1301 1599 pluribus
1314 1551 1418 1585 libris
1434 1551 1700 1598 comprehensa
1720 1551 1826 1586 fnisse
1841 1561 1986 1599 censet,
2007 1565 2161 1587 eorum-

1132 1622 1204 1656 que
1232 1616 1375 1656 partem
1405 1608 1511 1643 fuisse
1541 1609 1781 1655 scriptionem
1802 1608 1889 1658 Περὶ
1920 1611 1979 1654 τ’ἥς
2007 1608 2164 1653 Ἀθήνησι

1132 1663 1397 1716 Ἐρατοσθένους
1434 1664 1629 1712 ἐπιδημίας.
1674 1667 1764 1701 Mihi
1810 1667 1968 1702 formula
2009 1665 2050 1703 τὰ
2083 1667 2165 1717 πρὸς

1134 1723 1255 1775 Ἐρατ.
1296 1725 1387 1759 nihil
1418 1724 1486 1759 nisi
1527 1725 1792 1771 compendium
1825 1726 2020 1772 plenioris,
2055 1738 2165 1772 quem

1133 1783 1245 1818 ceteri
1277 1782 1455 1826 afferunt,
1486 1782 1582 1816 tituli
1611 1794 1685 1817 esse
1705 1781 1865 1817 videtur.
1898 1784 2003 1819 Certe
2032 1797 2164 1830 quam-

1133 1852 1242 1886 quam
1263 1839 1472 1873 Polemonis
1492 1850 1584 1886 opus
1611 1851 1686 1873 non
1706 1840 1824 1874 solum
1850 1839 1897 1875 ad
1917 1843 2163 1888 geopraphica

1133 1897 1383 1932 Eratosthenis
1414 1908 1546 1943 opera,
1578 1896 1641 1931 sed
1678 1898 1786 1931 etiam
1822 1897 1870 1933 ad
1902 1898 2164 1947 chronologica

1136 1954 1264 2002 (frgin.
1284 1952 1350 2001 52)
1374 1961 1409 1988 et
1428 1954 1595 2001 inprimis
1616 1954 1664 1989 ad
1679 1967 1771 2001 opus
1793 1954 1839 1990 de
1856 1957 2005 2003 antiqua
2022 1970 2162 1991 comoe-

1134 2012 1194 2047 dia
1209 2012 1336 2059 (frgm.
1355 2015 1416 2056 [47.
1431 2011 1498 2060 48)
1513 2013 1709 2059 respexisse
1730 2021 1869 2049 constat
1884 2043 1893 2060 ‚
1910 2022 2029 2051 tamen
2042 2017 2162 2050 omnia

1134 2083 1214 2117 quae
1228 2082 1326 2104 nunc
1343 2076 1482 2104 exstant
1498 2070 1700 2117 fragmenta
1714 2083 1757 2105 eo
1772 2070 1943 2116 redeunt,
1965 2080 2006 2108 ut
2020 2086 2078 2108 eas
2093 2085 2161 2120 po-

1134 2129 1308 2162 tissimum
1325 2139 1400 2170 res,
1421 2139 1501 2173 quae
1518 2128 1751 2173 antiquitates
1768 2129 1904 2164 Atticas
1924 2131 2162 2178 attingerent,

1133 2187 1231 2220 hisce
1250 2185 1354 2220 libris
1373 2192 1499 2220 contra
1522 2184 1799 2220 Eratosthenem
1822 2186 1928 2222 editis
1953 2186 2163 2235 (minimum

1135 2295 1241 2325 Fuisse
1253 2295 1359 2324 autem
1377 2293 1433 2324 hos
1447 2294 1587 2325 homines
1599 2294 1608 2332 (
1619 2295 1762 2325 Boeotum
1780 2296 1811 2326 et
1825 2295 1979 2326 Euboeum
1992 2297 2001 2335 )
2016 2296 2047 2327 in
2060 2297 2163 2327 existi-

1136 2351 1273 2383 matione
1294 2351 1431 2391 quadam
1448 2351 1531 2391 apud
1547 2352 1685 2391 SiculoS,
1702 2353 1880 2384 Alexander
1903 2354 2042 2393 AEtolus,
2066 2355 2092 2385 is
2109 2355 2162 2394 qui

1137 2409 1303 2450 tragoedias
1323 2408 1450 2447 docuit,
1467 2409 1497 2439 in
1515 2409 1617 2449 Elegia
1630 2410 1766 2449 quadani
1782 2410 1829 2441 liis
1843 2411 1945 2442 verbis
1958 2411 2095 2442 declarat
2112 2426 2117 2442 :

1207 2509 1302 2540 Quem
1321 2509 1328 2539 (
1341 2508 1475 2534 Boeotum
1486 2507 1496 2540 )
1509 2506 1675 2541 Agathoclis
1688 2506 1769 2535 ferox
1783 2507 1897 2535 animus
1910 2508 2061 2543 expulerat

1203 2554 1296 2589 patria
1309 2561 1314 2578 ε
1331 2553 1423 2580 nobili
1436 2553 1484 2581 hic
1499 2553 1544 2580 vir
1554 2560 1659 2587 genere
1673 2551 1730 2581 fuit
1740 2574 1747 2587 ,

1204 2600 1340 2627 adsuetus
1353 2599 1389 2626 ab
1399 2599 1595 2628 adolescentia
1610 2606 1677 2627 cum
1691 2600 1798 2628 exteris
1811 2601 1978 2628 conversari

1205 2646 1310 2682 hospes
1324 2656 1330 2671 ε
1346 2646 1503 2674 Mimnerni
1516 2653 1588 2674 vero
1601 2648 1746 2681 praecepta
1758 2646 1794 2673 ad
1808 2647 1935 2674 amussin
1949 2649 2049 2675 tenens
2060 2669 2067 2681 ‚

1170 2699 1331 2727 puerorum
1341 2699 1441 2719 amore
1454 2691 1536 2724 olim,
1550 2691 1625 2719 sicut
1637 2691 1700 2726 ille,
1713 2691 1881 2719 insanierat.
1899 2693 2055 2728 Descripsit
2067 2696 2163 2721 autem

1203 2772 1322 2808 pulcre,
1334 2772 1370 2799 ad
1383 2771 1542 2799 illustrium
1556 2771 1678 2800 Homeri
1689 2779 1827 2800 versuum
1842 2773 2052 2808 imitationem,
2074 2740 2163 2773 [mem

1203 2838 1315 2864 sutores
1327 2857 1334 2868 ,
1348 2838 1397 2863 aut
1413 2834 1492 2864 [ures
1512 2835 1716 2871 impudentes,
1735 2837 1786 2864 aut
1805 2839 1999 2872 grassatorem
2015 2839 2161 2873 Quendam

1202 2883 1305 2915 jocans
1319 2880 1429 2908 floridis
1442 2889 1509 2910 cum
1524 2881 1691 2916 petulantiis
1703 2890 1709 2906 :

1208 2928 1247 2954 ita
1261 2927 1405 2961 gratiosus
1417 2926 1496 2962 apud
1507 2927 1677 2962 Syracusios
1690 2930 1762 2955 erat.
1780 2927 1915 2963 Quisquis
1928 2935 1999 2956 vero
2013 2930 2146 2957 Boeotum

1204 2972 1315 2999 audivit
1326 2993 1334 3005 ,
1347 2972 1370 2999 is
1383 2971 1492 2999 Euboeo
1505 2979 1542 2999 nc
1554 2979 1658 3007 parum
1672 2972 1788 3007 quidem
1800 2972 2002 3001 delectabitur.
2018 2984 2028 2998 n

1616 3073 1673 3105 46.

1174 3166 1343 3197 Maesonem
1361 3165 1488 3197 Polemo
1510 3165 1543 3196 in
1566 3165 1652 3196 libris
1676 3165 1827 3196 adversus
1849 3165 2003 3196 Timoenm
2029 3165 2072 3195 ait
2094 3166 2158 3195 Me-

1133 3223 1294 3254 garensem
1310 3215 1437 3255 quidem
1455 3215 1565 3254 fuisse,
1583 3215 1637 3247 sed
1651 3215 1739 3247 exiis
1752 3216 1805 3255 qui
1823 3216 1852 3246 in
1870 3215 1972 3246 Sicilia
1991 3216 2080 3253 sunt,
2096 3223 2157 3244 non

1134 3273 1172 3295 ex
1187 3265 1307 3297 Nisaeis.

1963 3334 1979 3358 9
