2289 3728
79 137 120 166 ιε
584 96 589 101 ’
780 114 1066 176 ΜΜΡΗιῡιε
1100 113 1448 152 HERACLEOTAE

72 211 237 252 νισθῆναι.
255 209 376 252 Ζητεὶν
397 197 451 240 οἶν
476 200 576 238 αὐτὸν
605 198 680 239 τοὺς
707 197 775 233 ἀπὸ
794 199 854 242 τῆς
871 194 1096 254 χώραςωμετά

1159 193 1359 246 ἀμφιέλεος,
1378 193 1577 244 ἀμφιελεός,
1598 191 1801 244 ἀμφιελέως.
1816 215 1866 220 —
1879 192 1960 243 περὶ
1977 190 2192 244 Ἡρακλέους

73 280 160 306 ’τινος
186 259 472 312 μεμελῳδημένου
493 256 613 305 θρήνου
640 254 697 291 καὶ
723 253 962 299 ἀνακλήσεως,
985 256 1013 304 ᾧ
1041 252 1100 289 καὶ
1160 254 1275 290 codd.
1294 261 1376 289 tres,

72 325 129 357 νῦν
152 321 201 357 ἔτι
217 319 339 360 πάντες
358 317 527 367 *χρώμενοι
542 314 746 350 διατελοῦσι.
769 330 782 344 υ
795 313 956 353 Τοιοῦτος
979 310 1009 346 δ’
1028 310 1100 347 ἐστὶ

74 379 132 415 καὶ
148 380 164 414 6
181 379 263 426 παρ’
283 362 483 423 Αἰγυπτίοις
503 369 710 418 καλούμενος
731 369 911 421 Μάνερως.

126 436 246 471 Sehol.
263 433 388 480 Apoll.
406 432 479 466 Rh.
502 431 558 474 II,
577 428 650 474 780
674 441 682 463 ε
702 426 813 469 Ἰδίως
830 426 885 463 τὸν
911 425 1099 477 θρηνούμε-

74 508 128 529 νον
164 490 334 542 Πριόλαόν
364 503 446 539 φησι
481 487 493 536 (
504 500 555 524 sc,
594 483 838 534 Ἀπολλώνιος)
853 500 860 507 ·
890 486 956 521 τῶν
985 484 1101 520 ἄλλων

77 550 225 600 Ιίάρυνον
252 550 294 596 (l.
327 547 472 596 Βῶρμον
492 545 502 594 )
521 542 690 593 λεγόντων
718 542 774 580 τὸν
801 542 919 580 Τιτίου
944 541 1029 587 υἱὸν,
1055 543 1102 583 ὡς

77 607 210 656 Νύμφις
241 604 299 642 καὶ
327 597 602 654 Καλλίστρατος.
631 603 748 637 Patris
780 614 919 637 nomen
950 600 1058 635 fluxit
1086 612 1104 634 e

74 667 278 702 Callistrato
296 663 361 710 (fr.
387 675 421 706 1,
438 663 505 697 ubi
521 661 598 696 vid.
617 667 694 695 not.
707 659 736 708 ).
756 662 812 695 De
826 672 865 695 re
883 659 930 696 cf.
953 659 1101 693 Miiller.

76 725 170 759 Min.
192 735 228 769 p.
252 720 346 768 3933
365 722 452 756 Dor.
473 721 510 764 1,
529 731 568 766 p.
591 717 679 759 346.

563 800 618 822 ιο.

128 862 244 908 Etym.
274 860 399 907 Magn.
417 871 456 905 p.
492 869 581 901 221,
605 856 651 891 23
677 868 684 889 :
708 853 905 904 Γάργαρος,
926 853 1023 895 πόλις
1048 855 1107 898 τῆς

77 916 173 962 Ἴδης
191 918 224 953 ἐν
238 917 359 967 ὑψηλῷ
377 915 474 966 τόπῳ
495 913 646 962 κειμένη·
678 913 719 957 ἣν
747 911 924 963 κατῴκουν
945 911 1105 960 Λέλεγες.

76 975 137 1018 Ἐξ
147 969 187 1020 ἧς
207 974 262 1011 διὰ
279 973 318 1010 τὸ
332 973 479 1024 κρυῶδες
498 969 762 1016 ὑποκατέὸησαν
779 972 809 1006 οἱ
821 972 1026 1021 Γαργαρεῖς,
1050 969 1109 1005 καὶ

74 1032 206 1083 ᾤκισαν
220 1031 327 1077 αὐτὴν
344 1032 354 1081 (
368 1034 390 1068 l.
405 1031 530 1078 ἄλλην)
549 1028 615 1066 ὑπὸ
629 1027 742 1065 πεδίον
760 1027 952 1078 Γάργαρον.
970 1026 1107 1072 Ἐκείνη

76 1090 111 1128 δὲ
125 1092 342 1142 ἐρημωθεῖσα
361 1088 516 1126 καλεῖται
534 1085 677 1125 Παλαιὰ
703 1085 892 1136 Γάργαρος,
909 1084 1109 1134 ὠνόμασται

77 1149 112 1186 δὲ
134 1149 202 1185 ἀπὸ
221 1147 399 1197 Γαργάρου
417 1150 475 1184 τοῦ
490 1145 641 1190 Διὸς,ὡς
655 1145 753 1190 δηλοῖ
768 1143 923 1195 Νυμφίος
943 1146 985 1192 (l.
1005 1144 1110 1192 Νύμ-

77 1209 149 1258 φις)
170 1209 187 1243 6
206 1207 400 1258 φιλόσοφος.
420 1203 801 1255 ΟὕτωςἚπαφρόδιτος
810 1205 843 1240 ἐν
861 1202 1111 1251 εΥπομνήματι

77 1265 104 1302 0'
126 1263 569 1315 Ἰλιάδος,παρατιθέμενος
587 1261 799 1312 Κλείταρχον
820 1259 1109 1310 Λῖγινήτηνλεξι-

78 1322 262 1374 κογράφον.
287 1323 343 1360 Cf.
373 1323 497 1370 Steph.
520 1323 606 1369 Byz.
625 1334 653 1358 s.
677 1334 712 1358 V.
734 1321 798 1367 qui
819 1332 881 1355 sua
903 1332 946 1355 ex
977 1320 1110 1355 eodem

81 1381 339 1429 Epaphrodito
360 1381 483 1416 habet.

353 1468 382 1501 E
410 1466 555 1502 LIBRO
585 1465 821 1502 SECUNDO.

567 1552 623 1574 11.

133 1617 258 1651 Scliol.
272 1616 457 1662 Aristoph.
470 1618 537 1650 Av.
552 1615 625 1659 874
641 1627 648 1648 ε
663 1614 707 1650 Οἱ
723 1612 858 1663 Φρύγες
869 1613 924 1650 τὸν
941 1613 1112 1657 Σαὲάζιον

81 1675 220 1722 τιμῶσι.
243 1673 304 1715 Τίς
316 1672 350 1708 ’δέ
368 1673 456 1708 ἐστιν
473 1665 567 1713 οὗτος
592 1673 609 1707 6
627 1670 697 1713 θεὸς
723 1673 740 1708 6
761 1670 1006 1721 Ἡρακλεώτης
1024 1672 1114 1724 Περὶ

82 1729 290 1782 ῚΙρακλείας
315 1731 348 1766 ἐν
373 1731 421 1780 τῷ
452 1729 481 1779 β’
504 1728 605 1780 φησὶν
626 1727 748 1771 οὕτως·
769 1747 783 1761 «
803 1728 973 1767 Φαίνεται
994 1729 1060 1780 γὰρ
1080 1729 1113 1773 ἐξ

82 1784 128 1825 ὧν
150 1788 348 1838 εὑρίσκομεν
359 1786 632 1836 συλλογιζόμενοι
644 1786 869 1837 πολλαχόθεν,
889 1786 940 1824 ὅτι
956 1788 1114 1830 Διόνυσος

83 1846 141 1883 καὶ
157 1845 325 1889 Σαὸάζιος
345 1839 390 1888 εἷς
415 1845 486 1881 ἐστὶ
504 1844 595 1894 θεὸς,
617 1847 731 1894 τυχεῖν
753 1844 787 1881 δὲ
802 1847 861 1890 τῆς
882 1846 1112 1897 προσηγορίας

83 1904 209 1948 ταύτης
234 1902 329 1953 παρὰ
353 1903 409 1939 τον
437 1901 612 1951 γινόμενον
631 1902 709 1952 περὶ
731 1901 832 1939 αὐτὸν
859 1903 1034 1952 θειασμόν.
1063 1904 1114 1942 Τὸ

84 1962 148 2011 γὰρ
174 1962 303 2003 εὖάζειν
334 1962 363 1997 οἱ
392 1959 559 2011 βάρὸαροι
587 1958 748 2003 σαὸάζειν
783 1959 899 2011 φασίν.
923 1960 1028 1999 '‘Oeev
1057 1962 1114 1999 καὶ

84 2020 150 2054 τῶν
170 2017 345 2062 Ἑλλήνων
365 2016 451 2059 τινὲς
474 2019 733 2059 ἀκολουθοῦντες
751 2017 807 2054 τὸν
831 2016 980 2067 εὐασμὸν
1002 2018 1116 2056 <sagu-

85 2076 169 2123 σμὸν
199 2075 367 2125 λέγουσιν.
401 2094 416 2108 »
446 2077 666 2124 Nymphidis
696 2089 834 2111 nomen
870 2078 1022 2116 excidit.
1060 2099 1112 2105 —-

78 2133 117 2183 ’β’
139 2147 211 2172 em.
236 2135 411 2170 Dindorf.
428 2135 534 2170 Libri
556 2132 616 2171 ιδ’.

140 2194 388 2239 Harpocratio
406 2205 438 2227 ν.
457 2191 568 2229 Σαόοί
593 2205 599 2226 ;
617 2190 684 2229 Τὸν
706 2190 740 2228 δὲ
762 2191 862 2227 αὐτὸν
888 2185 973 2228 εἶναι
996 2193 1116 2231 Σαὸά·

87 2251 155 2292 ζιον
184 2249 243 2285 καὶ
264 2249 425 2286 Διόνυσόν
461 2263 562 2300 φασιν
593 2248 689 2285 ἄλλοι
720 2264 756 2285 τε
785 2249 842 2286 καὶ
866 2249 1040 2301 Ἀμφίθεος
1064 2252 1114 2301 [l.

91 2305 243 2357 Νύμφις]
260 2306 291 2356 β’
310 2307 395 2357 Περὶ
410 2306 631 2356 Ἡρακλείας.
649 2310 720 2343 Pro
732 2306 908 2358 Ἀμφίθεος
925 2311 986 2345 alii
1003 2311 1115 2346 codd.

90 2416 165 2446 nore
192 2416 360 2455 insignem,
377 2418 408 2446 et
424 2416 514 2455 longe
539 2415 606 2446 aliis
627 2415 775 2446 omnibus
793 2419 1008 2456 praestantem.
1036 2421 1118 2450 Eum

90 2467 184 2498 rebus
200 2468 265 2497 suis
278 2467 433 2498 intentum
458 2469 489 2497 et
502 2476 580 2506 opus
598 2467 746 2499 facientes
758 2468 994 2508 inspicientem,
1019 2479 1118 2509 quum

91 2518 186 2548 vellet
204 2520 315 2556 potum
330 2518 405 2549 dare
430 2518 637 2556 messoribus,
663 2519 702 2549 ad
718 2528 832 2558 aquam
857 2521 1032 2559 profectum
1049 2529 1121 2552 eva-

92 2569 207 2598 nuisse.
223 2571 314 2600 Hunc
326 2568 420 2607 igitur
443 2569 622 2608 quaesivisse
636 2569 724 2600 aiunt
746 2574 877 2601 cunctos
895 2571 977 2602 illius
991 2572 1122 2611 regionis

92 2629 165 2650 cum
192 2621 407 2651 lacrimatione
438 2622 469 2651 et
491 2620 690 2651 invocatione
714 2622 841 2652 musicis
863 2623 964 2654 modis
980 2632 1120 2663 compre·

93 2671 187 2701 hensa
203 2679 282 2710 :qua
295 2670 388 2701 etiam
402 2679 487 2701 nunc
499 2671 679 2710 frequenter
693 2671 988 2705 uticonsueverunt.
1006 2688 1020 2701 »
1031 2675 1121 2713 Ejus·

96 2722 167 2752 dem
184 2722 269 2752 modi
287 2723 335 2753 est
352 2723 567 2762 AEgyptiorum
597 2722 675 2752 illud
691 2723 869 2762 canticum,
882 2725 966 2764 quod
982 2727 1125 2757 Maneros

95 2774 287 2804 nominatur.

138 2825 300 2864 Proprium
317 2826 364 2855 est
378 2824 542 2863 Apollonii,
556 2824 640 2863 quod
660 2825 763 2855 virum
777 2834 870 2864 quem
888 2827 1049 2858 cantilenis
1062 2830 1123 2859 Ma-

96 2875 200 2914 riand>
208 2876 237 2905 ni
256 2876 379 2913 lugent,
396 2875 553 2905 Priolaum
568 2877 678 2913 vocat,
692 2884 790 2914 quum
806 2876 951 2915 reliquis,
966 2879 1011 2908 uti
1026 2880 1124 2916 Nym-

96 2925 181 2965 phidi
195 2927 226 2956 et
242 2926 432 2963 Callistrato,
449 2927 580 2956 Bormus
593 2926 645 2964 sit,
662 2926 751 2957 'l'itioe
770 2927 859 2956 tilius.

584 2998 636 3028 10.

139 3079 315 3115 Gai-garns,
330 3075 406 3107 urbs
422 3077 452 3106 in
471 3076 532 3106 hla¹
551 3077 619 3106 loco
638 3075 740 3114 edito,
755 3084 850 3115 quam
866 3077 1046 3109 incolebant
1069 3081 1125 3110 Le-

99 3131 192 3168 leges.
213 3129 324 3159 Postea
341 3128 381 3158 ob
397 3128 529 3159 nimium
554 3129 650 3167 lrigus
667 3128 898 3159 descenderunt
920 3132 1128 3169 Gurg-'irenses

99 3181 131 3211 in
147 3179 306 3219 planitiem
317 3203 326 3217 ‚
340 3179 446 3218 ibique
459 3179 590 3210 alteram
616 3182 793 3217 Gargarum
812 3180 1030 3212 condiderunt.
1046 3182 1128 3214 Urbs

99 3232 222 3263 deserta
244 3231 423 3262 nominatur
447 3233 545 3262 Vetus
574 3234 740 3270 Gargarus.
765 3233 884 3262 Nomen
901 3233 928 3262 ei
952 3232 1084 3264 inditum
1109 3243 1127 3264 a

107 3287 243 3323 Gan-garo
260 3284 321 3314 filio
335 3283 434 3321 Jovis,
454 3284 497 3314 uti
513 3286 617 3314 narfflt
629 3284 777 3323 Nymphis
788 3284 997 3324 philosophus.

1649 357 1706 380 12.

1214 432 1305 468 Lex.
1332 431 1488 467 Rhetor.
1511 430 1559 465 ad
1581 431 1673 466 calc.
1694 430 1866 476 Photiip.
1891 429 1964 473 674
1983 427 2042 465 ed.
2055 428 2193 466 Gaisf.:

1163 487 1380 539 Ὀροσάγγης
1422 486 1482 524 καὶ
1528 485 1721 536 σαγγάνδης
1766 486 1826 523 καὶ
1869 485 2100 538 παρασάγγης
2135 486 2194 524 καὶ

1164 546 1311 597 ἄγγαρος
1331 544 1502 597 διαφέρει·
1535 544 1724 596 ὀροσάγγαι
1748 543 1808 593 μὲν
1826 545 1856 581 οἱ
1886 542 2196 595 σωματοφύλακες,

1164 607 1209 647 ὡς
1240 603 1436 655 (Σοφοκλῆς
1460 603 1494 639 ἐν
1516 604 1637 650 suppl.
1671 602 1826 651 Meier.)
1847 600 1991 646 Ἑλένης
2017 601 2119 653 γάμῳ
2138 601 2198 639 καὶ

1166 663 1326 712 Τρωΐλῳ.
1345 659 1530 711 Ἡρόδοτος
1543 659 1720 708 35(V111‚-
1736 660 1783 696 85
1795 659 1804 710 )
1816 675 1824 682 ·
1843 676 1858 693 α
1879 660 1925 698 Οἱ
1941 658 2116 711 εὐεργέται
2139 659 2208 697 τοΐῖ

1168 718 1324 768 βασιλέος
1342 716 1529 768 ὀροσάγγαι
1548 715 1728 752 καλέονται
1758 717 1941 766 Περσιστί·
1966 733 1982 749 »
2003 716 2142 769 Νύμφις
2161 716 2197 755 δὲ

1166 779 1183 814 6
1203 774 1446 828 Ἡρακλεώτης
1462 775 1496 810 ἐν
1514 772 1659 823 δευτέρῳ
1675 772 1763 824 Περὶ
1774 772 1984 823 Ἡρακλείας
2002 773 2201 825 λέγειπαρὰ

1171 834 1323 883 Πέρσαις
1339 831 1401 877 τὴν
1424 830 1589 880 μεγίστην
1621 830 1710 880 ἔχειν
1735 830 1930 881 προεδρίαν,
1955 832 2136 869 καλεῖσθαι
2163 831 2199 869 δὲ

1168 890 1258 928 κατὰ
1282 892 1439 940 γλῶτταν
1467 888 1576 932 ξένους
1607 887 1810 939 βασιλείους.
1836 906 1849 920 u
1881 888 2085 938 Σαγγάνδαι
2109 889 2144 927 δὲ
2165 891 2196 927 ot

1171 947 1459 996 ἀποστελλόμενοι
1475 948 1674 984 καλοῦνται.
1696 947 1876 998 Σοφοκλῆς
1895 945 1930 983 ’δὲ
1958 948 1992 984 ἐν
2024 949 2093 989 τοῖς
2116 949 2200 986 Ποι-

1170 1006 1247 1056 μέσι
1265 1006 1325 1044 καὶ
1352 1005 1538 1058 Εὐριπίδης
1558 1007 1591 1042 ἐν
1626 1004 1790 1056 Σκυρίαις
1816 1003 2048 1055 παρασάγγας
2081 1005 2202 1048 αὐτοὺς

1171 1063 1400 1110 κεκλήκασιν·
1432 1065 1536 1114 ἐχρῆν
1555 1062 1589 1099 δὲ
1609 1064 1715 1100 εἰπεῖν
1746 1062 1958 1112 σαγγάνδας·
1973 1064 1991 1098 ὁ
2009 1061 2075 1114 γὰρ
2088 1079 2203 1115 παρα-

1171 1122 1300 1172 σάγγης
1318 1121 1438 1172 μέτρον
1460 1120 1563 1158 ἐστίν.
1585 1117 1748 1171 Ἄγγαροι
1762 1120 1797 1157 δὲ
1818 1121 1849 1158 οἱ
1868 1120 2093 1170 πρεσὸευταί,
2120 1124 2199 1162 κτλ.

1170 1204 1222 1209 —
1246 1184 1302 1218 De
1321 1194 1361 1217 re
1379 1195 1414 1217 V.
1434 1181 1639 1216 Brissonius
1670 1182 1726 1216 De
1756 1182 1849 1228 Reg.
1876 1181 1972 1216 Pers.
2006 1182 2128 1228 princ.
2161 1183 2203 1227 I,

1177 1240 1259 1285 1383
1275 1242 1462 1276 Hammer.
1480 1240 1518 1273 in
1530 1240 1686 1275 Wiener
1697 1237 1831 1275 Jahrb.
1846 1245 1938 1275 tom.
1951 1240 2064 1283 LXV,
2085 1252 2123 1286 p.
2139 1240 2202 1285 67,

1173 1299 1236 1344 qui
1267 1295 1459 1348 ὀροσάγγας
1487 1297 1751 1344 interpretatur
1782 1296 1949 1331 thronum
1974 1303 2145 1330 ornantes
2167 1296 2206 1344 (a

1172 1356 1325 1391 vocibus
1348 1367 1472 1401 weng,
1489 1354 1578 1400 sib).
1614 1370 1628 1385 «
1662 1355 1718 1389 De
1743 1366 1836 1389 voce
1871 1351 2064 1401 σαγγάνδης
2090 1366 2205 1400 quum

1173 1414 1330 1461 collegas
1361 1412 1679 1458 conjunctissimos
1712 1412 1875 1446 Pottium
1904 1418 1940 1446 et
1963 1411 2206 1459 Roedigerum

1174 1472 1422 1514 consulerem,
1453 1471 1513 1504 hic
1545 1468 1706 1515 conjecit
1733 1469 1848 1504 inesse
1878 1470 1918 1504 in
1942 1481 1984 1504 ea
2020 1470 2206 1505 Persicum

1172 1541 1270 1575 song,
1293 1530 1317 1565 i.
1341 1541 1375 1565 e.
1395 1527 1557 1575 lapidem
1589 1528 1663 1562 sive
1697 1527 1956 1571 intervallum,
1984 1527 2089 1574 quod
2109 1528 2207 1574 lapi-

1175 1586 1283 1620 dibus
1300 1584 1544 1631 significatum
1561 1585 1619 1620 sit.
1657 1585 1887 1632 Parasangen
1906 1585 2019 1632 igitur
2043 1597 2115 1620 esse
2132 1584 2209 1620 fere
2255 1623 2260 1628 ,

1175 1643 1198 1678 i.
1221 1655 1255 1689 q.
1286 1643 1339 1676 acl
1351 1643 1523 1689 lapidem,
1538 1641 1752 1689 sanganden
1781 1654 1871 1677 vero
1888 1642 2124 1677 tabellarium
2139 1654 2202 1677 re-

1175 1701 1289 1747 gium,
1312 1701 1377 1746 qui
1409 1712 1454 1734 eo
1480 1701 1519 1733 in
1548 1700 1743 1734 intervallo
1770 1699 1883 1735 fuerit
1912 1700 2132 1735 constitutus
2159 1699 2206 1735 ad

1175 1757 1414 1804 perferendas
1423 1758 1518 1804 regis
1533 1758 1656 1792 literas
1678 1769 1686 1791 ε
1702 1758 1844 1792 Pottius
1868 1764 1991 1793 autem
2003 1759 2209 1804 suspicatur

1175 1816 1213 1848 in
1227 1827 1268 1849 ea
1287 1815 1400 1849 latere
1414 1815 1565 1849 fortasse
1582 1815 1768 1849 Persicum
1780 1814 1947 1856 ,ι-εΙιιιΙιῖη,
1964 1815 1988 1850 i.
2005 1827 2037 1851 e.
2054 1815 2210 1862 regium,

1175 1872 1233 1905 vel
1248 1871 1416 1906 schalam
1427 1898 1439 1914 ‚
1468 1872 1494 1906 i.
1525 1883 1558 1906 e.
1577 1883 1752 1919 regnum3
1770 1872 1820 1906 sie
1842 1870 1924 1907 fieri
1948 1879 1991 1906 ut
2016 1868 2209 1920 σαγγάνδης

1175 1930 1267 1963 nihil
1287 1929 1388 1964 aliud
1407 1930 1452 1963 sit
1474 1941 1585 1975 quam
1610 1933 1732 1977 regius
1767 1932 1944 1967 minister.
1969 1946 1984 1961 n
2008 1931 2148 1965 Mmssn.
2171 1930 2208 1964 in

1176 1994 1255 2022 not.
1274 1987 1321 2021 ad
1332 1982 1614 2034 Fragm.Lexici
1629 1988 1823 2022 Rhetorici
1838 1986 1941 2037 (Hal.
1966 1987 2076 2036 1844)
2091 2000 2129 2035 p.
2145 1987 2208 2022 28.

1471 2081 1500 2114 E
1527 2081 1673 2116 LIBRO
1702 2080 1914 2126 QUARTO.

1664 2180 1676 2201 1
1687 2167 1721 2201 3.

1230 2254 1415 2290 Plutarch.
1431 2255 1486 2289 De
1499 2254 1584 2288 virt.
1610 2255 1701 2290 mul.
1721 2267 1753 2290 c.
1774 2266 1809 2301 9,
1832 2267 1872 2301 p.
1892 2254 1984 2300 248,
2004 2255 2031 2291 C
2050 2268 2057 2290 :
2079 2253 2214 2305 Νύμφις

1179 2310 1212 2346 ἓν
1222 2311 1270 2361 τῷ
1286 2311 1439 2361 τετάρτῳ
1451 2310 1536 2361 Περὶ
1554 2309 1805 2361 Ἡρακλείας...
1822 2310 1931 2361 λέγει,
1951 2310 2002 2348 ὅτι
2017 2310 2078 2348 σῧν
2097 2311 2214 2363 ἄγριον

1672 2424 1726 2455 11.

1226 2494 1363 2533 Phryges
1382 2494 1550 2525 Sabazium
1573 2494 1692 2525 colunt.
1717 2494 1779 2531 Qui
1804 2494 1844 2526 sit
1871 2494 1923 2526 ille
1947 2495 2024 2526 deus
2049 2495 2214 2536 Nymphis

1181 2547 1366 2577 lleracleota
1379 2547 1458 2578 libro
1477 2549 1523 2578 De
1543 2547 1694 2578 Heraclea
1709 2546 1849 2578 secundo
1862 2547 2001 2578 declarat
2015 2548 2064 2579 his
2084 2547 2187 2579 verbis
2206 2560 2214 2580 ε

1183 2610 1197 2622 ἰ
1217 2599 1353 2637 Apparet
1375 2606 1414 2629 ex
1432 2598 1559 2635 multis,
1579 2607 1651 2638 quae
1677 2599 1854 2629 invenimus
1873 2599 2075 2638 colligentes,
2092 2598 2217 2630 indiciis

1182 2647 1347 2679 Sabazium
1364 2648 1458 2679 deum
1472 2648 1606 2680 eundem
1626 2657 1692 2680 esse
1716 2658 1790 2680 cum
1821 2649 1980 2689 Dionyso,
1994 2658 2031 2681 ac
2058 2658 2174 2681 nomen
2187 2650 2214 2681 ei

1182 2699 1317 2731 inditum
1338 2708 1404 2731 esse
1419 2699 1458 2731 de
1470 2700 1601 2732 vot-,ibus
1613 2701 1729 2740 quibus
1744 2701 1891 2732 invocare
1910 2701 1988 2733 deus
2011 2702 2115 2734 solet:
2142 2710 2215 2733 nam

1183 2750 1297 2786 εὐάζειν
1326 2751 1434 2789 (evan
1460 2751 1635 2790 clamare)
1663 2751 1787 2782 barbari
1809 2752 1918 2784 dicunt
1939 2753 2094 2789 σαὸόιζειν.
2122 2753 2216 2790 Quod

1184 2802 1278 2832 etiam
1307 2804 1490 2832 Graecorum
1515 2802 1659 2833 nonnulli
1683 2802 1843 2834 imitantes
1866 2812 1924 2842 pro
1946 2804 2079 2844 εὐασμόν
2105 2803 2215 2835 dicunt

1184 2854 1356 2893 σαῧασμὸν.

1673 2910 1727 2941 12.

1226 2979 1377 3019 Nymphis
1397 2980 1580 3012 Heracleota
1595 2980 1676 3012 libro
1692 2983 1738 3012 De
1755 2981 1905 3013 Heraclea
1926 2981 2064 3013 secundo
2078 2983 2215 3017 Oros-an·¹

1186 3039 1239 3069 gas
1251 3030 1328 3061 dicit
1351 3030 1435 3070 apud
1462 3033 1570 3062 Persas
1582 3040 1742 3062 summum
1756 3033 1863 3063 tenere
1889 3032 2014 3072 locum,
2036 3041 2218 3074 nomenque
2253 3075 2261 3080 -

1188 3080 1348 3112 Persicum
1363 3081 1536 3120 significare
1546 3081 1692 3121 hospites
1709 3085 1828 3122 reqios.

1677 3160 1729 3191 13.

1232 3235 1383 3274 Nymphis
1395 3237 1507 3274 quarto
1530 3237 1575 3266 De
1590 3235 1740 3266 Heraclea
1763 3235 1843 3266 libro
1861 3244 1973 3276 aprum
1993 3237 2085 3273 dicit,
2113 3238 2216 3278 quiin

1187 3295 1260 3323 agro
1272 3286 1407 3316 Xanthio
1420 3286 1565 3316 animalia
1576 3287 1607 3317 et
1618 3287 1738 3317 fructus
1751 3287 1905 3326 perderet,
1919 3288 2215 3329 osseinteremptum
