2289 3728
69 156 114 187 30
787 145 1187 185 PinmSTErHANi
1210 148 1443 188 CYRENAEI

117 235 436 282 Quemadmodum
451 233 496 266 de
510 234 609 265 Asise
623 231 778 264 urbibus
792 232 1094 279 Philostephanus

63 295 226 341 scripsit,
254 294 303 326 sic
324 293 431 325 etiam
458 290 504 323 de
526 290 681 334 Europae
706 289 920 334 regionibus
934 302 1093 337 compo-

63 353 172 386 suisse
190 352 303 384 libros
322 349 479 382 videtur.
504 348 584 380 Huc
600 347 787 392 pertinent
810 359 817 380 ε

560 428 578 439 r-

565 442 594 460 s.

114 507 237 541 Schol.
267 504 388 550 Apoll.
419 503 490 538 Rh.
513 503 571 545 II,
594 507 666 546 704
695 513 703 539 ζ
733 500 890 543 Βίστονες
918 501 983 553 γὰρ
1005 502 1093 544 ἔθνος

61 564 220 613 Θρακῶν.
240 558 440 607 Ὠνομάσθη
458 557 491 595 ὀὲ
511 557 578 594 ἀπὸ
599 558 774 606 Βίστονος,
793 562 850 595 τοῦ
870 559 1032 605 Κίκονος,
1050 562 1094 602 ὡς

61 619 312 668 Φιλοστέφανος
325 617 466 667 ἱστορεῖ.
486 615 657 661 Βιστονὶς,
677 615 781 664 λίμνη
806 617 984 667 Θρᾳκικῆς.

557 703 593 738 8.

110 794 284 840 Stephan.
314 794 399 839 Byz.
431 805 438 826 :
468 789 631 838 Ἀνθάνα,
656 789 754 832 πόλις
784 789 993 836 Λακωνικὴ,
1028 790 1091 837 μία

58 851 123 886 τῶν
142 849 274 886 ἑκατόν·
292 847 457 893 κέκληται
475 847 510 886 δὲ
522 878 531 894 ,
548 850 594 890 ὡς
610 846 888 898 Φιλοστέφανος,
906 846 1001 897 παρὰ
1017 845 1093 885 Ἄν-

56 910 116 954 θην
133 907 188 943 τὸν
205 907 440 955 Ποσειδῶνος,
458 905 496 943 ὃν
514 905 713 954 Κλεομένης
729 907 745 942 ὃ
762 906 932 943 Λεωνίδου
950 905 1092 956 ἀδελφὸς

56 964 186 1003 ἀνελὼν
211 965 270 1002 καὶ
293 964 446 1016 ἐκδείρας
463 964 609 1016 ἔγραψεν
627 965 661 1000 ἐν
678 966 725 1014 τῷ
744 963 885 1015 δέρματι
906 962 982 1006 τοὺς
1004 979 1092 1014 χρη-

57 1023 161 1073 σμοὺς
183 1017 248 1060 ὦδε
268 1025 459 1073 τηρεῖσθαι.
482 1022 605 1073 Χάραξ
625 1021 785 1066 Ἀνθήνην
806 1020 911 1066 αὐτήν
932 1035 1048 1071 φησιν.

110 1081 269 1126 Ἀνθήναν
282 1084 391 1117 etiam
407 1082 574 1129 Thucyd.
596 1081 641 1125 V,
656 1094 688 1115 c.
708 1085 728 1122 4
739 1093 750 1114 1
766 1108 775 1124 ‚
791 1080 893 1114 dicit.
910 1082 1089 1116 Praeterea

55 1142 187 1176 urbem
200 1147 382 1176 memorat
399 1141 536 1174 Plinius
548 1141 611 1182 IV,
630 1152 661 1174 c.
680 1138 716 1175 5.
733 1140 788 1173 De
802 1138 923 1173 Anthe
940 1138 1091 1185 ejusque

56 1199 270 1247 genealogia
286 1199 385 1232 varia
404 1198 448 1233 cf.
467 1198 680 1233 Aristoteles
697 1196 743 1231 fr.
764 1200 827 1242 94.
844 1195 911 1243 95,
931 1204 967 1231 ct
986 1198 1085 1232 Pau—

54 1258 169 1291 sanias
192 1258 251 1300 ΙΙ,
276 1256 343 1301 30,
371 1269 412 1300 7,
440 1256 505 1290 ubi
531 1255 673 1290 Anthiae
694 1254 867 1288 conditor
892 1254 999 1289 fuisse
1029 1255 1089 1289 di-

56 1316 165 1358 eitur,
186 1322 222 1349 et
238 1315 313 1357 IX,
338 1326 407 1361 22,
425 1313 469 1357 53
499 1314 666 1360 Hyginus
690 1312 764 1349 fab.
791 1311 875 1357 157.
896 1314 1015 1358 Quam
1044 1313 1090 1349 de

54 1372 252 1407 Cleomede
263 1372 424 1406 fabulam
435 1371 539 1405 addit
550 1370 865 1416 Philostephanus,
878 1371 969 1405 alius
979 1383 1089 1406 nemo

54 1437 246 1464 memorat.
272 1430 573 1464 Recentissimam
598 1429 781 1475 originem
807 1428 970 1475 prodere
998 1429 1090 1463 mihi

56 1488 231 1523 videntur
256 1488 407 1522 nomina
423 1487 628 1522 Cleomenis
644 1493 680 1521 et
695 1486 887 1531 Leonidae,
907 1499 948 1522 ac
964 1488 1088 1522 nescio

55 1558 101 1580 an
115 1547 329 1581 Cleomenes
346 1546 381 1579 iu
397 1545 541 1579 hostem
556 1545 704 1579 saeviens
719 1551 755 1578 et
772 1544 922 1579 oracula
938 1545 977 1578 in
993 1545 1089 1591 pelle

55 1604 132 1649 ejus
150 1605 364 1651 consignans
378 1602 735 1638 accommodatus'sit
749 1602 795 1637 ad
810 1614 852 1637 ea
866 1615 948 1649 quae
965 1603 1089 1638 multis

53 1662 184 1696 seculis
214 1668 299 1709 post
329 1661 516 1696 Cleomeni
536 1660 635 1707 regi,
657 1659 834 1695 Leonidae
859 1659 958 1704 filio,
987 1661 1086 1695 acci—

52 1719 198 1755 derunt.
228 1720 375 1754 Etenim
402 1719 419 1753 ὃ
444 1718 659 1765 Πτολεμαῖος
685 1717 943 1765 (Philopator)
978 1731 1088 1769 προσ-

52 1773 149 1818 έταξε
167 1775 204 1812 τὸ
218 1774 278 1824 μὲν
297 1777 398 1823 σῶμα
413 1778 472 1811 τοῦ
488 1773 703 1823 Κλεομένους
721 1774 894 1825 κρεμάσαι
911 1774 1088 1825 καταὲυρ-

51 1832 246 1879 σώσαντας,
273 1834 471 1870 ἀποκτεῖναι
494 1831 528 1868 δὲ
553 1831 597 1869 τὰ
625 1832 746 1869 παιδία
776 1831 835 1868 καὶ
862 1832 924 1878 τὴν
955 1832 1087 1882 μητέρα

51 1892 128 1929 κτλ.
154 1894 212 1928 Sic
232 1894 446 1928 Cleomenes
465 1904 592 1939 poenas
608 1892 712 1927 dedit
737 1904 867 1927 eorum
880 1919 890 1936 ‚
914 1905 996 1939 quae
1012 1905 1087 1928 ma-

49 1951 148 1995 j0res
167 1950 244 1996 ejus
263 1958 520 1997 peccaverant.
548 1950 664 1996 Quale
685 1957 937 1985 commentum
958 1962 979 1985 a
995 1951 1087 1985 scri-

50 2014 157 2053 ptore
174 2009 211 2042 in
231 2009 312 2043 aula
330 2008 517 2043 Ptolemaei
535 2010 583 2043 IV
600 2008 756 2055 degente
776 2006 960 2054 proficisci
981 2007 1087 2042 facile

50 2067 185 2110 potuit.
207 2067 395 2113 Scripsisse
411 2078 501 2102 vero
520 2066 851 2112 Philostephanum
870 2065 1086 2111 Philopato-

51 2123 100 2156 ris
114 2124 344 2169 temporibus
359 2124 470 2158 etiam
484 2136 527 2158 ex
542 2124 588 2161 fr.
610 2123 658 2158 30
674 2124 876 2170 colligitur.

550 2230 587 2263 9-

343 2302 464 2339 ΠΕΡΙ
496 2301 794 2339 Kl'AAlthlS.

103 2388 227 2424 Schol.
243 2388 351 2424 Pind.
371 2389 429 2423 Ol.
446 2389 508 2432 VI,
531 2392 599 2429 144
619 2401 627 2422 :
655 2385 913 2437 Φιλοστέφανος
934 2385 967 2422 δὲ
986 2387 1019 2422 ἐν
1037 2387 1084 2436 τῷ

1158 235 1242 286 Περὶ
1274 237 1453 283 Κυλλήνης
1482 240 1562 290 φησὶ
1598 241 1778 286 Κυλλήνην
1812 242 1870 278 καὶ
1900 241 2042 289 Ἑλίκην
2069 244 2186 295 θρέψαι

1157 295 1226 343 (sc.
1250 298 1513 346 Mercurium).

1511 392 1833 430 ΗΠΕΙΙῺΤΙΚΑ.

1630 503 1714 537 9a.

1206 581 1428 627 Harpocrat.
1451 594 1458 614 :
1482 579 1686 629 Βούχετα...
1706 581 1802 624 πόλις
1816 583 1887 618 ἐστὶ
1900 584 1960 627 τῆς
1974 581 2184 633 Ἢπείρου,..

1156 630 1197 675 ἣν
1213 630 1470 681 Φιλοστέφανος
1483 633 1516 668 ἐν
1532 632 1600 674 τοῖς
1616 632 1874 684 Ἠπειρωτικοῒς
1889 634 2088 683 ὠνομάσθαι
2105 635 2188 686 φησὶ

1155 688 1210 724 διὰ
1236 688 1276 726 τὸ
1304 687 1364 733 τὴν
1390 688 1501 737 Θέμιν
1528 689 1585 726 ἐπὶ
1618 689 1692 740 βοὸς
1718 691 1908 741 ὀχουμένην
1938 693 2046 729 ἐκεῖσε
2074 694 2181 730 ἐλθεῖν

1156 746 1245 782 κατὰ
1261 745 1318 782 τὸν
1339 746 1574 789 Δευκαλίωνος
1595 749 1855 798 κατακλυσμόν.

1207 803 1479 855 Φιλοστέφανος]
1499 804 1701 856 Φιλόχωρος
1719 805 1808 856 (sic)
1824 808 1926 845 editt.
1941 809 2025 846 Ald.
2041 829 2094 837 —
2106 811 2188 846 Sui-

1154 863 1236 907 das,
1256 864 1319 910 qui
1339 864 1415 898 haec
1435 865 1645 910 exscripsit,
1670 877 1706 899 v,
1727 863 1883 914 Βούχετα
1900 874 1935 901 et
1952 865 2081 912 Θέμις,
2099 870 2188 904 item

1152 922 1264 956 habet
1291 919 1503 970 Φιλόχορος,
1519 934 1586 956 nec
1612 934 1689 957 non
1715 924 1837 970 Etym.
1868 925 1918 958 Μ.
1944 937 1984 971 p.
2005 937 2102 969 210,
2123 926 2185 969 34.

1153 980 1355 1015 Favorinus
1383 992 1410 1016 S.
1433 993 1468 1016 v.
1502 978 1759 1031 Φιλοστέφανος
1782 981 1815 1017 ἐν
1844 983 1913 1022 τοῖς
1945 982 2183 1025 Φιλιππικοῖς.

1152 1039 1266 1073 Nobis
1283 1039 1321 1072 in
1340 1038 1533 1073 codicibus
1554 1040 1776 1086 Harpocrat.
1797 1041 2106 1086 acquiescendum
2122 1050 2186 1079 est.

1151 1096 1365 1131 Philochori
1401 1096 1650 1144 fragmentum
1693 1097 1764 1133 186
1808 1097 2030 1142 delendum;
2064 1112 2185 1147 neque

1151 1154 1259 1199 inde,
1287 1154 1392 1200 quod
1425 1155 1670 1191 Philochorus
1692 1156 1738 1191 de
1770 1157 1863 1191 Jove
1891 1156 2085 1192 Dodonaeo
2119 1159 2187 1192 ali-

1152 1225 1225 1258 qua
1244 1214 1409 1248 narravit
1435 1212 1506 1261 (fr.
1543 1213 1611 1259 187
1627 1214 1662 1263 ),
1686 1216 1853 1262 sequitur
1888 1227 1973 1250 eum
1997 1217 2186 1263 Epirotica

1151 1282 1345 1318 scripsisse.

1423 1373 1594 1423 ΠΕΡΙ
1641 1374 1688 1423 N
1695 1374 1906 1424 ΗΣΩΝ.

1478 1470 1597 1507 ΠΕΡΙ
1627 1469 1852 1508 Krnpor.

1639 1581 1696 1603 10.

1202 1669 1319 1704 Tzetz.
1339 1667 1386 1701 ad
1403 1669 1492 1714 Lyc.
1519 1671 1592 1712 [¹47
1612 1664 1680 1702 t‘H
1700 1664 1837 1717 Κύπρος
1847 1665 2010 1717 πρότερον
2026 1664 2182 1717 Σφῆκεια

1148 1725 1320 1770 ἐκαλεῖτο,
1339 1722 1384 1766 ὥς
1405 1738 1488 1774 φησι
1511 1722 1770 1774 Φιλοστέφανος
1794 1725 1827 1760 ἐν
1848 1726 1896 1775 τῷ
1916 1724 2003 1777 Περὶ
2022 1723 2181 1775 Κύπρου,

1150 1782 1218 1819 ἀπὸ
1248 1785 1314 1819 τῶν
1344 1782 1453 1818 ἐκεῖσε
1485 1781 1731 1827 ἐνοικησάντων
1763 1781 1908 1831 ἀνδρῶν,
1940 1780 1972 1818 οἳ
1996 1782 2181 1817 ἐκαλοῦντο

1150 1842 1296 1892 Σφῆκες.
1308 1841 1448 1876 Eadem
1461 1842 1585 1888 Etym.
1599 1842 1722 1888 Magn.
1735 1853 1772 1875 v.
1791 1838 1962 1890 Σφήκεια,
1975 1841 2040 1875 ubi
2054 1853 2124 1887 pro
2138 1838 2184 1880 ὥς

1149 1914 1231 1950 φησι
1252 1899 1400 1937 Φιλοστ.
1422 1904 1599 1945 corrupte
1614 1900 1750 1946 legitur
1771 1895 1816 1939 ὥς
1836 1912 1919 1949 φησι
1939 1896 2127 1948 Στέφανος.

1637 2009 1695 2033 11.

1184 2098 1408 2135 constantin.
1435 2097 1618 2144 Porphyr.
1653 2097 1816 2131 Themat.
1842 2097 1882 2139 Ι,
1911 2108 1950 2142 p.
1982 2100 2050 2139 4ο,
2077 2108 2091 2130 1
2121 2095 2181 2131 ed.

1148 2157 1280 2203 Bona,
1298 2155 1345 2189 de
1361 2156 1484 2201 Cypro
1499 2155 1615 2189 insula
1630 2166 1638 2188 :
1657 2151 1811 2197 Ἐκλήθη
1830 2151 1865 2188 δὲ
1881 2151 1950 2188 ἀπὸ
1966 2151 2105 2202 Κύπρου
2123 2153 2183 2196 τῆς

1149 2210 1311 2263 θυγατρὸς
1332 2210 1499 2261 Κινύρου,
1520 2209 1542 2255 ἢ
1568 2212 1628 2255 τ’ἧς
1656 2209 1785 2248 Βίὸλου
1808 2208 1866 2246 καὶ
1893 2209 2107 2261 Ἀφροδίτης,
2136 2211 2181 2251 ὡς

1150 2268 1410 2320 (Ιὶιλοστέφανος
1427 2270 1461 2305 ἐν
1479 2270 1528 2319 τῷ
1542 2268 1629 2319 Περὶ
1644 2268 1757 2314 νήσων
1773 2267 1830 2304 καὶ
1850 2266 1982 2318 Ἴστρος
1996 2269 2007 2318 (
2021 2269 2066 2306 fr.
2091 2269 2154 2316 39.
2170 2266 2179 2316 J

1150 2329 1182 2364 ἓν
1202 2326 1388 2369 Ἀποικίαις
1406 2326 1604 2377 Αἰγυπτίων
1625 2325 1824 2377 ἱστόρησαν.

549 2502 583 2532 7.

97 2554 236 2585 ssistones
247 2578 255 2593 ,
270 2563 343 2593 gens
364 2555 514 2585 Thracica
525 2579 533 2593 ,
548 2563 566 2584 a
589 2554 731 2593 Bsstone,
761 2554 885 2586 Cleonis
900 2554 963 2585 filio
974 2579 982 2593 ‚
1000 2563 1084 2585 nun·

51 2608 167 2645 cupata
179 2630 188 2646 ‚
205 2609 240 2638 nt
257 2607 517 2646 Philostephanus
531 2607 637 2638 tradit.

554 2664 588 2695 8.

96 2715 237 2746 Anthena
248 2739 257 2753 ,
272 2724 334 2745 nna
348 2724 386 2746 cx
398 2717 524 2746 rentum
540 2717 684 2747 Laconia}
697 2716 840 2755 urbibus,
852 2724 966 2747 nomon
980 2715 1085 2753 habet,

54 2768 91 2797 ut
111 2767 371 2806 Philostephanus
384 2767 427 2797 ait
440 2792 447 2805 ,
462 2768 501 2798 ab
519 2768 622 2798 Anthe
637 2768 772 2807 Neptuni
790 2768 853 2798 silio
866 2791 874 2806 ,
890 2776 984 2806 quem
998 2767 1085 2798 Cleo·

56 2826 180 2856 menes,
196 2817 342 2848 Leonidae
365 2819 472 2855 frater,
495 2819 648 2849 intcrlccit
665 2820 695 2849 et
720 2819 750 2848 in
767 2818 907 2849 detracta
924 2818 990 2856 ejus
1006 2818 1085 2857 pelle

52 2868 181 2898 oracula
198 2869 409 2907 consignavit,
423 2871 457 2900 ut
472 2869 530 2900 hoc
542 2869 635 2900 niodo
649 2871 921 2900 conservarentur.

558 2924 578 2950 Q

404 2988 466 3025 DE
497 2988 739 3025 CYLLENE.

98 3059 360 3098 Philostephanus
376 3060 406 3090 in
422 3060 500 3090 libro
516 3063 559 3091 De
573 3061 702 3100 Cyllene
718 3061 760 3091 ait
782 3061 930 3100 Cyllenen
954 3062 984 3091 ct.
999 3061 1083 3091 Heli-

57 3120 113 3141 cen
129 3111 314 3141 eunti-ivisse
329 3111 529 3141 Mercurium.

418 3173 703 3212 lil‘lllOTlCA.

528 3250 562 3280 9.
584 3256 613 3280 a.

98 3302 250 3342 Bnehcta,
273 3302 353 3342 Epiri
370 3303 461 3342 urbs,
482 3312 577 3342 quam
595 3302 855 3341 Philostephanus
870 3302 899 3331 in
919 3301 1082 3341 Epiroticis

1146 2495 1218 2526 inde
1234 2496 1428 2526 nominatam
1442 2503 1508 2525 esse
1523 2493 1614 2532 dicit,
1635 2493 1720 2533 quod
1733 2494 1859 2525 Themis
1870 2493 1901 2523 in
1913 2493 1994 2523 bove
2008 2493 2070 2531 (ἐπὶ
2088 2491 2180 2532 βοὸς)

1149 2547 1316 2577 vehentem
1341 2545 1558 2585 (ὀχουμένην)
1579 2543 1782 2576 Deucalionci
1803 2543 1915 2574 diluvii
1937 2545 2079 2583 tempore
2101 2542 2178 2574 illuc

1148 2597 1291 2627 venisset.

1491 2681 1572 2722 DE
1607 2677 1856 2722 INSULIS.

1525 2771 1590 2807 DE
1619 2769 1797 2808 CYPRO.

1636 2863 1690 2894 10.

1185 2938 1307 2975 Cyprus
1319 2937 1394 2967 olim
1412 2936 1544 2976 Sphecia
1563 2934 1792 2975 appellabatur,
1814 2933 1849 2964 ut
1865 2932 2128 2972 Philostephanus
2143 2932 2175 2962 in

1145 2988 1224 3018 libro
1249 2990 1294 3018 De
1313 2990 1417 3027 Cypro
1436 2988 1496 3025 ait,
1525 2995 1543 3017 a
1565 2985 1753 3026 Sphecibus;
1773 2985 1818 3015 sic
1839 2984 1923 3014 enim
1947 2983 2039 3023 prisci
2065 2983 2175 3013 insnlar

1142 3038 1253 3069 incolae
1266 3038 1521 3069 nominabantur.

1633 3110 1685 3140 11.

1185 3178 1312 3215 Cyprus
1336 3175 1438 3205 insula
1455 3183 1570 3205 nomen
1592 3173 1686 3204 habet
1709 3181 1728 3203 a
1751 3174 1854 3211 cypro
1873 3170 1935 3201 lilia
1957 3170 2098 3209 Cinyrae,
2121 3169 2170 3200 vel

1145 3227 1222 3257 Bihli
1241 3228 1271 3257 ct
1290 3226 1433 3264 Veneris,
1448 3227 1484 3256 ut
1507 3224 1767 3263 Philostephanus
1789 3225 1821 3253 in
1844 3222 1924 3252 libro
1949 3223 1992 3252 De
2014 3220 2122 3252 insulis
2141 3221 2170 3251 et

1143 3279 1220 3308 istor
1235 3278 1265 3307 in
1283 3277 1361 3308 libro
1375 3279 1420 3308 De
1433 3276 1650 3316 AEgyptiormn
1665 3274 1793 3305 coloniis
1807 3273 1943 3304 narrant.
