2289 3728
104 168 150 199 22
343 139 347 142 ’
968 152 1120 189 ΑιιΑΤι
1151 151 1369 189 SICYONn

428 259 800 299 ΥΠΟΜΝΗΜΑΤΑ.

601 360 632 383 1.

150 442 334 479 Plutarch.
348 440 465 488 Agide
478 452 509 474 c.
531 451 543 473 1
555 437 588 483 5,
604 438 650 473 de
662 438 780 486 Agide
788 441 902 474 Arato
914 439 939 473 A
947 440 1132 475 chaeorum

97 501 249 549 praetori
271 506 399 534 contra
413 497 557 532 AEtolos
570 497 609 530 in
623 497 921 544 Peloponnesum
942 498 1133 533 invasuros

98 554 301 588 exercitum
316 550 524 585 adducente
539 561 546 583 :

150 607 331 657 Συμμίξας
352 605 387 643 δὲ
408 608 456 657 τῷ
481 605 614 657 Ἀράτῳ
640 605 718 657 περὶ
739 605 899 657 Κόρινθον
920 608 936 643 ὅ
955 601 1050 657 Ἆγις
1082 606 1131 643 ἔτι

98 664 332 715 βουλευομένῳ
349 664 427 715 περὶ
462 663 578 714 μάχης
609 663 667 700 καὶ
701 663 925 715 παρατάξεως
955 664 1039 716 πρὸς
1055 664 1131 707 τοὺς

95 722 277 771 πολεμίους
289 721 483 765 ἐπεδείξατο
496 721 555 759 καὶ
569 721 761 772 προθυμίαν
775 721 906 767 πολλὴν
923 722 981 759 καὶ
999 723 1129 770 τόλμαν

94 781 130 817 οὖ
148 778 294 830 μανικὴν
313 779 390 817 οὐδὲ
408 779 600 830 ἀλόγιστον.
623 777 716 832 ’Ἔφη
744 779 807 830 γὰρ
826 781 917 831 αὐτῷ
935 779 996 829 μὲν
1021 780 1129 816 δοκεῖν

95 838 327 889 διαμάχεσθαι
353 837 479 887 καὶμὴ
513 839 674 888 παριέναι
702 853 759 874 τον
787 838 938 875 πόλεμον
968 837 1049 874 εἴσω
1070 837 1131 880 τὰς

93 896 231 940 πύλας
216 913 276 942 της
298 896 562 941 Πελοποννήσου
588 895 817 947 προεμένους,
849 895 1005 941 ποιήσειν
1026 895 1060 932 δε
1092 897 1130 932 τὸ

93 956 214 992 δοκουν
233 954 382 1006 Ἀράτῳ·
399 970 457 991 και
474 954 540 1005 γὰρ
554 954 784 1005 πρεσὸύτερόν
804 969 839 990 τε
852 958 937 990 εἶναι
952 969 1011 991 και
1025 969 1130 1005 στρα-

92 1029 134 1059 τη
137 1018 207 1063 γεῖν
229 1012 388 1064 Ἀχαιιιν,
409 1016 456 1055 οῖς
477 1013 553 1063 οὐχὶ
569 1011 768 1064 προστάξων
797 1011 872 1048 ουδὲ
891 1011 1104 1062 ἡγησόμενος
1118 1042 1128 1060 ,

94 1070 185 1108 ἀλλὰ
205 1071 537 1123 συστρατευσόμενος
555 1069 632 1115 ἥκοι
661 1085 719 1106 και
741 1069 933 1120 sitandam-,iv
955 1069 1000 1108 ‘O
1018 1070 1052 1107 δὲ
1067 1072 1129 1108 Σι-

92 1144 183 1166 νωπε
188 1145 223 1172 υς
251 1128 374 1167 Βάτων
396 1128 497 1165 αὐτὸν
526 1129 586 1165 οὐκ
619 1128 743 1165 ἐθέλειν
770 1127 944 1178 μάχεσθαί
970 1143 1052 1175 φησι
1073 1128 1129 1166 τὸν

98 1189 189 1238 Ἀγιν
207 1187 348 1238 Ἀράτου
365 1202 402 1223 κε
406 1185 581 1236 λευοντος,
604 1187 664 1222 οὐκ
696 1185 930 1237 ἐντετυχηκὼς
949 1202 998 1229 οις
1024 1184 1129 1238 Ἄρα-

71 1260 147 1288 Δτος
168 1261 205 1295 γε
197 1244 318 1297 ’γραφε
349 1245 428 1296 περὶ
447 1260 590 1292 τουτων,
613 1243 942 1294 ἀπολογιζόμενος“
922 1260 972 1282 οτι
998 1247 1035 1296 βε
1029 1244 1129 1282 λτιον

91 1304 207 1353 ἠγεῖτο
218 1335 227 1350 ,
240 1304 316 1345 τοὺς
330 1302 483 1354 καρποὺς
500 1302 620 1353 σχεδὸν
635 1301 789 1344 ἅπαντας
805 1302 1130 1353 συγκεκομισμένων

96 1362 163 1406 ἥδη
195 1363 262 1398 τῶν
293 1363 467 1412 γεωργῶν,
491 1361 673 1411 παρελθεῖν
697 1359 774 1403 τοὺς
790 1360 974 1410 πολεμίους
990 1360 1012 1407 ἢ
1031 1361 1128 1412 μάχη

95 1420 367 1457 διακινδυνεῦσαι
392 1419 470 1470 περὶ
500 1421 567 1455 τῶν
587 1418 688 1455 ὅλων.
720 1418 820 1456 Ἐπεὶ
853 1420 881 1456 δ’
902 1413 958 1456 οὖν
988 1416 1131 1471 Ἄρατος

93 1477 230 1527 ἀπέγνω
250 1477 424 1528 μάχεσθαι
443 1476 502 1514 καὶ
533 1475 608 1519 τοὺς
628 1477 834 1528 συμμάχους
855 1476 1037 1521 ἐπαινέσας
1056 1479 1131 1515 δια-

92 1538 211 1588 φῆκεκ
225 1535 434 1584 θαυμασθεὶς
461 1538 478 1572 ὃ
494 1529 589 1585 Ἆγις
613 1535 844 1585 ἀνεζεύγνυεν,
864 1535 929 1582 ήδη
949 1539 1016 1573 τῶν
1038 1536 1129 1573 ἔνδον

93 1595 126 1630 ἐν
145 1593 292 1645 Σπάρτῃ
314 1593 456 1645 θόρυέον
480 1593 589 1630 πολὺν
608 1593 755 1644 ἐχόντων
780 1594 838 1631 καὶ
857 1594 1067 1643 μεταὲολήν.

591 1696 625 1720 2.

148 1774 329 1809 Plutarch.
344 1777 446 1811 Arat.
470 1788 500 1810 c.
524 1774 568 1809 32
583 1802 592 1819 ,
615 1783 809 1822 postquam
829 1777 989 1811 fabulam
1012 1790 1130 1823 quan-

92 1833 177 1867 dam
191 1833 353 1867 narravit
368 1832 414 1866 de
436 1833 579 1867 ratione
591 1860 601 1879 ‚
619 1846 691 1879 qua
711 1835 840 1879 AEtoli,
860 1836 924 1881 qui
938 1836 1131 1870 Pellenen«

90 1892 183 1925 sium
198 1890 291 1924 urbe
303 1890 411 1936 potiti
432 1897 549 1934 erant,
570 1891 659 1926 dum
670 1894 804 1926 Aratus
818 1900 946 1928 contra
964 1906 1027 1928 eos
1039 1906 1129 1940 pro-

91 1948 276 1991 ficiscitur,
298 1949 335 1981 in
345 1960 523 1983 smnmam
544 1951 880 1986 consternationem
897 1959 1014 1987 essent
1036 1965 1130 1987 con-

88 2007 196 2056 jecti,
217 2006 321 2042 addit
338 2020 346 2041 z
370 2004 414 2041 Ὁ
430 2006 459 2042 δ’
482 2002 627 2057 Ἄρατος
640 2006 735 2044 οὐδὲν
756 2009 790 2044 ἐν
804 2010 874 2051 τοῖς
894 2008 1127 2059 Ὑπομνήμα-

423 2119 797 2158 COMMENTARII.

595 2207 623 2238 1.

134 2282 206 2320 Agis
221 2281 306 2321 apud
319 2282 508 2313 Corinthum
520 2292 592 2314 cum
607 2284 704 2314 Arato
717 2292 918 2324 congressus,
936 2285 1129 2317 deliberante

92 2335 195 2365 adime
208 2334 359 2374 proelione
372 2343 446 2365 cum
460 2335 550 2366 hoste
565 2335 760 2374 decerneret,
775 2344 921 2375 magnam
935 2336 1129 2368 alacritatem

92 2385 320 2425 audaciamque
333 2394 533 2426 nequaquam
547 2387 750 2417 immodicam
765 2388 821 2418 aut
832 2387 952 2418 consilii
966 2390 1128 2427 expertem

93 2437 238 2467 ostendit.
299 2437 428 2468 Dicebat
447 2437 530 2469 enim
542 2461 551 2476 ,
571 2438 670 2469 videri
691 2438 748 2469 sibi
766 2438 992 2470 decertandum
1008 2448 1128 2479 pugn-1,

94 2498 196 2529 neque
213 2489 335 2520 hostem
354 2490 437 2521 intra
457 2492 564 2530 portas
581 2490 785 2529 Peloponnesi
807 2490 1058 2530 admittendum,
1084 2492 1129 2521 fa-

94 2543 221 2573 cturum
237 2543 343 2572 tamen
358 2542 405 2580 id,
428 2543 514 2582 quod
538 2544 633 2574 Arato
656 2542 841 2582 placuisset,
862 2544 955 2573 aetate
971 2543 1082 2582 majori
1099 2545 1131 2574 et

93 2593 165 2624 duci
180 2594 384 2631 Achaeorum,
399 2594 516 2634 quihus
530 2604 593 2625 non
611 2595 823 2634 imperaturus
838 2596 893 2625 aut
908 2594 973 2625 dux
991 2596 1128 2634 futurus,

94 2644 145 2676 sed
176 2646 418 2677 commilitatum
446 2648 477 2677 et
505 2647 697 2686 opitulatum
729 2647 794 2686 ipse
822 2646 1011 2677 advenisset.
1051 2648 1129 2678 Bato

93 2697 200 2727 autem
222 2697 398 2736 Sinopensis
420 2697 547 2737 Agidem
569 2706 704 2737 pugnam
729 2697 918 2729 detrectasse
938 2697 1064 2737 scribit,
1078 2699 1130 2737 ju-

96 2748 188 2779 bente
206 2757 347 2788 pugnare
375 2750 488 2787 Arat0;
512 2758 574 2779 non
592 2750 707 2788 legerat
731 2750 880 2780 nimirum
897 2758 951 2788 ea,
977 2758 1049 2788 quae
1066 2749 1130 2789 ipse

95 2800 208 2830 Aratus
221 2799 362 2838 scripsit,
380 2808 479 2838 quum
493 2801 640 2830 omissam
655 2808 791 2839 pugnam
809 2809 964 2832 excusans
979 2802 1040 2841 ait,
1058 2810 1130 2832 con-

95 2849 207 2881 sultius
220 2850 277 2880 sibi
291 2851 393 2881 visum
409 2851 501 2881 fuisse
519 2852 686 2882 transitum
702 2852 844 2883 hostibus
857 2853 1044 2892 concedere,
1061 2854 1129 2884 sru-

95 2901 196 2932 c‘tibus
207 2901 271 2940 jam
286 2910 381 2940 prope
393 2902 538 2932 omnibus
552 2912 591 2933 ex
604 2904 685 2941 agris
698 2904 850 2942 collectis,
861 2913 958 2943 quam
971 2913 1129 2935 summam

96 2960 200 2983 rerum
212 2952 242 2982 in
256 2951 423 2982 discrimen
438 2953 546 2984 Martis
560 2953 726 2985 adducere.
744 2956 912 2994 Postquam
928 2963 1001 2995 ergo
1019 2957 1130 2986 Aratus

95 3002 224 3034 consilio
247 3003 417 3033 dimicandi
440 3003 616 3043 improbato
639 3005 740 3035 socios
765 3005 961 3036 collaudatos
988 3006 1127 3044 dimisit,

95 3055 167 3094 Agis
187 3054 233 3086 sui
254 3055 389 3085 excitata
405 3054 612 3086 admiratione
634 3056 871 3094 discessit‚jam
889 3056 982 3087 rebus
1008 3059 1128 3096 Spartae

96 3107 247 3146 majorem
261 3107 293 3137 in
307 3106 438 3137 modum
455 3108 651 3138 conturbatis
667 3109 763 3147 atque
776 3108 961 3139 immutatis.

594 3169 628 3200 2.

136 3229 218 3260 Nihil
235 3229 296 3260 tale
309 3229 340 3259 in
354 3229 417 3260 suis
433 3230 674 3261 Commentariis
689 3232 803 3261 Aratus
819 3233 1059 3269 commemorat,
1075 3231 1127 3262 sed

97 3281 140 3312 ait
153 3289 186 3311 se
201 3281 321 3312 AEtolos
337 3281 367 3311 in
389 3281 494 3319 fugam
514 3282 674 3320 conjectos
690 3282 721 3311 in
739 3282 848 3312 urbem
864 3282 961 3321 ipsam
982 3283 1127 3313 Pellenen

99 3332 274 3363 insecutum
286 3357 293 3371 ,
308 3332 396 3363 eaesis
409 3333 610 3371 septingentis
623 3342 658 3362 ex
676 3343 710 3363 ea
730 3333 915 3371 profligasse.

1195 251 1247 272 σιν
1282 235 1395 285 εἴρηκε
1434 239 1598 281 τοιοῦτον,
1637 233 1726 271 ἀλλὰ
1764 233 1866 285 φησὶ,
1901 233 2111 284 τρεψάμενος
2152 233 2228 277 τοὺς

1197 293 1371 336 Αἰτωλοὺς
1383 294 1440 331 καὶ
1461 293 1622 345 φεύγουσι
1646 290 1877 329 συνεισπεσὼν
1898 293 1943 333 εἷς
1959 291 2020 337 τὴν
2040 292 2140 329 πόλιν
2157 292 2225 334 ἔξε-

1195 350 1301 388 λάσαι
1321 351 1409 388 κατὰ
1423 352 1565 402 κράτος,
1590 349 1812 392 ἑπτακοσίους
1833 349 1867 386 δὲ
1889 350 2101 388 ἀποκτεῖναι.

1696 438 1730 474 3.

1245 525 1431 562 Plutarch.
1456 527 1558 562 Arat.
1580 538 1611 561 e.
1641 524 1686 559 33
1709 537 1717 559 ε
1744 522 1834 564 Τοὺς
1854 521 1888 560 δὲ
1908 522 2104 569 Ἀθηναίους
2123 538 2229 561 σπου-

1194 579 1303 623 δάζων
1335 581 1560 631 ἐλευθερῶσαι
1596 578 1788 632 (Ἄρατος)
1824 579 1987 626 διεῧλήθη
2021 580 2079 618 καὶ
2116 583 2230 623 κακῶς

1193 637 1338 682 ἤκουσεν
1367 638 1433 675 ὑπὸ
1464 641 1530 676 τῶν
1556 639 1716 689 Ἀχαιῶν,
1746 637 1797 675 ὅτι
1817 638 1964 681 σπονδὰς
1992 639 2231 687 πεποιημένων

1194 697 1306 732 αὐτῶν
1326 695 1410 746 πρὸς
1429 695 1505 738 τοὺς
1525 695 1727 738 Μακεδόνας
1746 695 1805 732 καὶ
1822 694 1948 746 ἀνοχὰς
1969 695 2132 744 ἀγόντων,
2149 697 2230 733 ἕπε-

1190 752 1331 803 χείρησε
1350 752 1407 789 τὸν
1427 755 1574 805 Πειραιᾶ
1595 753 1821 792 καταλαδεῖν.
1879 753 1989 791 Αὐτὸς
2008 752 2043 790 δὲ
2064 752 2229 804 ἀρνούμε·

1191 825 1243 852 νος
1263 812 1297 847 ἓν
1311 813 1379 852 τοῖς
1398 810 1668 860 Ὑπομνήμασιν
1687 805 1735 853 οἷς
1751 810 1977 848 ἀπολέλοιπεν
1997 811 2154 862 Ἐργῖνον
2177 812 2232 848 αἷ-

1194 873 1333 914 τιᾶται,
1355 869 1429 917 μεθ’
1461 862 1498 904 οὗ
1523 867 1566 904 τὰ
1594 867 1672 917 περὶ
1696 867 1754 904 τὸν
1783 867 2037 920 Ἀκροκόρινθον
2071 868 2228 919 ἔπραξεν.

1191 923 1344 962 Ἐκεῖνον
1364 924 1430 975 γὰρ
1459 925 1528 973 ἰδίᾳ
1544 927 1593 977 τῷ
1620 927 1778 977 Πειραιεῖ
1809 926 2055 976 προσὸαλόντα
2081 926 2140 963 καὶ
2172 928 2232 971 τῆς

1190 982 1357 1031 κλίμακος
1386 983 1621 1035 συντριὸείσης
1648 983 1854 1033 διωκόμενον
1887 984 2063 1033 ὀνομάζειν
2089 983 2148 1021 καὶ
2172 999 2231 1021 κα-

1189 1042 1262 1077 λεῖν
1293 1043 1445 1092 συνεχῶς
1462 1039 1609 1092 Ἄρατον
1637 1040 1754 1092 ὥσπερ
1773 1041 1947 1093 παρόντα,
1964 1041 2024 1079 καὶ
2056 1042 2231 1093 διαφυγεῖν

1193 1097 1299 1141 οὕτως
1316 1098 1587 1144 ἐξαπατήσαντα
1616 1115 1694 1141 τους
1719 1099 1914 1148 πολεμίους.
1974 1101 2027 1138 Οὐ
2047 1099 2115 1149 μὴν
2141 1100 2234 1136 δοκεῖ

1655 1157 1725 1196 Ἱὸν
1762 1157 1828 1208 γὰρ
1857 1157 1901 1195 Γ
1887 1173 2030 1209 ργινον
2055 1157 2232 1209 ἄνθρωπον

1192 1214 1328 1262 ἰδιώτην
1347 1230 1405 1252 και
1426 1216 1553 1267 Συρον,
1575 1215 1633 1252 ἀπ’
1645 1215 1777 1258 ουδενὸς
1797 1219 1837 1262 ἠν
1858 1216 1987 1258 εἰκότος
2001 1216 2056 1253 ἐπὶ
2072 1219 2150 1252 νοῦν
2150 1219 2231 1274 ⁸ptat-

1193 1272 1313 1310 λέσθαι
1329 1272 1391 1319 τὴν
1403 1273 1612 1319 τηλικαύτην
1629 1273 1765 1325 πρᾶξιν,
1786 1275 1813 1310 εἷ
1829 1272 1877 1322 μὴ
1897 1273 1953 1310 τὸν
1976 1272 2122 1325 Ἄρατον
2139 1276 2229 1324 εἶχεν

1193 1159 1342 1199 πιθανως
1364 1159 1621 1207 ἀπολογεῖσθαι.

1193 1331 1347 1380 ηγευιόνα
1362 1330 1516 1382 καὶπαρ’
1535 1331 1665 1368 ἐκείνου
1685 1331 1747 1377 τὴν
1774 1331 1918 1380 δύναμιν
1938 1331 1997 1368 καὶ
2025 1331 2083 1368 τὸν
2112 1330 2232 1382 καιρὸν

1192 1389 1323 1441 εἰλήφει
1351 1388 1438 1440 πρὸς
1456 1387 1516 1434 τὴν
1539 1388 1701 1426 ἐπίθεσιν.
1774 1389 1954 1435 Ἐδήλωσε
1980 1388 2014 1426 δὲ
2046 1389 2106 1427 καὶ
2133 1388 2234 1432 αὐτὸς

1194 1450 1211 1485 ὃ
1231 1446 1377 1499 Ἄρατος
1411 1448 1448 1483 οὐ
1470 1447 1517 1489 ’δὶς
1535 1446 1612 1484 οὐδὲ
1632 1447 1724 1498 τρὶς,
1754 1446 1843 1484 ἀλλὰ
1861 1446 2025 1488 πολλάκις
2038 1476 2048 1495 ,
2069 1445 2186 1498 ὥσπερ
2203 1448 2233 1483 οἳ

1193 1505 1378 1556 δυσέρωτες
1389 1534 1397 1550 ,
1421 1505 1648 1556 ἐπιχειρήσας
1667 1507 1716 1557 τῷ
1736 1507 1895 1556 Πειραιεῖ
1912 1504 2067 1556 καὶπρὸς
2081 1504 2141 1547 τὰς
2154 1506 2229 1542 δια-

1192 1563 1339 1614 μαρτίας
1358 1564 1419 1600 οὐκ
1440 1562 1646 1613 ἀποκαμὼν,
1667 1563 1756 1600 ἀλλὰ
1775 1564 1823 1615 τῷ
1838 1561 1934 1614 παρὰ
1961 1562 2081 1615 μικρὸν
2100 1561 2153 1599 ἀεὶ
2172 1563 2232 1600 καὶ

1191 1621 1353 1671 σύνεγγυς
1377 1621 1661 1674 ἀποσφάλλεσθαι
1675 1624 1743 1659 τῶν
1766 1620 1913 1659 ἐλπίδων
1933 1621 2018 1672 πρὸς
2036 1621 2075 1658 τὸ
2093 1624 2229 1673 θαρρεῖν

1192 1678 1481 1728 ἀνακαλούμενος.
1497 1679 1610 1723 Ἅπαξ
1624 1679 1731 1717 δὲκαὶ
1749 1679 1787 1717 τὸ
1806 1679 1923 1722 σκέλος
1943 1679 2077 1717 ἔσπασε
2094 1678 2148 1716 διὰ
2166 1683 2225 1717 τοῦ

1191 1737 1361 1789 Θριασίου
1386 1737 1519 1789 φεύγων
1532 1753 1540 1761 ·
1565 1738 1624 1775 καὶ
1641 1738 1748 1787 τομὰς
1772 1737 1875 1775 ἔλαὸε
1895 1737 2025 1780 πολλὰς
2042 1737 2229 1789 θεραπευό·

1193 1811 1290 1844 μενος
1311 1796 1373 1833 καὶ
1387 1795 1494 1833 πολὺν
1509 1796 1632 1848 χρόνον
1650 1798 1684 1833 ἐν
1700 1796 1825 1848 φορείῳ
1844 1795 2066 1845 κομιζόμενος
2085 1796 2231 1833 ἐποιεῖτο

1191 1854 1251 1896 τὰς
1272 1854 1463 1905 στρατείας.

1698 1931 1733 1967 4.

1242 2014 1461 2049 Plutarchus
1482 2014 1673 2051 Cleomen.
1699 2027 1732 2048 c.
1759 2013 1801 2048 16
1825 2024 1834 2050 z
1864 2011 2046 2062 (Ἄρατος)
2069 2011 2231 2062 τρέπεται

1694 2127 1729 2157 3.

1233 2209 1436 2241 Athenienses
1448 2210 1563 2240 Aratus
1582 2209 1716 2240 liberare
1734 2209 1881 2249 cupiens,
1896 2208 1978 2239 male
1999 2208 2121 2239 audivit
2142 2209 2225 2248 apud

1190 2268 1281 2297 suos,
1305 2260 1389 2300 quod
1401 2284 1410 2298 ,
1435 2269 1535 2300 quum
1552 2260 1610 2300 ipsi
1629 2259 1773 2291 inducias
1800 2268 1874 2290 cum
1896 2259 2120 2291 Macedonibus
2144 2259 2227 2300 pacti

1191 2313 1311 2351 essent,
1330 2312 1485 2343 Piraeeum
1503 2320 1660 2351 occupare
1677 2311 1810 2342 conatus
1823 2312 1913 2342 esset.
1927 2310 1963 2341 Id
1982 2311 2101 2342 crimen
2116 2310 2182 2350 ipse
2197 2310 2227 2341 in

1192 2363 1452 2403 Commentariis,
1466 2372 1546 2403 quos
1559 2362 1704 2403 reliquit,
1715 2371 1734 2393 a
1746 2371 1780 2393 se
1793 2363 1954 2401 amolitur,
1966 2362 2041 2393 etin
2056 2362 2206 2402 Erginum
2217 2387 2225 2401 ,

1191 2422 1254 2453 quo
1279 2423 1353 2445 usus
1368 2416 1436 2446 erat
1452 2416 1484 2445 in
1501 2414 1732 2446 Acrocorintho
1750 2413 1954 2453 occupando,
1969 2413 2102 2445 confert.
2146 2416 2227 2445 Eum

1190 2474 1249 2496 suo
1272 2466 1394 2504 injussu
1414 2465 1559 2505 perhibet
1585 2465 1740 2496 Piraeeum
1766 2466 1922 2504 tentasse,
1944 2464 2098 2503 scalisque
2114 2465 2229 2496 attritis

1190 2527 1289 2557 quum
1304 2518 1425 2557 fugeret
1438 2519 1470 2549 et
1483 2517 1522 2548 ab
1535 2517 1679 2548 hostibus
1688 2519 1866 2556 urgeretur,
1881 2516 2081 2547 continenter
2094 2517 2226 2548 Aratum

1190 2570 1378 2600 nominatim
1394 2569 1600 2608 inclamasse,
1614 2570 1766 2607 tanquam
1783 2569 1989 2608 praesentem,
2007 2569 2102 2608 atque
2114 2568 2157 2599 ita
2170 2568 2225 2599 de—

1190 2622 1289 2661 ceptis
1305 2622 1448 2653 hostibus
1460 2622 1615 2661 effugisse.
1659 2622 1778 2651 Verum
1795 2621 1864 2651 haec
1882 2621 2044 2651 excusatio
2057 2620 2228 2660 probabilis·

1190 2684 1254 2705 non
1270 2675 1406 2705 videtur.
1424 2676 1534 2713 Neque
1550 2673 1635 2704 enim
1651 2672 1956 2704 verisimilitudinem
1970 2672 2066 2704 habet
2077 2673 2156 2713 hoc,
2170 2674 2226 2704 Er-

1190 2728 1298 2766 ginum
1313 2726 1472 2757 hominem
1484 2728 1599 2766 Syrum
1609 2726 1705 2765 atque
1719 2725 1876 2765 privatum
1888 2726 2010 2756 tantam
2024 2734 2089 2756 rem
2101 2730 2226 2756 conatu-

1191 2787 1261 2809 rum
1273 2778 1378 2817 fuisse,
1391 2777 1450 2808 nisi
1465 2778 1596 2808 Aratum
1607 2776 1722 2807 ducem
1733 2776 1904 2815 habuisset,
1913 2776 1953 2807 ab
1964 2785 2065 2816 eoque
2074 2785 2113 2807 au
2119 2776 2226 2807 xilium

1190 2830 1221 2860 et
1238 2829 1434 2860 occasionem
1449 2828 1492 2859 rei
1506 2829 1636 2859 tentatae
1656 2828 1835 2867 accepisset.
1878 2829 1919 2859 Et
1933 2827 2070 2858 ostendit
2082 2827 2142 2858 hoc
2162 2827 2227 2867 ipse
2239 2831 2246 2837 “

1190 2883 1322 2920 Aratus,
1334 2890 1397 2911 non
1411 2881 1458 2911 bis
1473 2882 1529 2912 aut
1542 2882 1602 2920 ter,
1616 2880 1670 2912 sed
1685 2880 1813 2920 saepius,
1830 2879 1958 2919 perinde
1968 2880 2065 2919 atque
2078 2879 2098 2909 ii
2109 2878 2227 2918 quibus

1190 2942 1239 2964 res
1251 2933 1281 2963 in
1296 2941 1403 2963 amore
1418 2932 1524 2963 minus
1537 2932 1685 2963 secundae
1696 2932 1787 2970 sunt,
1819 2932 1971 2964 Pii-meum
1985 2938 2157 2970 aggressus,
2173 2938 2224 2960 ne-

1189 2994 1250 3025 que
1266 2985 1306 3015 ob
1320 2984 1476 3015 infelicem
1493 2992 1674 3015 successum
1690 2983 1895 3021 defatigatus,
1913 2982 1967 3013 sed
1982 2991 2018 3013 eo
2035 2983 2118 3021 ipso,
2139 2981 2224 3021 qnod

1188 3046 1251 3068 non
1266 3036 1402 3067 multum
1420 3045 1437 3067 a
1451 3036 1605 3076 potiundo
1622 3044 1660 3067 eo
1673 3035 1841 3073 abfuisset,
1859 3034 2001 3064 animum
2020 3033 2223 3071 confirmans,

1188 3087 1356 3127 aliquando
1369 3088 1464 3118 etiam
1479 3096 1533 3127 per
1547 3095 1696 3127 eampum
1707 3085 1860 3117 Triasium
1870 3085 1989 3125 fugiens
2004 3093 2076 3115 crus
2089 3084 2224 3121 luxavit,

1189 3140 1225 3170 ut
1237 3140 1346 3170 multis
1360 3140 1552 3171 sectionibus
1565 3140 1705 3177 curatus,
1721 3137 1831 3169 lectica
1842 3136 2034 3176 aliquamdiu
2046 3138 2156 3167 vectus
2169 3144 2220 3166 ex-

1189 3190 1361 3229 peditiones
1373 3190 1518 3221 obiverit.

1679 3251 1713 3280 4.

1235 3334 1349 3364 ‘tratas
1365 3343 1429 3364 rem
1453 3342 1616 3373 aggressus
1630 3334 1672 3363 est
1696 3331 1811 3362 nemini
1828 3333 2010 3361 Gr'rrorum
2032 3327 2220 3359 centenim-
