2338 3765
103 179 178 211 408

103 258 229 306 χοῧντα
253 254 313 303 μὲν
336 253 581 303 ἐκτρεπόμενος
602 252 655 288 ὑπ’
687 253 799 294 αἰδοῦς
826 252 881 289 διὰ
901 252 960 298 τὴν
980 253 1056 290 τότε
1079 268 1136 301 μοι

102 315 296 363 προσοῦσαν
319 310 471 363 ἀφωνίαν
494 326 531 347 τε
554 309 613 347 καὶ
642 309 779 356 λώὸην·
805 310 878 348 ἐπεὶ
910 312 938 347 δ’
960 310 1135 362 ἠρξάμεθα

104 371 297 419 δυστυχεῖν,
312 368 386 405 τότε
404 370 540 418 πρῶτον
558 366 672 419 φωνὴν
688 369 825 418 ἀφῆκα,
842 368 901 405 καί
921 370 957 418 μ’
974 370 1020 411 εἷς
1037 372 1136 405 τοῦτο

103 426 204 475 μόνον
225 425 405 476 ἤρθρωσαν
421 427 450 461 οἱ
468 425 558 473 θεοὶ,
575 424 666 467 ὅπως
683 424 724 461 ἂν
741 424 916 476 ὀδύρωμαι
932 424 991 468 τὰς
1007 425 1135 473 ἡμετέ-

104 499 163 533 ρας
178 483 298 534 τύχας.
311 502 324 516 υ
336 482 381 521 Ὁ
394 482 427 519 δὲ
444 482 557 534 πατὴρ
575 482 653 533 ἔφη,
665 500 680 515 «ι
693 482 755 528 Μὴ
771 483 1004 529 παντάπασιν,
1016 477 1044 520 ὦ
1057 483 1134 532 παῖ,

101 542 243 579 σεαυτὸν
266 543 442 592 ἀπογνῷς,
464 541 535 584 νέος
561 539 621 590 ὢν,
649 543 707 578 καὶ
735 542 863 578 πολλοῦ
887 557 939 578 σοι
967 541 1016 578 ἔτι
1041 540 1135 583 ὄντος

101 604 159 637 τοῦ
187 602 305 637 λοιποῦ
337 598 434 650 βίου,
461 597 544 636 ὅπου
574 614 612 649 γε
641 598 748 648 κάμοὶ
776 598 930 636 λείπεταί
961 615 1011 641 τις
1042 599 1136 641 ἐλπὶς

99 658 211 706 ὅμως,
241 657 299 694 καὶ
319 656 415 694 οὔπω
434 658 501 694 τάκ
523 660 598 694 θεοῦ
619 656 793 706 ἀπέγνων.
816 675 832 690 »
851 654 947 706 Ἅμα
968 656 1002 694 δὲ
1024 659 1132 693 ταῦτα

100 714 233 764 λέγοντι
253 714 449 765 προσῄεσαν
469 714 595 752 πολλαὶ
614 713 655 760 δή
682 729 768 756 τινες
788 713 1012 765 θεράπαιναι,
1035 713 1132 764 κομί-

98 775 215 815 ζουσαι
230 773 373 817 ἐσθῆτας
387 773 581 814 πολυτελεῖς
595 771 653 809 καὶ
665 771 768 808 ἄλλον
783 774 978 821 παμπληθῆ
989 772 1132 820 κόσμον,

97 831 133 867 ὃν
151 829 309 880 ἔπεμψαν
320 829 690 880 συγκατακαησόμενον
706 831 740 866 αἱ
750 831 818 866 τῶν
832 831 951 868 Λυδῶν
963 830 1131 879 γυναῖκες.

97 887 142 925 Ὁ
159 886 194 924 δὲ
208 916 217 933 ,
248 886 304 924 τὸν
325 888 395 924 υἱὸν
416 887 660 937 ἀσπασάμενος
679 887 737 924 καὶ
763 886 841 930 τοὺς
861 888 894 924 ἓν
914 886 1030 938 κύκλῳ
1063 889 1134 924 Λυ-

97 946 191 991 δοὺς,
214 944 270 983 ἐπὶ
289 944 350 991 τὴν
380 944 491 997 πυρὰν
511 944 579 993 ᾔει.
605 945 675 983 Καὶ
695 947 711 982 ὁ
731 951 830 992 παῖς,
852 946 896 987 εἷς
915 945 971 981 τὸν
991 944 1131 996 οὐρανὸν

96 1004 155 1047 τὰς
171 1004 288 1055 χεῖρας
303 1002 477 1053 ἀνασχὼν,
492 1022 505 1037 (ι
518 995 629 1046 ἡ’.Ωναξ
649 1002 817 1041 Ἄπολλον
829 1002 886 1040 καὶ
906 1002 973 1039 θεοὶ
991 1003 1130 1049 πάντες,

96 1055 205 1108 εἶπεν,
230 1060 385 1103 οὕστινας
408 1063 425 1097 ὁ
449 1063 564 1111 πατὴρ
585 1059 757 1110 ἐτίμησεν,
780 1061 891 1097 ἔλθετε
915 1064 971 1097 νῦν
991 1076 1029 1109 γε
1048 1064 1131 1109 ἡμῖν

97 1118 226 1170 βοηθοὶ,
241 1119 299 1156 καὶ
317 1119 365 1167 μὴ
383 1118 639 1155 συναπόλλυται
658 1119 715 1168 (io)
741 1117 877 1169 Κροίσῳ
891 1124 986 1155 πᾶσα
1002 1117 1131 1168 ἀνθρώ-

94 1193 169 1215 πων
182 1176 353 1216 εύσέὸεια.
376 1179 525 1214 »Ταῦτα
546 1175 684 1213 εἰπόντα
707 1177 802 1225 μόλις
820 1178 951 1226 ἀπῆγον
972 1177 1001 1212 οἵ
1022 1176 1130 1226 φίλοι,

99 1234 300 1284 βιαζόμενον
317 1235 363 1276 εἷς
376 1232 435 1279 τὴν
449 1233 559 1286 πυρὰν
578 1233 678 1270 αὑτὸν
696 1233 923 1282 συνεμέαλεῖν
940 1235 1011 1284 (11).
1031 1233 1130 1285 Κροί·

95 1309 154 1330 σου
184 1293 212 1330 δ’
233 1292 463 1335 ἐπιὸαίνοντος
486 1293 592 1343 αὐτῇ,
608 1294 629 1337 ἡ
659 1291 815 1329 Σίὸυλλα
835 1290 930 1342 ὤφθη
955 1290 1022 1328 ἀπό
1042 1307 1130 1334 τινος

94 1352 225 1402 ὑψηλοῦ
246 1349 373 1401 χωρίου
405 1349 662 1386 καταῧαίνουσα
677 1378 688 1397 ,
710 1347 766 1385 ἵνα
795 1349 854 1386 καὶ
875 1348 961 1394 αὐτὴ
988 1349 1050 1398 (12)
1073 1348 1127 1399 ἴδη

94 1409 137 1446 τὰ
154 1409 330 1458 γινόμενα.
349 1407 451 1458 Ταχὺ
472 1408 506 1444 δὲ
525 1411 622 1458 Οροῧς
637 1408 749 1452 διῆλθε
767 1406 824 1458 (13)
843 1405 898 1443 διὰ
916 1410 975 1444 τοῦ
993 1407 1126 1457 ὁμίλου,

94 1465 146 1503 ὅτι
165 1469 186 1512 ἡ
213 1465 419 1517 χρησμῳδὸς
439 1465 536 1512 ἥκει,
566 1464 623 1502 καὶ
644 1466 677 1501 ἐν
694 1464 884 1516 προσδοκία
909 1465 1032 1507 πάντες
1051 1464 1127 1515 ἐγέ-

94 1539 209 1569 νοντο,
240 1523 271 1561 εἴ
289 1539 321 1560 τι
349 1522 431 1574 πρὸς
447 1522 490 1560 τὰ
510 1522 664 1573 παρόντα
695 1522 854 1561 θειάσειε,
890 1522 958 1560 Καὶ
991 1522 1063 1568 μετ’
1091 1523 1128 1559 οὐ

94 1581 180 1619 πολὺ
202 1581 332 1619 ἔντονόν
350 1597 381 1617 τι
399 1580 612 1632 φθεγξαμένη
635 1583 716 1630 βοᾷ’

178 1679 219 1710 Ὠ
232 1679 344 1718 μέλεοι,
358 1679 386 1709 τί
404 1678 542 1709 σπεύδεθ’
558 1678 576 1708 ἃ
591 1678 632 1718 μὴ
647 1679 747 1717 οε’μις;
765 1678 799 1708 οὐ
812 1678 870 1718 γὰρ
881 1677 963 1708 ἐάσει

175 1726 247 1761 Ζεὺς
265 1726 380 1759 ὕπατος
397 1725 510 1759 Φοῖῧος
524 1735 556 1755 τε
573 1726 624 1755 καὶ
646 1726 662 1754 ὁ
675 1725 780 1759 κλυτὸς
792 1724 817 1755 Ἀ
825 1723 990 1763 μφιάραος”

174 1771 262 1802 Ἀλλά
272 1771 300 1804 γ’
316 1771 396 1810 ἐμῶν
411 1770 508 1800 ἐπέων
522 1769 654 1801 πείθεσθ’
671 1769 818 1809 ὰψευδέσι
834 1772 1002 1809 χρησμοῖς,

174 1818 225 1854 Μὴ
246 1818 341 1848 κακὸν
359 1817 440 1847 οἶτον
461 1817 579 1847 ὄλοισθε
594 1816 692 1856 παρὲκ
712 1817 780 1846 θεοῦ
800 1815 992 1855 ἀφραίνοντες
1005 1815 1083 1854 (14).

95 1899 204 1949 Κῦρος
218 1898 246 1934 δ’
259 1896 407 1940 ἀκούσας
422 1897 579 1934 ἐκέλευσε
591 1896 648 1934 τὸν
663 1897 821 1948 χρησμὸν
837 1895 1054 1946 διεξενεγκεῖν
1068 1898 1125 1948 (la)

91 1961 160 1998 τοῖς
193 1955 364 2006 Πέρσαις,
393 1958 438 1998 ὡς
473 1954 729 2001 ἐξευλαὸηθεῖεν
762 1954 987 2006 ἁμαρτάνειν.
1026 1957 1072 1993 Οἱ
1094 1955 1127 1992 δὲ

93 2013 134 2051 δι’
165 2014 313 2066 ὑποψίας
345 2012 512 2062 γίνονται,
539 2015 583 2055 ὡς
610 2011 955 2061 κατεσκευασμένης,
981 2010 1037 2049 ἵνα
1059 2014 1127 2049 σώ-

93 2074 182 2114 ζοιτο
199 2073 359 2121 Κροῖσος.
383 2071 424 2108 Ὁ
448 2071 477 2108 δ’
499 2071 566 2118 ἤδη
589 2070 645 2108 ἐπὶ
674 2073 733 2116 τῆς
749 2075 857 2121 πυρᾶς
877 2072 1048 2119 καθῆστο,
1068 2069 1128 2107 καὶ

92 2129 152 2166 σὺν
172 2131 264 2180 αὐτῷ
282 2129 330 2171 δὶς
346 2127 433 2166 ἑπτὰ
455 2130 595 2167 Λυδῶν·
614 2130 648 2166 ἐν
673 2127 789 2179 κύκλῳ
808 2127 843 2164 δὲ
868 2128 1002 2179 Πέρσαι
1022 2129 1128 2180 δᾷδας

94 2187 226 2238 ἔχοντες
243 2182 366 2233 ἧπτον.
387 2189 527 2232 Σιωπῆς
550 2186 584 2223 δὲ
605 2186 807 2237 γενομένης,
831 2185 991 2229 στενάξας
1014 2187 1125 2235 μέγα,

93 2247 138 2287 εἰς
157 2244 228 2296 τρὶς
245 2247 468 2282 ἀνακαλεῖται
489 2245 592 2281 πάλιν
615 2245 670 2294 (16)
702 2244 858 2283 Σόλωνα.
889 2245 958 2282 Καὶ
976 2248 992 2282 ὁ
1014 2247 1126 2296 Κῦρος

95 2302 242 2345 ἀκούσας
266 2303 463 2354 ἐδάκρυσεν,
484 2303 648 2348 ἐννοηθεὶς
667 2302 718 2339 ὅτι
743 2302 915 2350 νεμεσητὰ
936 2304 1021 2354 δρᾷ,
1046 2305 1125 2353 βια-

95 2361 183 2403 σθεὶς
200 2361 263 2398 ὑπὸ
288 2363 447 2411 Περσῶν,
480 2359 626 2411 βασιλέα
646 2359 742 2396 οὐδὲν
763 2359 927 2397 ἐλάττονα
945 2362 1048 2396 αὐτοῦ
1066 2360 1126 2405 τὴν

95 2417 204 2468 τύχην
224 2417 412 2468 ἐμπιπράς.
443 2417 678 2468 Συνεκέχυντο
700 2417 734 2454 δὲ
754 2418 820 2463 ἤδη
838 2417 896 2454 καὶ
926 2417 1060 2468 Πέρσαι
1083 2418 1125 2455 τὰ

97 2475 158 2520 μὲν
176 2475 232 2512 ἐπὶ
249 2475 406 2526 Κροίσῳ,
423 2474 466 2511 τὰ
484 2474 518 2512 δὲ
537 2475 592 2512 ἐπὶ
606 2477 654 2527 τῷ
675 2475 826 2526 σφετέρῳ
848 2477 982 2526 βασιλεῖ
998 2505 1007 2523 ,
1023 2478 1126 2526 ὁρῶν-

95 2548 147 2575 τες
163 2532 352 2583 ἀχθόμενον
367 2532 422 2569 ἐπὶ
441 2532 591 2582 τούτοις,
609 2531 667 2569 καὶ
694 2531 848 2569 ἐκέλευον
877 2531 994 2575 σώζειν
1019 2533 1126 2582 Κροῖ-

98 2605 170 2628 σον.
202 2588 304 2640 Ταχὺ
329 2588 363 2626 δὲ
392 2591 503 2640 Κῦρος
533 2589 674 2640 πέμψας
706 2588 782 2631 τοὺς
815 2589 901 2640 ἀμφ’
931 2590 990 2638 (Π)
1024 2589 1124 2625 αὑτὸν

96 2648 252 2684 ἐκέλευσε
269 2645 330 2692 τὴν
352 2645 463 2696 πυρὰν
481 2646 672 2684 σῧεννύναι.
692 2645 738 2684 Ἡ
757 2645 791 2682 δὲ
811 2646 923 2697 ᾔθετο,
941 2645 999 2682 καὶ
1017 2646 1125 2683 οὐκέθ’

94 2698 194 2741 οἷόντ’
225 2698 266 2749 ἦν
287 2702 481 2753 ἐξημμένην
511 2705 545 2741 ἐν
574 2703 690 2755 κύκλῳ
718 2703 893 2754 προσιέναι
918 2704 1007 2740 τινά.
1031 2705 1127 2741 Φασὶ

94 2762 136 2807 δὴ
155 2763 317 2812 Κροῖσον,
338 2760 560 2813 ε’μδλέψαντα
582 2763 626 2804 εἷς
643 2761 699 2798 τὸν
720 2761 874 2812 οὐρανὸν,
898 2761 1060 2804 εὔξασθαι
1079 2765 1127 2814 τῷ

97 2819 285 2857 Ἀπόλλωνι
301 2818 424 2870 ἅρῆξαί
445 2821 474 2855 οἱ
488 2848 499 2868 ,
519 2818 620 2856 ὁπότε
638 2818 696 2855 καὶ
713 2820 743 2856 οἱ
759 2818 872 2869 ἐχθροὶ
890 2818 1006 2862 σώζειν
1027 2820 1126 2856 αὐτὸν

95 2877 263 2919 ἐθέλοντες
290 2878 327 2913 οὐ
358 2876 527 2915 δύναιντο.
558 2876 700 2926 Χειμὼν
730 2877 758 2913 δ’
781 2875 880 2926 ἔτυχε
908 2876 970 2921 τὴν
995 2876 1127 2926 ἡμέραν

95 2936 227 2980 ἐκείνην
248 2933 280 2977 ἐξ
297 2936 377 2979 ἠοῦς
398 2936 474 2984 (18),
494 2935 531 2971 οὐ
553 2933 620 2983 μὴν
641 2935 733 2976 ὓετός
746 2949 795 2983 γε.
817 2933 965 2985 Κροίσου
980 2934 1007 2971 δ’
1026 2933 1127 2977 εὐξα-

97 2991 199 3040 μένου
235 2990 372 3042 ζοφερὸς
413 2989 570 3041 ἐξαίφνης
605 2990 671 3041 ἀὴρ
701 2990 890 3041 συνέδραμε
925 2991 1128 3043 νεφούμενος

897 149 1101 207 ΝιοοιΑι
1131 168 1423 208 DAMASCEM

1198 272 1261 303 tuis
1273 272 1314 302 ob
1329 272 1462 312 linguae,
1489 280 1552 312 quo
1573 272 1649 302 tunc
1665 271 1807 311 tenebar,
1821 271 1933 303 vitium
1955 273 2046 304 tuum
2067 274 2229 314 aspectum

1198 329 1412 369 declinabam3
1427 331 1592 369 postquam
1607 337 1682 360 vero
1697 329 1824 361 afflictae
1846 338 1895 361 res
1908 332 2023 362 nostroe
2045 339 2112 362 esse
2130 340 2230 372 coepe-

1200 389 1289 425 runt,
1303 389 1373 418 tum
1390 388 1526 427 primum
1543 395 1653 418 vocem
1667 387 1766 426 edidi,
1791 387 1881 427 quasi
1895 387 2010 420 idcirco
2033 389 2137 420 solum
2153 391 2230 421 arti-

1199 445 1335 475 culatam
1349 445 1507 485 loquelam
1523 444 1565 475 dii
1583 445 1660 475 mihi
1683 445 1973 485 commodaverint,
1991 448 2026 478 ut
2042 446 2231 479 domesticas

1196 502 1390 533 calamitates
1406 502 1520 533 deflere
1542 502 1699 542 loquendo
1715 511 1850 542 possem.
1867 516 1881 530 υ
1897 506 1936 536 At
1948 506 2092 544 Croesus,
2109 517 2123 531 «
2139 506 2228 543 Noli,

1198 559 1311 599 inquit,
1333 559 1387 598 fili,
1397 559 1521 598 juvenis
1536 568 1637 599 quum
1653 559 1694 591 sis
1707 562 1738 592 et
1753 560 1858 592 adbuc
1873 561 2001 601 longum
2013 562 2069 593 tibi
2087 563 2229 594 curricu-

1199 618 1266 649 lum
1279 618 1413 657 supersit
1427 617 1502 648 vitae
1514 641 1523 656 ,
1538 617 1577 649 de
1590 617 1684 649 rebus
1697 618 1760 650 tuis
1770 619 1894 658 penitus
1906 619 2089 660 desperare,
2103 621 2230 660 quando

1197 677 1228 707 et
1251 675 1329 706 milii
1354 675 1496 706 nonnihil
1518 675 1692 707 etiamnum
1717 676 1783 716 spei
1807 676 1966 716 reliquum
1990 678 2054 716 est,
2073 687 2176 717 neque
2198 680 2230 710 in

1195 734 1328 765 deorum
1353 733 1484 764 numine
1507 733 1641 773 positam
1667 734 1813 765 fiduciam
1835 743 1964 774 prorsus
1982 735 2094 775 abieci.
2118 748 2133 764 »
2153 738 2229 768 Haec

1196 800 1296 831 quum
1314 791 1443 829 diceret,
1459 792 1637 830 complures
1656 792 1777 823 ancillae
1791 793 2027 832 superveniunt,
2042 795 2144 825 vestes
2157 803 2230 834 pre-

1194 850 1289 881 tiosas
1302 851 1333 881 et
1348 850 1481 890 plurima
1500 851 1602 881 omnis
1618 850 1739 889 generis
1752 853 1937 882 ornamenta
1956 853 2141 892 asserentes,
2156 862 2229 892 quae

1196 908 1356 948 Lydorum
1372 909 1524 939 matronae
1538 908 1734 948 congerenda
1758 909 1789 939 in
1809 918 1918 948 rogum
1936 910 2096 941 miserant.
2118 913 2230 951 ltaque

1193 968 1318 998 Croesus
1339 966 1437 997 filium
1453 975 1490 997 ac
1520 966 1657 1006 reliquos
1684 967 1926 998 circumstantes
1940 968 2044 1007 Lydos
2065 968 2227 1000 deoscula-

1192 1027 1243 1056 tus
1253 1050 1260 1064 ,
1276 1025 1306 1056 in
1321 1033 1430 1064 pyram
1444 1024 1594 1056 ascendit.
1611 1024 1671 1056 Sed
1683 1025 1814 1064 juvenis
1827 1025 1947 1064 regius,
1965 1026 2112 1058 manibus
2124 1027 2156 1058 in
2169 1035 2228 1058 cse-

1192 1084 1258 1114 lum
1279 1083 1424 1122 sublatis,
1442 1095 1456 1110 α
1471 1084 1549 1120 Rex,
1565 1083 1620 1122 ait,
1637 1083 1760 1122 Apollo,
1778 1083 1886 1123 diique
1903 1092 1995 1123 porro
2011 1093 2132 1124 omnes,
2150 1094 2231 1125 quos

1193 1144 1281 1180 pater
1294 1141 1432 1171 multum
1448 1141 1562 1178 coluit,
1578 1149 1663 1172 nune
1676 1141 1787 1172 saltem
1802 1140 1908 1172 adeste
1923 1141 2030 1181 nobis,
2044 1151 2102 1173 nec
2116 1144 2229 1182 peribit

1191 1208 1262 1229 cum
1272 1200 1378 1230 Croeso
1391 1199 1492 1230 omnis
1502 1199 1684 1230 mortalium
1700 1200 1809 1239 pietas.
1826 1213 1840 1226 »
1854 1202 1929 1231 llaec
1941 1200 2022 1232 satus
2035 1200 2087 1231 vix
2101 1200 2142 1231 ab
2152 1201 2228 1232 ami-

1190 1257 1234 1285 cis
1252 1255 1364 1286 abduci
1380 1256 1500 1294 potuit,
1519 1265 1622 1295 quum
1636 1264 1702 1287 sese
1718 1256 1749 1286 in
1763 1265 1873 1295 rogum
1891 1265 1953 1287 una
1977 1257 2132 1296 conjicere
2147 1259 2228 1290 nite-

1191 1313 1288 1342 retur.
1316 1311 1444 1342 Interim
1470 1320 1545 1341 vero
1556 1334 1563 1347 ,
1589 1310 1664 1341 dum
1691 1313 1818 1342 Croesus
1841 1312 1871 1342 in
1888 1320 1997 1351 pyram
2023 1313 2227 1351 conscendit,

1190 1372 1262 1395 ecce
1275 1364 1444 1404 derepente
1463 1364 1580 1403 Sibylla
1597 1373 1614 1395 e
1636 1364 1762 1395 sublimi
1779 1364 1918 1404 quodam
1937 1365 2008 1396 loco
2025 1367 2169 1406 progredi
2188 1368 2228 1397 ad

1189 1423 1406 1460 spectaculum
1423 1422 1488 1453 visa
1506 1423 1570 1461 est,
1597 1423 1628 1453 et
1647 1421 1753 1453 statim
1771 1421 1886 1453 dil'l'uso
1913 1431 1967 1462 per
1991 1424 2227 1456 multitudinem

1190 1487 1335 1516 rumore,
1351 1480 1455 1509 vatem
1472 1478 1580 1509 adesse
1592 1501 1601 1516 ,
1616 1477 1722 1508 cuncti
1738 1478 1973 1518 exspectatione
1989 1477 2101 1508 arrecti
2119 1480 2226 1515 erant,

1189 1541 1266 1563 num
1283 1532 1359 1571 quid
1372 1541 1464 1572 super
1482 1532 1626 1571 praesenti
1640 1533 1766 1571 negotio
1786 1533 2025 1564 vaticinaretur.
2042 1534 2105 1564 Nec
2124 1531 2227 1563 multo

1191 1589 1261 1628 post
1274 1590 1415 1621 carmine
1430 1589 1498 1620 baec
1517 1589 1574 1620 sari
1591 1589 1686 1628 coepit
1705 1600 1712 1620 :

1259 1682 1283 1708 Ο
1297 1681 1411 1715 miseri,
1426 1688 1492 1716 quae
1506 1683 1585 1708 tanta
1599 1679 1681 1708 netas
1694 1681 1805 1708 insania
1818 1681 1941 1708 suadet?

1260 1727 1398 1762 Juppiter
1411 1726 1508 1753 obstat
1520 1726 1599 1753 enim
1616 1725 1802 1760 Plroebusque
1815 1728 1902 1761 atque
1919 1726 2121 1762 Amphiaraus

1260 1774 1372 1802 Verum
1384 1772 1507 1800 desinite
1520 1774 1549 1800 et
1560 1772 1669 1799 nostris
1683 1774 1781 1807 parete
1797 1771 1930 1799 libentes

1259 1817 1393 1845 Consiliis
1402 1837 1409 1849 ,
1424 1825 1461 1845 ne
1477 1824 1529 1845 vos
1542 1817 1683 1852 superum
1696 1817 1791 1852 gravis
1805 1817 1848 1845 ira
1861 1819 2009 1852 sequatur.

1190 1905 1269 1940 Quoe
1283 1911 1384 1942 quum
1397 1901 1548 1933 audiisset
1560 1903 1662 1940 Cyrus
1673 1924 1682 1939 ,
1699 1900 1799 1932 Persis
1812 1901 1928 1941 exponi
1944 1902 2108 1933 oraculum
2120 1903 2229 1943 Jussit,

1190 1975 1252 2006 quo
1268 1974 1287 1996 a
1302 1965 1419 1996 scelere
1432 1964 1677 1995 deterrerentur.
1693 1962 1755 1995 Sed
1768 1965 1871 1994 Persae
1887 1963 1926 1994 ad
1943 1963 2003 1994 boc
2013 1967 2226 2004 comparatam

1190 2027 1284 2059 fuisse
1297 2026 1447 2066 Sibyllam
1466 2021 1720 2066 suspicabantur,
1736 2025 1772 2055 ut
1791 2024 1982 2056 liberaretur
2002 2026 2139 2058 croesus.
2154 2028 2227 2058 Jam

1189 2090 1241 2122 ille
1265 2089 1298 2121 in
1320 2097 1399 2129 pyra
1413 2097 1486 2119 cum
1507 2087 1554 2119 bis
1568 2089 1687 2128 septem
1712 2087 1806 2127 Lydis
1828 2087 2033 2127 consederat,
2051 2089 2082 2119 et
2104 2088 2226 2121 circum

1193 2152 1295 2182 Persae
1308 2149 1408 2181 taedas
1421 2150 1576 2189 gestantes
1591 2157 1700 2188 pyram
1712 2148 1933 2180 incendebant.
1949 2150 2119 2182 Silentibus
2129 2150 2225 2183 inter-

1188 2222 1225 2244 ea
1243 2213 1366 2244 cunctis
1387 2213 1488 2243 altum
1512 2212 1670 2252 suspirans
1693 2213 1821 2243 Croesus
1839 2213 1888 2243 ter
1904 2213 2052 2244 Solonem
2069 2214 2227 2253 appellare

1188 2275 1293 2315 coepit.
1313 2276 1385 2311 Quo
1408 2276 1511 2313 Cyrus
1530 2273 1639 2304 audito
1654 2273 1859 2304 illacrimatus
1885 2275 1952 2312 est,
1973 2274 2175 2314 quumapud
2191 2283 2224 2306 se

1190 2339 1366 2378 reputaret,
1383 2337 1504 2368 facinus
1518 2336 1681 2375 indignum
1698 2336 1897 2367 committere
1911 2344 1961 2375 se,
1980 2336 2034 2375 qui
2054 2344 2157 2375 regem
2180 2336 2227 2368 ni-

1188 2400 1252 2431 bilo
1266 2400 1341 2431 olim
1361 2398 1540 2430 inferiorem
1558 2407 1591 2429 se
1603 2398 1670 2437 ipso
1686 2399 1843 2428 coactusa
1860 2397 1961 2429 Persis
1975 2399 2140 2430 cremaret.
2152 2400 2226 2429 Jam

1189 2470 1266 2493 vero
1281 2461 1377 2493 etiam
1389 2462 1491 2492 Persae
1505 2459 1688 2490 conturbari
1702 2460 1882 2499 coeperant,
1899 2467 1998 2498 quum
2013 2459 2126 2499 partim
2142 2461 2225 2491 Croe-

1188 2534 1257 2557 sum
1273 2524 1482 2564 respicerent,
1507 2523 1621 2562 partim
1640 2531 1741 2561 regem
1762 2531 1854 2553 suum
1871 2530 1965 2561 super
1983 2521 2030 2552 liis
2044 2521 2225 2560 dolentem;

1189 2596 1225 2618 ac
1239 2587 1363 2618 liberari
1386 2588 1529 2618 C-ru‘zum
1545 2585 1710 2624 jubebant.
1731 2585 1828 2624 Igitur
1847 2587 1967 2625 Cyrus,
1985 2584 2087 2616 missis
2100 2593 2117 2616 e
2129 2584 2225 2616 satel-

1189 2650 1255 2681 litio
1269 2659 1326 2680 suo
1338 2649 1496 2680 nonnullis
1509 2673 1516 2687 ,
1531 2657 1640 2687 pyram
1656 2648 1691 2677 ut
1706 2646 1956 2685 restinguerent,
1972 2645 2148 2685 imperavit.
2163 2645 2226 2676 Sed

1189 2717 1287 2747 quum
1307 2707 1358 2737 illa
1372 2706 1515 2746 arderet,
1535 2707 1565 2736 et
1580 2705 1721 2745 undique
1734 2705 1887 2743 concepto
1913 2703 1981 2743 igne
2003 2702 2121 2734 nemini
2139 2703 2225 2734 locus

1189 2765 1326 2796 adeundi
1353 2768 1431 2796 esset
1446 2789 1454 2803 ,
1481 2766 1550 2795 tum
1576 2765 1704 2795 Croesus
1715 2787 1723 2802 ,
1752 2762 1852 2794 oculis
1865 2762 1908 2796 in
1930 2761 2047 2792 coelum
2073 2760 2223 2800 sublatis,

1189 2822 1342 2862 Apollinis
1364 2831 1455 2862 opem
1478 2822 1623 2861 precatus
1639 2829 1705 2852 esse
1721 2820 1849 2858 dicitur,
1874 2819 2000 2858 quando
2017 2819 2122 2852 hostes
2145 2818 2223 2858 ipsi,

1190 2881 1244 2920 qui
1261 2888 1386 2911 servare
1402 2888 1434 2910 se
1451 2879 1587 2918 vellent,
1606 2877 1735 2909 minime
1751 2877 1888 2917 possent.
1907 2878 2002 2907 Forte
2015 2876 2040 2907 is
2062 2875 2128 2907 dies
2140 2878 2222 2907 tem-

1189 2940 1309 2978 pestate
1322 2947 1340 2969 a
1354 2938 1455 2977 primo
1471 2937 1544 2968 solis
1559 2938 1632 2967 ortu
1647 2937 1782 2967 excitata
1799 2935 1900 2966 foedus
1913 2935 1981 2965 erat
1993 2957 2001 2973 ,
2025 2934 2144 2973 absque
2165 2933 2224 2964 im-

1189 2996 1298 3027 bribus
1325 2997 1443 3027 tamen.
1467 2998 1548 3027 Tum
1576 3003 1682 3032 vero,.
1701 2995 1868 3032 postquam
1892 2994 2019 3024 Croesus
2045 2991 2224 3031 Apollinem

95 3119 135 3126 —
169 3106 216 3134 10.
241 3100 555 3140 συναπόλλυται]
581 3100 783 3131 συναπόλοιτο
808 3103 942 3140 Coi·ay.,
973 3102 1182 3138 συναποληται
1209 3101 1319 3133 Orelli.
1349 3118 1390 3123 —
1419 3104 1464 3131 ll.
1493 3099 1682 3140 συμῧαλεῖν]
1708 3099 1751 3129 sic
1768 3098 1858 3135 cod„
1875 3097 2059 3136 συμὸάλλειν
2085 3095 2159 3127 edit.
2182 3113 2221 3117 —-

100 3153 147 3180 12.
165 3147 281 3187 αὐτὴ]
302 3148 425 3186 Vales.;
449 3149 500 3178 καὶ
524 3147 600 3186 αὐτῇ
621 3147 670 3185 ’ίδῃ
693 3147 730 3177 τὰ
748 3147 966 3186 γινομενομενα
984 3148 1064 3186 (sic)
1090 3149 1202 3179 codex.
1227 3164 1267 3170 —-
1294 3152 1339 3178 13.
1359 3146 1480 3186 διῆλθε]
1501 3146 1545 3177 stc
1570 3146 1660 3183 cod.;
1678 3145 1747 3183 ἦλθε
1767 3144 1855 3174 editt.
1877 3160 1918 3165 —-
1936 3146 1981 3173 14.
2008 3141 2222 3182 ἀφραίνοντες]

96 3195 188 3233 Vah,
213 3194 386 3235 ἀφρένοντες
405 3194 475 3224 cod.
502 3197 604 3224 -15.
629 3194 907 3234 διεξενεγκεῖν]
939 3195 1099 3234 διενεγκεῖν
1131 3194 1220 3226 editt.
1243 3213 1281 3221 -
1311 3197 1355 3224 16.
1389 3192 1522 3232 πάλιν]
1549 3206 1563 3219 α
1586 3192 1676 3226 Ἴσως
1704 3190 1846 3230 ἐγράφετο
1870 3189 2124 3220 ἀνακαλεῖται
2153 3187 2220 3217 τὸν

97 3242 271 3279 Σόλωνα,
300 3241 377 3277 πλὴν
395 3241 420 3270 εἰ
450 3240 491 3279 μή
520 3251 548 3270 τι
565 3239 683 3279 ἐξερρύη
706 3240 906 3279 τοῦχωρίου,
933 3241 1005 3279 πρὸς
1022 3241 1038 3270 ὃ
1063 3242 1246 3272 συνάπτοιτο
1257 3241 1291 3271 τὸ
1317 3240 1417 3270 πάλιν.
1443 3241 1563 3271 comui.
1591 3236 1797 3269 scribendum
1827 3237 1904 3275 pulo
1934 3234 2023 3265 πάλιν
2043 3234 2094 3264 καὶ
2109 3233 2219 3270 πάλιν,

97 3289 144 3319 vel
157 3313 165 3326 ‚
188 3288 274 3327 quod
292 3287 415 3319 itemin
434 3296 491 3317 usu
511 3288 575 3325 est,
594 3287 683 3316 πάλιν
703 3286 803 3316 πάλιν.
821 3304 861 3308 -
880 3290 923 3318 17.
947 3288 994 3325 ἀμ,
1003 3287 1053 3327 φ’]
1071 3288 1155 3326 Val.;
1171 3286 1220 3325 ἀφ’
1240 3285 1350 3317 codex.
1369 3287 1443 3316 Mox
1460 3293 1516 3324 pro
1535 3283 1700 3323 ἐξημμένην
1718 3283 1861 3321 Corayus
1878 3279 1973 3312 scribi
1992 3279 2111 3310 mavult
2128 3279 2218 3317 ἐξημ-

98 3336 181 3375 μενῃ.
199 3354 239 3358 -
258 3340 304 3368 18.
322 3336 355 3371 ἐξ
377 3336 465 3372 ἠοῦς
478 3334 488 3374 ]
503 3335 595 3366 scrib.
623 3334 752 3370 ἐξαίσιος
766 3334 913 3373 opinatur
931 3337 1045 3373 Coi-ay.
