2338 3765
132 169 203 200 382

130 263 185 285 σεν
199 264 206 270 ·
233 247 291 284 καὶ
311 247 380 284 ἀπὸ
406 246 524 284 τούτου
547 247 673 297 ἀγορὰν
694 248 839 294 πλησίον
869 251 971 288 αὐτοῦ
992 251 1054 288 καὶ·
1079 252 1160 304 Ἑρ-

129 311 229 355 μαῖον
246 305 362 342 εἵσατο
377 305 434 357 (28)
448 335 456 351 ,
471 309 630 342 Θυεσσοῧ
647 305 843 355 λεγόμενον.
866 308 972 345 Λυδοὶ
989 309 1024 346 δὲ
1039 309 1162 361 Ἄρδυν

128 364 185 400 ἐπὶ
207 362 384 414 βασιλείαν
406 365 568 400 καλοῦσιν
593 363 756 413 ἀγγέλους
769 380 805 401 τε
825 364 947 408 ἄλλους
963 365 1162 419 πέμψαντες

126 427 185 463 καὶ
200 429 267 464 τῶν
282 426 520 478 Ἡρακλειδῶν
533 427 637 470 τινάς.
660 427 844 466 Κατελθὼν
860 430 894 467 δὲ
910 432 928 467 6
940 429 1062 481 Ἄρδυς
1079 432 1159 469 ἐδα-

126 484 261 522 σίλευσε
276 484 364 534 μετὰ
381 484 553 533 Ἀλκίμιον
571 485 630 535 (29)
646 485 784 523 πάντων
800 486 938 538 ἄριστα,
956 488 1015 525 καὶ
1030 489 1160 540 σφόδρα

129 542 259 592 γίνεται
285 543 408 585 Λυδοῖς
436 542 648 592 καταθύμιος
675 544 734 581 καὶ
765 545 988 596 φιλοδίκαιος.
1012 547 1161 597 Συνηρί-
1191 574 1193 577 -

128 603 239 648 θμησε
259 600 295 637 δὲ
312 600 371 637 καὶ
391 599 448 637 τὸν
463 600 588 638 Λύδιον
609 601 754 652 στρατὸν
769 605 787 639 ὃ
801 602 932 655 Ἄρδυς·
953 599 994 650 ἦν
1010 605 1038 641 δ’
1056 605 1162 641 ἱππό-

123 675 183 703 της
205 661 222 695 6
247 659 424 707 πλεῖστος,
447 658 506 695 καὶ
527 653 636 711 εὗρεν,
659 660 705 703 ὥς
725 676 829 712 φασι,
855 662 1023 713 μυριάδας
1042 663 1071 712 γ’
1099 665 1160 700 ἷπ-
1190 701 1191 704 ,

123 717 230 755 πέων.

185 769 199 782 ²!
252 775 266 786 κ
289 780 302 786 .-
327 774 353 788 Μ
462 775 470 787 1
630 776 668 789 >lm
853 778 863 788 s
884 778 891 789 ι
1034 773 1054 791 ‘3‘
1135 778 1143 790 l

196 778 301 825 Αρῠυῑ
323 789 357 811 03
378 790 593 827 γηρασχθντῑ
624 791 692 823 ’1,οη
722 790 1015 829 Tcpoctptlffictawc
1032 795 1072 824 ’[,ν
1090 781 1160 815 Δα-

123 833 245 874 σκυλος
276 832 394 883 Γύγεω
423 833 517 883 γένος
549 835 772 884 Μεομνάδης.
809 830 917 878 Οῧτος
945 835 1084 873 ἅπασαν
1115 840 1160 878 ὡς
1190 859 1191 866 1

123 892 229 928 εἰπεῖν
261 890 322 936 τὴν
355 893 476 930 Λυδῶν
511 893 621 944 ἀρχὴν
651 892 706 930 διὰ
737 895 850 945 χειρὸς
879 898 962 944 εἶχε.
1036 894 1159 936 Δείσας

121 942 177 985 οὖν
191 949 375 996 Ἀὸυάττης
392 948 572 997 ὃἌρδυος,
585 950 646 1000 μὴ,
662 955 721 989 τοῦ
737 952 864 1004 πατρὸς
882 951 1158 998 τελευτήσαντος,

122 1008 246 1050 ἐκεῖνος
261 1007 360 1057 (μὲν)
374 1007 476 1045 πάνθ’
488 1010 543 1060 ὑφ’
559 1011 670 1060 ἑαυτῷ
681 1008 877 1055 ποιήσαιτο,
892 1009 1086 1046 ἀποκτείνει
1100 1011 1156 1061 (ῑιι)

122 1064 234 1117 κρύφα
246 1066 301 1104 τὸν
316 1066 512 1104 Δάσκυλον.
530 1066 573 1105 ‘H
587 1068 615 1104 δ’
633 1067 762 1105 ἐκείνου
779 1066 863 1118 γυνὴ
890 1067 1018 1105 κύουσα
1035 1066 1157 1118 ἔφυγεν

125 1125 171 1165 εἷς
191 1124 363 1174 Φρυγίαν,
380 1124 454 1162 ὅθεν
476 1124 535 1162 καὶ
560 1119 613 1171 ἧν,
632 1124 774 1162 δείσασα
794 1125 869 1168 τοὺς
892 1125 1011 1176 φονέας
1028 1129 1085 1162 τοῦ
1104 1129 1159 1162 ἀν-

123 1181 210 1232 δρός.
224 1181 282 1225 Ὡς
295 1182 328 1219 δὲ
341 1186 449 1220 ταῦτα
461 1183 586 1235 ᾔσθετο
597 1186 614 1220 6
627 1182 760 1234 Ἄρδυς,
771 1184 901 1235 σφόδρα
914 1182 1066 1234 ἠχθέσθη
1082 1185 1157 1234 (32⁸,

120 1240 180 1276 καὶ
214 1240 344 1283 Λυδοὺς
378 1242 539 1279 ἐκάλεσεν
581 1243 625 1284 εἷς
655 1242 840 1287 ἐκκλησίαν
853 1257 860 1264 ·
891 1241 948 1278 καὶ
984 1241 1085 1285 αὐτὸς
1111 1244 1156 1284 εἷς

119 1297 258 1341 τούτους
275 1299 447 1348 κομισθεὶς
466 1299 708 1350 (δεμνιοπετῆς
729 1300 787 1351 (33)
804 1299 870 1349 γὰρ
888 1294 928 1346 ἦν
949 1299 1015 1336 ὑπὸ
1030 1299 1154 1351 γήρως)

119 1356 305 1409 κατηγόρει
327 1360 394 1395 τῶν
423 1357 554 1404 αἰτίων,
583 1358 678 1396 οὐδὲν
703 1357 798 1401 εἰδὼς
821 1357 941 1400 οἵτινες
970 1353 1071 1405 ἦσαν,
1097 1359 1156 1395 καὶ

119 1415 250 1458 Λυδοὺς
266 1417 454 1464 παρεκάλει
471 1418 582 1462 ζητεῖν
602 1416 657 1453 τὸν
679 1416 860 1455 Δασκύλου
881 1416 1001 1468 φόνον,
1023 1417 1088 1462 ἔπη
1097 1423 1155 1468 ρᾶ-

117 1473 157 1509 τό
176 1489 212 1510 τε
235 1473 291 1523 (34)
320 1475 424 1526 μυρία
441 1480 511 1518 τοῖς
531 1479 668 1526 φονεῦσι
689 1474 748 1512 καὶ
768 1475 861 1517 τέλος
879 1476 1014 1511 ἀνεῖπεν
1036 1474 1157 1518 ἐξεῖναι

120 1532 168 1581 τῷ
188 1530 350 1581 χρῄζοντι
371 1532 512 1569 κτείνειν
531 1533 654 1576 αὐτοὺς
671 1535 699 1569 εἰ
717 1532 864 1584 ἀνεύροι.
883 1531 1003 1585 ’Άρόυς
1021 1532 1081 1581 μὲν
1101 1526 1157 1569 οὖν

121 1589 328 1638 βασιλεύσας
344 1590 370 1626 ο’
392 1589 450 1635 ἔτη
472 1591 530 1641 (35)
553 1590 703 1635 θνήσκει.

173 1646 257 1685 Ἐπὶ
286 1648 418 1693 Μήλεω
440 1647 500 1698 (36)
526 1649 560 1685 δὲ
586 1647 854 1698 βασιλεύσαντος
880 1648 1002 1686 Λυδῶν
1026 1648 1156 1699 σφόδρα

121 1704 263 1753 ἐλίμηνε
295 1706 418 1743 Λυδία·
450 1706 508 1742 καὶ
530 1708 559 1743 οἱ
588 1706 759 1757 ἅνθρωποι
782 1705 838 1742 ἐπὶ
859 1705 1021 1754 μαντείας
1052 1705 1157 1754 ἐτρά-

119 1779 223 1801 ποντο
244 1765 403 1814 (37).Τοῖς
421 1764 448 1801 δ’
465 1764 629 1813 ἐσήμαινε
646 1764 684 1801 τὸ
702 1763 876 1813 δαιμόνιον
895 1764 988 1806 δίκας
1007 1764 1157 1815 πράττε-

118 1826 196 1859 σθαι
216 1826 273 1860 τοῦ
291 1822 474 1860 Δασκύλου
493 1822 594 1874 φόνου
615 1822 712 1873 παρὰ
728 1824 795 1859 τῶν
820 1822 1006 1873 βασιλέων.
1029 1824 1155 1860 Ταῦτα

117 1880 266 1923 ἀκούσας
282 1881 376 1932 παρὰ
395 1883 462 1917 τῶν
479 1880 745 1931 χρησμολόγων,
772 1881 830 1918 καὶ
851 1880 903 1917 ὅτι
921 1881 972 1918 δεῖ
988 1881 1155 1932 φεύγοντα

116 1938 172 1975 ἐπὶ
191 1938 223 1988 γ’
251 1938 311 1984 ἔτη
338 1938 554 1989 καθήρασθαι
583 1939 640 1976 τὸν
672 1938 784 1990 φόνον,
807 1938 927 1988 ἔφυγεν
956 1938 1156 1981 ἐθελουσίως

115 1999 161 2040 εἷς
182 1997 392 2036 Bergomum.
415 1996 580 2048 ἼΞπεμψε
602 1996 636 2034 δὲ
655 1997 713 2034 καὶ
731 1998 776 2040 εἷς
800 1997 961 2048 Φρυγίαν
982 1996 1078 2048 παρὰ
1098 1995 1154 2033 τὸν

116 2055 298 2094 Δασκύλου
318 2057 426 2093 παῖδα
440 2086 449 2102 ,
476 2056 659 2094 Δάσκυλον
676 2055 735 2093 καὶ
756 2055 858 2092 αὐτὸν
883 2055 992 2105 ὄνομα
1008 2085 1018 2104 ,
1040 2054 1153 2092 δ’ντινα

114 2117 135 2159 ἡ
155 2113 270 2165 μήτηρ
292 2116 325 2152 ἐν
342 2114 465 2164 γαστρὶ
487 2114 614 2165 ἔχουσα
633 2113 734 2166 ἔφυγε
750 2143 759 2161 ,
779 2113 928 2150 κελεύων
946 2115 992 2155 εἷς
1007 2113 1154 2164 Σάρδεις

116 2174 335 2224 ἀφικνεῖσθαι
360 2172 419 2209 καὶ
450 2172 546 2215 δίκας
577 2173 737 2223 δέχεσθαι
768 2175 826 2209 τοῦ
855 2169 1018 2223 πατρῴου
1051 2170 1151 2222 φόνου

113 2230 195 2279 παρ’
225 2232 356 2268 αὐτῶν·
385 2230 491 2273 οὕτως
518 2229 583 2282 γὰρ
611 2228 787 2273 ἐθέσπιζον
815 2231 845 2267 οἳ
874 2229 1025 2279 μάντεις,
1051 2228 1095 2266 ‘O
1117 2227 1152 2265 δὲ

949 165 1155 204 NICOLAI
1186 168 1475 207 DAMASCENI

1222 260 1310 292 dives
1327 262 1428 293 factus
1441 261 1661 302 cauponando,
1680 271 1777 303 prope
1793 263 1924 296 domum
1946 274 2036 298 suam
2057 268 2160 300 sorum
2184 277 2257 301 cum

1223 328 1294 358 sano
1306 329 1454 359 Mercurii
1468 329 1664 360 consecravit
1674 354 1682 368 ,
1697 330 1783 369 quod
1797 331 1926 371 Thyessi
1943 335 2086 366 vocatur.
2106 336 2188 376 Lydi
2202 345 2258 368 au-

1192 405 1193 426 l
1221 396 1285 425 tem
1305 396 1406 427 missis
1422 396 1540 427 nuntiis
1554 396 1634 427 inter
1649 405 1768 437 eosque
1784 398 1878 429 etiam
1893 401 2066 433 Heraclidis
2079 405 2258 444 nonnullis,

1191 494 1193 500 Α
1221 462 1329 502 Ardyn
1353 463 1391 494 ad
1413 472 1546 503 regnum
1569 466 1740 495 arcessunt.
1764 467 1802 496 Et
1820 476 1965 498 reversus
1990 469 2090 509 Ardys
2114 472 2258 511 regnavit:

1191 516 1193 538 ¹
1222 528 1292 565 post
1311 526 1478 557 Alciniium
1494 528 1635 558 omnium
1659 529 1796 568 optime,
1826 530 1981 570 Lydisque
1995 534 2102 571 gratus
2117 537 2185 566 erat
2199 535 2258 566 ad-

1222 590 1355 621 modum
1377 592 1408 621 et
1427 591 1560 629 justitiae
1585 592 1832 625 amantissimus.
1859 595 2028 627 Recensuit
2049 597 2150 637 Ardys
2163 599 2258 630 etiam

1219 655 1397 685 exercitum
1423 655 1603 694 Lydorum;
1622 656 1653 686 in
1680 665 1743 696 quo
1765 659 1925 690 maximus
1945 660 2013 691 erat
2031 662 2176 700 equitum
2196 671 2257 693 nu-

1190 712 1192 745 l
1220 727 1343 756 merus,
1366 727 1503 758 quorum
1520 719 1649 759 triginta
1667 721 1764 753 millia
1778 723 1928 762 reperisse
1943 723 2071 756 dicitur.

1190 767 1192 815 i
1260 781 1362 821 Ardys
1371 782 1438 821 jam
1452 791 1616 815 senescens
1631 784 1662 815 in
1676 784 1797 816 deliciis
1816 786 1955 818 habebat
1975 789 2146 828 Dascylum
2163 790 2259 830 Gygis

1190 820 1192 850 [
1219 844 1317 875 tilium
1328 868 1336 882 ,
1351 854 1368 876 e
1382 854 1495 885 genere
1509 847 1749 887 Mermnadum;
1764 857 1860 888 penes
1881 859 1974 889 quem
1994 852 2097 883 omnis
2113 853 2177 883 sere
2194 856 2257 893 Ly-

1189 876 1191 953 )
1219 909 1332 939 dorum
1348 910 1433 949 regui
1447 911 1514 941 erat
1528 910 1772 943 administratio.
1797 914 1904 949 Quare
1927 915 2072 945 metuens
2088 915 2257 955 Adyattes,

1218 972 1332 1011 Ardyis
1347 973 1448 1012 filius,
1463 982 1503 1003 ne
1515 975 1586 1013 post
1599 974 1721 1005 obitum
1738 975 1835 1015 patris
1851 975 1904 1007 ille
1919 985 2043 1007 summa
2058 986 2164 1009 rerum
2179 978 2259 1018 poti-

1188 1012 1191 1078 !
1219 1037 1318 1071 retur,
1336 1035 1533 1066 clandestino
1554 1037 1725 1076 Dascylum
1739 1037 1906 1070 interfecit.
1921 1041 2008 1070 Uxor
2025 1041 2168 1080 Dascyli,
2183 1043 2258 1072 tunc

1217 1097 1345 1135 gravida
1356 1122 1364 1136 ‚
1381 1098 1411 1128 in
1429 1098 1613 1138 Phrygiam,
1628 1099 1713 1130 unde
1726 1099 1862 1131 oriunda
1881 1102 1966 1139 erat,
1981 1110 2179 1141 percussores
2194 1112 2258 1134 ma-

1218 1161 1268 1192 riti
1287 1163 1449 1201 metuens,
1476 1162 1607 1202 aufugit.
1629 1165 1705 1194 Haec
1730 1163 1785 1194 ubi
1810 1166 2000 1203 cognoverat
2023 1165 2140 1205 Ardys,
2163 1167 2259 1197 vehe-

1216 1225 1340 1254 menter
1353 1224 1452 1255 iratus
1469 1224 1572 1264 Lydos
1594 1225 1633 1255 ad
1651 1226 1834 1256 concionem
1854 1227 2000 1266 vocavit,
2028 1227 2060 1258 in
2077 1236 2174 1267 quam
2191 1229 2257 1268 ipse

1215 1287 1324 1317 lectica
1349 1286 1535 1326 deportatus
1551 1287 1562 1326 (
1576 1296 1651 1318 nam
1674 1287 1756 1319 lecto
1778 1288 1947 1319 tenebatur
1964 1297 2029 1328 prae
2047 1289 2178 1329 senio),
2199 1299 2256 1320 au·

1213 1351 1317 1379 ctores
1332 1349 1496 1388 facinoris,
1514 1349 1638 1380 nescius
1658 1350 1789 1389 quinam
1806 1352 1927 1389 essent,
1943 1350 2116 1389 incusavit,
2133 1351 2252 1391 Lydos-

1213 1420 1275 1450 que
1293 1411 1438 1442 hortatus
1453 1413 1500 1442 est
1519 1414 1555 1442 ut
1568 1411 1598 1441 in
1614 1411 1734 1443 caedem
1750 1412 1874 1451 Dascyli
1889 1412 2084 1451 inquirerent
2096 1423 2105 1451 ;
2119 1422 2156 1444 ac
2179 1413 2255 1445 diris

1213 1474 1357 1514 plurimis
1372 1474 1587 1505 interfectores
1605 1474 1766 1505 devovens
1780 1476 1941 1514 postremo
1955 1474 2054 1506 edixit
2075 1475 2170 1507 licere
2189 1476 2258 1507 uni·

1213 1537 1330 1576 cuique
1341 1538 1512 1569 invenienti
1528 1547 1580 1567 eos
1590 1537 1742 1569 occidere.
1761 1538 1861 1577 Ardys
1869 1530 1966 1577 igitur
1977 1540 2047 1578 post
2059 1547 2188 1578 regnum
2204 1548 2257 1570 an-

1213 1608 1326 1630 norum
1344 1600 1544 1639 septuaginta
1561 1600 1625 1630 vita
1645 1599 1814 1631 defunctus
1828 1602 1886 1632 est.

1253 1661 1318 1691 Sub
1333 1661 1414 1692 Mele
1434 1661 1592 1700 Lydorum
1606 1670 1676 1700 rege
1695 1661 1792 1692 sames
1812 1661 1943 1701 Lydiam
1962 1664 2123 1702 oppressit.
2147 1665 2256 1699 Quare

1211 1743 1313 1774 (pium
1339 1734 1506 1765 oraculum
1535 1734 1648 1764 incolae
1673 1733 1840 1773 adiissent,
1865 1743 1984 1765 numen
2007 1735 2042 1766 iis
2065 1735 2253 1775 significavit

1215 1818 1324 1849 poenas
1339 1818 1406 1840 esse
1419 1818 1475 1848 pro
1489 1809 1577 1840 eaede
1596 1808 1720 1848 Dascyli
1738 1817 1756 1838 a
1774 1807 1899 1847 regibus
1913 1808 2109 1848 repetendas.
2125 1811 2201 1841 Haec
2213 1818 2255 1841 ex

1213 1883 1339 1914 vatibus
1355 1892 1412 1914 rex
1427 1882 1558 1913 audiens
1575 1884 1606 1913 et
1618 1882 1715 1913 trium
1735 1891 1891 1913 annorum
1909 1882 2028 1913 auxilio
2047 1882 2169 1914 caedem
2195 1892 2254 1915 ex·

1212 1953 1360 1993 piandam
1385 1961 1470 1991 esse,
1510 1953 1580 1992 fuga
1605 1951 1787 1983 voluntaria
1819 1951 2014 1991 Babylonem
2043 1961 2076 1983 se.
2104 1953 2254 1986 contulit.

1211 2026 1307 2054 Porro
1322 2023 1353 2053 in
1371 2020 1637 2062 Phrygiam'misit
1652 2021 1693 2052 ad
1711 2021 1834 2061 Dascyli
1849 2020 1948 2052 tilium
1960 2046 1969 2061 ,
1987 2022 2038 2052 cui
2058 2024 2090 2054 et
2110 2023 2167 2063 ipsi
2186 2026 2252 2056 Da·

1208 2095 1285 2135 scyli
1299 2103 1416 2126 nomen
1430 2096 1517 2133 erat,
1541 2102 1702 2134 quemque
1720 2094 1840 2134 fugiens
1860 2095 1961 2125 mater
1980 2095 2011 2125 in
2035 2096 2127 2126 utero
2141 2095 2252 2134 gesta-

1207 2165 1319 2203 verat,
1344 2164 1501 2203 jussitque
1523 2172 1596 2194 eum
1621 2162 1734 2195 Sardes
1749 2163 1926 2202 profectum
1953 2172 2061 2202 poenas
2080 2164 2177 2195 caedis
2194 2173 2252 2204 pa-

1208 2235 1308 2264 ternae
1323 2233 1362 2263 ab
1386 2233 1459 2272 ipsis
1478 2233 1619 2271 exigere,
1633 2232 1740 2272 prouti
1759 2235 1869 2262 vatum
1893 2232 1988 2262 effata
2005 2233 2252 2271 praescriberent,

113 2362 164 2390 28.
186 2358 386 2399 Ἑρμαῖον]
410 2360 526 2389 Forum
550 2358 610 2389 hoc
633 2357 664 2388 in
687 2366 787 2396 eoque
809 2356 990 2387 dedicatum
1013 2365 1030 2387 e
1053 2363 1196 2395 caupone
1220 2354 1328 2384 fanum
1348 2353 1517 2391 Mercurii,
1539 2361 1654 2383 nomen
1677 2352 1782 2391 dedit,
1806 2353 1837 2382 ni
1862 2352 1970 2390 fallor,
2001 2352 2117 2392 oppido
2140 2354 2251 2394 Ἑρμο-

113 2406 269 2445 καπηὶλᾳ,
287 2406 377 2443 euJus
402 2405 520 2436 mentio
537 2404 572 2435 sit
596 2404 628 2434 in
650 2404 803 2435 Hieroclis
819 2402 1015 2442 Synecdemo
1033 2411 1064 2442 p.
1089 2404 1166 2436 394,
1191 2405 1229 2431 20
1247 2402 1345 2431 Bonn.
1359 2423 1368 2437 ,
1391 2399 1444 2430 ubi
1470 2400 1500 2429 i'n
1528 2398 1635 2438 Lydiae
1654 2399 1799 2438 eparchia
1823 2399 1905 2429 inter
1927 2399 2003 2429 alias
2026 2399 2118 2430 nrbes
2143 2409 2246 2431 recen-

111 2454 221 2483 sentur
247 2464 254 2483 :
278 2451 435 2490 Ἀτταλία,
457 2451 708 2491 Ἑρμοκαπηλία,
731 2450 887 2489 Ἅκρασος.
911 2451 1067 2480 Praeterea
1089 2446 1317 2485 wesselingius
1331 2445 1353 2475 l.
1377 2445 1398 2475 l.
1422 2445 1512 2475 affert
1531 2445 1597 2475 haec
1617 2454 1623 2474 ι
1647 2457 1661 2471 «c
1689 2445 1878 2496 'theopistus
1893 2444 2142 2484 Ἑρμοκαπηλίας
2159 2447 2252 2478 estin

113 2499 241 2530 Nicaeno
267 2499 405 2529 secundo
424 2507 454 2537 p.
474 2502 530 2536 51,
553 2497 607 2537 qui
627 2506 660 2536 p.
689 2501 744 2527 591
767 2497 1004 2536 Ἑρμοκαπήλου
1021 2495 1147 2526 (licitur.
1171 2492 1464 2531 Hermocapelitas
1481 2491 1570 2521 novit
1589 2493 1619 2522 et
1638 2491 1756 2522 Plinius
1770 2493 1809 2522 H.
1824 2494 1861 2522 N.
1880 2493 1927 2529 V,
1946 2495 2004 2528 30,
2020 2496 2069 2522 33.
2092 2504 2106 2519 n
2122 2493 2170 2523 Cf,
2188 2495 2252 2524 No-

112 2545 161 2575 tit.
181 2545 318 2585 episcop.
338 2554 387 2584 ap.
413 2545 516 2575 I‘asin.
538 2544 608 2575 cod.
630 2543 758 2574 Taurin.
781 2543 842 2573 vol.
864 2545 894 2577 l,
915 2551 944 2581 p.
965 2546 1043 2580 205,
1063 2545 1106 2579 A,
1125 2540 1242 2570 citante
1267 2542 1300 2570 L.
1320 2538 1482 2569 Dindor-fio
1501 2538 1532 2588 iri
1549 2537 1660 2588 §teliu
1681 2538 1774 2568 Thes.
1797 2546 1827 2567 v.
1846 2538 2093 2591 Ἑρμοκαπηὶλα.
2118 2539 2249 2591 tickliel.

112 2593 208 2622 Num.
234 2594 281 2629 V,
303 2595 311 2622 1
327 2615 335 2629 ,
352 2596 388 2629 53,
410 2595 459 2622 101
476 2615 484 2630 ,
509 2591 562 2630 qui
582 2599 745 2630 perperam
760 2591 849 2620 notat
867 2588 1082 2625 flamininum,
1098 2587 1143 2618 uti
1160 2596 1198 2617 cx
1219 2587 1327 2616 nostro
1342 2585 1410 2614 loco
1428 2584 1623 2634 intelligitur,
1645 2584 1794 2614 Ceterum
1814 2584 2066 2637 Ἐρροκαπηλιαν
2082 2585 2133 2636 alu
2151 2587 2251 2639 Θυεσ-

112 2638 304 2674 σοκαπηλίαν
330 2637 378 2668 vel
402 2637 584 2676 simpliciter
605 2640 743 2667 Θυεσσον
767 2636 944 2667 nominasse
963 2635 1121 2666 videntur.
1145 2634 1225 2664 Nam
1253 2631 1431 2669 Stephanus
1447 2631 1521 2668 Byz.
1542 2631 1585 2683 ita
1603 2628 1698 2660 habet
1723 2642 1730 2660 z
1756 2632 1912 2669 Θυεσσος,
1929 2632 2015 2666 πολις
2035 2632 2166 2668 Λυδιας,
2185 2632 2251 2667 οξυ-

111 2684 207 2720 τὸνως
226 2685 283 2722 (cs.
305 2684 416 2715 Arcad.
441 2694 460 2723 p
497 2687 553 2722 70,
573 2686 650 2721 25),
669 2684 730 2714 ἀπὸ
754 2686 895 2713 (oveco-05
912 2682 1063 2718 καπήλου,
1089 2682 1177 2712 Ἔστι
1194 2680 1246 2709 καὶ
1273 2678 1432 2714 ΙΙισιδία-ς,
1456 2676 1490 2714 ἦς
1513 2677 1547 2706 τὸ
1566 2677 1682 2706 εθνικὸν
1702 2677 1869 2712 Θυεσσεύς.
1898 2679 2020 2709 Nomen
2046 2679 2202 2717 Θυεσσὸς,
2225 2680 2249 2711 si

113 2732 219 2762 mittas
240 2731 501 2761 historiunculam
528 2732 684 2768 nostram,
709 2730 852 2760 Mercurii
872 2730 998 2768 epithet.
1021 2728 1116 2759 fuisse
1141 2728 1231 2766 puto.
1254 2742 1295 2748 -
1321 2727 1373 2755 29.
1397 2724 1424 2755 Ἀ
1436 2723 1616 2763 λκίμιος]
1635 2724 1776 2763 Ἀλκιμὸν
1800 2724 1884 2754 hunc
1906 2733 2010 2764 regent
2029 2726 2250 2758 εὐσεὸέστατον

112 2780 163 2808 καὶ
178 2778 348 2818 πρᾳότατον
367 2777 443 2808 dicit
459 2778 602 2808 Xanthus
617 2778 672 2815 (sr.
695 2777 750 2815 10)
765 2776 849 2816 apud
874 2776 1003 2806 suidam
1029 2783 1058 2805 v.
1081 2774 1208 2807 Ξάνθος.
1227 2789 1266 2793 -
1282 2774 1329 2801 31.
1352 2769 1602 2809 ἀποκτείνει]
1620 2769 1786 2807 ἀποκτείνη
1802 2771 1834 2801 δὲ
1856 2781 1903 2810 up.
1924 2771 2035 2802 codex.
2057 2772 2248 2804 particulam

111 2825 143 2855 δὲ
166 2823 343 2864 transposui
367 2824 505 2854 scribens
527 2826 546 2860 ἡ
568 2824 593 2853 δ’
619 2824 734 2853 ἐκείνου
753 2832 809 2861 pro
831 2824 850 2859 ἡ
876 2823 982 2853 ἐκυνου
1005 2821 1131 2852 codicis.
1159 2839 1198 2845 -
1225 2822 1274 2849 32.
1296 2816 1491 2856 ἠχθέσθη]
1515 2817 1631 2856 ἠσχέθη
1655 2816 1766 2847 codex.
1792 2835 1832 2839 —
1853 2821 1901 2849 33.
1925 2818 2143 2859 δεμνιοπετὴς]
2173 2819 2245 2859 δεμ-

111 2872 250 2907 νιοπέτης
267 2870 379 2901 codex.
398 2872 468 2901 Vox
487 2880 567 2900 nova
587 2870 695 2900 lexicis
708 2869 869 2908 addenda,
889 2869 945 2899 nisi
963 2869 1089 2908 propter
1106 2866 1272 2897 accentum
1291 2863 1459 2903 suspiceris
1481 2863 1574 2894 fuisse
1596 2863 1802 2903 δεμνιοτήρης.
1823 2866 1897 2895 Mox
1921 2864 2020 2895 codex
2045 2877 2052 2895 ;
2071 2866 2188 2901 οἵτινες.
2206 2885 2247 2893 ..-

113 2919 161 2947 34.
184 2916 355 2956 ἐπηρᾶτο
374 2916 434 2957 τε]
458 2917 555 2956 ἐπήρα
576 2916 644 2946 τότε
664 2916 775 2946 ‹:‹ulex.
800 2935 840 2942 -
865 2920 914 2945 35.
945 2916 1034 2954 βασ.
1065 2913 1089 2944 ο’
1111 2912 1195 2952 ἐτη]
1220 2910 1400 2943 Secundum
1432 2910 1600 2940 Eusebium
1624 2909 1655 2940 in
1679 2910 1796 2941 Chron.
1824 2910 1894 2941 cod.
1921 2915 2046 2941 Armen-
2073 2919 2102 2950 p.
2126 2913 2162 2942 41
2193 2912 2244 2943 ed.

113 2964 186 2994 Mai.
205 2963 357 3002 Ardysus
375 2963 476 3002 (sic),
502 2963 648 3001 Alyaelae
672 2963 783 3000 filins,
804 2964 911 3000 regnat
927 2963 1016 2991 annis
1033 2964 1090 2999 36;
1112 2962 1183 3000 post
1208 2959 1293 2989 hunc
1320 2958 1471 2996 Alyatles
1498 2957 1589 2987 annis
1613 2962 1661 2993 133
1683 2957 1831 2997 deinceps
1853 2958 1957 2989 Meles
1975 2957 2066 3009 annis
2086 2961 2137 2997 123
2153 2958 2243 2991 deni-

112 3018 174 3049 que
195 3009 388 3041 candaules
414 3009 503 3039 annis
535 3011 579 3039 17,
599 3009 689 3044 Quod
709 3008 819 3047 Ardyis
839 3016 936 3038 annos
952 3006 1149 3046 septuaginta
1172 3006 1300 3042 attinet,
1325 3004 1428 3034 nescio
1442 3012 1482 3034 an
1505 3013 1567 3034 non
1591 3004 1674 3044 regni
1693 3003 1748 3035 sed
1761 3003 1834 3034 vitae
1855 3003 1928 3034 anni
1952 3003 2089 3042 suerint,
2106 3004 2185 3036 adeo
2209 3007 2245 3038 ut

113 3057 229 3095 βιώσας
258 3055 288 3085 in
310 3056 492 3096 βασιλεύσας
515 3055 637 3085 abierit.
661 3075 699 3081 -
726 3060 774 3085 36.
802 3055 861 3084 ἐπὶ
881 3054 1035 3094 Μήλεω]
1062 3054 1150 3093 Apud
1176 3053 1345 3084 Eusebium
1368 3051 1387 3081 l.
1411 3051 1431 3082 l.
1457 3054 1527 3090 post
1556 3052 1661 3091 Ardyn
1681 3053 1789 3091 regnat
1807 3050 1991 3090 sadyattes,
2011 3053 2043 3082 et
2067 3053 2137 3090 post
2158 3051 2244 3085 hunc

111 3103 239 3134 demum
263 3103 369 3133 Meles.
394 3105 476 3134 Num
493 3103 582 3132 aliter
606 3102 715 3132 statuit
734 3102 897 3132 Nicolaus'.¹
921 3105 967 3132 Αιι
986 3101 1129 3131 dicamus
1145 3100 1289 3138 Alyatteu
1316 3097 1439 3129 Eusebii
1464 3097 1600 3128 eundem
1616 3106 1682 3128 esse
1701 3105 1774 3127 cum
1792 3096 1940 3136 sadyatte
1964 3097 2096 3136 Tylonio
2118 3096 2171 3128 illo
2192 3098 2243 3129 Ni-

111 3149 210 3186 colai,
239 3149 292 3188 qui
317 3157 372 3188 per
399 3148 571 3179 triennium
594 3156 650 3186 pro
670 3148 749 3178 Mete
777 3148 870 3177 exule
898 3155 1028 3185 regnum
1060 3146 1318 3176 administravit?
1345 3145 1497 3175 Neutrum
1524 3145 1571 3174 est
1596 3143 1768 3183 probabile.
1795 3145 1880 3181 lmo,
1905 3142 2173 3182 quemadmodum
2202 3153 2242 3176 ex

111 3195 316 3236 sequentihus
330 3194 448 3234 patebit
464 3196 687 3233 Excerptorein
706 3202 767 3223 non
785 3193 937 3231 integram
954 3192 1082 3223 reddere
1097 3191 1214 3222 Nicolai
1232 3191 1445 3222 narrationem
1457 3214 1465 3228 ,
1491 3190 1545 3220 sed
1570 3199 1607 3220 ea
1631 3198 1704 3229 quae
1729 3189 1860 3220 consilio
1877 3198 1935 3220 suo
1961 3189 2149 3220 inservirent
2161 3189 2241 3221 deli·

111 3242 217 3280 basse,
236 3242 280 3271 sic
298 3242 357 3271 hoc
376 3249 503 3280 quoque
520 3240 589 3270 loco
605 3240 744 3270 omisisse
763 3239 836 3269 mihi
854 3239 987 3276 videtur,
1006 3247 1079 3277 quae
1101 3238 1140 3269 de
1153 3238 1302 3277 sadyatte
1319 3239 1436 3277 (quem
1460 3237 1540 3267 infra
1564 3236 1720 3276 Adyatten
1742 3236 1841 3273 dicit,
1855 3239 1924 3266 not.
1942 3237 1998 3274 41)
2025 3244 2094 3275 rege
2114 3239 2240 3268 narrata

111 3293 210 3319 erant.
231 3288 275 3319 Ad
294 3288 377 3318 hunc
402 3288 582 3326 Sadyattem
599 3286 803 3316 suet-essionis
815 3286 885 3323 jure
903 3287 971 3324 post
994 3285 1104 3324 Ardyis·
1122 3285 1218 3323 patris
1233 3284 1354 3314 obitum
1374 3291 1503 3323 regnum
1527 3283 1712 3322 pertinuisse
1724 3305 1732 3320 ,
1756 3290 1795 3312 ex
1812 3281 1849 3311 iis
1865 3289 1937 3320 quze
1953 3280 1992 3312 de
2010 3281 2135 3320 Dascyli
2152 3278 2241 3312 caede

111 3344 204 3375 supra
221 3335 367 3373 legimus,
382 3333 551 3373 colligitur.
565 3351 601 3355 —-
617 3337 666 3365 37.
686 3333 796 3363 lisdem
812 3332 914 3373 verbis
930 3332 1075 3362 Nicotaus
1093 3333 1191 3362 utitur
1208 3333 1245 3362 t'r.
1262 3334 1310 3361 22.
