2289 3728
761 109 1226 148 PHILOSTEPHANUS
1257 109 1557 148 CYRENAEUS
2173 115 2218 145 20

231 241 348 279 ΠΕΡΙ
377 240 478 278 ΤΩΝ
508 239 571 276 ΕΝ
603 239 716 292 Ast>
751 236 974 275 ΠΟΛΕΩΝ.

585 351 616 375 1.

402 445 430 478 Ε
458 443 606 479 LIBRO
636 442 804 476 PRIMO.

137 544 333 579 Athenaeus
350 544 489 589 V11‚p.
513 555 601 589 297,
617 543 645 577 F
673 554 680 575 :
702 537 959 590 Φιλοστέφανος
980 539 1008 575 δ’
1030 539 1064 575 ἐν
1077 540 1125 589 τῷ

85 600 211 652 πρώτω
233 599 321 651 Περὶ
349 601 415 635 τῶν
442 600 475 635 ἐν
495 601 537 648 τῇ
570 597 666 648 Ἀσίᾳ
694 597 827 634 πόλεων
848 595 955 638 οὕτως
983 596 1123 648 γράφει·

86 678 99 692 ‹
126 658 254 696 Λάκιον
275 657 329 694 τὸν
350 656 499 715 Ἀργειον
518 672 585 693 των
603 671 664 692 συν
693 654 806 706 Μόιζῲω
836 654 1067 707 ἀφικομένων,
1089 654 1124 691 ὃν

86 715 171 758 τινὲς
191 730 253 763 μεν
275 713 409 752 Λίνδιον
431 717 516 750 εἰναι
536 713 707 763 λέγουσιν,
735 711 880 764 ἀδελφον
905 712 939 749 δὲ
965 712 1124 762 Ἀντιφη-

87 790 152 824 μου
169 778 228 811 τοῦ
247 774 358 812 Ιέλαν
375 772 584 818 οἰκίσαντος,
603 773 649 814 εἷς
668 787 729 817 την
713 773 786 809 νὶίΙ
791 770 975 816 ασήλιδα’
965 772 1031 807 υπὸ
1051 771 1126 809 Μο-

86 835 151 884 ψου
169 832 244 882 μετ’
264 833 395 884 ἀνδρῶν
412 830 609 883 πεμφθέντα
626 829 716 867 κατά
732 845 808 866 τινα
826 829 925 878 λόγον
944 831 1123 876 Μαντοῦς,

86 894 146 935 τῆς
174 890 295 942 Μόψου
317 890 463 941 μητρὸς,
495 889 550 926 ὅτε
580 891 615 925 αἱ
636 887 789 940 πρύμναι
821 890 888 924 τῶν
917 887 1009 924 ἰδίων
1035 890 1125 933 νηῶν

86 965 163 987 συνε
151 949 273 986 ’ὅαλον
294 949 352 985 καὶ
380 947 681 999 συνεθραύσθησαν
706 945 796 983 κατὰ
817 948 865 983 Xe
854 945 1038 991 ελιδονίας,
1059 961 1126 982 των

87 1006 175 1057 μετὰ
195 1010 252 1044 του
270 1005 403 1044 Λακίου
416 1005 471 1042 διὰ
487 1005 525 1042 τὸ
541 1005 692 1055 ὑστερεῖν
709 1006 820 1041 αὐτων
834 1003 952 1047 νυκτὸς
968 1003 1126 1055 προσδα-

86 1065 232 1103 λόντων·
254 1064 426 1115 ἀγοράσαι
445 1063 473 1100 δ’
494 1063 595 1100 αὐτὸν
617 1061 679 1107 τὴν
699 1065 763 1111 γ’ῆν
783 1061 942 1112 λέγεται,
964 1065 1002 1099 ου
1019 1065 1040 1107 ἡ
1062 1061 1125 1099 πό-

86 1126 138 1166 λις
157 1139 215 1160 νυν
233 1125 323 1169 ἐστι,
343 1122 466 1159 καθὰ
451 1138 472 1167 η
494 1120 627 1159 Μαντι)
645 1123 811 1192 προεῖπε,
837 1119 935 1170 παρὰ
956 1120 1125 1172 Κυλάὸρα

87 1198 192 1227 τινος,
213 1180 314 1218 δόντα
335 1180 493 1231 τάριχον·
513 1183 631 1217 τοῦτον
651 1178 717 1249 γὰρ
736 1178 871 1216 ἑλέσθαι
887 1177 1006 1215 λαὸεῖν
1025 1179 1126 1216 αὐτὸν

88 1242 145 1292 ἀφ’
163 1244 209 1276 ὧν
239 1243 259 1286 ἠ
266 1254 336 1290 γον
358 1238 465 1276 εὈθεν
485 1239 562 1275 κατ’
584 1237 737 1275 ἕνιαυτον
756 1252 832 1279 τους
853 1236 1060 1282 Φασηλίτας
1079 1254 1127 1288 τῳ

90 1297 260 1349 Κυλάὸρα
296 1296 384 1334 θύειν
417 1296 574 1347 τάριχον,
603 1311 775 1345 τιμωντας
806 1298 850 1337 ὡς
873 1295 1036 1346 ἥρωα.»
1069 1298 1124 1333 Cf.

88 1357 216 1405 stagm.
247 1370 259 1391 1
283 1357 509 1404 Hcropythi3
529 1357 675 1391 Mulier.
693 1357 780 1390 Dor.
804 1356 840 1399 I,
861 1368 899 1402 p.
926 1369 937 1389 1
951 1355 993 1390 13
1015 1368 1070 1403 sq.

591 1462 623 1484 2.

140 1543 266 1579 Schol.
296 1544 419 1590 Apoll.
445 1544 519 1580 Rh.
542 1544 578 1588 Ι,
601 1542 676 1591 985
707 1555 715 1578 :
736 1540 950 1590 Δίνδυμον
973 1540 1028 1590 δὲ,
1053 1540 1128 1591 ὄρος

92 1600 258 1646 Κυζίκου,
279 1599 367 1651 ἱερὸν
387 1603 447 1646 τῆς
469 1599 589 1642 ‘Ps'ac
610 1599 665 1636 διὰ
682 1599 720 1636 τὸ
741 1599 901 1648 διδύμους
920 1598 1071 1648 μαστοὺς
1095 1601 1129 1636 ἐν

89 1659 182 1709 αὐτῷ
199 1657 348 1703 ἀνήκειν,
364 1657 408 1700 ὥς
420 1673 503 1709 φησι
514 1656 788 1709 Φιλοστέφανος,
802 1656 889 1694 οὕτω
900 1672 1129 1708 προσαγορευ-

88 1716 157 1752 θέν.
175 1719 230 1753 De
249 1718 321 1752 hoc
335 1718 525 1765 Dindymo
539 1725 666 1752 monte
681 1718 860 1764 Cyziceno
878 1730 913 1752 v.
933 1718 1072 1752 Plinius
1084 1719 1127 1762 V,

91 1779 159 1819 [⁸03
186 1776 301 1812 schol.
332 1776 512 1811 Nicandri
529 1775 700 1822 Alexipli.
721 1788 759 1822 p.
783 1775 851 1819 513
875 1775 1007 1810 Strabo
1027 1776 1102 1809 XII
1118 1803 1128 1822 ,

89 1846 127 1879 p.
153 1833 242 1878 575.
267 1834 321 1870 Cf.
341 1834 537 1881 Forbiger.
567 1835 699 1881 Geogr.
724 1834 754 1878 Ι,
776 1846 814 1880 p.
841 1834 911 1868 128
930 1840 965 1868 et
985 1833 1072 1875 340.

590 1926 625 1962 3.

143 2019 247 2053 Idem
270 2020 319 2063 ΙΙ,
339 2032 376 2086 9
374 2019 456 2060 46:
482 2017 589 2059 Πόλις
605 2032 664 2054 του
681 2017 848 2054 Πόντου
831 2032 853 2062 η
869 2016 1029 2063 Σινώπη,
1047 2033 1131 2054 ωνο-

93 2090 210 2124 μασμε
213 2091 253 2120 νη
287 2074 355 2112 ἀπο
388 2078 449 2120 τῆς
480 2075 636 2112 Ἀσωποῦ
673 2074 837 2126 θυγατρος
871 2074 1053 2121 Σινώπης·
1090 2075 1132 2120 ἣν

91 2133 251 2184 ἁρπάσας
277 2136 294 2170 ὁ
314 2133 503 2179 Ἀπόλλων,
521 2132 611 2170 κατὰ
633 2134 706 2171 Φιλ
699 2132 905 2184 οστέςιανον,
927 2133 994 2169 ἀπὸ
1021 2135 1132 2170 Βοιω-

1186 194 1260 237 τίας
1279 195 1414 243 ἐκόμισε
1419 212 1434 231 ν
1456 199 1500 237 εἰς
1526 196 1582 232 τὸν
1613 195 1760 243 Πόντον,
1783 195 1840 231 καὶ
1871 209 1979 243 μιγεις
2000 195 2108 241 αὐτη,
2140 194 2218 244 ἔσχε

1189 250 1313 302 Σύρον,
1335 253 1390 303 ἀφ’
1405 268 1442 289 ου
1459 268 1488 289 οι
1516 252 1789 302 Σύροι.1·“.ι11(ιιι
1814 256 1840 288 l
1835 260 1934 300 tyni.
1953 254 2003 288 M.
2026 266 2064 300 p
2091 253 2218 297 75(3‚1‚

1186 310 1291 343 ubi
1270 309 1433 355 ..Iovis-,ma
1453 313 1507 346 (121
1528 313 1713 346 Andiouis
1733 312 1809 358 T‹ji
1827 312 1873 349 sr.
1898 324 1918 346 2
1941 319 1976 346 et
1999 312 2156 346 Hecataei
2173 311 2217 345 ίι·.

1190 366 1259 401 351
1284 380 1327 402 ex
1343 368 1380 405 h.
1399 369 1422 404 l.
1440 370 1585 406 Mulier.
1605 371 1704 407 Min.
1727 383 1765 417 p.
1789 374 1876 417 294.

1686 467 1719 504 l..

1240 553 1346 587 Idem
1365 554 1394 597 I,
1417 552 1771 602 102Ι.,Μακρ1ε’ων
1802 568 1809 589 :
1832 548 1949 591 ἾΙσαν
1972 553 2007 590 δὲ
2031 553 2224 603 ἀστυγείτο-

1187 625 1239 652 νες
1258 625 1324 646 των
1350 609 1520 647 Δολιόνυν
1544 625 1573 646 οι
1595 610 1793 661 Μάκρωνες.
1813 614 1893 649 Οἱ
1877 629 1911 650 οε
1931 613 2021 655 ἔθνος
2045 615 2132 663 Βεγε
2120 612 2219 663 ίρων

1187 683 1272 720 φασι
1287 683 1364 710 τους
1386 667 1557 718 Μάκριας,
1573 666 1691 710 οἵτινες
1708 668 1759 704 ἀει
1776 671 1858 705 πολ·
1845 674 1963 718 εμοῦσι
1979 674 2048 713 τοῖς
2067 673 2218 714 Κυζικη-

1187 728 1272 768 νοῖς·
1288 729 1375 771 ἠσαν
1391 724 1425 761 δὲ
1441 724 1484 761 τὰ
1497 726 1580 762 πολε
1568 740 1669 774 mota
1684 725 1765 774 ἔργα
1780 728 1979 774 ἠσκηκότες,
1993 731 2036 770 dg>
2049 731 2221 779 ἱστορουσι

1188 781 1447 834 Φιλοστεφανός
1466 798 1502 819 τε
1529 798 1588 819 και
1608 782 1801 834 ΙΙροδωρος
1821 785 1886 836 (si.

1189 845 1258 880 τῶν
1281 842 1362 893 βίων
1384 843 1496 878 αὐτῶν
1517 841 1735 893 γεγραφότες.

1690 935 1726 974 5.

1920 788 2002 834 46),
2023 789 2052 823 οἱ
2071 786 2114 823 τὰ
2142 785 2220 835 περὶ

1241 1023 1418 1070 Stephan.
1437 1024 1520 1069 Byz.
1541 1035 1548 1057 ε
1568 1020 1699 1068 ”Aaou
1723 1020 1812 1063 ἔθνος
1838 1021 2053 1061 Σκυθικὸν...
2078 1023 2224 1072 Δίδυμος

1190 1078 1224 1117 δὲ
1241 1078 1394 1132 Θρᾴκιον
1416 1077 1506 1122 ἔθνος
1530 1078 1632 1130 φησίν
1645 1093 1653 1101 ·
1672 1078 1845 1129 Αἰσχύλος
1864 1094 1899 1115 τε
1922 1079 2067 1122 Γαέίους
2092 1081 2147 1117 διὰ
2163 1087 2220 1118 τοῦ

1188 1154 1209 1189 γ
1234 1140 1267 1175 ἐν
1288 1136 1456 1188 Λυομένῳ
1486 1137 1679 1188 Προμηθεῖ.
1709 1135 1859 1185 (Ομοίως
1887 1136 1945 1173 καὶ
1975 1138 2227 1190 Φιλοστέφανος

1189 1211 1272 1249 φησι
1288 1195 1346 1234 καὶ
1367 1195 1477 1233 ἄλλοι.

1688 1290 1725 1324 6.

1244 1379 1419 1426 Stephan.
1437 1380 1521 1425 Byz.
1536 1391 1543 1412 :
1559 1375 1717 1427 Ἀτρήνη,
1728 1376 1836 1418 πόλις.
1853 1375 2112 1428 Φιλοστέφανος
2126 1391 2227 1427 φησιν

1192 1435 1261 1472 ἀπὸ
1278 1435 1410 1473 Δεύσου
1430 1435 1487 1472 καὶ
1517 1435 1680 1486 Ἀτρῶνος
1708 1434 1766 1471 καὶ
1795 1433 1957 1486 Ἀτρήνης
1980 1436 2047 1471 τῶν
2067 1433 2229 1484 Ἄργητος

1190 1498 1248 1531 τοῦ
1263 1493 1456 1536 Κύκλωπος
1472 1492 1530 1530 καὶ
1547 1492 1705 1543 Φρυγίας
1719 1491 1852 1545 νύμφης
1868 1494 2167 1544 προσηγορεῒσθαι.
2181 1492 2231 1529 Τὸ

1191 1551 1320 1589 ἐθνικὸν
1339 1551 1516 1603 Ἀτρηνεὺς
1532 1551 1593 1588 καὶ
1615 1550 1810 1603 Ἀτρηνίτης
1826 1550 1884 1587 καὶ
1902 1551 2106 1601 Ἀτρηναῖος.

1245 1613 1389 1647 Nomen
1407 1612 1610 1659 provinciae
1627 1611 1775 1647 excidit.
1798 1610 1989 1645 Berkelius
2009 1610 2055 1644 de
2072 1610 2229 1644 Volsco-

1191 1683 1276 1705 rum
1301 1671 1397 1705 urbe
1427 1670 1583 1717 eogitari
1609 1670 1708 1714 vult,
1741 1681 1853 1716 quam
1881 1669 2006 1704 Livius
2041 1666 2121 1717 (lv,
2156 1668 2227 1714 61)

1192 1729 1422 1775 transpositis
1435 1729 1551 1762 literis
1568 1730 1746 1762 Arlenam
1766 1727 1921 1761 vocarit.
1945 1725 2055 1772 Quod
2079 1733 2230 1772 propter

1193 1786 1432 1820 conditorum
1449 1786 1703 1833 genealogiam
1721 1796 1853 1831 parum
1864 1784 2060 1830 probabile
2073 1790 2139 1819 est.
2152 1785 2230 1830 Ego

1192 1844 1360 1891 Phrygiae
1386 1844 1445 1878 vel
1465 1843 1593 1890 Lydiae
1617 1843 1749 1877 urbem
1777 1843 1959 1889 intelligo.
1989 1863 2040 1867 —
2074 1838 2231 1889 Δεύσου]

1193 1900 1303 1938 Δέσου
1327 1902 1413 1938 cod.
1440 1901 1601 1948 Rhedig.
1625 1903 1746 1935 Locus
1761 1912 1881 1947 prope
1902 1899 2056 1943 Sardes,
2081 1897 2225 1934 Δευσίου

1193 1958 1291 2009 γοναί
1318 1961 1529 1994 nominatus
1555 1965 1782 1994 memoratur
1804 1970 1863 2004 ap.
1895 1959 1931 1994 J.
1965 1959 2140 1993 Laurent.
2174 1958 2230 1991 De

1194 2019 1348 2055 mensib.
1375 2019 1443 2061 IV,
1474 2017 1536 2058 48.
1567 2016 1667 2062 Quid
1695 2022 1823 2050 nostro
1843 2016 1927 2049 1000
1950 2016 2063 2049 Densi
2088 2013 2228 2048 mentio

1194 2077 1263 2110 sibi
1288 2077 1396 2119 velit,
1429 2076 1467 2109 in
1483 2076 1684 2121 integriore
1708 2073 1892 2120 Stephano
1918 2073 2038 2119 legere
2059 2077 2150 2108 erat.
2183 2091 2229 2095 --

1196 2132 1358 2183 Ἀτρήνης
1378 2131 1465 2181 τῶν]
1485 2133 1678 2167 Salmasius
1693 2144 1763 2178 pro
1784 2131 1883 2177 vulg.
1901 2128 2150 2179 Ἀτρηνηστῶν.

311 2246 376 2283 DE
406 2245 537 2283 ASIAE
566 2244 906 2283 CIVITATIBUS.

596 2321 628 2352 1.

134 2375 398 2415 Philostephanus
413 2376 518 2415 primo
534 2376 617 2407 libro
633 2377 680 2406 De
699 2375 782 2406 Asiae
797 2375 980 2407 civilatibus
996 2376 1039 2407 ita
1058 2375 1133 2406 scri-

94 2427 140 2458 bit
160 2436 168 2458 :
188 2426 320 2458 Lacium
340 2428 490 2467 Argivum
514 2436 551 2458 ex
570 2436 681 2457 eorum
704 2435 838 2457 numero
860 2427 1004 2466 quicum
1023 2429 1133 2467 Mopso

94 2479 307 2518 advenerant,
325 2488 420 2519 quem
447 2479 591 2510 nonnulli
619 2478 765 2509 Lindiam
787 2487 854 2509 esse
875 2479 981 2519 aiunt,
1005 2480 1132 2510 fratrem

95 2539 169 2561 vero
188 2531 370 2571 Antiphemi
388 2530 456 2570 ejus
475 2531 529 2570 qui
544 2530 656 2561 Gelam
673 2529 835 2567 condidit,
854 2532 886 2560 in
900 2531 1093 2562 Phaselidem
1114 2540 1132 2561 a

95 2584 204 2621 Mopso
222 2591 296 2612 cum
314 2583 479 2613 hominum
499 2590 595 2612 manu
619 2581 749 2612 missum
769 2589 836 2611 esse
853 2589 892 2617 ex
909 2582 1038 2612 oraculo
1050 2591 1134 2621 quo⁶

95 2633 168 2664 dam
192 2634 345 2673 jussuque
371 2634 499 2664 Mantus
526 2632 638 2663 matris
666 2631 786 2671 Mopsi,
814 2633 973 2671 puppibus
1002 2633 1133 2664 navium

97 2686 192 2725 ipsius
208 2686 323 2717 collisis
346 2686 583 2724 vulneratisque
600 2684 639 2715 ad
658 2684 878 2723 Chelidonias,
896 2694 996 2725 quum
1023 2686 1135 2717 Lacius

97 2746 170 2768 cum
189 2738 253 2769 suis
262 2762 270 2777 ‚
284 2746 302 2768 e
315 2737 484 2777 longinquo
499 2737 619 2768 tardius
632 2746 767 2777 sequens
778 2761 786 2776 ‚
800 2739 896 2769 noctu
909 2737 949 2769 ad
963 2747 1015 2769 eas
1028 2739 1135 2770 suisset

98 2789 258 2829 appulsus.
284 2790 376 2820 Hunc
401 2789 495 2827 igilur
516 2788 628 2819 emisse
645 2788 735 2819 aiunt
762 2789 921 2828 regionem
936 2815 943 2828 ,
969 2790 1022 2820 ubi
1051 2799 1136 2821 nunc

98 2841 248 2881 oppidum
262 2842 327 2879 est,
342 2840 614 2880 quemadmodum
631 2841 738 2871 Manto
750 2840 958 2880 praedixerat,
970 2850 987 2872 a
1001 2842 1136 2881 Cylabra

98 2892 249 2932 quodam,
263 2892 345 2923 datis
356 2892 552 2923 salsamentis
564 2891 634 2922 loco
654 2891 744 2931 pretii
762 2904 768 2921 :
790 2891 859 2922 haec
875 2893 959 2923 enim
977 2902 1013 2923 ex
1029 2894 1135 2924 omni-

100 2950 159 2981 bus
179 2959 251 2990 quae
273 2950 433 2981 vehebant
459 2958 573 2988 naves,
599 2949 664 2989 ipse
688 2949 848 2989 selegerat.
870 2950 946 2981 Inde
964 2951 1082 2982 factum
1101 2953 1137 2983 ut

101 3003 271 3042 quotannis
289 3002 455 3034 Phaselitae
470 3003 660 3033 salsamenta
679 3003 827 3041 cylabrae
846 3002 1001 3042 offerant,
1019 3004 1136 3044 quippe

102 3064 196 3095 quem
212 3057 248 3086 ut
262 3055 389 3086 heroem
406 3055 527 3086 colunt.

605 3110 638 3141 2.

144 3164 375 3204 Dindymum,
396 3165 502 3204 Cyzici
523 3173 614 3196 mons
630 3164 724 3195 Rheae
737 3172 836 3203 sacer,
852 3173 870 3195 a
884 3165 1021 3203 gemellis
1042 3166 1136 3203 (διδυ-

105 3216 189 3255 μοις)
210 3215 391 3246 monticulis
409 3215 462 3255 qui
481 3224 691 3246 mammarum
709 3215 806 3245 instar
827 3215 858 3245 in
884 3224 921 3245 eo
938 3216 1134 3255 prominent,

106 3267 346 3307 Philostephano
360 3269 456 3306 teste,
473 3269 673 3307 nuncupatus
687 3269 744 3298 tst.

1694 2244 1727 2274 3.

1238 2311 1371 2350 Sinope,
1399 2310 1492 2341 Ponti
1514 2310 1589 2340 urbs
1601 2334 1610 2348 ,
1635 2317 1752 2339 nomen
1766 2307 1890 2338 habeta
1905 2307 2018 2346 Sinope
2037 2305 2128 2346 Asopi
2146 2305 2208 2336 filia
2220 2328 2228 2342 ,

1197 2371 1294 2402 quam
1312 2362 1442 2401 Apollo,
1460 2363 1497 2392 ut
1517 2360 1778 2399 Philostephanus
1794 2359 1856 2397 ait,
1882 2366 1899 2389 e
1922 2357 2042 2389 ssoeotia
2059 2358 2181 2396 raptam
2200 2356 2231 2385 in

1196 2416 1335 2445 Pontum
1350 2413 1549 2453 transduxit,
1571 2412 1675 2452 ibique
1690 2420 1763 2441 cum
1777 2419 1812 2441 ea
1826 2413 1939 2450 Syrum
1953 2409 2053 2440 lilium
2075 2408 2199 2448 genuit,
2214 2417 2231 2437 a

1195 2475 1259 2506 quo
1272 2468 1425 2505 Syrorum
1442 2464 1578 2504 populus
1591 2463 1771 2493 nominatus
1784 2463 1842 2492 est.

1704 2529 1740 2559 4.

1237 2597 1402 2626 Macrones
1422 2594 1594 2626 Dolionum
1611 2592 1738 2624 sedibus
1752 2590 1936 2622 contermini
1951 2591 2051 2621 erant.
2077 2590 2155 2620 Sunt
2177 2589 2230 2627 qui

1196 2647 1323 2678 eosdem
1337 2655 1403 2677 esse
1417 2646 1525 2676 dicant
1539 2654 1611 2676 cum
1635 2643 1843 2676 Bechiroium
1858 2642 1992 2682 populo,
2012 2641 2065 2680 qui
2082 2641 2231 2671 continuo

1196 2698 1368 2737 Cyzicenos
1390 2698 1471 2728 bello
1488 2697 1655 2728 lacessunt
1676 2697 1712 2726 ln
1728 2694 1822 2725 rebus
1840 2693 1960 2724 bellicis
1981 2680 2230 2722 exercitatissimi

1196 2753 1303 2789 er‚ant
1318 2749 1365 2780 uti
1380 2749 1640 2788 Philostephanus
1653 2748 1684 2778 et
1695 2747 1759 2777 Hei
1761 2745 1876 2776 odorus
1888 2746 2034 2783 narrant,
2046 2743 2098 2783 qui
2116 2743 2154 2773 (le
2167 2751 2185 2772 1
2190 2742 2232 2772 ita

1197 2810 1307 2833 eorum
1324 2801 1532 2840 moribusque
1546 2799 1722 2839 exponunt.

1694 2864 1729 2894 5.

1238 2930 1324 2968 Abii,
1355 2938 1430 2968 gens
1455 2928 1623 2967 scythiam
1652 2926 1807 2965 Didymus
1831 2933 1906 2955 vero
1931 2923 2115 2955 Thracieam
2139 2921 2228 2951 dicit.

1196 2981 1363 3020 AEschylus
1387 2981 1418 3010 in
1445 2979 1632 3010 Prometheo
1661 2978 1765 3008 soluto
1790 2985 1846 3016 pro
1871 2974 1965 3006 Abios
1993 2974 2069 3004 dicit
2094 2972 2228 3009 Gabios,

1196 3031 1288 3063 sicuti
1301 3032 1396 3063 etiam
1412 3030 1673 3069 Philostephanus
1691 3030 1721 3059 et
1737 3027 1800 3058 alii.

1699 3093 1732 3124 6.

1238 3165 1370 3201 Atrene,
1398 3160 1534 3200 (Lydioe
1556 3160 1608 3191 vel
1628 3157 1836 3197 PlzryqioeP)
1858 3156 1944 3187 urbs.
1971 3152 2230 3191 Philostephanus

1197 3214 1292 3245 refert
1308 3222 1379 3244 eam
1395 3211 1648 3251 cognominatam
1660 3218 1726 3240 esse
1736 3218 1754 3239 a
1768 3211 1870 3239 Deuso
1884 3208 1914 3237 et
1932 3207 2048 3236 Atrone
2061 3204 2091 3234 et
2102 3203 2225 3239 Atreus,

1198 3266 1318 3306 Argelis
1335 3263 1480 3305 Cyclopis
1502 3260 1540 3294 et*
1550 3262 1691 3301 Phrygiae
1709 3261 1855 3300 nymphae
1868 3258 1984 3289 liberis.
