2289 3728
129 183 200 214 110

124 263 330 308 Olympiam
343 288 352 304 ,
389 260 571 306 Delphos,
613 258 833 300 Dodonam,
878 259 1073 304 Syracusas
1104 260 1152 294 ad

125 326 330 354 extremum
344 329 460 363 usque
477 315 651 362 angulum
669 316 928 361 perquisivisse
945 328 1028 350 eum
1049 317 1154 351 dixe-

125 380 185 414 ris.
203 398 254 405 —-
276 377 329 412 Ab
350 382 427 410 arte
446 386 509 408 sua
531 381 567 408 et
589 370 807 421 Περιηγητὴς
827 375 1090 409 nominabatur
1118 382 1154 409 et

129 432 371 479 Στηλοκόπας,
393 444 554 478 quorum
573 431 667 466 illud
692 432 880 478 peculiare
900 432 938 466 id
966 433 1153 467 scribendi

124 503 237 538 genus
262 488 461 537 significat,
485 489 589 535 quod
617 502 637 524 a
655 489 829 524 Diodoro
859 490 1070 524 Atheniensi
1094 491 1154 523 in-

125 551 298 583 choatum
317 560 336 582 a
356 555 483 582 nostro
504 547 550 581 ad
575 559 779 591 summum,
810 547 913 594 quod
941 548 979 581 in
998 548 1070 582 1100
1088 560 1155 594 ge-

126 619 214 642 nere
243 606 407 653 praestari
439 611 607 651 poterat,
642 604 866 652 perductum
898 617 970 639 esse
989 604 1151 640 videtur.

126 666 295 700 Alterum
331 676 540 710 cognomen
576 664 803 710 peculiarem
839 663 1044 709 quandam,
1084 675 1156 708 qua

126 723 283 758 maxime
301 722 398 756 inter
419 729 560 756 ceteros
585 722 791 768 periegetas
811 721 980 762 eminuit,
1007 720 1155 754 laudem

125 781 337 815 Polemonis
358 779 520 823 indicat,
543 787 586 814 ut
606 780 670 826 qui
691 787 781 814 esset
799 780 929 813 unicus
949 778 1155 824 inscriptio-

124 850 216 872 num
229 843 413 873 scrutator
433 848 477 871 ex
492 837 742 871 monumentis
754 836 913 883 publicis
927 834 1157 878 colligenda—

121 908 206 930 rum
238 902 274 930 et
305 907 350 930 ex
379 896 642 941 antiquitatum
669 894 821 929 scientia
851 892 1151 939 aperiendarum.

123 949 342 1002 Περιηγητὴς
368 953 576 1000 appellatur
600 952 702 998 apud
731 951 851 986 strab.
886 950 952 993 lx,
982 962 1021 996 p.
1058 953 1151 993 240,

122 1011 259 1047 Athen.
280 1010 351 1054 IX,
373 1023 413 1056 p.
438 1010 526 1054 372,
550 1011 603 1057 A3
623 1008 711 1053 387,
741 994 902 1055 F3X11,
932 1012 968 1054 p.
987 1007 1076 1051 602,
1105 1008 1153 1050 F;

124 1069 207 1112 XV,
228 1080 266 1115 p.
285 1067 375 1114 696,
396 1069 442 1111 F,
456 1069 500 1113 V,
520 1080 560 1114 p.
582 1079 670 1110 210,
689 1068 739 1110 Α;
759 1066 947 1100 Plutarch.
965 1066 1031 1100 vit.
1049 1066 1153 1100 Arat.

125 1139 158 1163 c.
187 1126 251 1170 13,
273 1126 400 1172 Steph.
421 1127 464 1161 B.
495 1138 530 1161 V.
566 1123 737 1166 Δωδώνη,
766 1123 868 1158 Suid.
898 1135 934 1159 v,
970 1119 1154 1169 Πολέμων.

124 1184 279 1220 Videtur
306 1184 375 1218 sibi
397 1184 472 1229 ipse
499 1183 537 1215 in
566 1182 680 1216 titulis
708 1181 892 1214 librorum
919 1181 990 1214 1100
1018 1192 1157 1214 nomen

122 1242 348 1283 attribuisse,
376 1253 451 1286 quo
480 1251 638 1285 quarum
668 1239 804 1273 artium
831 1237 1030 1284 professio,
1070 1251 1153 1284 quae

121 1299 242 1334 studia
253 1297 616 1344 comprehendantur
631 1297 910 1344 explicatissime
926 1296 1155 1332 demonstra-

122 1357 224 1391 bitur
243 1357 362 1402 capite
392 1357 512 1390 tertio.
539 1352 766 1399 Στηλοκόπας
785 1355 993 1401 appellatur
1013 1355 1058 1389 ab
1081 1355 1154 1389 He-

123 1413 254 1448 rodico
275 1414 442 1448 Crateteo
461 1425 520 1459 ap.
545 1413 680 1450 Athen.
698 1414 760 1457 VI,
779 1425 819 1459 p.
842 1412 929 1453 234,
951 1414 982 1447 D
1000 1425 1008 1446 z
1029 1412 1152 1448 ἐπεκα-

123 1472 213 1506 λεῖτο
231 1470 265 1506 δὲ
285 1469 344 1506 καὶ
365 1469 608 1515 Στηλοκόπας,
626 1471 670 1510 ὡς
691 1468 869 1518 ἹΙρόόικος
890 1471 906 1505 ὃ
930 1468 1153 1518 Κρατήτειος.

122 1531 177 1564 De
200 1528 390 1564 Herodico
409 1529 635 1575 Babylonio,
655 1528 809 1562 Cratetis
839 1528 1042 1574 discipulo,
1071 1530 1156 1575 ple-

122 1588 266 1622 nissime
277 1587 477 1633 disputavit
492 1588 688 1634 lVegener.
706 1587 761 1620 De
777 1586 850 1621 aul.
867 1588 941 1620 Att.
956 1598 994 1632 p.
1013 1598 1025 1619 1
1036 1585 1082 1620 55
1098 1599 1152 1632 sq.

125 1647 263 1680 Vocem
293 1643 519 1688 Στηλοκόπας
547 1644 807 1690 Dalccampius
836 1643 884 1677 ad
904 1644 1037 1678 Athen.
1062 1644 1086 1677 l.
1119 1657 1168 1680 0.’

123 1702 370 1737 revocandam
386 1703 529 1749 putavit
548 1701 595 1736 ad
609 1702 765 1750 verbum
785 1699 1013 1744 στηλιτεύειν,
1032 1701 1154 1743 στηλο-

123 1760 234 1796 κόπαν
246 1772 319 1794 0550
331 1760 434 1806 quasi
448 1757 728 1805 ἐστηλιτευμένον
743 1760 817 1793 sive
836 1757 1154 1806 ἐστηλοκοπημένον

123 1818 196 1858 (cf.
222 1818 355 1853 Pollux
370 1819 451 1861 VII,
478 1818 545 1863 73,
569 1818 728 1864 Hcsych.
749 1829 783 1851 v.
813 1816 1066 1865 Στηλιτεῧσαι,
1083 1819 1155 1852 Dio

123 1877 218 1912 Cass.
241 1877 366 1919 XLII,
386 1872 429 1922 9)
445 1904 454 1919 ‚
473 1882 515 1909 ut
535 1874 637 1919 cujus
664 1887 802 1909 nomen
821 1875 868 1908 ob
887 1874 1074 1909 desertum
1090 1888 1155 1910 vau

123 1934 330 1968 (limonium
358 1933 529 1968 videatur
549 1934 730 1968 columnae
759 1933 978 1979 inscriptum
1004 1940 1040 1966 et
1059 1934 1155 1968 infa—

124 1998 262 2026 matum
286 1990 414 2034 fuisse,
450 1992 515 2038 qui
546 2003 626 2026 mos
655 1990 848 2025 obtinebat
876 1991 1043 2025 Athenis.
1075 1992 1156 2027 Alia

124 2050 380 2096 interpretatio
414 2050 546 2084 Valesii
578 2057 630 2084 cst
660 2050 707 2084 ad
737 2051 924 2096 Harpocr.
944 2063 979 2083 v.
1003 2046 1153 2094 Ἄξονες,

128 2108 367 2142 Polemonem
392 2104 620 2151 Στηλοκόπαν
654 2108 796 2142 dictum
817 2119 891 2142 esse
921 2108 970 2141 ol)
1000 2108 1156 2143 maledi—

126 2168 300 2208 centiam,
321 2176 394 2211 qua
411 2165 449 2198 in
469 2177 530 2199 eos
546 2166 609 2211 qui
630 2165 675 2200 ab
696 2177 732 2199 se
754 2165 988 2200 dissentirent
1004 2166 1157 2200 saevisset

125 2229 161 2256 et
189 2238 203 2253 «
237 2222 339 2268 quod
371 2234 498 2257 omnes
521 2224 720 2269 scriptores
755 2224 856 2269 quasi
885 2224 1155 2270 proscriberet,

126 2277 339 2324 ἐστηλίτευε,
360 2278 632 2324 ἐστηλοκόπησε.
660 2296 673 2310 »
689 2281 859 2315 Dissensit
877 2281 922 2314 ab
940 2281 1010 2314 hoc
1026 2281 1155 2315 Casan—

126 2337 270 2380 bonus,
292 2344 435 2371 rectum
460 2337 563 2371 haud
594 2337 707 2371 dubie
733 2337 863 2371 ridens
881 2338 919 2371 in
939 2338 1031 2381 hoc,
1055 2338 1157 2383 quod

129 2407 264 2429 nomen
282 2396 427 2441 repetiit
447 2395 492 2429 ab
513 2395 635 2429 studio
657 2395 867 2429 Polemonis
887 2396 925 2429 in
942 2396 1157 2442 inscriptio—

126 2453 235 2487 nibus
261 2453 384 2499 posito
421 2465 428 2486 :
466 2469 480 2482 «
512 2452 581 2498 Qui
612 2460 709 2486 tanta
744 2452 929 2499 ‹liligentIa
956 2465 1157 2499 graecarum

128 2511 277 2545 urbium
299 2511 556 2556 inscriptiones
586 2511 632 2545 de
661 2511 863 2553 columnis,
896 2511 1001 2557 pilis,
1032 2512 1158 2545 statuis

128 2575 163 2602 et
192 2580 301 2603 omne
328 2579 439 2615 genus
460 2568 623 2602 donariis
644 2568 906 2615 descripsisset,
930 2567 1158 2611 Στηλοκόπας

123 2626 277 2671 joculari
300 2625 468 2672 quidem,
482 2626 546 2660 sed
565 2627 750 2673 aptissimo
772 2627 923 2660 nomine
944 2634 996 2660 cst
1017 2626 1155 2670 dictus,

128 2680 224 2731 παρὰ
252 2680 307 2717 τὸν
328 2680 433 2718 κόπον
453 2681 510 2717 τὸν
537 2681 615 2732 περὶ
635 2680 695 2723 τὰς
715 2681 855 2726 στήλας.
883 2684 940 2718 Sic
959 2681 1158 2725 δοξοκόπους

129 2740 321 2785 dixerunt,
339 2742 402 2787 qui
420 2741 638 2776 industriam
653 2749 686 2776 ct
706 2742 871 2776 laborem
888 2754 1034 2775 omnem
1052 2755 1157 2776 suum

129 2797 176 2832 ad
205 2798 331 2844 gloriae
351 2799 551 2844 aucupium
571 2799 760 2834 referrent.
783 2800 840 2833 Sic
871 2800 979 2833 etiam
1001 2797 1158 2845 δημοκό-

129 2868 212 2894 πους
229 2856 485 2902 appellabant,
508 2857 571 2902 qui
592 2858 631 2890 in
659 2856 884 2891 demerendo
905 2858 1050 2903 populo
1071 2859 1158 2892 assi-

131 2912 201 2946 due
231 2912 525 2959 occupabantur.
552 2930 566 2945 »
599 2915 644 2948 Et
664 2916 906 2949 assentiuntur
936 2916 1158 2949 Casaubono

130 2970 318 3004 Jacobsius
330 2970 595 3006 Animadverss.
607 2972 756 3006 Anthol.
771 2972 938 3019 Prolegg.
950 2984 988 3018 p.
999 2973 1155 3008 XXXV.

131 3033 165 3060 et
177 3026 372 3061 Boeckhius
388 3027 535 3064 OEcon.
551 3028 657 3063 Civit.
678 3030 727 3062 ΙΙ.
745 3041 783 3074 p.
798 3028 892 3070 281,
908 3030 1019 3075 Corp.
1038 3030 1153 3065 Inscr.

131 3084 203 3118 vol.
226 3083 255 3120 l.
277 3083 381 3130 praef.
401 3096 437 3129 p.
459 3085 558 3120 VIII.
578 3085 668 3118 Mihi
694 3085 740 3119 (10
761 3097 799 3119 re
818 3086 1050 3131 exploratum
1068 3086 1161 3121 vide-

132 3149 206 3185 tur,
227 3142 425 3188 originatio
447 3142 544 3187 ipsa,
563 3154 672 3187 quam
694 3143 889 3188 proposuit
905 3143 1157 3187 Casaubonus,

131 3210 265 3233 vereor
294 3206 335 3233 ut
364 3206 460 3233 recte
488 3199 633 3235 habeat.
663 3200 758 3234 Nam
786 3200 994 3246 repetierint
1030 3213 1157 3235 vocem

132 3253 346 3300 στηλοκόπας
359 3269 435 3291 11011
453 3270 472 3291 a
489 3254 611 3302 κόπος,
628 3257 689 3292 50(1
709 3270 728 3292 a
748 3256 906 3303 κόπτειν,
925 3257 1025 3291 1111ᾶο
1044 3256 1157 3301 κοπίς,

133 3322 173 3349 ut
205 3311 420 3358 στηλοκόπας
447 3315 491 3348 sit
519 3315 697 3361 lapicida,
728 3316 754 3347 is
785 3316 847 3360 qui
882 3315 1156 3361 inscriptionem

924 170 1211 210 POLEMONIS
1242 172 1452 220 lLlENSlS

1215 260 1374 306 aliquam
1394 261 1429 293 in
1447 261 1656 294 columnam
1679 259 1820 293 incidit.
1839 259 1930 294 Aliae
1949 259 2110 305 ejusdem
2130 273 2241 296 voca—

1215 318 1293 351 buli
1315 318 1440 352 sormae
1459 324 1543 351 sunt
1567 314 1778 359 στηλοκόπος
1798 323 1834 351 et
1863 315 2101 365 στηλοκόπης,
2127 331 2242 364 quum

1216 375 1333 409 forma
1359 373 1575 417 στηλοκόπας
1595 375 1764 408 dorismis
1782 374 2061 409 adnumeranda
2075 375 2243 410 videatur

1217 434 1254 466 in
1286 433 1477 478 vulgarem
1511 432 1710 466 dialectum
1739 432 1840 466 haud
1870 444 1957 466 raro
1988 434 2159 479 receptis3
2195 433 2242 468 cf.

1216 489 1369 523 Lobeck
1384 489 1431 523 ad
1450 489 1585 534 Phryn.
1606 501 1645 535 p.
1667 487 1756 532 638,
1775 488 1823 523 ad
1837 489 1936 535 Ajac.
1954 501 1989 526 V.
2005 489 2095 533 604,
2111 502 2147 536 p.
2168 501 2242 537 292

1216 557 1270 590 5(1.
1293 547 1377 580 coll.
1398 559 1437 592 p.
1460 546 1548 587 460.
1571 548 1685 581 Recte
1703 559 1791 581 vcro
1814 547 2049 582 Casaubonus
2073 548 2182 582 etiam
2206 548 2246 581 in

1216 602 1286 637 hoc
1300 630 1309 646 ,
1331 604 1435 649 quod
1450 603 1618 648 joculare
1644 605 1719 639 hoc
1739 617 1878 639 nomen
1903 606 2079 652 appellat,
2106 605 2153 640 de
2173 616 2245 651 qua

1216 671 1254 694 re
1276 672 1378 694 secus
1400 660 1580 705 judicavit
1601 662 1790 708 IVegener.
1808 663 1861 697 De
1877 663 1950 698 aul.
1971 665 2048 698 Att.
2073 674 2114 709 p.
2146 665 2217 703 204
2233 689 2244 706 ,

1216 717 1372 751 nimium
1390 718 1451 751 ille
1464 719 1752 764 opinanionibus
1767 720 1840 754 suis
1853 719 1899 754 de
1913 720 2100 754 academia
2111 746 2120 763 ,
2135 731 2245 766 quam

1217 772 1326 817 dicit,
1351 775 1573 821 Pergamena
1593 775 1787 822 indulgens
1809 789 1816 810 :
1837 793 1852 807 «
1872 777 2078 824 Stelocopae
2097 789 2244 824 cogno—

1216 843 1303 864 men
1319 832 1442 866 nescio
1458 844 1505 866 an
1523 833 1734 867 Polemonis
1753 833 1864 868 suerit
1880 835 1919 868 in
1935 834 2125 869 academia
2140 837 2247 869 Atta-

1218 886 1289 922 lica
1309 889 1358 922 ob
1384 889 1565 936 insignem
1590 891 1629 923 in
1651 891 1955 937 inscriptionibus
1982 891 2196 938 colligendis
2214 898 2247 926 et

1218 945 1446 991 explicandis
1470 947 1688 981 collocatam
1708 959 1856 993 operam
1877 948 2039 995 gloriosa
2061 956 2094 982 et
2117 949 2246 982 hono·-

1217 1001 1319 1038 rifica
1339 1004 1536 1050 appellatio
1565 1016 1571 1038 :
1599 1019 1613 1035 »
1639 1005 1703 1050 qui
1725 1004 1847 1039 videat
1866 1017 1913 1040 ne
1933 1005 2152 1040 academicis
2175 1006 2248 1040 suis

1217 1061 1387 1096 tribuerit
1404 1062 1550 1096 facetias
1563 1062 1783 1097 subrusticas
1796 1091 1806 1107 ,
1827 1063 1961 1109 quibus
1979 1064 2163 1109 placuerit
2177 1063 2245 1097 ho·

1215 1120 1352 1154 minem
1361 1120 1658 1154 litteratissimum
1668 1121 1858 1155 nominare
1868 1120 2076 1167 lapicidam.
2085 1121 2247 1156 Omnino

1218 1178 1319 1221 talia,
1347 1189 1430 1224 quae
1455 1177 1574 1212 doctis
1602 1179 1690 1212 viris
1716 1178 1817 1225 apud
1840 1179 1986 1214 Graecos
2008 1178 2245 1223 indebantur,

1218 1236 1440 1281 cognomina
1463 1234 1646 1280 jocularia
1676 1236 1894 1282 plerumque
1929 1243 2015 1270 sunt
2045 1243 2080 1270 et
2110 1237 2247 1272 babent

1218 1292 1399 1328 aculeum.
1442 1293 1501 1327 Sic
1542 1294 1706 1328 Nicanor
1747 1294 1998 1328 Aristarchcus
2035 1293 2248 1341 Στιγματίας

1219 1349 1356 1394 dictus,
1371 1351 1444 1385 hoc
1471 1358 1520 1386 est
1545 1352 1698 1398 proprie
1715 1364 1836 1387 servus
1855 1349 2138 1400 κατεστιγμένος,
2162 1354 2247 1399 quia

1219 1407 1425 1443 doctrinam
1443 1408 1730 1456 interpungendi
1747 1410 1871 1443 multis
1884 1409 1988 1444 libris
2007 1417 2249 1457 persequutus

1218 1473 1295 1501 erat
1314 1465 1383 1516 (cf.
1412 1469 1536 1503 Schol.
1566 1469 1710 1514 Dionys
1757 1468 1842 1502 Thr.
1875 1480 1935 1514 ap.
1953 1468 2069 1502 Bekk.
2100 1469 2242 1504 Anecd.

1216 1537 1253 1570 p.
1278 1524 1350 1569 758
1381 1538 1435 1572 sq.
1462 1525 1533 1570 763
1565 1538 1671 1572 sqq.‚
1697 1527 1870 1561 warton.
1906 1538 1966 1572 ap.
1989 1526 2100 1562 Gaisf.
2125 1527 2244 1564 Poett.

1217 1583 1308 1618 min.
1336 1585 1399 1627 IV,
1435 1597 1474 1630 p.
1509 1584 1576 1631 3),
1606 1582 1690 1618 διότι
1711 1583 1944 1631 ἐπολυλόγησε
1973 1581 2049 1633 περὶ
2074 1585 2246 1632 στιγμῶν,

1217 1648 1259 1674 ut
1277 1642 1326 1674 ait
1346 1642 1511 1678 Eustath.
1530 1654 1567 1688 p.
1594 1654 1661 1684 20,
1685 1654 1744 1678 12.
1775 1642 1891 1677 Simili
1918 1642 2150 1677 cavillatione
2178 1643 2246 1677 Sa—

1218 1704 1318 1744 tyrus
1347 1699 1444 1741 Ζῆτα
1475 1700 1594 1734 dictus
1618 1696 1672 1734 διὰ
1703 1697 1741 1734 τὸ
1773 1696 1954 1743 ζητητικὸν
1987 1699 2109 1744 αὐτοῦ,
2137 1701 2245 1736 Ρ11οῑ.

1217 1757 1310 1792 Bibl.
1326 1770 1366 1803 p.
1389 1756 1453 1791 151
1466 1787 1473 1794 .
1493 1758 1531 1793 b.
1551 1757 1667 1791 Bekk.
1685 1785 1696 1804 ,
1717 1758 1916 1804 Dionysius
1935 1755 2166 1807 Ἀσκάλαφος,
2184 1765 2248 1793 aut

1216 1822 1373 1861 propter
1402 1816 1676 1850 lucubrationes
1704 1815 1863 1850 assiduas
1889 1822 1952 1850 aut
1977 1813 2095 1859 ἐπειδὴ
2118 1813 2248 1864 μακρὸς

1217 1870 1275 1907 καὶ
1295 1871 1414 1912 λεπτὸς
1430 1866 1471 1917 ἦν
1493 1871 1550 1908 καὶ
1567 1871 1696 1921 ὠχρός,
1714 1881 1756 1907 ut
1782 1874 1833 1908 ait
1851 1874 1974 1920 Etym.
2003 1874 2055 1909 M.
2083 1886 2123 1920 p.
2152 1873 2248 1921 2783

1218 1930 1265 1964 cf.
1291 1931 1432 1965 Fronto
1460 1944 1497 1977 p.
1517 1934 1565 1977 94
1597 1931 1704 1966 Nieb.
1721 1959 1731 1978 ,
1760 1931 1861 1965 unde
1887 1932 2125 1979 cognoscitur
2148 1933 2248 1967 hunc

1216 1988 1433 2036 Dionysium
1448 2016 1456 2031 ,
1477 2001 1587 2036 quein
1606 1990 1775 2024 nominat
1790 1992 2009 2033 tenuiorem,
2033 1991 2247 2038 magistrum

1218 2047 1419 2083 Frontonis
1435 2040 1555 2083 fuisse.
1577 2048 1810 2094 Quamquam
1838 2049 1972 2082 talibus
1992 2049 2248 2096 originationi—

1216 2104 1285 2138 bus
1303 2105 1395 2138 nihil
1413 2105 1655 2139 tribuendum
1674 2116 1748 2139 0550
1767 2112 1892 2139 censet
1913 2105 2085 2139 Lehrsius
2099 2105 2246 2150 Quaestt.

1217 2162 1311 2208 epic.
1327 2173 1365 2208 p.
1389 2174 1434 2208 19
1452 2174 1533 2208 sqq.
1561 2177 1575 2193 »

1422 2239 1487 2272 DE
1517 2237 1730 2273 SCRIPTIS
1756 2236 2043 2274 POLEMONIS.

1273 2312 1386 2346 Tituli
1423 2311 1621 2346 laudantur
1654 2323 1764 2357 supra
1799 2311 1960 2358 triginta.
1995 2310 2138 2356 Quibus
2172 2321 2248 2345 nou

1219 2369 1393 2403 omnibus
1413 2370 1613 2416 peculiaria
1634 2382 1747 2416 opera
1768 2369 1924 2403 indicari
1941 2381 2050 2403 nemo
2067 2380 2144 2402 non
2161 2380 2249 2402 con-

1219 2428 1382 2470 cesserit,
1400 2427 1463 2461 scd
1479 2428 1629 2473 quinam
1647 2428 1741 2461 tituli
1759 2434 1947 2472 tamquam
1964 2433 2088 2472 partes
2101 2425 2250 2470 majoris

1220 2485 1342 2530 operi5
1363 2484 1615 2530 componendi
1635 2485 1723 2527 sint,
1746 2495 1790 2517 cx
1808 2483 1964 2517 arbitrio
1979 2483 2094 2529 magis
2108 2480 2249 2528 pendet

1219 2555 1328 2587 quam
1347 2543 1455 2576 certis
1475 2543 1697 2588 argumentis
1716 2541 1961 2575 demonstrari
1980 2546 2115 2587 potest.
2147 2539 2249 2574 Prel—

1220 2601 1316 2634 lerus
1334 2612 1448 2646 opera
1467 2600 1680 2634 Polemonis
1696 2600 1734 2632 in
1751 2605 1929 2645 quattuor
1946 2598 2069 2633 classes
2083 2597 2247 2644 digessit,

1220 2670 1377 2702 quarum
1412 2659 1532 2704 prima
1569 2656 1783 2691 inscribitur
1828 2653 2039 2704 Περιήγησις
2078 2651 2227 2701 κοσμική
2239 2681 2248 2695 ,

1219 2716 1330 2750 altera
1348 2712 1594 2765 Ἀντιγραφαί,
1619 2715 1726 2748 tertia
1747 2710 1972 2756 Ἐπιστολαί,
1996 2719 2125 2758 quarta
2144 2711 2248 2746 Com-

1221 2779 1462 2807 mentationes
1480 2776 1616 2806 varioe.
1653 2771 1823 2818 Singulos
1850 2769 1985 2804 deinde
2004 2769 2129 2803 titulos
2151 2768 2250 2802 hunc

1221 2831 1257 2863 iu
1273 2831 1426 2864 modum
1446 2828 1696 2876 disponendos
1719 2840 1792 2863 csse
1808 2828 1933 2862 statuit
1956 2825 2123 2875 [Titulos
2140 2825 2250 2860 latine
2284 2835 2287 2837 ·

1219 2890 1374 2935 scriptos
1391 2890 1464 2935 ipsc
1483 2888 1665 2922 l'rellerus
1678 2915 1688 2932 ,
1711 2893 1755 2920 ut
1772 2893 1934 2919 tenorem
1953 2885 2113 2930 aliquem
2131 2889 2248 2917 matc-

1220 2949 1356 2982 riarum
1378 2946 1558 2989 efficeret,
1577 2941 1784 2991 supplevit]
1807 2955 1814 2977 :

1407 3031 1434 3067 l.
1468 3028 1780 3067 HEPHIFHEIE
1815 3025 2063 3063 ΚΟΣΜΙΚΗ.

1580 3118 1611 3139 1.
1654 3109 1896 3139 ΕΛΛΑΔΙΚΟΣ.

1637 3191 1667 3213 a.
1696 3179 1830 3212 Attica.

1274 3258 1318 3295 α’.
1351 3257 1438 3308 Περὶ
1458 3259 1517 3301 τῆς
1539 3254 1718 3300 Ἀθήνησιν
1739 3251 1978 3304 ἀκροπόλεως,
1995 3252 2101 3287 libris
2113 3253 2159 3288 IV
2202 3251 2247 3287 fr.

1227 3316 1334 3352 1—5.
