2338 3765
629 167 943 206 PllLEGONTlS
973 171 1248 212 ΤΠΑΙᾸΙᾹΝΙ
1284 177 1344 214 Fu
1354 177 1611 218 AGMENTx

125 250 177 283 De
192 249 342 295 reliquis
351 249 561 295 Phlegontis
571 250 714 295 seriptis
725 262 805 295 quae
822 251 950 285 Suidas
967 265 1092 286 reeen-

71 305 289 340 sctaliunde
308 318 383 340 non
404 312 555 341 constat.
580 307 622 340 In
639 307 782 341 nullum
809 320 938 342 eorum
961 309 1092 343 cadere

70 363 217 398 videtur
226 365 378 410 epistola
392 363 580 407 Hadriani,
594 376 702 409 quam
717 377 758 398 ex
773 366 984 412 Phlegontis
995 367 1096 401 libris

71 421 174 456 affert
185 423 327 456 Flavius
338 422 515 468 Vopiscus
529 422 566 454 in
581 422 780 456 Saturnino
794 422 851 470 (v.
867 424 912 460 tr,
930 422 977 457 65
990 424 1014 471 ),
1029 426 1096 457 nisi

71 479 166 514 forte
178 479 304 513 credas
315 491 393 513 eam
404 479 660 526 depromptam
675 492 748 514 esse
757 493 799 515 cx
813 482 894 515 Vita
904 481 1095 525 Hadriani,

73 549 183 583 quam
201 538 267 571 sub
289 538 501 583 Phlegontis
521 538 672 572 nomine
693 540 901 585 Imperator
917 540 955 573 in
974 540 1097 586 publi-

71 607 152 629 cum
182 596 338 629 emisisse
371 595 506 629 dicitur
536 594 670 645 (AElius
701 598 916 643 Spartianus
948 598 986 632 in
1020 599 1098 632 lla-

71 651 189 688 drian.
212 665 242 688 c.
269 652 329 700 16)
354 651 412 700 (⁴²)-

253 743 580 780 ΟΛΥΜΠΙΑΔΕΣ
610 744 639 780 H
671 744 909 782 ΧΡΟΝΙΚΑ.

384 831 412 865 Ε
440 830 586 868 LIBRO
615 832 782 868 PRIMO.

563 930 593 954 1.

122 1005 223 1040 Δοκεῖ
240 1001 300 1051 (**)
334 1017 390 1051 μοι
412 1004 538 1052 χρῆναι
559 1004 663 1039 εἰπεῖν
684 1000 744 1047 τὴν
767 1002 891 1049 αἰτίαν,
914 1003 955 1040 δι’
987 1003 1028 1049 ἣν
1057 1003 1099 1040 τὰ

70 1059 253 1109 Ὀλύμπια
283 1062 422 1104 τεθῆναι
451 1060 684 1109 σιιμὸέὸηκεν.
709 1059 813 1098 ’Ἐστι
844 1060 878 1097 δὲ
899 1060 973 1106 ἥδε.
1000 1061 1100 1099 Μετὰ

71 1119 195 1154 Πεῖσον
216 1117 274 1155 καὶ
308 1117 474 1164 Πέλοπα,
495 1116 544 1155 ἔτι
564 1117 598 1154 δὲ
612 1117 807 1168 Ἡρακλέα,
843 1117 918 1161 τοὺς
943 1118 1098 1170 πρώτους

68 1175 130 1221 τὴν
155 1175 343 1226 πανήγυριν
362 1175 420 1212 καὶ
435 1175 491 1212 τὸν
512 1177 628 1224 ἀγῶνα
651 1175 707 1212 τὸν
731 1175 964 1224 Ὀλυμπίασιν
980 1178 1102 1223 ἐνστη-

69 1232 259 1282 σαμένους,
280 1232 503 1269 ἐκλειπόντων
524 1236 590 1270 τῶν
615 1232 900 1279 Πελοποννησίων
928 1233 988 1280 τὴν
1016 1238 1096 1287 θρη-

110 1320 150 1360 (*)
170 1333 185 1347 «
200 1319 355 1351 Libellum
373 1321 427 1359 qui
443 1319 622 1350 inscribitur
636 1323 774 1359 γυναῖκες
789 1320 818 1350 ἐν
829 1321 1004 1359 πολεμικοῖς
1019 1333 1102 1352 συνε-

68 1367 119 1397 ταὶ
133 1367 185 1397 καὶ
200 1366 350 1406 ἀνδρεῖαι,
365 1366 558 1405 descriptum
575 1366 614 1396 al)
626 1366 787 1396 Holstenio
798 1374 833 1396 ex
855 1366 924 1397 cod.
939 1367 1079 1398 Mediceo
1091 1392 1099 1405 ‚

68 1413 144 1443 item
164 1422 182 1443 a
205 1413 380 1452 Tychsenio
397 1421 437 1443 ex
454 1413 524 1443 cod.
550 1413 765 1443 Escorialense
783 1414 815 1443 et
830 1412 949 1443 editum
966 1414 1005 1443 ab
1021 1416 1100 1444 Hee-

69 1460 155 1490 renio
169 1460 200 1489 in
223 1458 415 1490 mahomet
446 1459 477 1489 d.
498 1459 561 1489 alc.
579 1460 660 1489 Lilc.
676 1467 712 1489 u.
739 1461 853 1489 Kunsc
871 1459 946 1489 fasc.
975 1465 992 1490 6
1013 1462 1099 1490 Gott.

71 1509 161 1543 1789,
182 1505 358 1543 Phlegontis
378 1514 443 1536 esse
460 1504 559 1535 videri
572 1504 737 1535 adnotavit
755 1505 934 1535 Holstenius
948 1505 979 1535 in
998 1506 1103 1536 tronte

69 1551 238 1591 apographi
255 1552 323 1588 sui,
347 1551 377 1581 in
400 1552 597 1590 eandemque
613 1551 800 1581 sententiam
825 1552 996 1581 Heerenius
1020 1561 1101 1590 quo-

70 1607 133 1637 que
149 1597 312 1628 concessit.
326 1598 447 1628 Nollem
462 1598 591 1627 factum.
606 1599 685 1627 Nam
707 1599 741 1627 ut
755 1597 899 1635 mittam,
914 1606 931 1627 a
945 1598 1032 1627 nullo
1049 1607 1102 1628 an-

67 1645 158 1683 tiquo
174 1644 327 1683 scriptore
347 1644 409 1674 tale
424 1643 500 1682 quid
517 1643 678 1682 Phlegonti
695 1643 803 1680 tribui,
819 1643 921 1682 ipsum
936 1645 966 1673 et
977 1643 1101 1675 dicendi

71 1693 103 1722 et
125 1690 272 1721 narrandi
290 1698 387 1730 genus
412 1698 431 1719 a
452 1690 643 1728 Phlegonteo
665 1689 869 1719 vehementer
893 1689 1056 1729 discrepat.
1087 1700 1101 1713 »

69 1739 177 1768 Wiasr.
195 1737 215 1767 l.
236 1737 256 1767 l.
276 1745 307 1775 p.
323 1745 383 1766 xm.

111 1786 198 1814 lnter
222 1783 394 1813 Histoi-icos
416 1782 476 1812 aevi
495 1781 660 1812 Hadrianei
687 1782 897 1813 recensendus
918 1791 985 1813 esse
1005 1782 1101 1812 videri

70 1829 166 1868 possit
182 1829 275 1860 etiam
291 1828 448 1859 Sabina&
467 1828 588 1858 Etenim
600 1827 630 1857 in
643 1828 739 1858 schot.
755 1828 792 1858 ad
808 1828 934 1859 Aristid.
951 1830 1027 1858 tom.
1043 1830 1098 1866 ΙΙΙ,

70 1886 101 1916 p.
121 1880 180 1907 500
202 1875 250 1906 edv
273 1875 427 1913 Dindort„
443 1875 589 1913 leguntur
610 1875 678 1904 haec
694 1888 700 1905 ι
715 1877 821 1905 Ταῦτα
835 1876 865 1905 δὲ
880 1876 931 1905 καὶ
950 1875 1100 1914 Πλούταρ-

71 1934 126 1963 χος
140 1923 193 1952 καὶ
209 1923 334 1956 Σαὸῖνος
349 1923 400 1951 καὶ
417 1922 526 1956 πάντες
543 1923 571 1951 οἱ
585 1922 635 1951 τὸν
653 1922 832 1960 Περικλέους
854 1922 918 1961 βίον
933 1922 1099 1961 γράψαντες

69 1970 221 2008 λέγουσιν.
249 1971 367 1999 Verum
400 1968 551 1998 Sabinum
578 1976 706 2006 quoque
737 1968 841 1998 Vitam
872 1968 999 1998 Periclis
1027 1967 1099 1998 data

69 2024 164 2054 opera
175 2014 333 2054 scripsisse
352 2023 392 2044 ex
418 2014 522 2044 verbis
546 2014 721 2044 scholiastae
739 2023 801 2044 non
825 2014 980 2053 sequitur,
996 2023 1098 2052 neque

70 2062 170 2092 ullum
185 2069 263 2100 opus
279 2060 480 2098 historicum,
503 2062 615 2090 contra
641 2069 714 2090 vero
729 2060 953 2091 Commentarii
968 2060 998 2090 in
1013 2060 1098 2090 Thu-

71 2107 215 2146 cydidem
242 2106 358 2137 Sabino
384 2107 578 2137 tribuuntur.
599 2106 736 2137 suidas:
764 2106 907 2142 Σαὸῐνος,
932 2106 1096 2145 σοφιστὴς,

69 2155 202 2192 γεγονὼς
224 2154 273 2184 ἐπὶ
303 2153 455 2193 Ἀδριανοῦ
484 2154 651 2192 Καίσαρος.
670 2154 824 2192 ’Ὲγραψεν
839 2154 1011 2191 εἰσαγωγὴν
1048 2156 1099 2182 καί

68 2201 225 2235 ὑποθέσεις
242 2201 435 2240 μελετητικῆς
451 2201 535 2236 ὕλης,
550 2201 591 2234 εἰς
608 2200 713 2239 βιὸλία
728 2201 764 2230 δ’.
781 2201 832 2234 Εἰς
846 2200 1035 2235 Θουκυδίδην
1049 2200 1099 2228 καὶ

68 2246 262 2277 Ἀκουσίλαον
278 2248 315 2285 (P)
333 2247 539 2286 ὑπομνήματα
553 2248 603 2276 καὶ
618 2246 703 2286 ἕτερά
719 2257 788 2276 τινα
812 2245 986 2283 ἐξηγητικά.
1002 2247 1097 2275 Com-

68 2293 257 2323 mentariun}
273 2293 302 2322 in
313 2293 529 2332 Thucydidem
541 2293 635 2323 etiam
647 2293 812 2323 scholiasta
830 2293 849 2323 l.
865 2293 884 2322 l.
899 2292 1097 2322 intellexerit.

110 2339 169 2377 (**)
188 2341 262 2369 Haec
276 2339 305 2369 in
322 2339 428 2370 codice
445 2340 514 2378 post
536 2339 655 2378 reliqua
676 2339 782 2385 Phleg.
795 2339 909 2377 scripta
928 2339 1098 2377 ponuntur,

68 2385 198 2424 praefixo
215 2385 306 2415 titulo
324 2386 394 2424 ΙΙερὶ
405 2389 464 2415 τῶν
479 2385 665 2424 Ὀλυμπίων.

216 2486 541 2522 OLYMPlADES
562 2486 654 2523 SEU
680 2485 952 2522 CHRONlCA.

109 2610 303 2650 Exponenda
317 2610 390 2640 mihi
416 2610 541 2641 videtur
564 2619 675 2649 causa,
699 2611 739 2641 ob
756 2620 851 2650 quam
874 2611 1020 2650 Olympia
1048 2609 1096 2639 in-

65 2663 156 2694 stitui
171 2663 309 2701 contigit.
330 2663 385 2693 Est
397 2664 504 2693 autem
519 2662 596 2693 haec.
618 2665 688 2693 Post
702 2663 805 2693 Pisum
818 2686 826 2700 ,
844 2663 988 2701 Pelopem
1004 2663 1098 2700 atque

67 2714 255 2751 Herculem,
282 2713 336 2752 qui
357 2713 447 2752 primi
472 2713 631 2743 solennem
659 2717 848 2743 conventum
872 2722 908 2743 ac
939 2714 1098 2743 certamen

66 2765 267 2803 Olympicum
289 2764 506 2800 instituerant,
521 2773 619 2802 quum
637 2764 847 2802 Peloponnesii
865 2772 933 2794 eam
952 2762 1098 2793 testivita-

66 2819 131 2847 tem
147 2815 341 2855 aliquamdiu
357 2816 610 2853 intermisissfflt,
626 2825 678 2855 per
691 2815 722 2846 id
740 2816 857 2846 scilieet
874 2817 997 2854 tempus
1013 2814 1098 2853 quod

67 2867 108 2899 ab
131 2867 229 2906 iphito
246 2867 284 2897 ad
303 2867 472 2897 Coroebum
501 2875 599 2905 usque
617 2867 725 2897 Eleum
743 2866 973 2905 duodetriginta
987 2866 1096 2904 Olym·-

67 2919 194 2958 piadum
222 2920 419 2954 numeratur,
444 2920 667 2957 certamenque
691 2919 914 2957 neglexissent,
943 2917 1052 2947 seditio
1067 2917 1096 2947 in

67 2970 280 3008 Peloponneso
293 2971 340 2999 est
351 2972 466 2999 coorta.
482 2969 525 2999 lbi
540 2971 697 3008 Lycurgus
708 2971 894 3008 Spartanus,
909 2967 1097 3007 Prytanidis,

67 3021 267 3060 lturypontis
283 3022 346 3059 Soi,
361 3020 489 3056 Prochs,
505 3020 689 3051 Aristodemi
701 3045 709 3058 ‚
727 3021 946 3058 Aristomachi,
959 3021 1095 3059 Cleodei,

67 3072 161 3108 llylli,
180 3071 321 3102 Herculis
334 3073 364 3101 et
383 3071 557 3108 Deianirae,
575 3073 605 3101 et
622 3072 760 3110 Iphitus,
783 3072 940 3102 llaemonis
966 3074 1019 3102 aut
1039 3074 1096 3110 (ut

66 3124 116 3153 alii
134 3123 297 3162 perhibent
312 3124 321 3161 )
341 3123 523 3153 Praxonidae
540 3123 621 3154 tilius
631 3123 670 3153 al)
684 3124 816 3154 Hercule
831 3124 982 3162 prognati,
1004 3125 1096 3155 Eleus

65 3173 170 3211 (huno,
196 3182 232 3203 ac
245 3173 457 3210 Cleosthenes‚
483 3174 618 3204 Cleonici
637 3174 728 3211 iilius,
745 3174 878 3212 Pisaeus,
893 3176 929 3205 ut
946 3175 1094 3213 populum

65 3223 103 3253 ad
121 3224 321 3254 concordiam
354 3233 526 3263 pacemque
548 3224 749 3262 reducerent,
770 3234 867 3264 quum
897 3225 1094 3264 Olympicum

67 3275 265 3305 testivitatem
281 3276 459 3305 statuerunt
474 3275 511 3305 ad
530 3275 688 3314 pristinam
708 3276 838 3306 sormam
856 3276 1010 3315 redigere,
1026 3279 1092 3307 tum

65 3325 221 3355 certamen
244 3326 424 3363 gymnicum
450 3326 551 3356 edere.
578 3328 686 3365 ltaque
712 3327 845 3365 Delphos
867 3327 1015 3358 miserunt
1039 3328 1092 3366 qui

2097 193 2170 225 003

1158 269 1272 293 σκειαν
1292 258 1406 328 ldpdvo
1420 259 1496 305 rivi,
1512 261 1599 302 εἰςὸν
1615 261 1681 298 ἀπο
1698 262 1821 300 Ιοίτου
1837 263 2100 312 Ὀλυμπιάδες
2085 267 2175 304 οκτὼ

1156 312 1238 361 πρὸς
1265 316 1337 357 ταῖς
1376 316 1480 354 εἴκοσι
1515 323 1802 369 καταριΟυ.ουνται
1837 324 1882 364 εἷς
1920 323 2084 373 Κόροιῧον
2117 340 2173 362 τον

1158 369 1305 417 ΙΙλεῖον,
1322 372 1635 420 καιοῖυελησάντων
1653 382 1709 415 τοῦ
1729 381 1877 428 ἀγωνος,
1911 380 2027 423 στάσις
2055 383 2105 419 ἐνε
2110 398 2173 428 στη

1157 427 1246 464 κατὰ
1261 429 1321 473 τὴν
1341 432 1612 477 Πελοπόννησον.
1642 439 1872 487 Αυκουργος
1856 453 1889 474 οε
1911 455 1927 475 ο
1953 441 2175 488 Αακεοαιαό-

1158 499 1239 530 νιος,
1261 487 1328 528 υἷος
1352 504 1397 524 ων
1432 495 1488 526 του
1521 492 1740 541 Πρυτάνεως,
1769 499 1826 531 του
1857 497 2096 545 Εὐρυπιοντος,
2119 514 2178 534 του

1160 542 1266 589 Σόου,
1289 549 1346 581 του
1368 548 1500 597 ΙΙροκλε
1504 565 1565 592 ως,
1586 554 1642 586 του
1661 551 1929 601 Λριστοοήι1.,ου
1951 558 2007 590 του
2028 554 2177 601 Αριστο-

1161 600 1292 650 μάχου,
1324 618 1383 638 του
1414 606 1622 675 Κλεοοαίρυ,
1644 613 1700 645 του
1721 609 1874 658 Ὕλλου,
1891 626 1947 647 του
1972 611 2180 662 ΙΙρ1κλέους

1159 657 1456 710 καιΔηιανείρας,
1489 678 1546 699 και
1566 662 1691 733 Ιριτος
1726 680 1741 702 ο
1763 665 1930 716 Χίμονος,
1957 671 2001 710 ὡς
2034 668 2067 705 οὲ
2101 669 2181 708 ἔνιοι

1162 716 1398 766 Πραξωνίδου,
1420 735 1487 761 ενος
1514 723 1579 757 τῶν
1603 724 1670 760 ἀπὸ
1697 724 1848 775 ΙΙρακλέ
1835 741 1922 771 ους,
1946 726 2102 773 Ηλεῖος,
2123 730 2182 765 καὶ

1162 774 1375 821 ΚλεοσΟενης
1406 779 1422 812 ὃ
1459 779 1644 816 Κλεονίκου
1678 781 1870 827 ΙΙεισάτης,
1908 783 2105 833 βου)όι1ενοι
2137 787 2183 827 εἷς

1160 830 1319 878 ὁμονοιαν
1340 848 1398 869 και
1416 834 1552 884 εἰρήνην
1572 852 1608 872 το
1631 839 1677 873 πλ
1680 840 1757 882 ἦθος
1773 843 1863 881 αυΟις
1882 841 2181 888 ἀποκαταστῆσαι,

1160 903 1221 932 την
1237 904 1272 925 τε
1290 889 1479 940 πανήγυριν
1496 891 1556 936 τὴν
1573 892 1829 942 Ολυμπικὴν
1813 911 1961 944 εγνωσαν
1984 898 2118 947 ἀνάγειν
2139 901 2183 940 εἷς

1161 946 1202 982 τὰ
1234 948 1361 997 ἀρχαια
1382 947 1510 996 νόμιμα
1543 964 1601 985 και
1631 953 1743 1000 ἀγωνα
1775 969 1938 1002 γυανικον
1971 955 2180 994 ἐπιτελέσαι.

1163 1005 1370 1042 Στελλονται
1398 1005 1437 1051 δὴ
1459 1008 1504 1048 εἷς
1538 1009 1685 1058 Δελφους
1714 1011 1922 1060 χρΓσόμενοι
1956 1028 2004 1061 τῳ
2041 1015 2126 1064 0εῷ
2153 1013 2184 1050 εἴ

1162 1076 1275 1112 σφισιν
1305 1067 1501 1100 συνεπαινεῖ
1523 1068 1635 1101 ταῦτα
1657 1070 1811 1112 ποιῆσαι.
1832 1068 1875 1105 ‘O
1896 1068 1931 1105 δὲ
1952 1069 2023 1111 θεὸς
2049 1069 2184 1118 ἄμεινον

1162 1119 1224 1170 ἔφη
1265 1119 1400 1157 ἔσεσθαι
1432 1124 1600 1160 ποιοῦσιν.
1666 1123 1735 1159 Καὶ
1764 1125 1967 1175 προσέταξεν
1998 1127 2186 1178 ἐκεχειρίαν

1162 1179 1318 1227 ἀγγεῖλαι
1336 1184 1410 1236 ταῖς
1436 1178 1575 1216 πόλεσιν
1601 1181 1674 1221 ταῖς
1701 1182 1920 1230 βουλομέναις
1948 1184 2102 1234 μετέχειν
2128 1189 2185 1221 τοῦ

1163 1237 1305 1283 ἀγῶνος.
1340 1237 1401 1273 ΓΩῐν
1419 1236 1729 1286 περιαγγελθέντιιψ
1748 1239 1836 1275 κατὰ
1856 1240 1917 1285 τὴν
1933 1240 2088 1278 (Ελλάδα
2102 1272 2110 1287 ,
2126 1243 2184 1279 καὶ

1163 1296 1179 1330 ὃ
1200 1293 1312 1336 δίσκος
1331 1294 1461 1345 ἐγροίςρη
1489 1296 1558 1337 τοῖς
1582 1295 1864 1343 Ἑλλανοδίκαις,
1884 1300 1958 1334 καθ’
1990 1299 2024 1334 ὃν
2050 1299 2115 1335 ἔδει
2146 1299 2188 1336 τὰ

1163 1351 1341 1401 Ὀλύμπια
1357 1352 1463 1402 ἄγειν,
1480 1354 1555 1390 Οὔκ
1570 1353 1655 1403 ἄγαν
1682 1353 1715 1391 δὲ
1732 1355 1963 1405 προσιεμένων
1981 1357 2036 1393 τὸν
2055 1359 2188 1406 ἀγῶνα,

1163 1409 1250 1446 ἀλλὰ
1272 1410 1560 1461 δυσχεραινόντων
1588 1414 1654 1447 τῶν
1680 1412 1721 1462 (i)
1754 1413 2052 1460 Πελοποννησίων,
2072 1415 2189 1462 λοιμὸς

1162 1468 1396 1517 ἐπιγενόμενος
1427 1468 1485 1504 καὶ
1517 1468 1623 1519 φθορὰ
1644 1473 1785 1521 καρπῶν
1818 1472 2018 1519 ἐλυμαίνετο
2051 1473 2184 1514 αὐτούς,

1163 1527 1206 1562 Οἱ
1228 1525 1261 1562 δὲ
1282 1525 1543 1568 ἀποστείλαντες
1567 1527 1605 1575 (2)
1627 1527 1730 1563 πάλιν
1752 1527 1828 1570 τοὺς
1852 1528 1931 1579 περὶ
1951 1529 2006 1565 τὸν
2029 1532 2184 1580 Λυκοῦρ-

1162 1599 1219 1632 γον
1240 1586 1382 1633 ᾐτοῦντο
1407 1588 1464 1620 τοῦ
1482 1585 1603 1633 λοιμοῦ
1623 1587 1761 1622 παῦλαν
1785 1585 1843 1622 καὶ
1861 1585 1951 1623 ἴασίν
1975 1602 2065 1626 τινα.
2086 1586 2128 1624 ‘ll
2149 1586 2182 1623 δὲ

1163 1641 1275 1678 Πυθία
1294 1647 1363 1692 χρᾷ
1380 1642 1477 1678 τάδε·

1243 1740 1282 1770 τΩ
1293 1744 1346 1777 γῆς
1360 1739 1522 1779 ἀκρόπολιν
1536 1739 1634 1775 πάσης
1654 1740 1830 1777 Πελοπηίδα
1844 1742 1963 1778 κλεινὴν

1243 1787 1394 1822 ναίοντες,
1412 1786 1550 1824 πρεσῧεις
1561 1797 1592 1815 τε
1611 1787 1725 1825 βροτῶν
1739 1786 1861 1816 πάντων
1877 1788 1928 1817 καὶ
1945 1787 2082 1826 ἄριστοι,

1243 1833 1379 1873 φράζεσθ’
1390 1833 1418 1867 ἐξ
1432 1833 1533 1871 ἐμέθεν
1550 1833 1688 1871 χρησμὸν
1703 1833 1771 1862 θεοῦ
1782 1856 1790 1871 ,
1808 1833 1869 1863 ὅττι
1884 1844 1934 1863 κεν
1952 1833 2039 1863 ε’ίπω.

1243 1880 1315 1914 Ζευς
1330 1880 1399 1918 ὑμῖν
1413 1880 1531 1915 τελετῆς
1549 1882 1634 1918 μῆνιν
1651 1878 1713 1917 ἔχει
1730 1879 1765 1914 ἦν
1781 1880 1951 1919 διέχρησεν,

1242 1926 1339 1955 οὕνεκ’
1359 1924 1550 1963 ἀτιμάζοντες
1569 1924 1611 1962 (3)
1630 1924 1787 1963 Ὀλύμπια
1801 1926 2023 1961 πασινάνακτος
2035 1926 2079 1964 (4)

1243 1972 1383 2007 Ζηνὸς-
1400 1974 1452 2000 τοῦ
1467 1974 1585 2009 πρῶτος
1600 1971 1651 2009 μὲν
1670 1971 1812 2010 ἱδρύσατο
1827 1973 1878 2002 καὶ
1894 1973 1960 2002 θέτο
1977 1973 2067 2011 τιμὴν

1243 2020 1371 2056 Πεῖσος,
1389 2019 1439 2048 καὶ
1455 2018 1531 2057 μετὰ
1542 2017 1626 2047 τόνδε
1642 2016 1746 2057 ΙΙελοψ
1757 2041 1765 2055 ,
1784 2018 1832 2048 ὅτε
1846 2019 1940 2057 δῆμον
1955 2019 2050 2049 ἔναιεν
2064 2019 2105 2057 (5)

1205 2107 1229 2134 1.
1244 2107 1347 2134 τῶντε
1367 2103 1436 2133 cod.
1454 2107 1537 2134 -2.
1557 2102 1743 2137 ἀποστάντες
1767 2102 2123 2142 cod.·‚e1n.XVesterm.
2147 2122 2189 2130 -

1162 2155 1191 2181 3.
1224 2150 1439 2188 οἰτιμοιζοντοιιέ>
1462 2152 1590 2180 KlQause
1620 2165 1660 2170 -
1689 2151 1719 2179 4.
1755 2150 1955 2185 λασιάνακτος
1981 2150 2051 2180 cod.
2058 2158 2189 2188 ‚supra-

1161 2197 1276 2235 scripto
1290 2208 1395 2227 πα.-
1414 2201 1441 2227 5.
1459 2197 1642 2235 δημονναῖαν
1655 2195 1724 2225 cod.
1742 2195 1847 2231 Ἑλλὰς
1864 2196 1994 2226 maseul.
2009 2205 2025 2226 e
2036 2195 2190 2234 Sophocle

1161 2243 1268 2273 laudat
1286 2243 1442 2273 Antiattie.
1458 2242 1576 2273 Beltker
1600 2250 1627 2280 p.
1644 2243 1700 2278 97,
1724 2244 1753 2272 4.
1781 2242 1814 2272 ld
1836 2242 1861 2272 si
1883 2242 1986 2272 minus
2003 2242 2122 2280 placet,
2143 2241 2185 2271 le-

1159 2298 1212 2327 gas
1235 2289 1284 2319 ὅτε
1304 2290 1338 2325 δὴ
1357 2289 1446 2328 μόλεν
1470 2289 1553 2325 αἶαν,
1570 2288 1695 2325 ἰιίιμιοιί
1714 2288 1818 2318 (licere
1836 2289 1910 2318 licet-
1932 2297 1987 2327 pro
2002 2288 2051 2318 ὅτε
2064 2289 2099 2324 δὴ
2118 2285 2186 2326 μόλ’

1160 2336 1187 2370 ἐς
1203 2336 1284 2366 αἶαν.
1304 2337 1539 2367 Westermann.
1567 2333 1649 2371 conj.
1680 2347 1686 2364 z
1709 2336 1724 2364 ὁ
1744 2335 1769 2365 δ’
1790 2335 1834 2374 ἄρ’
1851 2335 1974 2374 ἔλλαχεν
1997 2335 2068 2365 αἶαν
2090 2335 2136 2364 Έ.
2160 2342 2186 2364 s.

1159 2383 1281 2419 ”Ηλιδα,
1305 2382 1353 2412 vel
1371 2382 1421 2411 ὅτε
1441 2382 1476 2418 δὴ
1493 2381 1583 2421 λάχεν
1606 2380 1677 2411 αἶαν
1702 2381 1750 2411 Ἠ.

1159 2480 1253 2511 deum
1274 2482 1543 2519 percontarentur,
1560 2489 1599 2510 an
1625 2481 1683 2510 hoc
1699 2488 1807 2510 eorum
1824 2479 1934 2518 probet
1953 2478 2130 2510 consilium.
2162 2481 2193 2509 ls,

1162 2532 1330 2572 respondit,
1344 2532 1424 2562 bona
1436 2534 1597 2570 eventura,
1612 2532 1635 2562 si
1648 2531 1676 2562 id
1692 2533 1902 2570 exsequantur
1915 2530 2082 2569 :jussitque
2099 2530 2190 2560 ferias

1160 2583 1252 2613 indici
1269 2583 1411 2621 urbibus,
1429 2592 1502 2622 quae
1519 2582 1698 2613 certaminis
1713 2583 1830 2612 vellent
1842 2590 1910 2612 esse
1926 2581 2099 2620 participes.
2118 2584 2187 2617 Quo

1158 2635 1285 2664 oraculo
1305 2636 1335 2664 in
1350 2634 1469 2665 Graecia
1489 2634 1679 2671 renuntiato,
1697 2633 1801 2663 discus
1822 2632 1916 2663 etiam
1936 2632 2129 2670 conscriptus
2142 2633 2188 2661 est

1158 2694 1175 2715 a
1190 2687 1372 2716 Graecorum
1387 2684 1565 2723 judicibus,
1580 2693 1658 2723 quos
1674 2683 1729 2722 ipsi
1748 2683 1964 2713 Hellanodicas
1980 2684 2105 2720 vocant,
2125 2682 2186 2711 tor-

1160 2744 1243 2766 mam
1264 2735 1455 2773 agendorum
1484 2735 1701 2773 Olympiorum
1729 2733 1879 2764 indicans.
1924 2735 2071 2764 Ceterum
2096 2733 2187 2762 l-'elo-

1158 2786 1322 2826 ponnesios
1349 2795 1412 2816 non
1434 2785 1605 2815 admodum
1635 2785 1663 2814 id
1684 2786 1841 2815 certamen
1870 2786 1992 2823 gratum
2018 2783 2185 2820 habentes,

1158 2838 1349 2876 molesteque
1362 2837 1391 2866 id
1408 2837 1558 2875 ferentes,
1574 2836 1667 2875 pestis
1683 2836 1813 2874 invasit,
1829 2836 1886 2866 fru
1881 2844 2017 2874 ¹umque
2035 2834 2187 2873 pernities

1157 2889 1279 2919 attlixit.
1302 2890 1410 2927 ltaque
1426 2888 1529 2918 denuo
1555 2890 1675 2927 [meur
1667 2897 1729 2917 um
1747 2887 1875 2927 <jusque
1899 2887 1998 2917 socios
2014 2886 2051 2916 ad
2069 2894 2182 2916 oracu-

1158 2939 1221 2969 lum
1235 2939 1495 2978 able‹1ar11nt‚qiii
1513 2939 1606 2978 pestis
1619 2939 1831 2969 amolitionem
1843 2947 1880 2969 ac
1897 2938 2067 2968 remedium
2080 2945 2185 2975 posces=

1157 2993 1235 3021 rent.
1259 2991 1370 3030 Pythia
1387 2999 1461 3021 vero
1474 2990 1518 3020 sic
1534 2990 1691 3029 respondit
1707 3000 1713 3020 :

1224 3061 1247 3086 O
1262 3060 1311 3094 qui
1326 3059 1438 3087 telluris
1449 3058 1587 3086 famosam
1599 3059 1687 3086 totius
1701 3066 1798 3086 arcein

1225 3106 1361 3133 Mortales
1375 3106 1451 3133 inter
1462 3108 1589 3140 natuque
1604 3108 1633 3132 et
1649 3105 1734 3131 laude
1744 3105 1871 3139 supremi

1224 3150 1367 3179 Incolitis,
1388 3158 1451 3184 (111ae
1465 3149 1520 3177 tata
1538 3149 1583 3177 dei
1597 3158 1671 3176 cano
1686 3149 1787 3176 discite
1801 3150 1894 3182 jussu.

1225 3197 1360 3231 Neglecta
1372 3197 1529 3223 altitonans
1546 3196 1679 3223 irascitur
1692 3196 1729 3222 ol)
1748 3202 1827 3221 sacra
1842 3193 1922 3220 vohis

1226 3242 1370 3276 Juppiter,
1386 3241 1529 3268 immenso
1539 3240 1585 3275 qui
1599 3241 1739 3267 maximus
1752 3240 1874 3273 imperat
1887 3237 1959 3264 orhi.

1223 3287 1312 3319 Cujus
1325 3286 1460 3321 Olympia
1475 3293 1525 3313 vos
1539 3286 1619 3312 cultu
1630 3284 1770 3319 spoliastis
1785 3283 1860 3309 :nito
1875 3291 1880 3307 z

1224 3334 1293 3365 Qua3
1310 3333 1444 3367 prinecps
1458 3332 1536 3358 ,iovis
1551 3334 1583 3359 ut
1599 3331 1678 3358 t‘isus
1691 3330 1846 3358 celebraret
1863 3329 2004 3355 honorem
