2338 3765
952 137 1281 176 FRAGMENTA.

204 217 224 224 -u

54 230 174 274 μναῖον
191 227 238 265 οἱς
258 223 296 259 ἂν
324 221 502 267 ἐπιῧάλοι,
523 223 559 258 οὐ
577 220 666 258 κατὰ
686 223 751 257 τῶν
769 221 950 271 &eosdm-w
969 220 1083 269 μόνον,

54 282 142 319 ἀλλὰ
159 281 217 318 καὶ
235 280 265 317 εἴ
283 296 314 317 τι
335 283 368 317 ἐν
387 279 590 331 ἀλλοφύλοις
605 278 736 330 ἐφρόνει
750 278 925 328 πολέμιον.
946 279 1082 315 Βιῧλιο-

53 340 160 386 Οήκην
196 338 310 388 μέντοι
343 337 603 374 κατασκευάσαι
648 336 715 387 πρὸ
752 338 820 372 τῶν
858 335 991 381 ἄλλων,
1030 335 1083 377 οὓς

753 394 793 445 (ῑι)
816 395 947 431 Τοῦτον
962 393 995 430 δὲ
1010 395 1083 430 ἐπι-

53 455 177 497 ῧουλὰς
195 454 256 503 μὲν
273 453 402 496 πολλὰς
421 453 586 494 πολλάκις
608 451 662 489 διὰ
691 452 729 489 τὸ
746 451 923 502 μιαιφόνον
942 451 998 488 καὶ
1024 467 1084 500 μι-

52 403 73 444 ἡ
90 396 245 447 τυραννὶς
259 395 431 438 ἀπέδειξεν
453 395 692 443 ὀνομάζεσθαι.

53 515 252 565 σάνΟρωπον
269 512 327 549 καὶ
343 511 538 562 ὓὸριστικὸν
555 514 631 547 κατ’
648 512 750 547 αὐτοῦ
769 510 941 552 συστάσας
963 510 1082 557 διαφυ-

52 588 88 621 γε
77 577 137 621 ἷν,
155 570 216 622 ὀψὲ
236 569 270 606 δὲ
288 570 346 606 καὶ
362 570 485 618 μόλις(
475 569 539 606 υπὸ
561 569 691 611 Χίωνος
704 572 762 605 τοῦ
778 567 947 640 Μάτριος,
964 567 1084 617 ἀνδρος

55 629 309 679 μεγαλόφρονος
328 643 387 664 και
415 627 594 665 κοινωνίαν
612 642 696 674 προς
717 626 817 663 αὐτον
839 626 900 671 τὴν
915 626 949 669 ἐξ
975 624 1084 675 αἵμα-

52 703 107 730 τος
124 686 275 737 ἔχοντος,
290 685 348 722 καὶ
367 685 510 727 Λέοντος
525 701 583 722 και
598 684 789 728 Ευξένωνος
803 699 862 721 και
879 684 1002 735 ἑτέρων
1023 685 1084 721 οὐκ

53 745 174 795 ὀλίγων
205 746 478 789 συσκευασθῆναι
503 743 640 793 πληγὴν
667 742 803 793 καιρίαν
832 745 999 790 ἐνεγκεῖν,
1027 742 1086 779 καὶ

53 805 259 847 τελευτῆσαι
277 817 407 854 πικρως
424 801 492 838 ἀπὸ
508 817 567 838 του
585 800 792 853 τραύματος.
818 800 844 850 (4
833 802 860 851 4)
881 800 926 838 Ἔ
931 803 1005 837 Ουεν
1024 799 1066 849 μὲ
1070 816 1085 836 ν

54 859 119 912 γὰρ
137 860 309 907 δημοτελῆ
325 859 442 895 θυσίαν
457 861 474 895 ὃ
490 857 667 928 τύραννος·
683 860 727 895 οἱ.-
732 858 765 895 δὲ
778 874 855 909 περι
871 874 925 895 τον
945 857 1084 904 Χίωνα,

53 918 243 963 ἐπιτήδειον
274 921 359 954 εἰναι
381 933 436 954 τον
457 917 573 968 καιρὸν
594 920 635 968 τῇ·
659 916 780 968 πράξει
800 915 1020 965 νομίσαντες,
1044 919 1086 966 τῇ

54 992 113 1014 του
134 975 266 1017 Χίωνος
283 990 374 1026 χειρι
392 974 430 1012 τὸ
446 974 536 1026 ξίφος
551 974 605 1012 διὰ
622 991 688 1012 των
709 978 767 1012 τοῦ
786 979 900 1012 κοινοῦ
918 973 1086 1023 πολεμίου

53 1035 206 1084 λαγόνων
229 1032 443 1072 ἐλαύνουσιν.
464 1032 508 1072 ‘O
526 1034 582 1080 δὲ,
601 1034 736 1070 πολλῶν
758 1033 859 1070 αὐτὸν
878 1032 937 1070 καὶ
956 1034 1086 1083 πικρῶν

55 1091 254 1142 ἀλγηδόνων
289 1090 576 1137 κατατεινόντων,
605 1090 665 1128 καὶ
694 1089 862 1128 τοσούτων
896 1090 1087 1140 φασμάτων

54 1147 350 1199 ἐκδειματούντων
373 1149 518 1200 (εἴδωλα
540 1148 574 1185 δὲ
595 1148 637 1185 τὰ
655 1148 822 1200 φάσματα
840 1143 880 1194 ἦν
901 1142 947 1185 ῶν
966 1150 1089 1191 ἐκεῖνος

55 1206 241 1260 μιαιφόνως
259 1206 458 1257 ἀνῃρήκει),
477 1206 566 1243 οὕτω
586 1206 778 1257 δευτεραῖος
801 1221 856 1243 τον
884 1205 954 1256 βίον
982 1221 1088 1242 κατε-

55 1268 201 1316 στρεψ,ε
218 1264 323 1310 ζησας
336 1264 411 1324 5155vm
417 1265 476 1310 ἔτη
494 1281 515 1310 η
541 1264 599 1301 καὶ
619 1264 663 1312 ν’,
683 1265 811 1301 τούτων
826 1263 860 1301 δὲ
877 1279 1090 1315 τυραννησας

55 1323 271 1361 δυοκαίδεκα.
302 1324 339 1372 (5)
364 1315 470 1373 Ei75v
497 1323 531 1358 δε
552 1321 614 1367 τὴν
639 1324 781 1372 Περσῶν
802 1320 911 1372 ἀργὴν
929 1320 1087 1372 Ἀρταξέ-

957 1361 1070 1392 ΊΙΝΥΙ

57 1381 136 1434 ρξης
153 1381 247 1427 τότε,
265 1384 338 1417 εἶτα
358 1396 418 1418 και
449 1381 545 1431 Ωχος
572 1380 728 1425 ὅταύτην
747 1395 785 1417 εκ
805 1379 936 1430 πατρὸς
953 1390 1088 1422 εκοεςα-

55 1454 170 1489 μενος·
187 1439 270 1489 πρὸς
287 1454 344 1481 ους
360 1439 419 1476 καὶ
438 1438 604 1480 πολλάκις
628 1437 677 1476 ἔτι
695 1440 793 1481 ζων
780 1454 797 1475 ο
826 1437 1041 1488 Κλεαρχος
1024 1451 1089 1473 οιε-

54 1496 306 1549 πρεσὸεύσατο.
340 1498 385 1534 Οἵ
406 1495 562 1546 μέντοιγε
593 1496 802 1547 ἀνῃρηκότες
828 1495 884 1532 τὸν
912 1495 1088 1546 τύραννον,

56 1559 180 1607 μικροῦ
210 1554 336 1598 πάντες
356 1556 385 1592 οἵ
415 1554 476 1604 μὲν
507 1554 572 1591 ὑπὸ
591 1557 657 1591 τῶν
681 1553 987 1606 σωματοφυλάκων
1014 1554 1090 1590 κατ’

55 1614 157 1652 αὐτὸν
177 1613 234 1651 τὸν
251 1616 310 1658 τῆς
328 1612 509 1655 ἐπιθέσεως
526 1612 658 1661 καιρὸν,
675 1613 736 1650 οὐκ
757 1614 902 1662 ἀγεννῶς
925 1610 1089 1660 ἀνδρισά-

57 1688 173 1722 μενοι,
205 1670 502 1717 κατεκόπησαν,ο
485 1670 572 1708 οιδὲ
598 1670 657 1707 καὶ
685 1685 824 1721 υστερςν
846 1668 1092 1720 συλληφθέντες

55 1730 114 1767 καὶ
129 1734 267 1779 πικραῖς
283 1727 464 1778 τιμωρίαις
479 1726 792 1779 ἐγκαρτερησαντες
807 1728 916 1785 ἀνῃρε
897 1725 1035 1772 ζθησαν.

108 1790 157 1826 II.
187 1786 342 1837 Σάτυρος
365 1784 400 1822 δε
420 1788 438 1821 ὃ
453 1801 511 1823 του
527 1785 691 1837 τυράννου
716 1784 936 1836 ἀδελφος,οἱα
959 1783 999 1829 δὴ
1016 1785 1090 1821 ἐπι-

54 1860 177 1896 τροπος
194 1843 433 1895 καταλειφθεις
452 1859 519 1880 των
549 1842 681 1879 παίδων
702 1841 873 1891 ΙιμοΟέου
895 1841 979 1878 καὶ
971 1844 1092 1878 Διονυ-

55 1902 143 1949 σίου,
155 1901 218 1947 τὴν
232 1900 345 1952 ἀρχὴν
361 1899 587 1951 ὑποδέχεται·
605 1899 638 1942 ὃς
657 1899 811 1949 ὠμότητι
828 1898 887 1948 μὲν
903 1901 939 1936 οὐ
958 1899 1091 1949 Κλέαρ-

54 1975 131 2011 χον,
152 1958 242 1997 ἀλλὰ
256 1958 315 1996 καὶ
335 1957 467 2000 πάντας
478 1958 660 2009 τυράννους
672 1957 895 2029 υπερεὸαλξν.
919 1959 970 1995 Ου
990 1957 1090 2005 μόνον

54 2034 119 2070 γαρ
145 2034 222 2060 τους
251 2016 580 2058 ἐπιὸεὸουλευκότας
596 2019 643 2067 τῷ
663 2017 799 2067 ἀδελφω
834 2015 1090 2066 ἐτιμωρήσατο,

56 2076 145 2113 ἀλλὰ
160 2092 219 2113 και
236 2077 300 2112 τῶν
322 2075 449 2111 τέκνων
470 2073 491 2110 ἃ
510 2074 615 2119 μηδὲν
640 2073 779 2124 cov·(',05r
799 2090 865 2116 τοις
882 2074 1090 2123 γεγεννηκό-

55 2150 121 2180 σιν,
142 2132 237 2171 οὐδὲν
260 2132 477 2183 ἀνεκτότερον
500 2132 716 2181 ἐδηλήσατό,
742 2132 800 2168 καὶ
821 2131 968 2174 πολλοὺς
990 2134 1091 2167 ἀναι-

54 2192 144 2235 τίους
160 2191 359 2242 κακούργων
390 2190 484 2233 δίκας
506 2190 681 2240 ἀπῄτησε.
761 2191 802 2239 (2)
826 2193 956 2228 Τοῦτον
979 2190 1013 2226 δὲ
1034 2189 1091 2226 καὶ

56 2249 271 2299 μαθημάτων
306 2250 373 2285 τῶν
399 2264 435 2286 τε
454 2248 545 2285 κατὰ
569 2247 769 2300 φιλοσοφίαν
801 2247 858 2283 καὶ
879 2249 945 2283 τῶν
968 2246 1093 2288 παντὸς

55 2307 244 2358 ἐλευθερίου
274 2306 380 2344 όίλλου
417 2308 595 2348 παντελῶς
640 2304 789 2353 ὑπάρξαι
840 2304 1092 2355 ἀπαράδεκτον,

55 2366 115 2403 καὶ
141 2381 216 2402 νουν
253 2365 288 2401 δὲ
319 2380 403 2415 προς
439 2363 500 2407 τὰς
538 2363 732 2415 μιαιρονίας
770 2362 870 2399 υόνον
907 2363 941 2398 ό·
930 2378 1091 2413 ,υρροττον

59 2440 182 2474 εχοντα
203 2422 440 2474 φιλάνθρωπον
469 2421 555 2471 μηδὲ
549 2438 574 2457 ν
594 2421 681 2471 μηδὲ
712 2421 779 2469 ἤυε
767 2437 840 2471 ιρον
861 2436 947 2470 αητε
973 2421 1092 2468 μαθειν

56 2483 216 2527 ἐθελησαι
238 2480 324 2531 μήτε
339 2479 592 2532 φυναιέπιτήοε
579 2495 660 2518 ε,ιον
720 2479 823 2517 Αλλὰ
843 2479 956 2515 πάντα
976 2495 1015 2514 υε
1020 2494 1036 2514 ν
1053 2494 1093 2524 ην

57 2556 153 2582 ουτος
173 2538 354 2584 κάκιστος,
376 2540 405 2575 εἷ
426 2554 484 2576 και
500 2537 619 2588 χρόνος
635 2539 726 2574 αὐτ-ι’)
754 2538 852 2589 κόρον
878 2537 996 2573 λαζεῖν
1027 2539 1092 2572 τῶν

992 2594 1088 2607 ἿἾΝΧ

57 2597 230 2649 Εαφυλίων
247 2600 402 2633 ’Χιαατων
420 2613 477 2634 κα(-
491 2612 550 2642 της
565 2596 760 2643 μῑαῑφῡνίας
772 2595 965 2638 υπΕξΞλύΞν
987 2611 1043 2631 Επῑ
1059 2610 1092 2631 ΟΞ

795 2654 835 2702 (3)
859 2652 934 2699 Τνιν
952 2652 1016 2703 γὰρ
1033 2655 1094 2702 ἅρ-

56 2713 122 2765 χὴν
142 2714 209 2756 τοῖς
238 2717 296 2751 τοῦ
318 2714 463 2764 ἀδελφοῦ
487 2712 605 2749 παισὶν
628 2712 884 2762 ἀνεπηρέαστον
915 2714 1091 2761 συντηρῶν

56 2659 97 2706 τῇ
124 2655 326 2708 φιλαδελφία
345 2654 382 2691 τὸ
397 2670 529 2705 πρῶτον
550 2653 732 2704 ἠνέγκατο.

60 2772 116 2810 ἐπὶ
144 2775 301 2809 τοσοῦτον
329 2775 388 2816 τῆς
409 2773 519 2808 αὐτῶν
539 2769 745 2818 κηδεμονίας
764 2770 863 2818 λόγον
887 2769 1025 2815 ἐτίθετο,
1049 2772 1093 2811 ὡς

57 2829 117 2867 καὶ
136 2830 270 2879 γυναικὶ
294 2828 416 2874 συνὼν,
434 2829 492 2866 καὶ
506 2828 582 2866 τότε
597 2828 673 2865 λίαν
691 2827 919 2878 στεργομένη,
940 2827 987 2875 μὴ
1012 2829 1092 2863 ἀνα-

58 2887 202 2939 σχέσθαι
216 2888 485 2933 παιδοποιῆσαι,
504 2886 594 2923 ἀλλὰ
617 2889 757 2935 μηχανῇ
776 2886 872 2935 πάσῃ
892 2888 992 2935 γονῆς
1014 2884 1091 2921 στέ-

2104 150 2174 181 527

1145 229 1263 258 Natura
1276 229 1447 261 industrius
1458 231 1496 261 ad
1508 232 1608 261 caules
1621 240 1730 263 eorum
1746 241 1826 272 quos
1841 233 2001 272 impeteret
2014 258 2022 271 ,
2037 242 2097 263 non
2114 235 2179 263 tan-

1146 296 1213 324 tum
1227 291 1336 330 siquid
1353 292 1464 323 hostile
1480 293 1684 324 inedia-iretur
1695 297 1804 326 eontra
1816 296 1985 334 populares
1998 319 2006 333 ‚
2017 295 2179 326 sedetiam

1147 351 1175 381 iu
1202 354 1336 383 exteros.
1362 355 1585 387 liibliollwcam
1611 358 1714 388 tamen
1738 359 1951 398 comparavit,
1977 358 2066 397 cujus
2089 359 2181 389 laude

1146 415 1358 452 antegreditur
1375 416 1452 446 alios
1471 426 1551 456 quos
1568 420 1709 457 tyrannis
1727 421 1860 451 famosos
1887 421 2031 451 reddidit.
2053 422 2096 460 (3)
2124 422 2181 452 llic

1148 477 1273 508 insidias
1303 479 1413 508 crebro
1446 481 1561 511 multas
1581 484 1707 521 propter
1732 483 1851 521 sardes,
1887 484 2117 515 immanitatem
2150 486 2181 515 et.

1146 540 1276 580 injurias
1289 542 1347 573 sibi
1365 545 1500 574 structas
1514 545 1642 583 cffugit:
1663 545 1716 576 sed
1737 547 1789 577 vix
1812 547 1937 578 tandem
1952 556 1968 577 a
1980 548 2099 581 Chione
2115 551 2180 579 Ma-

1146 606 1202 636 tris
1216 605 1278 636 filio
1297 607 1307 646 (
1328 606 1375 636 vir
1394 608 1461 637 erat
1476 609 1693 645 magnanimus
1717 612 1748 640 et
1775 611 2007 642 necessitudine
2023 612 2181 651 sanguinis

1147 667 1285 705 tyranno
1314 666 1502 705 devinctus)
1519 670 1549 698 ct
1572 670 1671 699 Leone
1691 670 1722 699 et
1748 672 1916 701 Euxenone
1933 672 2105 710 ceterisque
2118 680 2180 702 nou

1147 726 1271 767 paucis,
1297 727 1515 766 conjuratione
1543 727 1635 766 inita,
1666 730 1780 759 vulnus
1799 731 1890 761 letale
1918 731 2038 771 accepit

1148 787 1257 818 dolore
1286 786 1489 818 acerbissimo
1521 789 1568 818 est
1590 789 1776 819 exstinctus.

2060 741 2068 762 2
2092 731 2182 769 cujus

1822 791 1865 829 (4)
1897 793 2074 823 Commune
2099 794 2181 823 enini

1148 847 1253 887 populi
1269 855 1392 878 sacrum
1409 847 1521 886 agebat
1543 848 1706 886 tyrannus.
1732 851 1951 889 opportunam
1981 852 2075 891 igitur
2092 862 2182 883 occa-

1149 907 1270 939 sionem
1291 915 1324 938 se
1353 907 1484 947 adeptos
1509 907 1569 937 rati
1593 908 1647 947 qni
1670 917 1742 939 cum
1762 910 1881 941 Chione
1907 912 2181 951 conspiraverant,

1149 976 1245 998 manu
1258 967 1388 999 Cliionis
1401 976 1508 999 ensem
1525 968 1612 998 trans
1629 968 1680 998 ilia
1695 970 1870 1000 communis
1883 972 1991 1010 patriae
2005 972 2101 1003 hostis
2115 973 2182 1005 adi-

1149 1029 1236 1067 gunt.
1262 1028 1325 1065 Qui
1351 1028 1433 1058 inter
1452 1028 1571 1059 multos
1583 1029 1614 1058 et
1633 1028 1820 1060 saevissimos
1833 1030 1993 1062 cruciatus
2010 1032 2107 1071 magis
2120 1042 2183 1063 ma-

1149 1086 1257 1125 gisque
1271 1085 1523 1125 ingravescentes
1535 1109 1543 1124 ‚
1562 1086 1593 1116 et
1607 1094 1738 1125 pavores
1750 1095 1767 1116 a
1777 1088 1905 1126 spectris
1920 1088 2059 1121 incussos
2074 1091 2184 1129 (erant

1150 1145 1256 1175 autem
1274 1144 1443 1175 simulacra
1457 1152 1579 1183 eorum,
1595 1153 1674 1183 quos
1689 1144 1848 1176 crudelem
1864 1145 1895 1176 in
1909 1147 2039 1178 modum
2051 1157 2184 1179 necave-

1151 1204 1199 1234 rat
1213 1203 1236 1242 )‚
1251 1202 1350 1233 altero
1363 1202 1413 1233 die
1426 1204 1497 1242 post
1514 1203 1612 1233 vitam
1629 1211 1702 1233 cum
1721 1204 1823 1234 morte
1836 1205 2047 1236 commutavit
2063 1219 2069 1237 2
2085 1215 2184 1245 quum

1150 1261 1225 1292 vitae
1236 1270 1336 1292 annos
1346 1261 1498 1300 exegisset
1506 1260 1828 1301 quinquaginta-octo,
1841 1262 1872 1294 et
1888 1263 2084 1302 tyrannidem
2096 1273 2186 1295 oceu-

1151 1321 1254 1359 passet
1283 1328 1339 1359 per
1367 1328 1466 1350 annos
1490 1319 1668 1350 duodecim.
1693 1320 1736 1358 (5)
1756 1320 1846 1359 Apud
1870 1322 1979 1352 Persas
1996 1322 2073 1352 tunc
2093 1331 2187 1361 regno

1151 1379 1286 1418 praeerat
1302 1379 1512 1416 Artaxerxes,
1529 1379 1561 1409 et
1586 1378 1700 1409 exinde
1726 1378 1852 1417 Ochus,
1873 1379 1970 1418 patris
1999 1379 2031 1410 in
2056 1380 2188 1420 imperio

1152 1445 1331 1474 successor;
1345 1436 1384 1467 ad
1398 1445 1477 1476 quos
1498 1445 1715 1476 saepenumero
1740 1437 1934 1476 Clearchus,
1956 1437 2033 1468 dum
2063 1438 2092 1469 in
2110 1439 2189 1469 vivis

1153 1496 1237 1533 erat,
1257 1495 1376 1534 legatos
1399 1494 1494 1525 misit.
1518 1494 1581 1531 Qui
1597 1503 1673 1525 vero
1695 1494 1782 1526 necis
1799 1496 1944 1526 auctores
1967 1497 2101 1535 tyranno
2118 1497 2188 1527 sue-

1154 1555 1244 1592 rant,
1272 1562 1369 1593 prope
1393 1562 1522 1591 omnes,
1555 1553 1670 1592 partim
1690 1562 1707 1584 a
1727 1553 1917 1585 satellitibus
1929 1553 1961 1584 in
1975 1553 2041 1593 ipso
2066 1563 2189 1594 aggres-

1152 1612 1248 1643 sionis
1273 1611 1423 1648 articul0‚
1451 1610 1504 1642 ubi
1527 1613 1673 1642 strenuos
1695 1620 1728 1643 se
1753 1612 1838 1643 viros
1856 1612 2024 1651 gerebant,
2054 1613 2189 1651 concisi,

1154 1670 1268 1710 partim
1286 1670 1448 1709 aliquanto
1467 1670 1538 1709 post
1564 1670 1647 1709 capti
1671 1671 1702 1700 et
1729 1669 1890 1701 atrocibus
1915 1670 2094 1710 suppliciis,
2117 1680 2190 1710 quae

1154 1729 1275 1760 fortiter
1290 1729 1467 1760 tolerarunt
1482 1751 1491 1766 ‚
1509 1727 1615 1759 affecti
1631 1728 1818 1759 occubuere.
2185 1714 2189 1717 ¹

1195 1789 1235 1818 Π.
1260 1788 1390 1826 Satyrus
1418 1787 1525 1818 autem
1559 1786 1686 1826 tyranni
1714 1795 1882 1825 germanus
1906 1788 1937 1818 et
1962 1788 2049 1818 tutor
2077 1796 2189 1827 puero-

1153 1861 1223 1883 rum
1240 1853 1396 1884 Timothei
1416 1853 1447 1884 et
1466 1852 1603 1892 Dionysii
1619 1852 1747 1883 relictus
1762 1852 1931 1892 imperium
1957 1844 2085 1894 suscipit
2105 1865 2114 1886 :
2134 1855 2189 1894 qui

1154 1930 1217 1952 non
1229 1920 1420 1952 Clearclium
1437 1919 1650 1958 solummodo,
1675 1929 1785 1950 verum
1809 1921 1941 1951 cunctos
1966 1920 2060 1951 etiam
2080 1921 2189 1960 tyran-

1153 1997 1210 2019 nos
1228 1987 1415 2019 crudelitate
1428 1987 1600 2026 superavit.
1622 1989 1692 2018 Non
1707 1988 1789 2017 enim
1814 1986 1853 2017 de
1877 1985 2113 2017 insidiatoribus
2127 1986 2189 2018 sra-

1153 2054 1209 2085 tris
1221 2055 1345 2084 tantum
1360 2053 1530 2084 vindictam
1547 2053 1697 2092 sumpsit,
1712 2052 1765 2083 sed
1779 2052 1872 2083 etiam
1888 2052 1917 2082 iu
1933 2053 2047 2084 liberos
2066 2061 2189 2089 eorum,

1153 2130 1253 2160 quum
1271 2122 1313 2152 rei
1329 2122 1514 2161 perpetratae
1529 2121 1644 2152 conscii
1661 2130 1722 2152 non
1738 2122 1858 2159 essent,
1870 2130 1933 2152 non
1948 2121 2052 2152 minus
2069 2122 2188 2161 saeviit,

1154 2188 1250 2226 atque
1265 2186 1309 2217 ita
1337 2195 1354 2216 a
1375 2187 1481 2217 multis
1504 2186 1680 2217 insontibus
1706 2186 1923 2217 maleficorum
1940 2195 2048 2225 poenas
2075 2187 2187 2226 exegit.

1154 2252 1196 2291 (2)
1220 2252 1292 2282 Fuit
1320 2252 1370 2282 liic
1383 2252 1486 2282 onnus
1502 2251 1653 2282 doctrinae
1670 2250 1894 2290 philosophicae
1914 2251 1946 2281 et
1961 2251 2077 2281 artium
2103 2251 2189 2290 inge-

1154 2328 1288 2350 nuarum
1305 2319 1434 2349 omnino
1450 2326 1562 2357 expers
1574 2341 1582 2355 ‚
1607 2317 1730 2355 ingenio
1748 2316 1786 2347 ad
1803 2316 1956 2347 saevitiam
1974 2318 2098 2347 tantum
2117 2325 2189 2356 pro·

1154 2391 1261 2422 penso.
1276 2383 1339 2412 Nec
1366 2381 1513 2411 voluutas
1537 2379 1563 2409 ei
1581 2380 1648 2410 erat
1675 2379 1847 2409 humanum
1864 2377 1983 2417 aliquid
1997 2378 2028 2408 et
2044 2378 2190 2409 modera-

1155 2449 1222 2478 tum
1239 2446 1397 2484 discendi,
1415 2454 1473 2475 nec
1490 2453 1507 2474 a
1524 2445 1635 2474 natura
1656 2443 1752 2473 indita
1765 2443 1898 2473 facultas
1914 2454 1920 2473 z
1937 2442 1990 2473 sed
2011 2451 2065 2482 per
2084 2442 2190 2473 omnia

1154 2511 1221 2540 erat
1238 2508 1406 2548 pessimus,
1422 2506 1541 2537 etiamsi
1557 2507 1681 2545 tempus
1695 2505 1795 2544 ipsum
1813 2504 1999 2543 infringebat
2013 2504 2188 2544 hominem,

1155 2574 1192 2604 ut
1217 2572 1318 2603 civilis
1348 2571 1475 2602 tandem
1495 2570 1653 2609 sanguinis
1678 2571 1709 2600 et
1737 2569 1831 2600 caedis
1856 2578 1929 2599 eum
1955 2569 2083 2600 satietas
2100 2578 2191 2609 cape-

1155 2636 1213 2666 ret.
1235 2634 1355 2665 Amoris
1379 2632 1506 2664 tandem
1525 2631 1652 2663 fraterni
1675 2631 1790 2670 primas
1810 2631 1894 2662 tulit..
1926 2632 1969 2669 (3)
1988 2634 2068 2662 Nam
2083 2632 2119 2662 ut
2135 2631 2188 2663 do·

1157 2700 1312 2729 minatum
1327 2697 1494 2737 nepotibus
1510 2705 1549 2727 ex
1564 2697 1659 2726 fratre
1674 2696 1828 2734 integrum
1840 2695 1880 2726 ab
1894 2695 2013 2733 injuriis
2027 2704 2189 2726 conserva-

1156 2762 1221 2798 ret,
1236 2760 1314 2791 adeo
1328 2760 1453 2790 illorum
1472 2758 1623 2788 rationem
1639 2756 1766 2795 habuit,
1786 2758 1832 2796 ut,
1847 2757 1920 2788 licet
1937 2757 2094 2796 conjugali
2106 2766 2188 2787 uxo-

1155 2825 1217 2863 ris,
1241 2833 1335 2863 quam
1362 2823 1453 2853 unice
1472 2822 1619 2860 amabat,
1643 2821 1872 2852 consuetudine
1896 2822 2051 2859 uteretur,
2075 2821 2189 2852 liberos

1155 2889 1260 2918 tamen
1274 2895 1310 2917 ex
1329 2895 1365 2916 ea
1380 2893 1544 2925 procreare
1558 2885 1674 2923 nollet,
1688 2884 1742 2915 sed
1759 2884 1845 2914 omni
1862 2885 1930 2915 arte
1947 2884 2030 2914 lianc
2045 2883 2188 2914 orbitatis

75 2965 2178 2981 ---—-—-———-——-————-—-—-———--—————————————--

57 3014 136 3040 ——2.
150 3008 806 3049 5'm50'0xoi]H.Stepiian.,iibr157t26000t5v
818 3006 1039 3044 -είτιάλᾙλοφ
1044 3003 1340 3044 ]ῐ1ιιη1ε“ίτινιένά.
1334 3004 1347 3022 ⁹
1362 3005 1407 3033 01
1408 3003 1477 3033 elle
1490 3014 1515 3033 ει
1526 3013 1644 3032 τισινα
1650 3003 1744 3032 ?—3.
1757 3013 1809 3032 και
1821 3001 2147 3042 515p‹0v]utLe0n1da>
2157 3002 2188 3030 et

58 3056 302 3094 Antithei,quos
315 3055 464 3086 Sffldaset
476 3057 593 3086 Justin.
608 3055 629 3085 l.
641 3055 661 3085 l.
674 3055 821 3084 asserunt.
834 3071 873 3074 —
888 3055 916 3083 4.
930 3053 1079 3091 δημοτελῆ
1094 3050 1272 3090 Θυσίαν]5(ῑ.
1289 3049 1814 3089 Aioauoimvoatoev,DiodorXVl,
1830 3054 1879 3080 36.
1895 3048 2184 3087 Cf.Cl1ionisepist.

59 3101 163 3132 ultim.
190 3118 231 3124 —
249 3100 452 3141 δυοκαίδεκα]
469 3101 518 3132 Sic
538 3101 634 3132 etiam
654 3099 808 3131 Diodorus
824 3099 947 3130 obitum
962 3098 1087 3138 tyranni
1102 3106 1281 3128 memorans
1302 3097 1341 3127 ad
1368 3097 1416 3127 Ol.
1440 3100 1514 3135 106,
1534 3099 1550 3127 4
1566 3096 1633 3136 (³—⁵³
1650 3105 1668 3126 a
1685 3098 1722 3128 C.
1736 3095 1769 3135 ),
1784 3098 1972 3135 occupatam
1986 3094 2186 3135 tyrannidem

57 3146 403 3187 a1101.106,1({{43.

101 3194 144 3230 11,
164 3198 191 3224 1.
207 3193 356 3234 Σάτυρος]
377 3194 450 3232 Ejiis
467 3193 554 3223 nulla
570 3192 688 3223 mentio
712 3200 762 3231 ap.
787 3191 959 3222 Diodorum
984 3191 992 3221 l
1021 3192 1063 3229 1.,

1081 3191 1133 3230 qui
1152 3190 1267 3221 tutoris
1282 3189 1585 3221 administrationem
1610 3189 1641 3219 in
1657 3188 1745 3219 annis
1761 3190 1846 3228 regni
1869 3188 2023 3219 Timothei
2041 3194 2183 3225 compre-

59 3238 177 3269 liendit.
192 3241 232 3269 V.
253 3239 441 3277 wesseling.
456 3258 493 3263 -
510 3243 537 3268 2.
554 3239 648 3268 ἐλευθ.
665 3237 778 3278 ἄλλου]
793 3238 834 3268 ἐλ,
851 3238 940 3267 ἄλλον
955 3238 1046 3267 ἄλλου
1062 3237 1205 3277 vulgata,
1220 3245 1256 3266 ex
1272 3236 1482 3275 dittograpnia
1498 3237 1608 3275 (ἄλλου
1625 3238 1656 3265 et
1669 3235 1803 3273 ἄλλων),
1818 3235 1848 3264 ni
1864 3234 1966 3272 fallor,
1988 3232 2182 3272 explic-anda.

55 3284 227 3315 *Przrstabit
253 3285 324 3315 sort.
349 3285 444 3314 scrib.
470 3284 568 3314 ἄλλων
601 3301 640 3306 -—
664 3284 748 3322 αὐτῷ
773 3284 862 3323 κόρον
882 3283 1020 3323 λαὸεῖν.)
1042 3285 1116 3315 Haec
1143 3285 1301 3323 corrupta.
1333 3283 1428 3315 Orelli
1449 3283 1532 3322 conj.
1559 3281 1660 3313 αὐτόν.
1680 3282 1780 3312 Possis
1808 3282 1890 3319 αὐτῷ
1915 3291 1945 3310 κ.
1970 3279 2107 3309 ἐνέὸαλλε
2135 3278 2183 3308 vel

64 3329 216 3369 ἐμῧαλων.
232 3349 269 3354 -
284 3333 313 3360 3.
332 3331 398 3365 ma.
418 3329 526 3368 λόγον]
540 3330 588 3359 τὸν
602 3329 692 3368 λόγον
709 3329 792 3368 vulg.
