2289 3728
971 99 1144 136 FRAGM
1157 103 1295 140 FNTA.

83 198 199 235 φρονος
218 185 335 235 χρυσῷ
353 183 508 234 στεφάνῳ
527 182 755 233 στεφανωθείη
781 181 861 230 πρὸς
880 182 1002 226 αὐτῶν,
1025 185 1109 218 ἀπο-

83 241 189 278 θανὼν
210 241 243 277 δὲ
261 243 305 282 ὡς
324 240 413 288 ἥρως
432 242 574 291 τιμῷτο.
595 238 783 286 Ἑκομίσθη
802 240 818 273 ὃ
840 239 937 281 δῆθεν
957 241 1110 287 χρησμὸς

83 298 140 335 καὶ
157 298 250 335 οὐδὲν
266 297 395 334 ὤναντο
411 299 440 334 οἱ
456 297 647 337 πλάσαντες
664 295 775 331 αὐτόν·
796 294 918 331 αὐτίκα
934 296 999 345 γὰρ
1014 298 1047 332 ἐν
1062 300 1109 347 τῷ

84 355 215 406 θεάτρῳ
235 355 503 407 στεφανούμενος
520 357 536 390 ὁ
554 352 781 405 <Ηροικλείδης
802 351 1021 397 ἀπόπληκτος
1038 354 1111 402 ἐγέ-

84 428 175 458 νετο,
196 411 229 450 οἵ
246 429 281 449 τε
317 412 434 462 θεωροὶ
454 409 737 450 καταλευσθέντες
757 408 1003 460 διεφθάρησαν·
1025 410 1110 447 ἀλλὰ

83 470 141 507 καὶ
158 473 179 515 ἡ
196 470 307 508 Πυθία
322 468 381 514 τὴν
399 467 503 513 αὐτὴν
521 467 612 518 ὥραν
629 469 792 503 κατιοῦσα
811 468 843 508 ἐς
861 466 899 503 τὸ
916 466 1035 504 ἄδυτον
1053 467 1111 504 καὶ

85 529 253 564 ἐπιστᾶσα
286 527 334 563 ἑνὶ
375 529 441 563 τῶν
474 525 666 575 δρακόντιον
698 524 861 573 δηχθεῖσα
894 527 1111 574 παραχρῆμα

85 584 288 622 ἀπέπνευσε.
325 582 395 621 Καὶ
422 581 465 620 τὰ
487 583 547 631 μὲν
567 581 644 632 περὶ
671 581 726 618 τὸν
756 581 897 618 θάνατον
919 583 1020 618 αὐτοῦ
1055 597 1113 618 το-

85 645 209 678 cavea.

366 731 427 774 [19.
459 725 830 763 ΚΑΛΛΙΣΘΕΝΙΙΣ.

138 818 323 854 Plutarch.
354 817 459 853 Alex.
487 829 516 852 e.
541 815 606 861 53,
629 829 649 851 2
677 809 684 850 ξ
708 814 853 863 Λέγεται
874 814 909 851 δέ
926 830 1007 851 ποτε
1026 817 1113 851 πολ-

86 876 153 912 λῶν
170 872 485 925 παρακεκλημένων
506 872 562 910 ἐπὶ
581 872 619 909 τὸ
640 873 772 909 δεῖπνον
794 872 971 908 ἐπαινέσαι
993 873 1113 908 κελευ-

87 932 176 974 σθεὶς
191 931 246 968 ἐπὶ
259 935 317 968 τοῖ’)
332 930 493 980 ποτηρίου
510 929 711 971 Μακεδόνας
729 931 745 966 ὃ
761 929 993 975 Καλλισθένης
1010 929 1115 972 οὕτως

87 992 248 1040 εὐροῆσαι
270 988 353 1038 πρὸς
371 988 431 1032 τὴν
454 987 625 1032 ὑπόθεσιν,
655 985 745 1023 ὥστε
765 987 1009 1035 ἀνισταμένους
1035 1003 1113 1038 κρο-

86 1048 154 1083 τεῖν
175 1046 234 1083 καὶ
256 1046 392 1096 βάλλειν
411 1044 488 1087 τοὺς
508 1044 691 1096 στεφάνους
711 1045 766 1080 ἐπ’
787 1044 888 1081 αὐτόν
906 1060 913 1067 ·
935 1045 1038 1081 εἰπεῖν
1059 1040 1114 1082 οὖν

86 1104 142 1141 τὸν
161 1103 389 1154 Ἀλέξανδρον,
408 1101 478 1148 ὅτι,
497 1101 574 1138 κατ’
591 1101 791 1152 Εὐριπίδην,
805 1101 862 1138 τὸν
882 1101 1033 1139 λαὸόντα
1049 1105 1115 1139 τῶν

86 1163 194 1211 λόγων

167 1242 261 1276 καλὰς
277 1241 412 1281 ἀφορμὰς
429 1240 464 1271 οὐ
480 1240 545 1280 μέγ’
564 1239 649 1280 ἔργον
666 1239 699 1270 εὖ
713 1240 818 1278 λέγειν.

88 1334 101 1347 «
124 1315 212 1354 Ἀλλ’
240 1313 402 1363 ἔνδειξαι,
422 1313 544 1365 φάναι,
564 1312 626 1359 τὴν
655 1316 759 1350 αὑτοῦ
780 1313 922 1362 δύναμιν
944 1316 1027 1362 ἡμῖν
1049 1328 1115 1350 κα-

87 1372 280 1424 τηγορήσας
298 1371 522 1417 Μακεδόνων,
541 1370 596 1408 ἵνα
618 1371 677 1408 καὶ
700 1370 850 1422 βελτίους
865 1371 1027 1421 γένωνται
1048 1387 1118 1420 μα-

88 1431 199 1473 θόντες
215 1430 236 1466 ἃ
254 1430 531 1479 πλημμελοῦσιν.
553 1446 567 1461 »
586 1428 689 1466 Οὕτω
703 1428 743 1474 δὴ
762 1428 817 1465 τὸν
835 1428 941 1478 ἄνδρα
960 1429 1042 1479 πρὸς
1056 1428 1116 1472 τὴν

87 1487 296 1538 παλινῳδίαν
323 1486 535 1538 τραπόμενον
564 1486 677 1524 πολλὰ
695 1486 1000 1537 παρρησιάσασθαι
1029 1485 1116 1522 κατὰ

87 1549 155 1582 τῶν
172 1544 379 1583 Μακεδόνων
394 1544 454 1582 καὶ
468 1544 528 1589 τὴν
546 1543 753 1590 Ἑλληνικὴν
772 1544 891 1581 στάσιν
906 1543 1017 1580 αἰτίαν
1035 1545 1117 1580 ἀπο-

88 1605 242 1657 φήναντα
262 1608 322 1650 τῆς
348 1604 532 1655 γενομένης
561 1605 639 1656 περὶ
672 1604 849 1642 Φίλιππον
870 1603 1040 1649 αὐξήσεως
1059 1603 1117 1640 καὶ

91 1663 263 1712 δυνάμεως
282 1664 386 1699 εἰπεῖν
400 1678 408 1684 ·

169 1755 219 1785 Ἐν
230 1755 261 1785 δὲ
272 1754 474 1794 δισχοστοισίῃ
493 1755 543 1784 καὶ
562 1755 578 1784 ὁ
588 1753 746 1793 πάγκακος
760 1753 867 1793 ἔλλαχε
883 1757 970 1793 τιμῆς
983 1765 987 1770 ·

90 1833 140 1882 ἐφ’
162 1827 190 1884 ᾧ
219 1832 338 1883 πικρὸν
367 1832 425 1870 καὶ
449 1833 535 1883 βαρὺ
556 1832 750 1883 ἐγγενέσθαι
783 1833 879 1881 μῖσος
909 1838 976 1874 τοῖς
996 1835 1118 1869 Μακε-

90 1892 179 1935 δόσι,
198 1891 256 1927 καὶ
282 1891 337 1926 τὸν
357 1889 573 1941 Ἀλέξανδρον
595 1891 714 1939 εἰπεῖν,
736 1892 779 1932 ὡς
797 1892 832 1926 οὐ
853 1892 912 1935 τῆς
933 1890 1118 1935 δεινότητος

89 1951 105 1984 ὃ
136 1946 382 1993 Καλλισθένης,
403 1945 492 1983 ἀλλὰ
511 1950 570 1993 τῆς
587 1947 786 1996 δυσμενείας
805 1947 1001 1984 Μακεδόσιν
1025 1947 1114 1983 ἀπό-

92 2007 107 2018 ss
211 2005 263 2018 Nl&

89 2019 106 2042 0

110 2005 187 2049 ειξιν
207 2018 345 2044 οεοωκε.
366 2008 488 2043 Ταῦτα
516 2006 576 2054 μὲν
604 2000 659 2043 οῧν
685 2008 701 2042 ὁ
729 2005 930 2056 ΕἘρμιππός
957 2021 1038 2057 φησι
1059 2005 1115 2042 τὸν

89 2115 313 2154 incommodis,
327 2115 352 2146 si
368 2117 399 2146 et
413 2116 523 2147 vivum
545 2116 742 2147 Heraclidem
765 2116 1000 2155 Euthyphronis
1016 2116 1116 2146 filium

88 2175 183 2199 aurea
196 2176 311 2198 corona
327 2168 519 2199 honorarent
535 2170 566 2199 et
582 2169 648 2199 vita
666 2168 809 2199 sunctum
825 2171 860 2199 ut
876 2169 1004 2199 heroem
1022 2177 1115 2199 vene-

88 2222 245 2252 rarentur.
289 2221 328 2252 At
349 2220 403 2250 ubi
427 2220 512 2251 istud
538 2220 656 2251 scilicet
673 2221 837 2251 oraculum
860 2221 991 2251 allatum
1015 2223 1115 2258 esset,

88 2272 162 2302 nihil
182 2280 235 2302 eos
257 2270 309 2310 qui
335 2271 415 2301 hanc
436 2279 562 2301 scenam
589 2271 764 2309 finxerant,
787 2270 858 2302 inde
880 2280 945 2302 esse
967 2271 1113 2301 luci-atos.

88 2322 245 2353 Continuo
261 2322 344 2353 enim
369 2323 555 2352 coronatum
574 2322 606 2352 in
630 2322 754 2353 theatro
776 2322 972 2353 Heraclidem
996 2323 1116 2352 tactum

88 2373 251 2412 apoplexia
266 2382 349 2412 esse,
372 2372 497 2403 theoros
521 2381 595 2403 vero
623 2372 780 2412 lapidibus
801 2372 931 2403 obrutos
946 2372 1115 2411 interiisse,

89 2424 297 2463 Pythiamque
321 2432 357 2454 ea
381 2423 447 2462 ipsa
474 2423 551 2454 hora
575 2432 674 2463 quum
697 2423 886 2454 ascendisset
911 2424 941 2454 111
966 2423 1115 2463 adytum,

88 2474 233 2505 ‹li-aeonis
247 2483 352 2504 morsu
368 2473 518 2505 continuo
532 2474 650 2506 efflasse
668 2474 817 2505 animam.
862 2476 965 2513 Atque
978 2475 1035 2506 ista
1047 2475 1116 2514 qui-

89 2525 160 2555 dem
176 2525 215 2556 de
232 2525 325 2564 ipsius
344 2525 456 2556 morte.

572 2597 629 2627 49.

129 2667 293 2697 Traditum
310 2667 356 2696 est
372 2666 486 2705 literis,
501 2666 660 2705 quondam
679 2666 832 2705 frequenti
846 2666 876 2696 in
890 2667 1035 2697 convivio
1048 2668 1115 2705 Jus-

88 2726 157 2748 511111
177 2717 257 2747 inter
273 2716 385 2756 pocula
399 2716 606 2747 Macedonum
625 2716 734 2747 laudes
749 2717 852 2747 dicere
868 2717 1093 2748 Callisthenem
1104 2742 1113 2757 ‚

89 2769 176 2799 tanta
193 2766 337 2797 facundIa
351 2767 388 2797 de
399 2767 557 2806 proposita
570 2775 603 2797 re
616 2767 795 2798 disseruisse
804 2791 813 2804 ,
830 2769 864 2798 ut
874 2768 1114 2807 assurrexerint,

89 2819 262 2858 plausuque
274 2817 348 2848 dato
358 2818 439 2847 serta
452 2817 483 2847 in
498 2826 571 2847 eum
584 2817 784 2855 conjecerint.
819 2818 1030 2849 Alexandrum
1042 2827 1116 2850 vero

89 2870 203 2901 dixisse
221 2883 228 2900 ε
247 2870 340 2900 Recte
357 2869 396 2899 ab
414 2869 559 2908 Euripide
572 2870 828 2909 pronuntiatum,

159 2956 254 2987 Quum
269 2953 426 2981 disserendi
440 2953 564 2988 pulchra
580 2953 668 2981 datur
681 2954 804 2988 occasio,

157 3007 216 3027 non
231 3001 274 3027 est
287 2998 383 3032 magni
396 2998 501 3026 laboris
514 3006 559 3026 res
568 3020 575 3032 ‚
588 2999 662 3026 hene
676 3000 774 3026 (licere
788 3008 795 3025 z

89 3074 163 3112 quin
176 3073 280 3112 potius
294 3072 487 3103 ostentandae
504 3073 659 3103 facundiae
670 3082 780 3103 caussa
794 3073 988 3112 vituperaret
1006 3076 1112 3105 Mace-

88 3120 201 3156 dones,
220 3121 276 3158 ut,
293 3119 441 3150 vitiorum
455 3128 586 3150 suorum
599 3120 729 3158 moniti,
746 3129 783 3150 ea
804 3121 1019 3152 emendarent.
1066 3122 1110 3152 lhi

88 3179 160 3201 eum
174 3171 409 3208 retractantem,
426 3179 498 3210 quae
514 3171 600 3210 prius
618 3170 758 3209 dixisset,
772 3172 872 3202 multa
893 3172 989 3203 libere
1002 3173 1032 3203 in
1047 3175 1113 3203 Ma-

87 3213 221 3251 oedones
239 3219 379 3250 locutum
390 3243 398 3258 ,
427 3221 675 3259 Graecorumque
699 3220 825 3251 dissidia
853 3230 993 3252 caussam
1023 3223 1114 3254 fuisse

2138 113 2187 145 217

1176 190 1393 236 ἀνα-,ννωστην
1420 196 1470 226 112³)
1502 192 1746 234 Καλλισθένους
1776 193 1939 242 Στροῒίᾷον
1970 193 2191 243 Ἀριστοτέλει

1173 246 1370 293 διηγεῖσθαι,
1389 248 1442 283 τὸν
1466 250 1498 284 δὲ
1521 249 1752 293 Καλλισθένην
1774 249 1913 286 συνέντα
1932 249 1992 294 τὴν
2014 251 2180 300 ἀλλοτριό-

1173 317 1257 345 τητα
1273 306 1327 338 τοῦ
1346 305 1511 352 βασιλέως
1523 306 1569 347 δὶς
1584 307 1604 351 ἢ
1625 308 1693 357 τρίς
1706 308 1845 344 ἀπιόντα
1864 307 1943 358 πρὸς
1955 308 2053 344 αὐτὸν
2067 310 2170 344 εἰπεῖν
2186 325 2190 329 ·

1255 390 1387 420 nazowe
1405 394 1454 421 καὶ
1471 394 1659 433 Πάτροκλος,
1674 397 1747 436 ὅπερ
1764 399 1815 427 σέο
1832 399 1941 428 πολλὸν
1955 398 2103 437 &paea-m.

1230 486 1243 499 (ι
1282 471 1343 503 Uti
1379 483 1421 504 ex
1455 474 1598 507 Luzaeii
1630 476 1874 522 dispulalione
1906 480 2079 524 colligere
2111 480 2188 513 lieet

1175 525 1302 571 (Leel.
1323 530 1397 560 Au.
1422 530 1470 569 11,
1493 536 1532 568 is,
1550 557 1557 569 ,
1583 543 1618 575 p.
1648 534 1715 565 188
1733 547 1782 579 sq.
1798 536 1807 581 )
1823 563 1830 577 ,
1858 537 1928 569 hoe
1951 548 1992 569 ex
2013 538 2194 571 Callisthe—

1173 584 1227 616 nis
1245 585 1326 617 Vita
1353 584 1593 630 fragmentum
1619 588 1691 631 jain
1716 591 1798 625 inde.
1826 606 1843 626 a
1878 606 1955 639 vap.
1980 593 2024 626 52
2051 595 2190 628 iniliuni

1174 641 1291 686 capit,
1317 641 1499 687 siquidem
1524 644 1634 677 verba
1666 657 1673 677 .·
1706 645 1791 681 ἰδίαν
1814 647 1887 682 τινὰ
1914 649 2138 698 πορευόμενον
2160 649 2194 691 ἐξ

1174 697 1283 746 ἀρχῆς
1302 696 1375 733 ὁδὸν
1407 698 1438 732 ἐν
1467 698 1666 748 φιλοσοφίᾳ,
1686 701 1742 736 καὶ
1764 702 1858 744 δόξαν
1880 705 2039 755 εἰληφότα
2071 708 2193 756 ὑπεροη

1173 753 1252 803 ψίας
1270 753 1328 790 καὶ
1357 753 1537 803 ὀλιγωρίας
1556 757 1622 790 τῶν
1651 757 1813 803 συνήθων,
1835 775 1913 806 quw
1941 771 2023 797 sunt
2048 766 2081 797 111
2112 766 2189 800 init.

1175 814 1321 858 capitis,
1341 812 1508 859 allegata,
1523 814 1727 849 utlivorcm
1744 818 1966 853 Callisthenis
1984 823 2016 854 in
2034 824 2192 855 Anaxar-

1175 870 1285 903 chum
1314 870 1553 916 denotarent,
1581 884 1624 905 ex
1652 874 1844 919 Herniippi
1873 885 1989 911 niente
2015 892 2195 913 emanasse

1177 928 1332 962 Luzacio
1349 927 1536 963 videntur.
1558 929 1641 962 Non
1664 943 1778 977 negO,
1802 932 1863 965 sed
1881 936 2053 968 orationis
2067 937 2191 970 habitu

1176 997 1238 1019 eos
1263 985 1351 1018 mihi
1373 991 1514 1019 tantum
1536 984 1626 1020 fines
1649 987 1850 1033 descriptos
1872 992 2084 1035 existimavi,
2105 1005 2197 1039 quos

1175 1050 1317 1077 secutus
1337 1055 1415 1076 sum
1444 1043 1481 1076 111
1503 1043 1709 1077 delibandis
1728 1057 1771 1078 ex
1801 1046 1993 1079 Plutarcho
2015 1050 2145 1085 verbis,
2180 1067 2191 1077 =·

1177 1099 1377 1136 Lozxxsm.
1395 1101 1503 1134 Plura
1522 1100 1690 1134 dedimus
1704 1102 1741 1135 111
1765 1102 1972 1139 Introduct.
1993 1105 2037 1138 ad
2056 1105 2101 1141 fr.
2121 1108 2196 1140 (tal-

1177 1158 1272 1194 listh.
1292 1170 1330 1204 p,
1352 1157 1371 1191 3
1389 1170 1469 1204 sqq.

1307 1266 1366 1300 50.
1399 1266 1693 1303 ΔΗΜΗΤΡΙΟΣ
1719 1267 1750 1302 Ο
1781 1267 2065 1305 ΦΑΛΗΡΕΥΣ.

1229 1377 1413 1423 Diogenes
1432 1378 1473 1421 V,
1499 1376 1545 1421 78
1573 1388 1582 1413 ζ
1606 1375 1703 1420 Φησὶ
1723 1375 1751 1411 δ’
1778 1375 1878 1412 αὐτὸν
1896 1375 2095 1427 εἝρμιππος
2116 1378 2200 1425 μετὰ

1177 1431 1234 1468 τὸν
1266 1432 1470 1483 Κασάνδρου
1502 1433 1644 1469 θάνατον
1675 1432 1865 1481 φοὸηθέντα
1892 1433 2078 1482 Ἀντίγονον
2108 1434 2201 1485 παρὰ

1179 1490 1394 1538 Πτολεμαῖον
1416 1491 1523 1527 ἐλθεῖν
1551 1490 1606 1527 τὸν
1627 1492 1792 1541 Σωτῆρα·
1817 1492 1916 1527 κάκεῖ
1940 1491 2058 1542 χρόνον
2087 1492 2200 1528 ἱκανὸν

1178 1547 1395 1596 διατρίὲοντα
1430 1548 1674 1596 συμίῖουλεύειν
1704 1551 1752 1599 τῷ
1781 1548 1989 1599 Πτολεμαίῳ
2023 1548 2105 1600 πρὸς
2136 1554 2202 1590 τοῖς

1178 1604 1292 1647 ἄλλοις
1307 1604 1366 1641 καὶ
1382 1604 1443 1649 τὴν
1466 1605 1642 1655 βασιλείαν
1662 1611 1729 1648 τοῖς
1750 1604 1782 1648 ἐξ
1808 1606 1997 1657 Εὐρυδίκης
2017 1609 2200 1656 περιθεῖναι

1177 1661 1288 1701 παισί.
1307 1664 1380 1700 Τοῦ
1397 1663 1431 1699 δὲ
1448 1664 1485 1699 οὗ
1505 1662 1714 1708 πεισθέντος,
1732 1662 1820 1699 ἀλλὰ
1836 1664 2044 1714 παραδόντος
2070 1663 2108 1699 τὸ
2128 1664 2202 1700 διά-

1178 1720 1272 1767 δημα
1298 1723 1347 1771 τῷ
1379 1719 1417 1756 ἕκ
1446 1720 1650 1770 Βερενίκης,
1680 1719 1767 1768 μετὰ
1796 1718 1857 1765 τὴν
1888 1720 2015 1757 ἐκείνου
2046 1720 2202 1765 τελευτὴν

1179 1776 1360 1821 ἀξιωθῆναι
1379 1776 1462 1827 πρὸς
1491 1776 1612 1814 τούτου
1630 1777 1957 1826 παραφυλάττεσθαι
1977 1780 2010 1814 ἐν
2038 1781 2079 1827 τῇ
2108 1778 2203 1829 χώρα

1179 1834 1281 1885 μέχρι
1299 1850 1332 1871 τι
1347 1834 1432 1877 δόξει
1449 1835 1524 1886 περὶ
1539 1836 1656 1871 αὐτοῦ.
1677 1834 1849 1872 Ἐνταῦθα
1864 1835 2069 1884 ἀθυμότερον
2090 1837 2182 1884 διῆγε
2196 1851 2203 1858 ·

1178 1890 1236 1926 καί
1253 1906 1324 1933 πως
1349 1890 1532 1927 ὑπνώττων
1557 1893 1615 1927 ὑπ’
1637 1891 1778 1933 ἀσπίδος
1793 1891 1854 1936 τὴν
1877 1893 1975 1943 χεῖρα
1997 1893 2131 1942 δηχθεὶς
2148 1893 2203 1929 τὸν

1179 1947 1249 1998 βίον
1267 1951 1407 1997 μεθῆκε.
1428 1948 1498 1986 Καὶ
1512 1948 1678 1985 θάπτεται
1691 1950 1722 1985 ἐν
1741 1951 1789 2000 τῷ
1809 1949 1990 2000 Βουσιρίτῃ
2007 1952 2098 2001 νομῷ
2117 1952 2203 1995 πλη-

1178 2005 1248 2042 σίον
1268 2006 1497 2048 Διοσπόλεως.

1176 2116 1444 2146 incrementorum
1462 2117 1492 2146 et
1511 2117 1660 2155 potentiae
1681 2117 1814 2156 Philippi
1832 2118 2080 2156 pronuntiasset,
2100 2118 2204 2148 addito

1177 2167 1315 2197 carmine
1325 2190 1333 2205 ,

1247 2227 1390 2254 Pessimus
1402 2226 1437 2254 ad
1451 2235 1579 2255 summos
1592 2227 1677 2255 etiam
1693 2229 2012 2263 couscemlithouores,

1247 2280 1337 2307 quum
1351 2280 1397 2300 res
1412 2273 1536 2300 dissidiis
1549 2275 1577 2300 el
1591 2272 1732 2300 seditione
1750 2273 1892 2301 laborant.

1178 2334 1221 2362 Eo
1235 2331 1319 2361 dicto
1335 2331 1470 2369 ingentia
1482 2330 1689 2361 Macedonum
1701 2331 1732 2361 111
1745 2340 1777 2361 se
1787 2331 1858 2361 odia
1868 2331 2038 2362 concitasse
2051 2331 2159 2368 fertur,
2173 2331 2203 2359 et

1177 2380 1391 2411 Alexandrum
1407 2381 1522 2411 dixisse
1541 2393 1547 2411 z
1569 2383 1638 2412 Non
1656 2381 1809 2412 facundiae
1829 2382 2050 2420 Callisthenes,
2067 2381 2120 2411 sed
2134 2389 2201 2410 ma-

1176 2431 1351 2462 levolentiae
1367 2440 1432 2461 suae
1448 2431 1675 2462 documentum
1693 2432 1916 2462 Macedonibus
1949 2431 2096 2471 praebuit.
2130 2433 2201 2461 llaec

1177 2483 1337 2514 Stroebum
1354 2483 1553 2514 Callisthenis
1571 2484 1771 2521 anagnostam
1787 2483 1942 2514 Aristoteli
1964 2491 2104 2513 narrasse
2122 2484 2201 2512 Her-

1176 2536 1300 2574 mippus
1327 2535 1389 2571 ait,
1415 2535 1564 2573 additque
1588 2534 1830 2573 Callisthenem,
1852 2544 1951 2574 quum
1966 2535 2106 2564 animum
2124 2533 2201 2572 regis

1176 2595 1194 2617 a
1209 2595 1242 2617 se
1254 2586 1464 2616 abalienatum
1477 2585 1623 2623 sentiret,
1639 2585 1848 2616 discedentem
1862 2585 1888 2615 ei
1903 2585 1949 2615 his
1967 2587 2053 2615 terve
2068 2584 2200 2620 dixisse,

1245 2651 1283 2676 Te
1297 2656 1410 2683 quoque
1426 2649 1578 2677 Patroclus
1590 2649 1777 2683 praestantior
1790 2647 1897 2675 occidit
1910 2648 1992 2675 olim.

1658 2705 1717 2735 50.

1216 2764 1403 2803 Hermippus
1414 2765 1607 2794 Demetrium
1617 2764 1800 2794 phalereum
1811 2764 1905 2794 tradit
1916 2766 1984 2803 post
1993 2762 2139 2793 Casandri
2152 2770 2200 2791 ne·

1175 2824 1243 2845 cem
1260 2815 1403 2854 Antigoni
1424 2816 1510 2846 metu
1526 2823 1559 2846 se
1578 2815 1616 2845 ad
1640 2817 1844 2847 Ptolemaeum
1863 2817 2001 2847 Soterem
2019 2814 2196 2850 contulisse,

1177 2866 1377 2905 multumque
1389 2866 1452 2896 illic
1465 2866 1614 2905 temporis
1624 2868 1780 2896 moratum
1795 2867 1874 2897 inter
1885 2868 1986 2896 cetera
1996 2865 2125 2896 suasisse
2138 2864 2198 2902 regi

1178 2918 1212 2947 ut
1229 2916 1298 2947 filiis
1311 2925 1389 2956 quos
1406 2925 1445 2947 ex
1462 2916 1619 2956 Eurydice
1631 2919 1820 2956 susceperat,
1834 2917 2044 2955 impertiretur
2057 2923 2195 2953 regnum.

1178 2968 1234 2998 lllo
1251 2977 1314 2998 non
1335 2968 1588 3007 obtemperante,
1607 2968 1661 2999 sed
1680 2968 1707 2999 ei
1727 2977 1822 3008 quem
1838 2977 1877 2999 ex
1891 2967 2037 2998 Berenice
2052 2967 2199 3005 genuerat

1175 3019 1319 3049 diadema
1340 3019 1500 3057 tradente,
1521 3019 1560 3049 ab
1583 3020 1642 3050 hoc
1660 3019 1727 3058 ipso
1748 3021 1817 3058 post
1832 3019 1927 3058 patris
1948 3020 2082 3048 mortem
2105 3018 2197 3047 fuisse

1174 3073 1368 3102 asservatum
1387 3072 1418 3102 in
1441 3071 1613 3109 provincia,
1630 3071 1734 3110 quoad
1757 3070 1872 3109 aliquid
1894 3070 1933 3100 de
1956 3069 2009 3100 illo
2030 3069 2195 3099 statuisset.

1176 3123 1231 3153 Hic
1245 3122 1296 3152 ille
1315 3122 1456 3152 moestior
1472 3121 1550 3151 vixit
1571 3131 1578 3151 ε
1597 3123 1627 3152 et
1645 3121 1720 3151 dum
1745 3120 1861 3151 dormit
1884 3120 1923 3150 ab
1944 3119 2048 3157 aspide
2066 3126 2193 3148 manum

1175 3181 1296 3204 morsus
1310 3181 1348 3203 ex
1365 3173 1427 3202 vita
1444 3172 1589 3211 migravit
1605 3182 1611 3201 ε
1630 3172 1832 3211 sepultusque
1849 3171 1893 3200 est
1908 3170 1936 3199 in
1953 3168 2083 3199 Busiritc
2102 3176 2193 3197 nomo

1175 3233 1269 3263 prope
1289 3225 1456 3263 Diospolin.
