2338 3765
664 157 943 195 STRAssole
974 158 1250 196 AMASENSiS
1282 162 1408 200 FRAG
1418 164 1453 200 M
1463 164 1601 201 EaTA.

80 242 118 278 ἐκ
139 244 204 277 τῶν
225 241 440 289 μαῡημάτων
469 241 527 278 καὶ
553 244 590 278 ἐκ
616 245 680 278 τῶν
701 242 863 292 οὐρανίων
885 246 905 278 ἁ
927 242 1108 278 συνάπτειν

79 299 262 349 προσῆκε.]
281 298 410 350 Διόπερ
428 301 526 347 ἡμεῖς
546 299 770 344 πεποιηκότες
796 302 812 335 ὓ
824 315 849 336 π
861 315 877 336 ο
890 316 914 348 μ
926 300 973 344 νή
988 316 1011 347 μ
1025 316 1044 336 α
1057 316 1075 336 τ
1088 315 1108 335 α

78 359 198 405 ἱστορ
209 371 247 392 ικ
259 355 278 392 ὰ
292 356 447 406 χρήσιμα
457 386 466 402 ,
478 359 522 399 ὡς
538 357 841 406 ὑπολαμὸοίνομεν,
857 359 901 399 εἰς
912 373 972 402 την
987 360 1087 402 ἠθικη

77 415 135 452 καὶ
166 413 344 460 πολιτικὴν
379 414 591 467 φιλοσοφίαν,
634 416 784 465 ἔγνωμεν
822 419 1018 467 προσθειναι
1051 433 1108 454 και

77 474 175 518 τήνδε
192 472 253 518 τὴν
280 473 447 517 σύνταξιν·
464 473 620 523 ὁμοειδὴς
639 474 704 525 γὰρ
725 474 783 511 καὶ
809 473 894 520 αὐτὴ
909 504 919 523 ,
939 490 998 512 και
1026 490 1109 525 προς

75 530 150 574 τοὺς
168 530 288 573 αὐτοὺς
312 531 454 582 ἄνδρας,
471 532 528 568 καὶ
549 533 701 581 μάλιστα
730 531 807 574 τοὺς
834 534 868 569 ἐν
885 548 957 575 ταις
982 534 1108 584 ὑπερο-

74 592 163 639 χαῖς.
182 586 262 627 Ἔτι
282 589 316 625 δὲ
332 588 389 626 τὸν
406 589 507 626 αὐτὸν
522 589 660 640 τρόπον,
679 589 781 641 ὅνπερ
801 592 868 627 ἐκει
882 589 925 627 τὰ
942 590 1017 641 περὶ
1034 606 1108 633 τους

74 647 246 699 ἐπιφανεῖς
274 646 397 697 ἄνδρας
420 647 477 683 καὶ
503 647 594 697 βίους
623 647 787 698 τυγχάνει
817 648 978 697 μνήμης,
1003 663 1046 684 τα
1072 649 1105 685 δι

74 704 178 755 μικρὰ
194 704 253 741 καὶ
271 704 374 748 ἄδοξα
393 705 662 755 παραλείπεται,
682 706 891 742 κάνταυθα
874 706 924 742 οεῒ
942 705 983 742 τὰ
1000 706 1106 756 μικρὰ

72 763 131 800 καὶ
147 762 189 800 τὰ
207 765 319 834 ἀφανῆ
338 763 598 822 παραπέμπειν,
615 766 648 801 ἐν
667 763 701 800 δὲ
719 770 785 804 τοῖς
807 764 949 808 ενδόξοις
969 780 1025 801 και
1045 780 1107 813 με-

72 821 188 871 γάλοις
214 820 273 857 καὶ
299 823 332 857 ἐν
356 824 403 861 οἱς
430 821 467 858 τὸ
491 821 732 873 πραγματικὸν
761 822 819 859 καὶ
836 822 1107 872 εὐμνημόνευτον

71 878 129 915 καὶ
145 877 207 923 ἡδυ
223 877 422 929 διατρίὸειν.

566 945 602 967 2.

123 1019 226 1054 Idem
244 1020 300 1063 ΙΙ,
320 1031 356 1066 p.
376 1032 422 1064 70
446 1031 454 1056 :
472 1016 640 1060 Ἅπαντες
659 1016 720 1066 μὲν
747 1018 858 1055 τοίνυν
886 1020 916 1055 οἱ
945 1018 1024 1069 περὶ
1047 1035 1106 1063 της

70 1074 216 1121 Ἰνδικῆς
244 1075 435 1127 γράψαντες
459 1079 503 1118 ὡς
527 1076 581 1113 ἐπὶ
604 1076 642 1113 τὸ
667 1076 752 1113 πολὺ
779 1078 978 1128 ψευδολογοι
1004 1093 1105 1127 γεγο-

69 1149 163 1178 νασι,
197 1133 272 1170 καθ’
304 1134 495 1185 ὓπερὸολὴν
526 1133 560 1171 δὲ
589 1133 788 1185 Δηίμαχος·
823 1134 865 1171 τὰ
898 1135 932 1172 δὲ
965 1135 1105 1186 δεύτερα

68 1192 160 1241 λέγει
185 1191 429 1240 Μεγασθένης·
454 1191 691 1242 Ὀνησίκριτος
717 1191 751 1228 δὲ
777 1192 835 1229 καὶ
864 1193 1020 1244 Νέαρχος
1047 1193 1104 1230 καὶ

69 1249 167 1286 ἄλλοι
178 1253 328 1286 τοιοῦτοι
339 1250 651 1301 παραψελλίζοντες
661 1250 740 1296 ἤδη·
752 1251 809 1287 καὶ
823 1253 905 1299 ἡμῖν
918 1251 945 1288 δ’
959 1251 1104 1302 ὑπῆρξεν

68 1308 228 1343 ἐπιπλέον
243 1309 391 1344 κατιδεῖν
409 1312 516 1344 ταῦτα
533 1308 912 1358 ὑπομνηματιζομένοις
935 1309 996 1352 τὰς
1011 1310 1102 1348 Ἀλε-

68 1363 207 1414 ξᾶνδρου
223 1365 375 1417 πράξεις.

266 1453 622 1491 ΥΠΟΜΝΗΜΑΤΑ
655 1454 900 1491 ΙΣΤΟΡΙΚΑ.

572 1548 601 1570 1.

120 1623 299 1669 Josephus
317 1623 356 1658 C.
372 1623 508 1669 Apion.
526 1623 584 1665 ΙΙ,
603 1635 637 1666 7,
654 1622 700 1656 de
714 1624 900 1657 Antiocho
913 1624 1103 1670 Epiplinnc

68 1681 246 1727 templum
275 1681 491 1715 Judaeorum
520 1681 705 1726 expilante
736 1681 804 1727 (Ol.
838 1680 933 1727 153,
970 1694 998 1716 1.
1033 1681 1102 1715 168

84 1760 114 1764 —
142 1739 210 1784 167
228 1751 260 1775 a.
280 1738 357 1787 C.).
381 1739 473 1774 Vide
495 1739 638 1773 Nicolai
656 1740 764 1774 Dani.
784 1739 829 1773 fr.
852 1738 913 1774 5ο.

563 1838 596 1860 2.

396 1914 541 1948 LIBER
570 1914 765 1949 SEXTUS,

225 1998 342 2048 (Τῶν
337 1997 422 2034 υιετὰ
446 1997 619 2036 Πολύὸιον
643 1998 760 2049 βίόλος
778 1998 943 2048 δευτέρα.)

117 2087 249 2123 Strabo
282 2087 357 2130 XI,
390 2100 427 2133 p.
460 2085 534 2121 515
567 2085 791 2135 εΕἰρηκότες
823 2084 857 2121 δε
885 2084 995 2121 πολλὰ
1023 2100 1099 2136 περι

64 2200 82 2221 e
96 2191 327 2221 mathematum
348 2198 384 2220 ac
398 2190 572 2220 ‹zu-{estium
586 2190 711 2220 orbium
727 2189 869 2220 doctrina
887 2191 976 2220 erant
999 2199 1095 2219 anne.-

65 2241 212 2279 cienda.)
237 2240 341 2280 [Hcec
355 2240 474 2280 influe
492 2240 649 2280 ponenda
673 2240 865 2280 videntur]
884 2241 1095 2275 Quamobrem

66 2301 139 2329 nos,
177 2294 342 2332 postquam
375 2291 538 2322 historic-,os
573 2291 809 2331 composuimus
837 2292 1097 2329 comnwutarios,

65 2344 174 2381 utiles,
188 2345 224 2374 ut
246 2343 373 2383 quidem
391 2343 595 2381 arbitramur,
609 2343 649 2374 ad
669 2344 820 2374 moralem
837 2352 874 2374 ac
888 2344 1013 2374 civilem
1032 2344 1096 2383 plri-

66 2395 239 2434 losopliiam
251 2418 259 2432 ‚
279 2395 338 2424 lioc
352 2403 480 2433 quoque
495 2404 574 2434 opus
595 2395 710 2425 addere
735 2395 904 2426 statuimus
920 2408 926 2426 z
945 2397 990 2425 est
1014 2396 1096 2425 enini

64 2446 205 2484 ejusdem
222 2445 347 2481 formae,
364 2447 395 2476 et
412 2445 450 2475 ad
470 2445 596 2476 eosdem
616 2446 751 2485 pertinet
770 2446 853 2476 viros
865 2470 873 2484 ,
892 2446 1029 2476 maxime
1043 2447 1096 2485 qui

65 2496 96 2526 in
111 2496 217 2535 aliquo
227 2498 300 2526 sunt
315 2496 435 2534 fastigio
450 2497 605 2526 collocati.
621 2498 702 2527 Tum
725 2505 787 2535 quo
811 2497 904 2527 modo
923 2497 962 2527 ilii
978 2506 1013 2527 ea
1031 2497 1096 2527 sola

65 2548 362 2583 ronuuemorantur‚
379 2556 451 2586 qure
461 2549 533 2577 sunt
548 2547 718 2578 illustrium
734 2547 871 2577 virorum
887 2556 923 2578 ac
938 2548 1073 2578 vitarum
1087 2572 1095 2585 ‚

65 2598 185 2637 exiguis
200 2607 237 2628 ac
260 2598 398 2637 ingloriis
414 2598 536 2629 omissis
563 2611 569 2629 :
591 2599 701 2629 eodem
724 2599 775 2629 liic
798 2608 924 2638 quoque
946 2608 1043 2638 parva
1065 2602 1097 2630 et

63 2650 196 2679 obscura
212 2649 428 2688 praetereunda
445 2651 534 2687 sunt;
554 2650 584 2679 in
603 2649 695 2680 claris
717 2652 827 2680 autem
851 2652 882 2680 et
903 2651 1041 2689 magnis,
1065 2652 1096 2681 et

32 2739 35 2741 Α
65 2700 95 2730 in
115 2700 230 2739 quibus
248 2699 286 2730 ad
300 2700 439 2730 actiones
457 2700 574 2730 faciens
587 2700 704 2739 aliquid
727 2702 757 2731 et
779 2701 938 2731 memoriae
957 2701 1095 2732 oblecta-

30 2742 32 2746 ’
63 2751 138 2782 tioui
157 2752 265 2789 aptum
281 2751 376 2789 inest,
391 2750 638 2781 immorandum.

559 2805 594 2835 2.

104 2860 221 2889 Omnes
236 2867 309 2889 sane
322 2859 375 2898 qui
392 2859 431 2890 de
448 2859 534 2890 ludia
554 2860 764 2899 scripserunt,
781 2860 987 2899 utplurimum
1011 2870 1083 2891 men

64 2908 154 2940 dacia
168 2911 347 2948 proterunt,
362 2920 426 2950 prae
437 2911 549 2942 ceteris
562 2920 636 2941 vero
651 2912 858 2951 Deimaclius;
873 2912 1010 2943 secundo
1025 2913 1094 2943 loeo

64 2960 197 2999 ponendi
219 2962 293 2991 sunt
315 2962 550 3000 Megasthenes;
570 2962 764 2992 Onesicritus
784 2962 919 3001 denique
945 2964 975 2993 et
998 2966 1094 2994 Near-

64 3012 142 3042 clius
156 3013 271 3052 aliique
285 3013 363 3044 tates
383 3014 447 3052 jani
473 3015 520 3044 vel
545 3015 735 3045 balbutiunt.
761 3015 852 3051 Quod
869 3016 958 3046 nobis
974 3016 1095 3054 plenius

64 3063 237 3102 perspicere.
254 3064 386 3104 contigit
400 3089 408 3104 ,
423 3073 522 3105 quum
537 3074 585 3096 res
600 3065 767 3097 Alexandri
780 3067 1016 3097 commentariis
1029 3076 1095 3106 pro-

62 3122 277 3153 sequeremur.

895 242 903 255 ἱ
1196 254 1210 259 ι,

939 356 947 372 Χ
1075 358 1082 371 x

1092 374 1108 394 V

949 419 963 426 -
1096 417 1104 430 ι

987 474 994 490 Χ
1077 475 1084 486 Χ

854 591 871 599 ’ν
1074 590 1082 603 ι

1029 647 1037 662 x
1096 647 1102 657 Ι

1094 664 1105 675 Ε

1207 832 1215 844 Ι

1069 1021 1089 1029 Ν
1206 1005 1213 1017 Ι

1167 1041 1172 1054 ι

917 1076 924 1088 r
1078 1078 1085 1091 t

2120 177 2187 207 ⁴2¹3!

1172 254 1237 286 τών
1269 254 1452 303 Παρθικῶν
1480 255 1634 304 νομίμων
1664 258 1702 292 ἐν
1733 260 1783 307 τῆ
1810 257 1916 308 ἕκτη
1956 262 2036 295 niv
2068 259 2199 298 Icto-

1173 311 1300 358 ρικῶν
1321 312 1644 360 ὑπομνημάτων
1668 314 1822 365 (ximo,
1846 317 2065 368 δευτέρα
2049 317 2092 353 δὲ
2119 334 2196 355 των

1172 366 1285 413 μετὰ
1306 369 1336 405 Π
1351 368 1454 405 om&
1441 385 1539 416 ιον,
1557 372 1813 423 παραλείψομεν
1831 376 1995 420 ἐνταῦθα,
2012 374 2059 421 μὴ
2078 391 2197 413 ταυτο-

1170 402 1318 472 λογεῒν
1301 424 1461 472 οόξωμεν·
1477 432 1635 465 τοσουτον
1660 429 1809 472 εἰπόντες
1828 431 1939 479 μόνον,
1955 432 2006 468 ὅτι
2023 448 2088 469 των
2106 435 2197 484 Παρ

1170 480 1294 517 θυαίων
1327 482 1497 532 συνεδριόν
1525 500 1607 534 φησι
1638 487 1858 530 [Ιοσειούνιος
1891 493 1975 525 εἶναι
2010 491 2132 527 διττόν·
2161 491 2198 527 τὸ

1170 547 1243 579 μεν,
1261 536 1443 582 συγγενῶν,
1463 534 1500 571 τὸ
1519 536 1551 572 δὲ
1573 552 1683 588 σοφων
1707 554 1764 574 και
1788 540 1918 589 μάγων,
1945 541 1976 584 ἐξ
2001 544 2048 577 ὡν
2073 544 2198 594 ἀμφοῖν

1168 604 1243 632 τους
1279 592 1426 640 βασιλεῖς
1460 593 1673 640 καθιστησιν.
1704 598 1796 633 Vide
1826 608 1902 635 not.
1933 601 1979 636 ad
2008 602 2197 636 Posidonii

1168 649 1214 686 fr.
1238 663 1274 697 9.

1665 705 1699 741 3.

1219 776 1399 823 Josephus
1413 779 1500 812 Ant.
1519 778 1606 812 Jud.
1624 780 1738 826 XIII,
1763 794 1826 825 10,
1847 789 1865 824 4
1879 810 1888 825 ,
1905 796 1944 829 p.
1970 783 2042 819 506
2063 798 2070 819 ε
2089 785 2196 822 Κλεο-

1167 835 1318 882 πατραὴ
1339 833 1527 883 βασίλισσα
1549 834 1631 884 πρὸς
1646 836 1702 871 τὸν
1719 836 1788 872 υἱὸν
1811 840 2038 883 στασιάζουσα
2068 843 2197 879 ΙἸτολε-

1167 896 1267 938 μαῖον
1284 890 1339 927 τὸν
1357 891 1532 941 Λάθουρον
1549 893 1787 942 ἐπιλεγόμενον
1804 897 2010 942 κατέστησεν
2029 899 2197 948 ἡγεμόνας

1168 949 1318 985 Χελκίαν
1335 949 1394 985 καὶ
1415 949 1585 996 Ἀνανίαν,
1613 950 1701 992 υἱοὺς
1721 951 1818 994 ὄντας
1846 953 1959 991 Ὀνίου
1980 958 2038 992 τοῦ
2068 958 2197 993 οἰκοδο-

1168 1021 1338 1050 μησαντος
1375 1006 1431 1043 τὸν
1466 1008 1545 1043 ναὸν
1577 1007 1634 1044 τὸν
1670 1009 1703 1044 ἐν
1739 1008 1960 1061 Ἡλιοπολίτῃ
1987 1015 2079 1063 νομῷ
2113 1014 2197 1063 πρὸς

1167 1065 1223 1101 τὸν
1252 1066 1285 1101 ἐν
1306 1065 1574 1116 Ἱεροσολύμοις,
1603 1069 1646 1109 ὡς
1671 1067 1729 1102 καὶ
1750 1069 1783 1103 ἐν
1806 1068 1919 1111 ἄλλοις
1939 1071 2194 1118 δεδηλώκαμεν.

1169 1124 1379 1174 Παραδοῧσα
1409 1124 1443 1160 δὲ
1478 1124 1606 1166 τούτοις
1635 1127 1655 1169 ἡ
1692 1126 1896 1176 Κλεοπάτρα
1925 1126 1985 1172 τὴν
2019 1128 2196 1179 στρατιὰν,

1167 1182 1261 1218 οὐδὲν
1282 1181 1362 1232 δίχα
1378 1185 1438 1227 τῆς
1453 1181 1579 1219 τούτων
1602 1182 1740 1232 γνώμης
1767 1183 1947 1234 ἔπραττεν,
1964 1188 2008 1228 ὡς
2033 1194 2199 1238 μαρτυρεῖ

1166 1240 1224 1276 καὶ
1252 1239 1421 1291 Στράῧων
1446 1243 1527 1288 ἡμῖν
1554 1242 1570 1276 ὃ
1594 1241 1804 1288 Καππάδοξ,
1830 1241 1939 1291 λέγων
1962 1242 2084 1285 οὕτως·
2111 1261 2125 1276 (ι
2152 1246 2197 1281 Οἱ

1166 1296 1230 1349 γὰρ
1247 1297 1382 1339 πλείους
1400 1297 1434 1334 οῗ
1447 1313 1482 1334 τε
1504 1298 1716 1341 συνελθόντες
1735 1300 1816 1348 ἡμῖν
1835 1299 1894 1336 καὶ
1915 1302 1944 1336 οἱ
1968 1299 2106 1351 ὕστερον
2124 1303 2197 1338 ἐπι·

1165 1355 1381 1405 πεμπόμενοι
1401 1356 1495 1406 παρὰ
1515 1359 1575 1401 τῆς
1606 1357 1831 1408 Κλεοπάτρας
1852 1360 1896 1399 εἷς
1918 1357 2072 1409 Κύπρον,
2101 1374 2199 1407 μετε-

1167 1412 1333 1450 ὅοίλλοντο
1361 1416 1580 1464 παραχρῆμα
1605 1413 1686 1465 πρὸς
1714 1413 1768 1451 τὸν
1793 1416 2020 1463 Πτολεμαῖον·
2048 1417 2144 1465 μόνοι
2165 1416 2198 1452 δὲ

1165 1472 1194 1506 οἱ
1213 1486 1251 1506 εν.
1272 1472 1331 1515 τῆς
1352 1470 1467 1508 Ὀνίου
1485 1471 1663 1541 λεγόμενοι
1685 1471 1866 1521 συνέμενον
1888 1472 2063 1520 Ἰουδαῖοι,
2090 1473 2145 1510 διὰ
2162 1473 2199 1510 τὸ

1164 1527 1239 1570 τοὺς
1255 1528 1397 1571 πολίτας
1417 1530 1528 1565 αὐτων
1546 1529 1735 1577 εὐοοκιμεῖν
1767 1530 1919 1578 μάλιστα
1942 1531 2037 1582 παρὰ
2064 1535 2104 1581 τῆ
2132 1534 2198 1581 βα-

1165 1586 1301 1637 σιλίσσιῤΙ
1333 1587 1485 1625 Χελκίαν
1515 1603 1550 1624 τε
1582 1588 1641 1624 καὶ
1671 1588 1840 1625 Ανανίαν.
1866 1608 1880 1621 υ
1909 1591 2030 1628 Ταῦτα
2055 1606 2115 1639 μεν
2142 1593 2198 1626 οὖν

1164 1648 1181 1682 ὁ
1208 1645 1376 1695 Στράὸων
1402 1646 1519 1696 φησίν.

1218 1704 1434 1739 Ptolemaeus
1455 1705 1638 1739 Lathurus
1661 1706 1697 1739 in
1721 1707 1882 1752 Cyprum
1906 1707 1996 1741 abiit
2025 1720 2084 1744 an.

1164 1774 1197 1797 a.
1215 1763 1254 1798 C.
1275 1762 1358 1807 Quo
1379 1762 1617 1797 referendum
1633 1764 1677 1797 sit
1695 1763 1787 1797 illud
1806 1764 1905 1811 ἡμῖν,
1922 1766 2060 1801 nescio.

1215 1912 1463 1947 Tertullianus
1492 1914 1548 1947 De
1576 1913 1696 1947 anima
1719 1924 1748 1947 c.
1769 1912 1814 1953 46
1836 1925 1844 1946 :
1866 1912 2016 1947 Seleuco
2045 1926 2195 1959 regumn

1162 1972 1265 2004 Asioe
1284 1971 1444 2005 Laodice
1464 1978 1581 2004 mater
1596 1972 1753 2005 nondum
1773 1983 1853 2004 eum
1878 1975 1992 2004 εἠἰιιῐα
2001 1973 2187 2017 prodidit,

1163 2026 1230 2075 [ut]
1260 2028 1470 2075 Euphorion
1497 2029 1736 2075 pervulgaeit,
1769 2028 2026 2063 Mithridatem
2059 2042 2196 2076 quoque

1160 2099 1209 2120 mr
1226 2090 1365 2121 solmlio
1384 2088 1494 2121 Ponti
1501 2090 1661 2133 potitum
1679 2099 1698 2121 e
1716 2087 1894 2121 Strabone
1914 2099 2103 2133 cognosco.

2124 1720 2191 1752 107

1346 2190 1707 2228 COMMENTARII
1744 2190 2006 2228 HlSTORlCI.

1657 2263 1676 2294 2

1203 2318 1311 2352 Quum
1338 2317 1438 2346 multa
1455 2316 1493 2346 de
1510 2316 1630 2355 legibus
1646 2318 1677 2347 et
1700 2316 1850 2348 institutis
1871 2318 2058 2348 Parthorum
2075 2319 2192 2350 dixeri-

1161 2376 1231 2397 mus
1245 2367 1274 2397 in
1291 2368 1381 2397 sexto
1401 2367 1629 2397 Historicorum
1643 2369 1943 2398 commentariorum
1961 2368 2040 2399 libro
2051 2393 2058 2406 ‚
2076 2370 2129 2409 qui
2144 2380 2192 2401 ει),-

1161 2418 1282 2448 enudus
1295 2419 1341 2448 est
1355 2426 1464 2448 eorum
1475 2442 1483 2456 ,
1495 2418 1609 2456 quibus
1627 2419 1866 2457 Postpolybiana
1879 2419 2092 2457 continentur,
2108 2430 2192 2451 nune,

1159 2477 1195 2498 ea
1210 2468 1498 2507 praetermittemus,
1513 2477 1552 2498 ne
1565 2468 1613 2498 bis
1622 2468 1730 2499 eadem
1742 2469 1845 2500 dicere
1857 2470 2030 2500 videamur.
2045 2470 2076 2500 ld
2093 2480 2191 2501 unum

1159 2520 1315 2558 dicamus,
1334 2519 1498 2550 Posidonio
1509 2522 1587 2550 teste
1600 2520 1716 2559 duplex
1729 2530 1794 2551 esse
1808 2521 1976 2551 concilium
1991 2522 2192 2560 Parthorum,

1159 2580 1258 2600 unum
1273 2573 1491 2609 cognatorum,
1510 2571 1644 2601 alterum
1659 2571 1849 2610 sapientium
1863 2573 1894 2603 et
1907 2581 2069 2611 magorum
2084 2585 2091 2604 ε
2107 2583 2193 2613 reges

1157 2631 1198 2652 ex
1213 2624 1350 2661 utroque
1365 2621 1468 2661 deligi.

1199 2730 1364 2769 Cleopatra
1382 2730 1487 2767 regina
1505 2739 1522 2759 a
1548 2729 1611 2759 filio
1633 2738 1690 2760 suo
1718 2730 1905 2768 Ptoleinao,
1933 2733 2117 2769 cognomine
2135 2735 2189 2763 La-

1159 2781 1251 2811 tliuro
1265 2805 1272 2818 ,
1294 2780 1465 2818 dissidens,
1489 2780 1585 2810 duces
1605 2781 1769 2811 constituit
1794 2782 1954 2812 Clielciani
1971 2784 2002 2812 et
2019 2783 2188 2820 Ananiam,

1158 2832 1248 2862 Onia„¹
1268 2831 1365 2869 tilios,
1384 2831 1453 2869 ejus
1467 2831 1520 2869 qui
1536 2831 1690 2870 templum
1710 2831 1740 2861 in
1758 2832 1987 2871 Heliopolitana
2002 2833 2190 2872 praefectura

1157 2882 1432 2921 Hierosolymitani
1456 2882 1557 2911 simile
1573 2883 1813 2921 construxerat,
1830 2884 2011 2922 proutalibi
2030 2884 2093 2922 jam
2117 2894 2189 2915 nar-

1158 2934 1307 2964 ravimus.
1321 2935 1429 2968 Quum
1441 2934 1547 2963 autem
1558 2932 1624 2963 istis
1636 2933 1811 2964 exercitum
1823 2935 2000 2966 tradidisset
2010 2935 2186 2974 Cleopatra,

1157 2984 1231 3014 niliil
1251 2984 1369 3022 alisque
1383 2991 1493 3013 eorum
1509 2983 1661 3014 sententia
1675 2983 1820 3023 faciebat,
1831 2985 1922 3016 sicuti
1937 2986 2049 3017 Strabo
2061 2996 2188 3026 quoque,

1157 3035 1331 3074 Cappadox
1346 3036 1480 3066 testatur
1494 3035 1536 3065 ita
1549 3035 1656 3066 dicens
1684 3048 1691 3065 :
1710 3049 1725 3062 a
1749 3037 1892 3076 Plerique
1906 3039 1988 3068 enim
2006 3040 2036 3070 et
2052 3040 2105 3078 qui
2128 3048 2184 3068 no-

1156 3088 1276 3118 biscum
1291 3096 1323 3118 se
1339 3087 1542 3118 contulerunt
1557 3087 1587 3117 in
1608 3090 1747 3126 Cyprum
1761 3112 1769 3127 ,
1785 3090 1815 3119 et
1831 3089 1885 3128 qui
1900 3092 2007 3129 postea
2023 3099 2040 3120 a
2057 3091 2184 3129 Cleopa·

1156 3140 1202 3169 tia
1219 3147 1255 3169 eo
1281 3138 1474 3175 missisunt,
1498 3139 1663 3168 confestim
1680 3138 1867 3170 deficiebant
1889 3141 1927 3171 ad
1953 3142 2182 3172 ptolemeum:

1156 3193 1211 3223 soli
1229 3202 1303 3224 vero
1325 3202 1363 3223 ex
1379 3193 1470 3224 Ouiae
1497 3193 1631 3223 factione
1647 3193 1749 3223 Judaei
1777 3193 2016 3231 ρθιιιιιιιιείιιιιιῑ,
2040 3201 2077 3222 eo
2099 3192 2181 3230 qnod

1156 3244 1240 3274 cives
1257 3253 1365 3274 eorum
1386 3228 1530 3274 ΟΙιοῩὲἰιιε
1552 3245 1583 3274 et
1599 3244 1734 3273 Ananias
1753 3244 1890 3273 maxima
1912 3244 2012 3273 esseut
2033 3242 2062 3272 in
2085 3251 2119 3281 ’ξι
2120 3243 2184 3272 atia

1156 3294 1238 3333 apud
1256 3295 1404 3333 reginam.
1430 3309 1443 3321 ι
1460 3296 1499 3325 Et
1516 3295 1533 3324 Ιι
1538 3303 1583 3324 ac
1597 3294 1723 3332 quiden]
1739 3294 1851 3324 Strabo
1870 3293 1918 3322 div
1923 3293 1955 3323 it
