2338 3765
143 163 217 196 430

140 260 206 296 σαρ
227 246 260 281 ἓν
290 244 378 294 μέσῃ
399 247 519 295 ἀγορᾷ.
552 245 756 295 Προσῇεσαν
783 247 812 282 δ’
842 246 984 284 ἄπλετοι
1004 249 1175 300 ἅνθρωποι

140 301 368 344 ὃικαιοδοσίας
393 302 507 352 χάριν,
530 302 653 339 πολλοὶ
677 302 710 339 δὲ
732 303 789 340 καὶ
811 304 954 352 μηδενὸς
972 306 1175 357 πράγματος

137 358 254 410 χάριν,
273 359 413 411 Θεωρίας
433 361 532 396 ἕνεκα
547 364 605 397 τοῦ
620 360 740 403 παιδός
753 377 760 384 ·
783 361 971 406 ἀξιοθέατος
985 364 1051 416 γὰρ
1071 371 1174 402 πᾶσιν

135 411 193 462 ἦν,
223 417 283 454 καὶ
315 417 467 466 μάλιστα
489 418 522 454 ἐν
549 419 599 469 τῷ
629 418 706 455 τότε
732 420 926 468 σεμνότητα
951 422 1010 458 καὶ
1042 422 1174 472 ἀξίωμα

137 474 388 526 προσειληφώς.

189 534 254 571 VI.
277 532 452 585 Καίσαρος
471 533 504 570 δὲ
522 533 591 580 ἤδη
623 535 876 587 κεχειριι)με’νου
900 536 961 586 μὲν
984 537 1060 580 τοὺς
1080 540 1112 575 ἐν
1134 541 1174 588 τῇ

142 589 291 641 Εὐρώπῃ
311 591 480 640 πολέμους
499 593 541 642 (I)
555 622 564 639 ‚
586 593 802 639 νενικηκότος
823 594 856 630 δὲ
874 594 933 631 καὶ
952 595 1030 647 περὶ
1052 598 1174 633 Μακε-

135 648 248 685 δονίαν
267 649 465 699 Πομπήϊον,
483 650 650 702 ᾑρηκότος
671 653 700 688 δ’
723 651 910 700 Αἴγυπτον,
931 654 1174 705 ἐπαναπερῶν-

134 721 189 748 τος
208 707 237 743 δ’
252 705 291 744 ἔκ
304 723 339 744 τε
359 708 486 759 Συρίας
501 708 559 745 καὶ
575 712 634 746 τοῦ
652 708 814 752 Εὐξείνου
829 709 954 747 πόντου
965 740 973 756 ,
993 710 1174 759 μέλλοντος

134 763 163 799 δ’
177 763 233 800 ἐπὶ
260 764 392 811 Λιὸύης
410 772 551 818 χωρεῖν,
569 769 613 810 ὡς
637 766 679 804 τὰ
700 767 887 816 λειπόμενα
908 772 966 805 τοῦ
984 771 1053 806 ἐκεῖ
1071 785 1174 818 μετα-

134 821 272 865 στάντος
292 824 331 872 (2)
351 824 505 869 πολέμου
527 824 683 871 καθέλοι,
707 826 910 876 βουλόμενος
934 826 1173 878 συστρατεύειν

134 881 228 932 αὐτῷ
248 883 266 917 ὁ
285 881 356 924 νέος
379 884 539 934 Καῖσαρ,
559 885 604 925 ὡς
624 884 682 921 καὶ
703 886 900 934 πολεμικῶν
921 887 959 933 (3)
983 885 1089 936 ἔργων
1113 885 1173 934 ἔμ-

133 955 248 990 πειρος
277 939 353 987 εἴη,
387 941 463 979 ἐπεὶ
491 942 617 991 ᾔσθετο
648 943 910 992 ἐναντιουμένην
944 943 1076 981 Ἀντίαν
1110 942 1170 989 τὴν

133 998 286 1049 μητέρα,
313 999 408 1037 οὐδὲν
433 1000 602 1038 ἀντειπὼν
627 1001 742 1053 ἠρέμα
770 996 853 1052 εἶχε,
877 1003 987 1047 Δῆλος
1004 1003 1032 1039 δ’
1052 997 1094 1048 ἦν
1115 1003 1173 1040 καὶ

131 1059 148 1092 ὃ
169 1056 400 1109 πρεσὲύτερος
428 1059 568 1111 Καῖσαρ
589 1061 644 1096 ὑπ’
668 1060 797 1102 εὐνοίας
819 1060 951 1097 οὐδέπω
971 1061 1174 1111 βουλόμενος

135 1115 237 1151 αὐτὸν
260 1116 529 1167 στρατεύεσθαι,
551 1120 595 1160 ὡς
613 1117 683 1167 μὴ,
702 1118 763 1163 τήν
781 1133 816 1154 τε
840 1119 971 1155 δίαιταν
991 1120 1023 1155 ἐν
1042 1120 1175 1156 ἀσθενεῖ

131 1172 269 1220 σώματι
299 1173 507 1221 μεταίῖαλὼν
528 1175 587 1212 καὶ
617 1175 700 1222 ὅλην
726 1176 792 1220 ἕξιν
822 1176 958 1227 φαύλως
990 1177 1172 1223 διατεθείη.

130 1229 198 1268 Διὰ
220 1231 282 1280 μὲν
303 1231 344 1277 δὴ
363 1235 472 1270 ταῦτα
493 1236 552 1279 τῆς
571 1234 751 1286 στρατείας
770 1236 810 1283 (4)
832 1234 1035 1285 παρελύετο.

185 1289 272 1327 Vll.
295 1289 397 1328 Ἐπεὶ
417 1290 451 1328 δὲ
473 1293 628 1329 κάκεῖνον
648 1292 703 1329 τὸν
737 1292 886 1341 πόλεμον
908 1293 1173 1342 κατεργασάμε-

128 1361 182 1389 νος
203 1348 340 1399 Καῖσαρ
359 1350 548 1395 ἐπανῆλθεν
569 1352 616 1391 εἷς
637 1350 793 1399 Ἱ)ώμην,
816 1350 945 1402 σφόδρα
967 1351 1089 1401 ὀλίγοις
1106 1354 1172 1388 τῶν

128 1405 369 1442 ὑποπεσόντων
392 1407 626 1457 αἰχμαλώτων
651 1407 814 1457 συγγνοὺς
829 1437 837 1453 ,
857 1408 912 1444 διὰ
935 1408 973 1445 τὸ
994 1414 1063 1450 τοῖς
1083 1424 1172 1460 προ-

126 1461 236 1513 τέροις
254 1464 373 1507 αὐτοὺς
391 1464 439 1514 μὴ
463 1468 742 1517 σεσωφρονῆσθαι
768 1466 953 1515 πολέμοις,
977 1466 1168 1517 συνηνέχθη

127 1521 268 1560 τοιόνδε.
295 1517 364 1561 ΝἮν
390 1525 434 1566 εἷς
452 1523 494 1560 τὰ
520 1524 673 1568 μάλιστα
698 1524 851 1576 Καίσαρι
871 1527 919 1576 τῷ
945 1525 1008 1576 νέῳ
1026 1525 1173 1570 συνήθης

128 1579 187 1616 καὶ
208 1580 303 1631 φίλος
320 1580 530 1630 Ἀγρίππας,
547 1584 580 1619 ἐν
601 1584 716 1633 ταύτῷ
730 1598 766 1619 τε
786 1583 997 1628 παιδευθεὶς,
1019 1582 1079 1620 καί
1098 1598 1173 1619 τινα

128 1638 218 1688 ἔχων
248 1638 442 1690 ὑπερὲολῆν
475 1640 656 1690 ἑταιρείας.
687 1640 821 1677 Τούτου
854 1640 997 1691 ἁδελφὸς
1034 1640 1173 1678 Κάτωνι

128 1699 245 1743 συνῆν,
266 1698 356 1734 κατά
379 1713 415 1734 τε
437 1697 552 1748 φιλίαν
581 1697 878 1747 σπουδαζόμενος,
899 1698 959 1735 καὶ
982 1702 1038 1735 τοῦ
1061 1698 1174 1736 Διδυ-

126 1758 186 1791 κοῧ
212 1756 364 1804 πολέμου
390 1757 646 1802 κεκοινωνηκὼς
659 1787 669 1804 ‚
689 1756 766 1793 τότε
785 1756 813 1793 δ’
840 1757 1063 1807 αἰχμάλωτος
1083 1760 1168 1809 ᾑρη-

127 1813 236 1861 μένος.
255 1816 402 1861 Τοῦτον,
414 1815 507 1851 οὐδέν
519 1830 575 1851 πω
589 1816 629 1865 (1)
649 1815 813 1866 πρότερον
829 1814 974 1860 αἰτήσας
992 1814 1172 1866 Καίσαρα,

132 1870 292 1909 ἐξούλετο
317 1872 377 1922 μὲν
411 1872 634 1920 ἐξαιτεῖσθαι,
667 1873 732 1911 ὑπὸ
765 1872 798 1910 δὲ
830 1874 942 1915 αἰδοῦς
971 1872 1089 1919 ὤκνει,
1114 1872 1173 1910 καὶ

132 1929 205 1978 ἅμα
233 1932 319 1979 ὁρῶν
346 1930 463 1981 αὐτὸν,
492 1933 536 1974 ὡς
556 1932 700 1969 διέκειτο
727 1931 812 1982 πρὸς
832 1930 908 1974 τοὺς
925 1933 958 1968 ἐν
986 1931 1104 1981 ἐκείνῳ
1124 1934 1172 1982 τῷ

133 1987 273 2040 πολέμῳ
292 1989 498 2032 ἑαλωκότας.
518 1991 710 2042 Θαρρήσας
728 1990 755 2026 δ’
781 1984 837 2026 οἶν
856 1988 940 2026 ποτὲ
953 2019 962 2035 ,
986 1989 1094 2040 ᾔτησε
1115 1989 1173 2026 καὶ

130 2046 262 2097 ἔτυχεν.
282 2047 360 2097 Ἐφ’
379 2041 426 2090 οἷς
439 2048 630 2099 περιχαρὴς
643 2043 684 2094 ἦν
701 2051 749 2100 τῷ
765 2050 869 2085 αὑτοῦ
888 2047 975 2099 φίλῳ
990 2048 1046 2084 τὸν
1067 2048 1172 2084 ἀδελι-

126 2104 187 2155 <pov
209 2106 455 2148 ἀνασεσωκώς·
477 2108 636 2157 ἐπῃνεῖτο
658 2105 693 2143 δὲ
714 2106 771 2143 καὶ
793 2105 857 2143 ὑπὸ
880 2108 948 2143 τῶν
980 2106 1105 2151 ἄλλων,
1127 2107 1173 2148 εἷς

124 2162 220 2199 οὐδὲν
241 2163 405 2214 πρότερον
425 2164 469 2215 (2)
491 2164 722 2214 καταθέμενος
737 2164 799 2210 τὴν
822 2167 925 2201 αὑτοῦ
947 2162 1098 2209 σπουδὴν
1114 2163 1173 2200 καὶ

125 2220 270 2264 ἔντευξιν
289 2220 310 2267 ἢ
329 2224 374 2264 εἷς
394 2222 493 2274 φίλου
515 2223 706 2275 σωτηρίαν.

180 2280 288 2317 Vlll.
312 2279 378 2317 'Ex
398 2279 517 2318 τούτου
536 2281 595 2323 τὰς
616 2279 825 2332 Οριαμέικὰς
839 2275 902 2330 ἦγε
924 2279 1066 2329 πομπὰς
1089 2281 1174 2318 Καῖ-

128 2352 194 2388 σαρ
225 2340 282 2374 τοῦ
313 2337 403 2374 κατὰ
435 2338 570 2384 Λιὲύην
600 2339 778 2388 πολέμου,
809 2341 876 2376 τῶν
903 2354 940 2375 τε
970 2338 1097 2384 ἄλλων,
1118 2336 1174 2380 οὒς

125 2393 336 2444 ἐπολέμησε.
363 2395 435 2433 Καὶ
455 2395 510 2432 τὸν
534 2395 607 2433 νέον
644 2396 826 2447 Καίσαρα,
847 2395 919 2432 υἱὸν
940 2395 1007 2441 ἤδη
1026 2410 1174 2440 πεποιη-

130 2453 228 2501 μένος
249 2453 304 2504 (I),
322 2452 402 2490 ὄντα
424 2452 458 2490 δὲ
485 2453 609 2504 τρόπον
630 2453 705 2490 τινὰ
727 2454 786 2491 καὶ
810 2454 909 2505 φύσει
933 2453 988 2490 διὰ
1008 2453 1047 2490 τὸ
1067 2455 1170 2503 ἐγγυ-

124 2510 218 2546 τοίτω
249 2514 308 2547 τοῦ
342 2510 457 2560 γένους
489 2506 596 2557 εἶναι,
620 2511 779 2548 ἐκέλευσε
807 2514 856 2563 τῷ
887 2514 1008 2548 ἑαυτοῦ
1043 2511 1171 2562 ἅρματι

126 2567 267 2606 ἕπεσθαι
281 2599 290 2616 ,
312 2569 452 2617 κόσμοις
485 2569 584 2606 αὐτὸν
606 2572 847 2621 στρατηγικοῖς
868 2569 1041 2614 ἀσκήσας,
1065 2572 1109 2611 ὡς
1131 2568 1170 2606 ἂν

126 2627 231 2662 αὐτοῦ
247 2625 414 2672 σύσκηνον
432 2628 467 2664 ἐν
483 2626 625 2679 πολέμῳ
642 2628 817 2677 γεγονότα.
838 2627 988 2676 Ὁμοίως
1009 2626 1043 2663 δὲ
1062 2626 1120 2663 καὶ
1137 2628 1170 2663 ἐν

124 2687 199 2727 ταῖς
227 2683 378 2730 θυσίαις,
409 2684 467 2720 καὶ
489 2686 521 2721 ἐν
551 2691 626 2728 ταῖς
657 2685 739 2737 πρὸς
769 2685 848 2728 τοὺς
868 2685 961 2728 θεοὺς
989 2684 1170 2736 προσόδοις

125 2741 298 2791 ἐγγύτατα
312 2741 404 2788 ἵστη,
422 2742 498 2785 τούς
511 2759 547 2780 τε
563 2743 684 2785 ἄλλους
699 2743 800 2780 εἴκειν
814 2743 1043 2795 προσέταττεν
1059 2744 1165 2794 αὐτῷ.

127 2800 198 2838 Καὶ
218 2803 235 2836 ὁ
255 2799 317 2849 μὲν
339 2800 405 2845 ήδη
427 2801 487 2843 τὰς
513 2800 804 2852 αὐτοκρατορικὰς
832 2801 971 2853 ἐφέρετο
991 2799 1115 2850 τιμὰς,
1134 2799 1171 2836 αἳ

934 160 1136 199 NICOLAI
1170 163 1231 199 DA
1241 163 1459 201 MASCENI

1238 256 1363 296 plurimi
1390 257 1617 296 jin-isdiclionis
1643 265 1738 288 causa
1759 258 1922 297 adierunt,
1951 259 2043 290 multi
2068 267 2162 290 causa
2183 259 2266 291 dun-

1237 325 1325 355 taxat
1339 324 1501 365 spectandi
1516 325 1723 357 adolescentis
1736 326 1917 358 confluxere
1927 352 1935 366 ‚
1950 328 2065 368 quippe
2077 329 2220 360 omnium
2237 329 2269 360 in

1235 402 1266 423 se
1281 393 1389 423 oculos
1403 393 1626 432 convertebat,
1644 394 1784 425 maxime
1796 403 1833 425 eo
1853 395 1883 426 in
1906 397 2066 436 tempore,
2086 406 2187 436 quum
2206 406 2269 428 ma-

1233 460 1376 500 jestatem
1390 469 1427 492 ac
1440 461 1625 501 ‹ligmtatem
1639 462 1797 502 quandam
1818 463 1877 495 sibi
1891 464 2085 496 adscivisset.

1275 545 1328 573 VI.
1351 544 1501 574 Ceterum
1517 551 1617 582 quum
1637 545 1674 576 C.
1696 544 1802 575 Julius
1821 546 1927 576 caesar
1942 548 2097 586 Europaea
2112 546 2194 578 bella
2204 547 2270 586 jam

1235 611 1437 650 confecisset,
1463 619 1499 641 ac
1514 611 1699 651 Pompeium
1718 611 1750 643 in
1769 612 1953 643 Macedonia
1970 616 2164 653 superasset,
2179 616 2271 654 AEgy—

1237 676 1354 714 ptoque
1371 676 1450 706 esset
1465 675 1597 715 potitus,
1614 675 1807 716 tandemque
1824 685 1864 707 ex
1878 676 1967 716 Syria
1981 678 2012 707 et
2027 677 2150 708 Euxino
2165 686 2270 708 rever-

1235 746 1288 767 sus
1315 738 1412 776 ponto
1435 737 1581 776 trajicere
1603 737 1635 768 in
1652 737 1789 769 Africam
1808 740 1949 777 pararet,
1966 740 2003 770 ut
2020 739 2177 779 reliquum
2196 739 2270 771 belli

1234 799 1264 829 in
1278 808 1347 830 cam
1362 801 1481 839 partem
1498 800 1643 831 translati
1657 799 1825 831 conficeret
1842 811 1848 831 :
1864 801 2034 840 Octavius,
2053 801 2107 841 qui
2125 810 2269 832 avuncu—

1235 862 1344 892 lumin
1363 871 1400 893 eo
1415 862 1499 893 bello
1513 862 1657 893 comitari
1675 863 1839 903 cupiebat,
1860 872 1923 903 quo
1943 872 2038 894 usum
2059 864 2105 895 rei
2126 864 2272 895 militaris

1234 925 1409 963 colligeret,
1426 926 1592 964 postquam
1613 925 1730 956 Attiam
1744 927 1879 957 matrem
1900 926 1940 957 ab
1956 934 1994 957 eo
2009 926 2138 957 consilio
2154 926 2269 958 abhor-

1235 996 1303 1018 rere
1319 988 1433 1025 sensit,
1448 988 1517 1019 tum
1531 988 1659 1029 quidem
1673 988 1804 1028 quievit.
1822 991 1900 1021 Nam
1915 991 2020 1021 Caesar
2033 998 2160 1029 quoque
2175 997 2273 1021 avun-

1234 1050 1323 1080 culus
1343 1051 1380 1081 ut
1406 1049 1473 1089 ejus
1495 1050 1750 1090 amantissimus,
1773 1051 1916 1083 nondum
1931 1051 2030 1086 jllum
2054 1051 2211 1091 proficisci
2232 1050 2272 1082 ad

1234 1112 1352 1143 bellum
1368 1113 1449 1144 velle
1466 1112 1644 1152 videbatur,
1659 1122 1699 1144 ne
1712 1113 1895 1145 adolescens
1905 1122 2037 1154 corpore
2046 1113 2191 1153 infirmo,
2205 1122 2273 1145 mu-

1232 1177 1298 1207 tata
1312 1177 1439 1215 repente
1453 1176 1573 1206 ratione
1587 1175 1708 1214 victus,
1723 1175 1873 1207 morbum
1884 1176 2095 1208 contraheret.
2112 1177 2166 1209 His
2179 1177 2274 1217 igitur

1234 1239 1336 1270 causis
1355 1239 1546 1279 expeditioni
1561 1238 1690 1269 minime
1704 1238 1859 1270 interfuit.

1276 1303 1345 1332 vll.
1369 1304 1489 1333 Verum
1503 1302 1646 1332 confecto
1660 1301 1719 1332 hoc
1733 1309 1861 1341 quoque
1874 1301 1957 1332 bello
1969 1309 2070 1341 quum
2087 1302 2193 1333 Caesar
2205 1303 2272 1334 Ro-

1234 1374 1317 1395 mam
1341 1364 1483 1395 rediisset
1501 1365 1597 1404 atque
1613 1373 1653 1395 ex
1677 1364 1809 1403 captivis
1835 1363 2041 1403 paucissimos
2061 1364 2154 1395 venia
2169 1373 2275 1405 prose·

1233 1429 1395 1467 queretur,
1408 1437 1445 1459 eo
1455 1427 1542 1468 quod
1553 1428 1709 1468 prioribus
1718 1428 1810 1459 bellis
1822 1429 1952 1459 minime
1963 1428 2117 1460 admoniti
2127 1429 2272 1468 fuissent,

1235 1491 1414 1531 hujusmodi
1425 1491 1501 1531 quid
1516 1493 1586 1522 tum
1600 1492 1753 1531 temporis
1763 1492 1879 1523 evenit.
1896 1493 1972 1523 Erat
1982 1492 2116 1533 Agrippa
2126 1489 2274 1532 singulari

1233 1555 1369 1586 amicitia
1385 1564 1423 1585 ac
1439 1555 1599 1595 praecipua
1618 1555 1754 1594 quadam
1777 1555 1942 1587 sodalitate
1955 1564 2030 1587 cum
2047 1555 2181 1587 Octavio
2196 1563 2273 1586 con-

1231 1617 1448 1656 junctissimus
1461 1641 1469 1656 ,
1491 1618 1608 1657 quippe
1625 1618 1680 1657 qui
1703 1626 1722 1648 a
1743 1627 1842 1657 puero
1858 1618 1951 1649 simul
1979 1618 2133 1650 educatus
2150 1618 2270 1650 suisset.

1234 1675 1335 1714 IIuJus
1347 1676 1442 1707 frater
1454 1678 1495 1707 M.
1510 1677 1622 1707 Catoni
1635 1676 1871 1716 accepIissimus
1883 1685 1920 1707 ac
1933 1677 2017 1709 bello
2030 1677 2136 1708 Africo
2149 1685 2272 1716 comes,

1233 1736 1311 1764 tunc
1326 1734 1408 1765 inter
1422 1734 1564 1774 captivos
1581 1736 1659 1765 erat.
1685 1735 1743 1766 Cui
1763 1735 1915 1766 Octavius
1928 1736 2054 1766 veniam
2070 1735 2198 1776 quidem
2211 1736 2273 1767 im-

1235 1794 1359 1832 petrare
1378 1793 1544 1832 cupiebat,
1570 1792 1625 1824 sed
1649 1801 1749 1832 quum
1775 1802 1840 1833 prae
1866 1793 1985 1833 pudore
2011 1794 2173 1833 (nondum
2190 1793 2273 1826 enim

1232 1851 1273 1882 ab
1283 1852 1442 1882 avunculo
1458 1851 1634 1890 quidquam
1648 1852 1814 1890 petierat),
1836 1853 1905 1882 tum
1922 1852 2017 1883 etiam
2031 1860 2159 1892 gnarus,
2176 1861 2273 1892 quam

1234 1913 1354 1943 insenso
1373 1912 1478 1942 animo
1494 1912 1527 1942 iu
1547 1911 1631 1942 cives
1644 1920 1681 1943 eo
1703 1911 1785 1943 bello
1802 1914 1910 1953 captos
1926 1914 2006 1944 esset
2019 1914 2137 1951 caesar,
2156 1912 2273 1945 identi-

1233 1972 1306 2003 dem
1321 1971 1545 2002 cunctabatur.
1558 1971 1700 2003 Tandem
1710 1980 1906 2012 vero,quum
1917 1981 1950 2004 se
1964 1973 2031 2012 ipse
2044 1973 2273 2012 confirmasset,

1232 2032 1323 2072 petiit
1341 2034 1373 2063 et
1394 2020 1553 2071 obtinuit,
1577 2041 1639 2072 qua
1663 2032 1792 2072 quidem
1823 2041 1856 2064 re
1877 2042 2067 2074 magnopere
2091 2033 2268 2069 laetabatur,

1233 2092 1320 2134 quod
1348 2092 1450 2123 amico
1478 2092 1607 2123 fratrem
1639 2092 1835 2124 restituisset.
1876 2093 1935 2125 Sed
1962 2102 1981 2125 a
2003 2094 2116 2125 ceteris
2143 2099 2273 2131 quoque

1233 2165 1296 2188 non
1319 2156 1521 2188 mediocriter
1541 2156 1745 2195 laudabatur,
1764 2165 1800 2188 eo
1817 2156 1902 2197 quod
1924 2157 2022 2196 gratia
2046 2157 2144 2195 atque
2167 2154 2270 2187 ambi-

1232 2217 1318 2249 tione
1332 2226 1389 2248 sua
1401 2217 1539 2257 primum
1553 2216 1592 2248 ad
1610 2217 1743 2249 salutem
1761 2217 1853 2248 amici
1867 2218 1948 2248 esset
1960 2224 2046 2248 usus.

1273 2286 1361 2314 VIII.
1387 2283 1509 2315 Exinde
1531 2285 1636 2315 Caesar
1655 2292 1693 2314 ex
1707 2283 1791 2314 bello
1805 2283 1909 2314 Africo
1931 2290 1969 2312 ac
1988 2280 2101 2313 ceteris
2117 2287 2136 2311 a
2151 2289 2183 2312 se
2197 2288 2271 2312 con-

1234 2355 1321 2386 fectis
1337 2355 1427 2386 bellis
1437 2354 1636 2394 triumphum
1647 2355 1729 2394 egit,
1744 2355 1775 2385 et
1786 2354 1955 2385 Octavium
1965 2377 1973 2393 ‚
1987 2361 2082 2392 quem
2095 2351 2153 2383 sibi
2167 2351 2269 2383 filium

1231 2427 1452 2467 adoptaverat,
1471 2435 1570 2467 quum
1588 2426 1628 2457 ob
1651 2426 1844 2466 cognationis
1859 2425 2026 2456 vinculum
2048 2432 2138 2464 paene
2157 2425 2269 2455 natura

1231 2502 1312 2532 essct
1329 2500 1410 2531 tilius
1423 2525 1431 2540 ,
1453 2509 1582 2531 currum
1598 2508 1692 2531 suum
1716 2498 1862 2539 prosequi
1877 2498 1988 2538 J'ussit‚
2009 2499 2158 2529 ornatum
2177 2496 2269 2528 donis

1231 2573 1421 2604 militaribus
1433 2598 1441 2612 ,
1455 2581 1492 2604 ac
1511 2573 1535 2604 si
1549 2573 1580 2603 in
1596 2581 1633 2604 eo
1646 2572 1728 2604 bello
1746 2570 2004 2602 contubernalem
2019 2569 2191 2601 habuisset.
2207 2570 2267 2599 Pa-

1231 2643 1370 2682 ritcrque
1397 2643 1428 2672 in
1458 2641 1618 2673 sacrificiis
1645 2642 1676 2672 et
1698 2640 1821 2680 quoties
1843 2639 1976 2671 deorum
2000 2638 2119 2678 templa
2140 2636 2267 2676 adibat,

1228 2711 1320 2751 juxta
1348 2720 1380 2743 se
1400 2710 1582 2752 proximum
1601 2709 1797 2748 collocabat,
1823 2709 1920 2748 utque
1943 2706 2039 2739 ceteri
2063 2706 2091 2738 ei
2111 2705 2266 2738 concede-

1230 2783 1300 2813 rent
1314 2781 1456 2821 jubebat.
1477 2782 1516 2812 Et
1536 2780 1602 2820 =iam
1624 2781 1659 2812 C.
1678 2782 1784 2811 Caesar
1802 2777 2010 2818 imperatoriis
2025 2773 2199 2816 insignibus
2217 2783 2267 2805 or-

1229 2853 1322 2882 natus
1334 2875 1342 2890 ‚
1357 2850 1411 2891 qui
1425 2850 1526 2881 honos
1540 2851 1650 2881 Romae
1670 2848 1829 2879 maximus
1843 2846 1991 2885 habetur,
2007 2853 2135 2877 summo
2156 2843 2187 2874 in
2212 2843 2265 2874 Ιιο-

126 2857 168 2903 δὴ
184 2857 344 2908 μέγισται
364 2858 454 2895 κατὰ
470 2859 527 2896 τὸν
545 2859 733 2909 (Ρωμαίων
750 2859 852 2909 νόμον
869 2864 968 2906 ἦσαν,
988 2860 1047 2896 καὶ
1061 2862 1170 2904 ζηλω-

126 2916 180 2958 τὸς
211 2917 245 2952 ἐν
266 2918 308 2967 τῇ
330 2916 469 2966 πατρίδι
491 2911 546 2963 ἦν.
577 2916 696 2954 Συνὼν
725 2918 759 2954 δὲ
787 2920 803 2954 ὃ
831 2923 913 2961 παῖς
934 2919 1026 2969 αὐτῷ
1046 2917 1104 2954 καὶ
1135 2919 1168 2954 ἐν
1229 2930 1306 2952 nore
1326 2919 1408 2959 apud
1426 2919 1510 2949 cives
1523 2919 1603 2950 erat.
1627 2918 1777 2949 Ceterum
1801 2915 1973 2953 Octavius,
1998 2914 2076 2945 etin
2099 2913 2222 2944 theatro
2234 2913 2267 2943 et

131 2980 2267 2998 Μ

168 3032 232 3068 VI,
260 3033 284 3060 1.
309 3030 525 3070 πολέμους]
548 3031 641 3061 fuisse
666 3031 790 3062 videtur
811 3032 992 3069 πολεμίους,
1017 3032 1165 3062 monente
1188 3032 1310 3069 Coi-ayo
1333 3029 1365 3059 et
1388 3027 1523 3059 Bremio.
1548 3044 1588 3049 —
1611 3030 1641 3057 2.
1665 3022 1957 3066 μεταστάντος]
1986 3022 2031 3053 sic
2059 3020 2179 3057 codex,
2202 3026 2264 3050 ”⁰¹¹

124 3077 332 3112 καταστάντος
355 3079 390 3107 ut
406 3077 495 3108 editt.
512 3094 553 3100 —
570 3082 599 3108 3.
617 3078 858 3118 πολεμικῶν]
878 3078 967 3108 editt.
983 3102 991 3116 ‚
1009 3078 1164 3118 πολεμίων
1188 3076 1299 3107 codex.
1316 3093 1357 3098 ·-
1378 3077 1407 3106 4.
1428 3073 1656 3114 στρατείας]
1677 3074 1790 3112 Coray.
1805 3092 1814 3106 ‚
1836 3073 1980 3122 στρατιᾶς
2005 3067 2119 3099 codex.
2180 3113 2186 3118 .

167 3126 244 3161 VII,
271 3127 296 3154 1.
323 3124 408 3154 οὐδέν
431 3123 500 3163 πω]
518 3126 652 3163 Coray.‚
670 3125 788 3154 οὐδέπω
812 3124 923 3155 codex.
944 3138 982 3144 -
997 3129 1025 3156 2.
1053 3126 1125 3155 I'ost
1147 3124 1291 3165 πρότερον
1314 3122 1347 3153 ἰη
1373 3120 1482 3152 codice
1504 3129 1642 3151 vacuum
1658 3118 1908 3150 duodecim-tere
1925 3117 2091 3147 literarum
2107 3114 2262 3152 spatium,

125 3171 158 3200 at
182 3178 244 3201 non
268 3170 432 3207 lacunam,
455 3169 509 3201 scd
532 3170 636 3200 literas
658 3178 760 3200 erasas
780 3170 932 3200 indicans.

168 3218 262 3254 VIII,
290 3219 315 3246 1.
339 3217 596 3253 Testamentum,
628 3224 691 3254 quo
717 3218 824 3247 Caesar
851 3215 1021 3246 Octavium
1048 3216 1228 3255 adoptavit,
1259 3215 1413 3254 scriptum
1436 3214 1483 3245 est
1504 3212 1555 3244 die
1588 3215 1622 3243 13
1649 3210 1825 3251 septembr.
1854 3218 1905 3240 an.
1926 3211 2006 3260 7.⁰9’
2031 3208 2112 3239 teste
2131 3206 2261 3256 Sueton.

127 3265 213 3295 caes.
233 3266 283 3293 83.
303 3263 385 3293 Tum
402 3270 478 3293 vero
497 3262 562 3300 ¹iam
583 3263 743 3301 peregerat
758 3263 864 3291 Cacsar
882 3261 998 3291 bellurn
1019 3261 1239 3300 Hispanicum,
1258 3261 1298 3292 ad
1320 3261 1405 3301 quod
1425 3260 1604 3299 profectum
1621 3267 1687 3289 esse
1702 3257 1850 3289 Nicolaus
1871 3255 1995 3286 decimo
2017 3253 2146 3284 demum
2163 3253 2264 3290 capite

130 3310 252 3341 narrat.
273 3310 334 3340 Aut
348 3309 441 3347 igitur
458 3309 554 3339 verba
573 3307 637 3339 υἱὸν
651 3309 708 3344 ἤδη
726 3308 928 3347 πεποιημένος
951 3308 1103 3338 mutanda
1119 3308 1151 3338 in
1167 3309 1232 3339 υἱὸν
1246 3308 1303 3345 ἥδη
1319 3307 1541 3346 ποιησόμενος,
1564 3306 1619 3336 ant
1644 3303 1762 3335 excidit
1778 3304 1808 3333 ἐν
1831 3306 1868 3342 τῇ
1883 3303 1994 3332 ἑαυτοῦ
2007 3301 2114 3351 γνώμῃ
2131 3297 2179 3355 vell
2202 3297 2264 3328 tale
2312 3322 2313 3326 ,

131 3355 226 3394 quid.
254 3357 319 3386 llos·
341 3356 435 3385 otiam
453 3355 584 3385 sumant
603 3363 674 3395 qua¹
696 3354 773 3384 iufra
792 3363 858 3392 cap.
887 3357 919 3383 13
943 3354 1101 3392 leguntur,
1121 3354 1173 3384 ubi
1196 3356 1234 3385 ‹Io
1251 3356 1374 3384 Casan-c
1398 3362 1436 3383 cx
1455 3352 1601 3391 Hispania
1619 3351 1734 3381 rcdurc
1758 3351 1889 3389 loquens
1908 3347 2052 3380 Nicolaus
2068 3348 2109 3376 ait
2130 3357 2136 3375 :
2176 3345 2263 3382 Εγνω
2311 3382 2314 3393 γ
