2338 3765
81 192 152 224 (381

80 271 114 308 δέ
134 286 165 306 τι
185 268 242 306 καὶ
263 268 300 304 ἐκ
320 267 386 302 τῶν
408 262 584 314 παρόντων
605 261 872 312 βουλεύσασθαι·
893 259 961 311 χρὴ
979 258 1044 310 γὰρ
1061 259 1109 296 τὼ

81 325 181 364 διττὺ
200 325 306 362 τούτω
331 322 422 372 >cisto
441 319 612 361 διελόντας
640 320 796 355 ἀπαντᾶν
816 317 898 368 πρὸς
926 318 1049 369 ἄμφω·
1080 319 1108 354 εἰ

81 400 122 433 με
127 401 142 420 ν
162 385 226 432 γὰρ
249 382 402 430 καθαρῶς
431 377 566 429 εἰρήνην
597 375 871 427 ἐπαγγελλεσθε,
905 375 937 412 τί
962 376 1012 412 δεῖ
1046 390 1107 424 με·

81 443 227 488 υ.·ν7,σθαι
245 437 436 509 χρημάτων
457 434 643 481 αἰτήσειι)ς;
663 433 773 470 καίτοι
794 436 856 470 κάν
870 431 979 484 τούτῳ
997 433 1034 470 οὐ
1049 432 1109 469 σὺν

81 500 128 534 τΓ)
148 496 320 569 προχείρω
339 498 360 540 7,
382 493 488 544 βουλὴ
508 496 576 535 τοῖς
595 491 806 538 νενικηκόσιν
825 490 909 542 πρὸς
925 506 986 535 την
1005 489 1111 541 ἄρνη-

80 571 132 592 σιν
153 555 174 600 ἢ
200 555 260 599 τὴν
278 552 487 590 καταίνεσιν.
513 552 592 589 Εἰ
575 551 609 588 οὲ
636 550 685 587 ἔτι
707 551 848 587 σκοπεῖν
868 550 947 597 ὑμῖν
967 563 1049 599 προς
1072 548 1110 584 τὸ

81 611 248 663 συμφέρον
277 625 335 647 και
362 610 421 651 τὰς
448 610 485 645 ε’κ.
508 611 567 645 τοῦ
593 606 745 656 πο7έμου
764 605 958 649 πλεονεξίας
974 606 1108 654 ἡγεῖσθε

80 666 142 710 τ·7,ν
163 663 350 712 σύμὸασιν,
382 661 441 698 καὶ
473 659 674 706 ἡττηθέντες
703 658 820 709 ὤσπερ
852 657 1001 728 δασμους
1029 656 1110 708 παρ’

81 726 176 771 7μων
198 720 446 766 ἀπαιτήσοντες
469 718 593 767 ἥκετε,
615 720 675 763 τ’ἧς
698 716 875 768 ῥᾳστώνης
899 715 937 753 τὸ
956 714 1111 765 τερπνὸν,

79 781 156 818 ὅσον
171 779 286 831 εἰρήνη
305 778 454 824 δίδωσιν,
472 779 508 814 ἐκ
525 775 651 818 παντὸς
669 774 892 825 μεταδιώκειν
908 777 1000 823 ἡμᾶς
1015 773 1110 822 νομί-

80 842 210 884 ζοντες,
232 837 350 888 ἔχεσθε
370 838 430 881 τῆς
457 834 576 884 ὁμοίας
596 837 637 885 τῇ
667 833 812 884 πρόσθεν
838 831 1085 884 ἐπιχειρήσεως
1099 860 1108 877 ,

81 896 167 947 μηδ’
195 897 240 938 εἷς
273 894 466 946 εὐεργεσίας
490 893 589 943 λόγον
615 891 858 944 προϊσχόμενοι
878 894 936 928 τοῦ
959 889 1111 938 πολέμου

79 955 140 1000 τὴν
159 953 347 991 κατάλυσιν
369 954 494 989 αἰτεῖτε
515 951 634 1001 μισθὸν
654 953 714 996 τῆς
735 948 1006 1000 συγχωρήσεως,
1027 948 1111 992 ὠνη·

79 1013 139 1058 τὴν
160 1012 216 1049 καὶ
235 1013 295 1048 οὐκ
313 1010 500 1048 ἐθελούσιον
520 1008 717 1057 ποιούμενοι
734 1007 794 1053 τὴν
809 1010 985 1056 παροῦσαν
1003 1007 1035 1048 ἐς
1048 1004 1110 1050 τ·7,ν

79 1070 194 1122 φιλίαν
210 1068 414 1120 πρόκλησιν.
435 1068 487 1106 Οὐ
508 1066 573 1117 γὰρ
595 1065 636 1112 δ’7,
654 1065 814 1114 πολέμων
836 1063 994 1115 ἀπείρους
1012 1062 1110 1104 ὄντας

81 1131 171 1176 ἡμᾶς
188 1129 235 1179 τῷ
255 1126 378 1171 πλήθει
395 1127 455 1170 τ’ἧς
474 1123 586 1161 πολλὰ
606 1123 645 1169 δὴ
668 1122 925 1173 κομπασθείσης
944 1122 996 1173 ὑφ’
1016 1123 1110 1170 ὑμῶν

80 1185 254 1234 δυνάμεως
271 1183 457 1229 ἐκπλήξετε
469 1199 477 1206 ·
503 1182 578 1219 οὐδὲ
596 1181 732 1233 πλούτῳ
749 1180 910 1233 λαφύρων
932 1179 1110 1218 Ἰταλικῶν

79 1242 353 1293 ἐπικομιζόμενοι
373 1241 412 1292 (1)
426 1270 436 1289 ,
461 1241 566 1283 ἀδεῶς
583 1242 637 1277 ἐπ’
658 1240 751 1276 οἴκου
772 1237 977 1289 πορεύσεσθε
992 1252 999 1259 ·
1023 1235 1111 1273 ἀλλὰ

80 1302 181 1346 δῆλαι
203 1300 264 1350 μὲν
288 1302 382 1349 ὑμῶν
407 1301 441 1336 αἱ
460 1299 561 1342 πεζαὶ
580 1297 820 1348 παρασκευαὶ,
851 1297 912 1332 οὐκ
937 1296 1055 1339 ἄδηλοι
1077 1294 1111 1331 δὲ

80 1361 114 1395 αἱ
135 1361 201 1394 τῶν
215 1358 359 1403 ἱππέων,
374 1371 457 1407 προς
477 1355 516 1398 ἃς
531 1357 562 1397 ἐς
576 1354 700 1406 τρόπον
718 1354 774 1391 τὸν
790 1353 929 1390 δυνατον
948 1356 1111 1397 ἀντιστη-

78 1417 220 1465 σόμεθα.
237 1414 431 1465 Τολμῶμέν
446 1429 482 1451 τε
499 1413 588 1465 γὰρ
583 1429 645 1450 μετ
647 1412 861 1464 ’ἀσφαλείας
873 1441 882 1458 ,
899 1411 957 1448 καὶ
973 1412 1110 1460 ἀναχω-

79 1478 200 1525 ροῦμεν
233 1488 292 1510 συν
325 1488 417 1525 πρου
420 1471 516 1523 ηθεία
532 1501 540 1517 ,
567 1465 669 1508 οἷα
656 1470 696 1515 δὴ
726 1452 881 1520 λογισμῶ
911 1468 1054 1517 ηγευόνι
1080 1470 1112 1510 ἒς

79 1532 192 1568 πάντα
207 1531 396 1582 γρώμ,ενοι
411 1533 458 1572 οἷς
471 1533 492 1574 7,
506 1528 601 1596 ἷσχυς
619 1526 945 1579 &Conterit-aiffa&
931 1526 1110 1577 εαπειρίαν

78 1591 143 1626 πο7
147 1592 273 1638 εμικῶν
292 1588 397 1639 ἔργων
420 1587 643 1639 διαφερόντως
665 1586 812 1636 ἔχοντες.
827 1584 872 1622 Ὗ
876 1590 949 1633 αεῖς
971 1583 1005 1620 δὲ
1024 1583 1111 1632 μετά

78 1662 112 1684 τε
128 1650 185 1684 τοῦ
203 1646 385 1698 προχείρου
403 1645 495 1682 ἔπιτε
510 1674 519 1690 ,
538 1644 596 1681 καὶ
614 1643 899 1694 διαμαρτάνοντες
917 1644 984 1678 τῶν
999 1642 1107 1692 ἔργων

79 1704 134 1741 διὰ
148 1704 184 1741 τὸ
196 1704 244 1754 μ·7,
257 1702 517 1755 προσκέψασθαι
529 1703 577 1754 ἐφ’
595 1702 615 1739 ἃ
630 1703 678 1738 δεῖ
693 1703 811 1748 ἐλθεῖν,
825 1699 1010 1752 πείραττὴν
1028 1699 1109 1749 βλά-

79 1763 143 1808 ὅην
159 1766 216 1800 τοῦ
238 1765 427 1814 προπετοῦς
447 1761 624 1813 φερόμενοι
639 1759 926 1809 μεταγινώσκετε.
946 1760 1029 1800 Τοῖς
1043 1758 1108 1808 γὰρ

80 1821 168 1864 ζέσει
179 1824 210 1864 ἐς
220 1821 277 1864 τὰς
288 1820 435 1871 πράξεις,
448 1819 495 1869 μ·7,
510 1818 687 1869 [cuvio-&L
701 1816 967 1868 συμφερομένοις
980 1816 1110 1866 ἀνάγκη

79 1882 136 1916 τοῦ
158 1878 337 1929 βελτίστου
365 1877 588 1929 ἁμαρτάνειν.
610 1876 682 1914 Καὶ
705 1878 842 1927 ταχεῖαι
863 1874 924 1925 μὲν
949 1876 1044 1923 ὑμῶν
1075 1876 1109 1910 αἱ

121 1960 162 1997 (l)
187 1960 315 1989 πλοῦτον
342 1959 492 1996 ἐπικομιζ.
519 1959 578 1995 Η.;
609 1957 731 1996 πλούτῳ
757 1957 1036 1995 ἐπικομπαζομενοι
1072 1957 1109 1987 N.

83 2063 113 2093 in
128 2063 292 2103 prrrsentia
309 2062 505 2093 considerare
518 2062 601 2093 licet.
621 2063 752 2102 Oportet
767 2062 850 2092 enim
861 2085 869 2099 ‚
881 2061 981 2092 divisa
997 2061 1113 2100 duplici

54 2136 58 2141 ,
81 2116 185 2144 vestra
213 2114 372 2151 oratione,
392 2113 421 2143 in
449 2117 615 2152 utramque
632 2115 752 2151 partem
778 2121 955 2143 occurrere.
983 2112 1013 2143 Si
1030 2112 1114 2142 enim

83 2173 157 2203 pure
171 2166 201 2195 et
211 2164 330 2195 sincere
343 2172 450 2203 pacem
468 2164 694 2195 denuntiaretis
706 2188 714 2203 ,
728 2163 805 2203 quid
818 2163 945 2194 attinuit
963 2163 1113 2203 pecunia·

84 2225 153 2246 rum
166 2216 336 2247 exactionis
347 2216 544 2247 meminisse?
556 2215 677 2247 etiamsi
692 2216 863 2246 victoribus
876 2225 936 2246 uon
949 2216 1022 2246 satis
1036 2224 1113 2246 con-

82 2269 190 2305 staret,
203 2277 242 2299 an
253 2269 442 2307 denegarent
455 2269 510 2298 aut
523 2268 747 2305 concederent,
760 2268 843 2308 quod
856 2268 896 2298 ab
909 2268 967 2299 illis
981 2268 1110 2307 petitur.

82 2319 113 2349 Si
127 2327 201 2349 vero
217 2327 255 2349 ex
273 2327 347 2358 pace
365 2319 458 2349 etiam
473 2319 648 2350 commodis
667 2319 778 2350 vestris
794 2320 825 2350 et
841 2320 1029 2358 exspectatis
1042 2319 1114 2350 belli

86 2370 180 2400 lucris
197 2371 358 2402 consulere
372 2371 505 2402 censetis
517 2395 525 2408 ,
547 2372 578 2402 et
594 2380 774 2411 quanquam
793 2371 865 2401 vicli
889 2371 975 2411 quasi
996 2371 1115 2402 tributa

84 2430 102 2451 a
117 2421 206 2451 nobis
224 2422 344 2461 petitis,
359 2422 436 2452 nillil
453 2422 551 2460 magis
567 2431 622 2453 nos
641 2422 786 2461 amplecti
806 2423 837 2453 et
854 2422 998 2461 persequi
1018 2431 1114 2462 quam

83 2471 279 2510 voluptatem
297 2482 336 2502 ex
352 2473 417 2503 otio
429 2497 437 2511 ‚
452 2472 537 2512 quod
557 2481 617 2511 pax
634 2473 764 2510 tribuit,
778 2473 993 2504 existimantes
1012 2486 1018 2504 :
1040 2482 1115 2503 ean-

84 2521 155 2552 dem
168 2531 223 2551 vos
232 2532 327 2562 quam
342 2525 433 2554 antea
451 2523 628 2562 superbiam
644 2523 825 2561 ostenditis,
838 2525 1027 2562 tantumque
1039 2524 1115 2554 abe·

84 2572 140 2602 stis
161 2576 195 2602 ut
211 2573 349 2603 beneficii
376 2575 445 2603 loco
463 2574 536 2604 belli
562 2574 767 2605 cessationem
793 2574 945 2612 habeatis,
969 2577 1005 2605 ut
1020 2574 1114 2605 etiam

84 2624 262 2654 mercedem
282 2624 365 2662 pacis
387 2625 550 2663 postuletis
563 2648 572 2662 ,
590 2626 621 2655 et
640 2625 801 2663 venalem,
825 2634 888 2655 non
911 2626 1114 2664 spontaneam

83 2674 332 2704 adhortationem
347 2675 385 2704 ad
400 2675 587 2713 amicitiam,
605 2684 700 2714 quam
719 2684 802 2706 nune
816 2676 1005 2715 proponitis,
1024 2677 1115 2707 sacia-

84 2724 133 2754 tis.
163 2726 231 2755 Non
248 2726 330 2755 enim
353 2734 409 2755 nos
434 2727 584 2764 tanquam
610 2726 766 2756 bellorum
790 2726 883 2757 rudes
907 2729 938 2757 et
955 2727 1116 2766 imperitos

85 2775 299 2813 magnitudino
313 2777 471 2807 tantarum
485 2799 493 2814 ‚
517 2784 596 2815 quas
609 2785 664 2807 vos
678 2776 819 2816 jactatis,
835 2777 949 2808 virium
964 2780 1115 2817 perterre-

86 2827 213 2858 saeietis.
231 2829 337 2866 Neque
361 2836 433 2858 vero
445 2828 549 2867 spoliis
565 2828 740 2859 italicarum
752 2838 847 2868 opum
866 2831 969 2861 onusti
988 2831 1115 2870 impune

84 2877 213 2908 donnum
228 2878 410 2909 immoletis.
428 2881 520 2908 xvsti·
514 2889 540 2908 ι
555 2879 710 2918 pedestres
724 2880 821 2919 copim
836 2881 924 2912 nobis
934 2884 1006 2912 sunt
1018 2884 1070 2913 not
1075 2891 1113 2920 1¹,

85 2937 186 2967 neque
203 2932 346 2967 equestr«
348 2929 389 2958 si
383 2930 486 2967 ,grnote
496 2930 632 2968 ‚quibus
646 2939 685 2969 qu
690 2931 821 2961 autum
815 2941 845 2962 m
863 2932 952 2963 nobis
968 2932 1025 2962 erit
1040 2942 1116 2972 qua-

84 2988 209 3018 cunque
223 2979 272 3009 via
295 2979 484 3010 rcsistemus.
510 2980 669 3010 Audemus
683 2982 764 3012 enim
782 2991 853 3012 eum
873 2984 1054 3021 securitate,
1070 2993 1116 3015 re·

83 3030 225 3061 cedimus
243 3039 314 3060 cum
340 3030 552 3070 providentia,
571 3033 601 3061 et
627 3031 656 3061 in
671 3032 816 3063 (minibus
841 3033 934 3063 rebus
950 3034 1115 3073 prudentia

84 3082 165 3113 duce
196 3084 338 3120 utentes,
368 3091 439 3122 qua-s
465 3082 637 3121 plurimum
657 3084 757 3121 valet,
775 3093 832 3114 usu
852 3087 882 3115 et
908 3085 951 3115 rei
974 3086 1116 3117 militaris

84 3133 194 3171 peritia
224 3134 422 3172 przestamus.
442 3135 505 3163 Vos
526 3142 598 3163 cum
615 3134 725 3165 ardore
742 3136 771 3164 et
795 3136 1041 3174 promptitudine
1065 3146 1116 3174 at:-

83 3183 247 3221 greclimini
259 3208 266 3222 ,
281 3184 392 3214 deinde
407 3193 510 3214 rerum
527 3183 692 3223 adeptione
710 3184 866 3224 frustrati,
879 3187 952 3225 quia
967 3196 1028 3226 qua
1043 3197 1115 3226 pro-

84 3235 166 3270 gredi
187 3236 368 3274 oportebat,
383 3244 444 3265 non
463 3237 535 3266 ante
550 3235 739 3274 providistis,
756 3237 906 3268 ‹lanmum
923 3239 1114 3277 experientia

86 3285 149 3323 ipsa
167 3294 203 3315 ex
223 3288 326 3316 vestra
343 3287 518 3317 temeritate.
535 3288 727 3326 reportantes
744 3288 926 3326 p‹1=uitentia
949 3289 1110 3321 ducimini.

84 3337 143 3372 Qui
161 3337 242 3367 enim
256 3337 404 3368 servillius
418 3347 512 3377 quam
526 3339 711 3378 prudentius
726 3340 763 3369 ad
782 3349 829 3371 res
848 3341 996 3377 gerendas
1008 3342 1111 3372 sei'un-

840 174 1046 211 DEXlPPl
1080 171 1429 210 ATHENOENSIS.

1170 259 1397 311 ἐπιχειρήσεις
1409 290 1416 304 ,
1432 257 1472 295 δι’
1483 256 1598 307 ὀλίγου
1613 255 1648 294 δὲ
1665 257 1700 292 αἱ
1717 255 1955 305 μεταμέλειαι.
1978 257 2046 295 Καὶ
2062 258 2100 296 τὸ
2117 259 2200 309 σύμ-

1168 332 1237 353 παν
1257 317 1346 353 κατὰ
1368 318 1406 353 τὸ
1432 315 1518 357 εἰκὸς
1539 314 1711 363 θαύματος
1732 314 1973 362 ἀπήλλακται,
1993 317 2200 361 ἀντιπάλους

1171 378 1252 425 ἡμῖν
1271 375 1436 425 τυχόντας
1456 374 1514 411 καὶ
1536 375 1627 419 ἠθῶν
1651 372 1819 421 ἀνομοίων
1848 372 1907 410 καὶ
1926 375 1959 417 ἐς
1981 374 2041 417 τὰς
2062 376 2201 426 γνώμας

1170 432 1445 484 πραττομένων
1428 430 1599 468 οιεστάναι
1614 432 1675 468 οὐκ
1690 431 1999 482 ἀποπεποιηκιι)ς(2
2004 434 2027 481 ),
2037 449 2096 470 και
2113 436 2202 484 ὑμᾶς

1171 490 1231 541 μὲν
1259 490 1412 541 ἀμαθία,
1433 492 1525 539 ἡμᾶς
1546 488 1580 526 δε
1610 488 1701 540 λόγῳ
1730 489 1899 538 συνεῖναι,
1922 505 1982 526 συν
2003 507 2030 527 ω
2048 491 2200 540 μάλιστα

1169 548 1227 585 καὶ
1248 548 1286 585 τὸ
1302 552 1438 598 κρατεῖν
1458 563 1533 589 τους
1549 546 1676 592 ησσους
1695 548 1761 583 τῶν
1779 546 1946 584 πλειόνων
1967 548 2201 600 περιγίνεται,

1171 605 1302 643 συνέσει
1314 605 1378 657 πρὸ
1390 605 1563 654 δυνάμεως
1574 604 1908 648 πιστεύοντας.Ἱόύς
1921 621 1957 643 τε
1971 607 2130 650 πλείονας
2141 607 2201 645 σὺν

1169 668 1218 716 τῷ
1243 664 1411 714 ἀλογίστῳ
1431 663 1487 700 διὰ
1508 663 1623 714 μάχης
1647 663 1759 705 ἰόντας
1781 663 1900 701 κάκιον
1921 665 2121 712 ἀμανᾶσθαι
2141 668 2201 716 (a),

1170 722 1268 773 ἔργου
1287 721 1388 772 πείρα
1409 721 1539 770 μᾶλλον
1560 718 1582 765 ἢ
1602 720 1703 769 λόγου
1722 721 1990 773 κομπωδεστέρα
2011 725 2202 774 προσποιή-

1171 795 1221 816 σει
1236 779 1456 824 διδάσκεσθε,
1479 778 1666 829 βλέψαντες
1692 780 1724 820 ἐς
1751 778 1794 815 τὰ
1817 780 1960 817 Σκυθῶν
1980 781 2074 827 πάθη
2089 797 2096 804 ·
2116 782 2204 831 μετὰ

1171 837 1397 889 σαφεστάτων
1414 836 1480 887 γὰρ
1495 835 1689 887 τεκμηρίων
1704 835 1762 873 καὶ
1777 838 1838 873 οὐκ
1853 837 2034 889 ἀμάρτυρα
2048 839 2202 888 λέξομεν.

1170 890 1277 934 Οὗτοι
1294 894 1334 940 δὴ
1351 895 1533 946 τριάκοντα
1553 893 1695 945 μυριάσι
1723 897 1868 945 στρατοῦ
1889 895 1939 945 ἐφ’
1959 896 2123 948 ἑκατέρας
2144 897 2204 940 τὰς

1169 953 1330 1004 ἠπείρους
1361 951 1602 994 σκεδασθέντες
1630 951 1727 1001 πάσῃ
1762 955 1804 1004 τῇ
1834 953 1976 1002 δυνάμει
2005 954 2204 1001 ἡττήθησαν

1171 1012 1254 1062 πρὸς
1272 1013 1384 1060 ἡμῶν,
1407 1010 1467 1047 καὶ
1493 1010 1639 1061 λαμπρὰ
1658 1015 1727 1052 τοῖς
1751 1011 1962 1055 νενικηκόσιν
1981 1013 2205 1051 ὑπελείποντο

1170 1072 1229 1114 τῆς
1246 1069 1371 1111 οἰκείας
1388 1071 1509 1119 ἀρετ-ἦς
1529 1067 1762 1117 ὑπομνήματα
1776 1097 1785 1115 ,
1808 1062 1853 1106 ῶν
1872 1068 1931 1114 τ·7,ν
1949 1069 2104 1107 εὔκλειαν
2118 1073 2151 1114 ἐς
2167 1072 2205 1109 τὸ

1170 1127 1332 1170 παντελὲς
1343 1126 1460 1175 ἕξομεν
1476 1130 1531 1163 ν’ῦν
1546 1142 1582 1163 τε
1595 1126 1653 1163 καὶ
1668 1126 1787 1163 ἔπειτα
1798 1156 1807 1173 ,
1819 1129 1867 1178 τῷ
1884 1127 1999 1179 χρόνῳ
2016 1143 2204 1181 συμπαρα·

1170 1185 1325 1224 θέουσαν.
1346 1184 1420 1227 Τάς
1437 1200 1473 1221 τε
1491 1184 1693 1233 Ἀλαμανῶν
1713 1183 1750 1234 (4)
1770 1185 1946 1236 συμφορὰς
1966 1186 2059 1236 ἄγειν
2077 1187 2095 1206 *
2118 1193 2206 1238 σφᾶς

1170 1247 1227 1280 τοῦ
1242 1243 1430 1315 προχείρου
1451 1245 1498 1279 τῶ
1523 1242 1763 1294 ἀναρριφθεντι
1782 1246 1842 1289 τ·7,ς
1861 1244 2107 1296 επιχειρήσεως
2130 1261 2203 1282 τα-

1169 1317 1314 1352 χυτεραν
1329 1301 1387 1339 καὶ
1405 1302 1435 1338 δι
1439 1282 1571 1351 ’ὀλίγου
1587 1300 1698 1338 ἔθεντο
1712 1301 1773 1346 τὴν
1787 1303 2013 1351 μετάγνωσιν
2031 1302 2153 1352 ’Πμεῖς
2169 1320 2204 1341 τε

1169 1359 1225 1396 ἐπι
1241 1365 1315 1402 ταῖς
1333 1359 1614 1409 πλημμε7είαις’
1604 1362 1714 1409 υμῶν,
1737 1363 1789 1402 αἱς
1810 1362 1854 1402 εἶς
1871 1363 1964 1409 ἧμας
1978 1361 2204 1411 ἐπλημμελή-

1171 1433 1272 1464 σατε,
1292 1418 1352 1465 οὐκ
1373 1419 1529 1468 ἀποχρῆν
1552 1417 1759 1467 ἡγούμεθα
1747 1417 1788 1463 7,ν
1810 1418 1954 1455 ἐπάθετε
1973 1418 2152 1469 τιμωρίαν,
2177 1419 2205 1456 εἰ

1171 1476 1218 1525 μὴ
1236 1476 1295 1513 καὶ
1315 1475 1371 1512 τὸν
1390 1474 1529 1526 Ἴστρον
1549 1476 1759 1527 ὑπερὲάντες
1779 1478 1813 1513 ἐν
1834 1475 1922 1527 ὅροις
1942 1483 2013 1520 τοῖς
2030 1478 2205 1529 ὑμετέροις

1169 1534 1231 1580 τὴν
1246 1532 1349 1585 ὀργὴν
1366 1535 1410 1576 ὡς
1428 1533 1729 1586 προαδικήσαντας
1749 1536 1839 1583 ὑμᾶς
1857 1536 1898 1585 (5)
1918 1536 2201 1586 ἀποπλήσαιμεν.

1170 1593 1329 1642 Πόλεμον
1345 1591 1411 1642 γὰρ
1436 1591 1492 1628 ἐπὶ
1517 1593 1680 1634 σπονδαῖς
1705 1591 1898 1642 ἀκήρυκτον
1925 1593 1975 1645 ἐφ’
1990 1597 2081 1642 ἡμᾶς
2105 1595 2205 1645 ἠγεί-

1171 1665 1251 1700 ρατε
1264 1681 1273 1696 ,
1291 1649 1495 1700 ἐγκλήματα
1511 1648 1572 1698 μὲν
1587 1651 1631 1692 ὡς
1648 1651 1693 1691 εἷς
1706 1650 2008 1701 προαδικήσαντας
2026 1653 2132 1689 εἰπεῖν
2146 1654 2205 1689 οὐκ

1170 1708 1305 1758 ἔχοντες
1319 1737 1329 1757 ,
1350 1707 1547 1757 ἐπιθυμίαις
1569 1707 1605 1744 δέ
1631 1723 1699 1744 τισι
1725 1708 1785 1745 καὶ
1813 1709 1928 1746 ἐλπίσι
1947 1710 2206 1761 κουφισθέντες,

1170 1764 1229 1803 σὺν
1251 1761 1303 1808 αἶς
1319 1764 1436 1815 ὅμιλος
1456 1765 1635 1816 ἀλόγιστος
1659 1765 1861 1818 ἐπαίρεται,
1883 1773 2046 1818 στρατιᾶς
2063 1767 2122 1805 καὶ
2138 1782 2205 1805 πο·

1212 1868 1240 1895 2.
1257 1863 1446 1899 &mimz-mg?
1460 1883 1500 1889 —
1512 1867 1542 1896 3.
1570 1863 1765 1903 ἆμύνασθαιῗ
1780 1865 1905 1896 Hoesch.
1919 1889 1927 1904 ,
1943 1865 2208 1897 ἀπαλλάττεσθαι.3

1169 1911 1204 1941 Β.
1223 1911 1415 1949 δαμνᾶσθαιῖ)
1433 1911 1505 1942 Mai.
1529 1928 1569 1933 --
1592 1913 1620 1941 4.
1647 1911 1698 1942 Sic
1714 1911 1801 1942 Nieb.
1830 1920 1886 1950 pro
1905 1912 2089 1952 γαλμιὸνων.
2108 1914 2208 1944 Locus

1170 1957 1310 1988 mutilus.
1329 1976 1368 1982 -
1386 1962 1413 1988 5.
1431 1958 1472 1987 ὧν
1489 1958 1716 1997 προηδικ·7’,σατε
1732 1960 1835 1997 ἡμᾶςῖ)
1853 1959 1887 1989 Β.

1172 2062 1238 2098 tur,
1262 2061 1318 2091 lios
1346 2062 1454 2100 optato
1482 2069 1586 2091 rerum
1603 2068 1749 2090 successu
1770 2059 1899 2090 destitui
1918 2068 2052 2091 ·neeesse
2069 2061 2125 2090 est.
2148 2061 2212 2090 Co-

1173 2114 1266 2142 natus
1274 2113 1303 2143 et
1311 2111 1522 2151 aggressiones
1533 2112 1645 2141 vestrae
1654 2111 1727 2141 sunt
1738 2110 1850 2141 subitoe
1858 2112 1888 2141 et
1903 2110 2074 2150 repentinae
2082 2112 2111 2141 et
2123 2109 2212 2141 brevi

1174 2164 1245 2202 post
1261 2162 1458 2201 pmnitentia.
1479 2163 1515 2192 In
1529 2161 1712 2192 universum
1730 2169 1794 2190 non
1810 2162 1858 2191 est
1873 2160 1957 2200 quod
1973 2160 2136 2199 miremur,
2157 2169 2214 2191 vos

1174 2222 1272 2253 quum
1300 2213 1470 2247 adversarii
1496 2212 1586 2243 nobis
1608 2212 1674 2243 sitis
1690 2213 1721 2243 et
1735 2212 1931 2243 diversorum
1949 2220 2093 2249 morum,
2117 2211 2212 2242 etiam

1175 2275 1279 2297 rerum
1291 2265 1499 2305 gerendarum
1515 2265 1652 2296 consiliis
1669 2273 1686 2295 a
1700 2265 1790 2296 nohis
1805 2265 1920 2295 distare
1943 2264 1957 2280 '¹
1972 2264 1987 2279 *
2001 2265 2032 2294 et
2044 2272 2098 2294 vos
2112 2265 2211 2294 teme-

1175 2319 1265 2349 ritate
1277 2342 1285 2357 ,
1301 2327 1358 2349 nos
1370 2318 1501 2349 consilio
1518 2317 1682 2357 congredi,
1698 2326 1761 2357 quo
1779 2317 1981 2357 paucioribus
1999 2324 2129 2356 quoque
2149 2324 2213 2346 non

1175 2378 1245 2399 raro
1266 2369 1370 2408 plures
1387 2370 1511 2399 vincere
1530 2368 1678 2407 contigit,
1699 2368 1776 2399 (lum
1799 2368 1968 2408 prudentia
1993 2367 2096 2407 potius
2116 2375 2213 2406 quam

1175 2420 1296 2451 viribus
1317 2420 1510 2451 nitebantur.
1531 2421 1641 2451 Plures
1663 2423 1769 2451 autem
1800 2422 1920 2451 temere
1943 2421 1975 2450 et
1994 2418 2214 2458 imprudenter

1175 2472 1320 2511 proelium
1339 2471 1484 2502 ineuntes
1499 2471 1583 2502 malo
1597 2471 1699 2509 affici,
1718 2480 1750 2502 re
1779 2471 1844 2510 ipsa
1857 2471 1961 2510 potius
1984 2479 2080 2509 quam
2096 2469 2212 2501 verbo-

1176 2531 1245 2552 rum
1257 2522 1445 2561 elegantiore
1455 2524 1567 2553 ornatu
1579 2522 1736 2553 docemini
1747 2522 1936 2561 Scytharum
1949 2521 2031 2555 mala
2043 2521 2210 2552 intuentes.

1175 2573 1430 2604 Manifestissimis
1445 2574 1528 2604 enim
1543 2573 1664 2604 indiciis
1680 2574 1711 2604 et
1737 2572 1924 2604 testimoniis
1937 2573 2011 2603 nota
2036 2573 2214 2611 testataque

1175 2624 1325 2655 dicemus.
1354 2625 1401 2655 llli
1425 2624 1566 2655 exercitu
1593 2625 1808 2654 trecentorum
1831 2624 1969 2654 millium
1991 2623 2154 2654 bominum
2173 2622 2214 2653 ab

1176 2677 1311 2715 utraque
1326 2676 1414 2715 parte
1429 2676 1504 2714 ripa¹
1525 2675 1740 2715 expositorum
1757 2676 1950 2714 pugnantes,
1977 2674 2124 2708 omnibus
2138 2674 2213 2704 viri-

1176 2727 1234 2756 bus
1248 2728 1322 2757 suut
1340 2726 1463 2757 anobis
1487 2726 1581 2757 deleti
1597 2727 1628 2757 et
1653 2726 1802 2766 superati.
1827 2726 1927 2765 Cujus
1957 2727 2073 2756 nostra:
2087 2724 2215 2760 virtutis

1175 2778 1258 2807 clara
1269 2777 1440 2808 victoribus
1463 2777 1571 2808 relicta
1585 2779 1659 2808 sunt
1673 2779 1891 2816 monumenta,
1907 2777 2072 2815 exquibus
2086 2776 2214 2806 immor-

1175 2828 1269 2858 talem
1284 2828 1374 2859 nobis
1387 2828 1518 2867 gloriam
1532 2829 1564 2859 et
1576 2837 1662 2859 nunc
1675 2830 1706 2859 et
1719 2827 1862 2867 sequenti
1874 2829 2016 2866 tempore
2029 2827 2213 2858 duraturam

1175 2878 1362 2918 peperimus.
1399 2879 1686 2920 Alemanorumque
1718 2881 1756 2918 (Ρ)
1787 2879 1976 2910 calamitatis
2006 2878 2214 2918 (meminisse

1175 2930 1300 2969 decet),
1332 2939 1466 2970 quorum
1500 2931 1701 2962 temerariam
1730 2932 1761 2962 et
1792 2931 2001 2962 inconsultam
2027 2929 2066 2960 ad
2102 2937 2213 2968 aggre--

1176 2984 1325 3016 ‹liendum
1363 2986 1569 3025 irruptionem
1598 2987 1729 3017 celerior
1756 2986 1842 3018 brevi
1869 2988 1939 3026 post
1956 2985 2141 3025 pwnitentia
2166 2985 2213 3015 est

1176 3039 1354 3068 consecuta.
1377 3040 1413 3069 1-:t
1431 3047 1505 3069 vero
1519 3047 1575 3078 pro
1590 3039 1656 3077 liis,
1677 3048 1749 3078 quae
1766 3038 1797 3069 in
1824 3047 1881 3069 nos
1896 3037 2065 3069 admisistis
2079 3037 2112 3067 et
2127 3044 2213 3067 com-

1175 3089 1351 3127 meruistis,
1369 3098 1420 3120 eas
1439 3099 1517 3129 quas
1531 3090 1631 3121 luistis
1647 3098 1755 3129 pmnas
1777 3090 1905 3120 minime
1922 3088 2069 3119 sul'iieere
2087 3087 2212 3126 judica-

1177 3139 1297 3178 vimus,
1324 3140 1381 3171 nisi
1409 3149 1555 3180 (pioque,
1584 3141 1717 3180 trajecto
1746 3143 1843 3179 Istro,
1869 3140 1898 3171 in
1930 3139 2040 3171 vestris
2067 3139 2207 3178 ipsorum

1176 3190 1291 3221 linibus
1313 3191 1390 3221 iram
1412 3193 1550 3222 nostram
1575 3192 1605 3222 in
1631 3201 1702 3230 vos,
1725 3192 1779 3231 qui
1803 3200 1860 3222 nos
1873 3191 1992 3230 priores
2006 3189 2121 3229 injuria
2137 3188 2212 3219 alse-

1176 3241 1280 3279 cistis,
1307 3242 1562 3281 explevissemus.
1592 3243 1714 3273 Bellum
1743 3242 1846 3280 enim,
1871 3242 1947 3272 dum
1974 3241 2079 3271 adnm:
2109 3239 2212 3270 andus

1176 3294 1262 3332 erat,
1277 3294 1361 3324 ultro
1386 3296 1415 3324 et
1443 3303 1505 3325 non
1529 3295 1680 3325 indictum
1712 3294 1880 3324 adversum
1903 3302 1960 3324 nos
1984 3291 2152 3323 excitastis.
2174 3293 2209 3321 Et

1176 3352 1293 3382 quum,
1314 3344 1396 3383 quod
1421 3344 1510 3375 nobis
1526 3345 1720 3385 objiceretis,
1753 3353 1815 3375 non
1833 3343 1987 3375 haberetis
1999 3367 2006 3381 ‚
2033 3341 2107 3382 quia
2124 3339 2212 3370 volvi-³
