2338 3765
996 138 1317 180 FRAGMENTA.

71 217 198 258 Λυδοὺς
234 217 383 261 ἐδίδαξε,
413 216 469 253 καὶ
502 217 543 253 τὰ
571 216 656 265 μέλη
694 216 748 252 διὰ
785 220 883 253 τοῦτο
919 217 1096 268 Ἰὀρρήῧια

69 275 235 312 ἐκαλεῖτο.

549 350 610 384 23.

122 428 225 462 Idem
249 441 257 462 :
284 426 478 472 Λυκοσθένη
494 456 502 472 ,
531 427 626 469 πόλις
651 427 799 470 Λυδίας·
828 427 959 470 Ξάνθος
978 428 1097 478 πρώτῃ

73 484 252 521 Λυδιακῶν
265 499 271 506 ·
282 484 324 529 ἣν
338 483 396 520 καὶ
411 484 658 522 ΛυκοσΟενείαν
671 484 836 527 Νικόλαος
849 500 960 536 φησιν.
982 483 1026 523 ‘O
1041 500 1099 521 πο-

71 540 166 586 λίτης
194 540 437 587 Λυκοσθενεὺς,
472 544 515 583 ὡς
544 541 757 591 Βερενικεύς·
789 541 884 592 παρὰ
914 541 947 579 δὲ
975 543 1096 584 Λυδοῖς

71 597 319 644 Λυκοσθενίτης
331 627 340 643 ,
361 601 405 641 ὡς
422 598 681 650 Δικαιαρχίτης.

555 691 617 728 24.

122 780 213 814 Exc.
243 781 298 814 De
317 780 403 816 virt.
430 792 437 813 t
459 776 543 815 “Ort
564 776 677 820 Μόξος
702 780 719 814 ὃ
744 776 872 822 Λυδὸς,
900 777 1012 814 πολλὰ
1041 777 1100 814 καὶ

70 833 160 871 καλὰ
181 832 434 884 ἐργασάμενος,
455 833 513 870 καὶ
538 833 594 870 τὸν
616 833 742 879 Μήλην
772 836 813 884 (ι)
832 837 892 879 τῆς
909 834 1101 884 τυραννίδος

71 890 234 937 καθελὼν,
252 894 321 934 τοῖς
338 892 459 932 Λυδοῖς
476 891 754 942 παρεκελεύσατο
772 891 834 936 τὴν
852 890 998 936 δεκάτην
1012 893 1098 928 ἀπο-

70 950 208 994 δοῦναι,
229 948 319 986 καθὰ
338 951 381 998 (2)
410 947 556 995 ηὔξατο,
582 954 650 991 τοῖς
667 949 765 990 θεοῖς.
783 950 828 986 Οἱ
852 947 886 985 δὲ
904 948 1074 985 ἐπείθοντο
1088 978 1098 997 ‚

69 1006 128 1043 καὶ
160 1008 430 1057 ἀπαριθμοῦντες
454 1005 498 1043 τὰ
522 1005 687 1055 κτήματα
709 1005 846 1057 ἒξῇρουν
867 1005 927 1051 τὴν
955 1006 1099 1051 δεκάτην

71 1063 244 1110 ἁπάντων,
258 1064 316 1100 καὶ
329 1063 503 1101 κατέθυον.
522 1063 586 1102 Ἐκ
602 1063 720 1101 τούτου
736 1064 894 1113 μέγιστος
908 1063 1038 1114 αὐχμὸς
1057 1065 1097 1113 (3)

71 1121 332 1170 καταλαμὸάνει
373 1121 502 1159 Λυδίαν
516 1152 526 1171 ‚
560 1122 618 1158 καὶ
651 1123 681 1158 οἱ
720 1122 891 1173 ἅνθρωποι
927 1121 983 1158 ἐπὶ
1013 1137 1101 1169 μαν-

69 1179 162 1216 τείαν
183 1178 224 1229 (4)
245 1178 466 1231 κατέφευγον.
497 1179 531 1195 **
549 1178 688 1221 Πολλὰς
706 1179 740 1216 δὲ
758 1178 937 1229 στρατείας
963 1179 1100 1229 λέγεται

70 1240 277 1282 πεποιῆσθαι
296 1232 391 1279 οὗτος
408 1239 425 1274 ὁ
442 1237 544 1288 ἀνὴρ,
565 1237 623 1274 καὶ
638 1231 678 1283 ἦν
701 1239 803 1274 αὐτοῦ
822 1236 919 1279 κλέος
936 1237 1096 1286 μέγιστον

70 1296 103 1331 ἐν
133 1295 257 1336 Λυδοῖς
286 1293 344 1331 ἐπί
371 1310 407 1331 τε
434 1294 569 1345 ἀνδρείᾳ
597 1295 655 1331 καὶ
676 1294 886 1345 δικαιοσύνῃ.
913 1296 1034 1332 Ταῦτα
1065 1294 1098 1332 δὲ

69 1351 202 1404 πράξας
228 1345 321 1395 αὖθις
347 1351 402 1389 ἐπὶ
421 1352 483 1397 τὴν
512 1351 652 1404 Κράὸον
677 1354 716 1401 (5)
739 1353 885 1398 ἐστάλη,
909 1352 968 1388 καὶ
992 1352 1099 1389 πολὺν

69 1409 189 1460 χρόνον
210 1409 317 1454 αὐτὴν
335 1409 570 1461 πολιορκήσας
586 1404 654 1447 εἷλε
677 1412 715 1458 (6)
738 1409 796 1446 καὶ
812 1409 979 1460 ἐπόρθησε
991 1439 1002 1458 ,
1023 1409 1100 1452 τοὺς

2108 155 2174 186 371

1158 226 1283 264 docuit,
1301 229 1395 267 atque
1410 230 1575 261 cantilena*
1600 231 1660 261 illae
1677 233 1838 270 propterea
1856 233 1996 263 solebant
2013 232 2183 262 Torrhebia

1160 285 1274 313 vorari.

1644 368 1699 397 223.

1199 441 1414 479 Lycosthcne,
1439 442 1514 471 urhs
1535 442 1658 481 Lydiam
1684 445 1828 475 Xanthus
1853 448 1894 476 Dc
1915 446 2006 476 rebus
2028 446 2184 485 Lydorum

1159 497 1238 527 lihro
1263 498 1381 536 primo;
1410 499 1540 529 eandem
1567 502 1803 538 Lycostheniam
1829 503 1904 533 dicit
1923 504 2078 534 Nicotaus.
2103 504 2186 535 Civis

1160 555 1416 593 Lycosthenensis
1429 557 1715 594 ‚quemadmodum
1741 561 1968 599 lici·eniceusis;
1984 562 2066 600 apud
2085 562 2186 600 Lydos

1158 613 1265 642 tamen
1282 613 1520 652 Lycostheuitcs
1537 615 1724 653 appellatur,
1739 616 1829 646 sicuti
1854 618 2085 649 Dicaearchites.

1636 698 1692 728 24.

1201 792 1313 821 Moxus
1327 790 1432 830 Lydus
1441 799 1543 830 quum
1555 792 1625 830 post
1638 793 1737 822 multa
1748 793 1931 833 egregiaque
1942 795 2079 826 facinora
2089 797 2185 827 etiam

1160 859 1272 889 Melem
1287 858 1452 898 tyrannide
1468 859 1649 898 expulisset,
1666 860 1760 900 Lydis
1770 862 1881 892 auctor
1896 863 1971 901 fuit,
1986 865 2020 894 ut
2031 864 2187 896 decimam

1159 928 1301 958 omnium
1316 928 1489 967 honorum,
1510 931 1602 968 prout
1616 930 1680 968 ipse
1703 932 1851 969 voverat,
1866 931 1924 961 diis
1946 933 2107 964 offerrent.
2123 937 2186 965 Cu-

1156 995 1208 1034 Jus
1229 996 1320 1027 dictis
1341 997 1596 1036 obtemperantes
1618 997 1712 1036 Lydi,
1735 1006 1885 1037 pecorum
1904 1009 2073 1032 numerum
2098 1003 2186 1033 insti-

1159 1066 1301 1103 tuentes,
1330 1065 1485 1096 decimam
1507 1066 1650 1096 omnium
1674 1067 1842 1105 sepositam
1873 1068 1931 1098 diis
1953 1074 2187 1102 consecrarunt.

1161 1136 1305 1166 Posthaec
1320 1144 1420 1175 quum
1437 1135 1540 1175 gravis
1556 1135 1680 1167 siccitas
1692 1136 1798 1175 Lydiae
1810 1137 2009 1176 incubuisset,
2024 1140 2099 1178 Lydi
2116 1149 2187 1171 ora-

1160 1205 1268 1235 culum
1291 1205 1487 1235 consuluere.
1506 1204 1538 1219 **
1560 1204 1616 1235 Hic
1635 1203 1717 1235 idem
1742 1205 1787 1234 vir
1812 1207 1927 1245 smpius
1950 1208 2106 1239 exercitus
2130 1209 2190 1239 du-

1161 1274 1261 1304 ctasse
1275 1273 1402 1311 dicitur,
1422 1272 1625 1312 maximaque
1648 1273 1714 1311 ejus
1735 1274 1803 1303 tum
1828 1274 1868 1304 oh
1890 1275 2105 1307 fortitudinem
2122 1278 2190 1308 tum

1160 1345 1201 1376 ob
1212 1345 1367 1384 justitiam
1378 1346 1461 1376 sama
1475 1344 1560 1384 apud
1576 1345 1678 1384 Lydos
1691 1346 1768 1375 erat.
1788 1347 1882 1375 Porro
1896 1345 1943 1375 his
1958 1347 2102 1384 peractis,
2118 1355 2190 1377 con-

1162 1417 1209 1444 tra
1223 1414 1334 1444 urbem
1350 1413 1488 1444 Crabum
1500 1412 1604 1443 denuo
1618 1413 1795 1452 profectus,
1816 1415 1885 1452 post
1906 1413 2088 1444 diuturnam
2110 1414 2191 1445 obsi-

68 1520 130 1554 τὸς
143 1519 252 1558 [τοὺς
263 1519 292 1559 ];
306 1519 351 1549 sic
361 1520 623 1550 Westermannus
634 1519 740 1550 edidit.
753 1520 841 1554 αὐτὸς
853 1520 969 1554 Λυδοὺς
984 1519 1057 1549 cod.
1073 1520 1162 1549 Vrat.
1174 1530 1182 1556 ;
1196 1519 1303 1553 αὐτοὺς
1321 1518 1437 1552 Λυδοὺς
1449 1518 1554 1548 ceteri.
1572 1517 1689 1548 Deinde
1704 1517 1798 1556 vulgo
1815 1518 1946 1556 legitur:
1964 1518 2075 1553 ἐδίδαξε
2102 1520 2187 1558 μέλη.

69 1566 127 1596 Διὰ
146 1568 235 1596 τοῦτο
251 1566 405 1605 Τορρηὸία
422 1566 569 1596 ἐκαλεῖτο.
588 1568 749 1597 Postrema
763 1575 854 1596 sensu
869 1566 1024 1596 laborant.
1045 1567 1154 1604 ltaque
1170 1574 1187 1595 e
1206 1564 1274 1594 rod.
1295 1564 1419 1594 Vratisl.
1440 1563 1542 1602 recepi
1568 1565 1618 1593 καὶ
1636 1566 1708 1593 ante
1731 1572 1762 1593 v.
1788 1565 1861 1602 μέλη
1874 1588 1881 1600 ,
1896 1566 1927 1594 et
1952 1564 2066 1595 deinde
2082 1566 2190 1604 scripsi

68 1611 230 1651 Τορρήὸια.
246 1628 286 1633 -—
307 1611 399 1647 Quod
416 1620 481 1642 rem
498 1612 630 1651 attinet,
648 1612 687 1643 de
704 1612 790 1651 Lydo
807 1614 838 1643 et
854 1612 1016 1642 Torrhebo
1034 1612 1122 1650 Atyis
1139 1612 1208 1642 tiliis
1232 1612 1356 1641 constat
1373 1619 1390 1640 e
1406 1610 1532 1640 Xantho
1551 1610 1606 1647 (fr.
1636 1611 1668 1648 l)
1686 1618 1736 1648 ap.
1758 1610 1943 1649 Dionysium
1965 1611 2034 1640 Hal.
2053 1615 2087 1641 A.
2102 1614 2140 1642 R.
2157 1615 2189 1650 Ι,

69 1661 118 1687 20.
135 1657 225 1695 Apud
250 1657 447 1688 Herodotum
465 1659 498 1696 I,
513 1658 691 1697 genealogia
717 1660 765 1688 est
793 1671 799 1688 :
828 1660 963 1693 Manes;
986 1660 1083 1696 Alys;
1105 1657 1311 1696 Tyrrhenus.
1334 1656 1416 1686 Nihil
1433 1656 1472 1686 de
1488 1656 1651 1694 Tyrrheno
1672 1655 1755 1694 apud
1773 1657 1934 1686 xanthum
1956 1656 2076 1687 dictum
2099 1659 2192 1690 fuisse

69 1712 213 1742 expresse
232 1704 367 1734 testatur
384 1703 562 1742 Dionysius.
584 1705 707 1734 Patrem
733 1704 820 1742 Atyis
847 1704 992 1734 Xanthus
1007 1712 1137 1742 quoque
1160 1705 1291 1734 Manem
1310 1702 1460 1741 posuerit.
1486 1703 1579 1732 Certe
1597 1710 1712 1731 nomen
1739 1702 1898 1740 proprium
1917 1702 2042 1738 Μάσνης
2070 1705 2191 1745 (Μάνης

69 1750 139 1780 cod.
166 1751 313 1787 Bai-occ.)
332 1758 348 1779 e
364 1750 479 1779 Xanthi
495 1750 636 1789 Lydiacis
652 1750 744 1780 at't'crt
765 1750 944 1788 Hephaestio
969 1752 1015 1779 De
1031 1751 1123 1779 metr.
1142 1758 1173 1787 p.
1197 1752 1232 1779 13
1250 1748 1299 1779 ed.
1320 1748 1417 1778 Gaist.
1437 1748 1553 1778 Eadem
1576 1748 1693 1785 forma,
1719 1748 1852 1778 Μάσνεω
1880 1749 1956 1787 (vgo
1979 1749 2121 1789 Μάνεω),
2145 1756 2192 1783 est

67 1795 150 1834 apud
166 1795 296 1834 Dionys.
315 1795 383 1826 Hal.
401 1797 433 1833 1,
448 1800 485 1828 27
500 1797 531 1826 in
547 1796 617 1826 cod.
638 1796 803 1826 Vaticano.
823 1798 997 1826 Creuzerus
1013 1796 1023 1834 (
1042 1798 1181 1827 Wiener.
1198 1795 1296 1825 lerb.
1320 1795 1397 1824 tom.
1422 1798 1477 1825 106
1499 1802 1526 1833 p.
1543 1797 1576 1824 41
1593 1794 1602 1832 )
1625 1794 1850 1832 Hephwslionis
1866 1794 1934 1824 loco
1952 1794 2083 1825 fluvium
2098 1797 2192 1835 signi-

68 1842 153 1872 ficari
169 1843 276 1881 putat;
301 1850 379 1879 nam-
400 1843 538 1872 Masmes
559 1842 673 1872 fluvius
695 1844 890 1872 memoratur
906 1850 957 1881 ap.
981 1845 1084 1880 Etym.
1099 1843 1144 1872 M.
1167 1850 1197 1872 v.
1214 1841 1388 1879 Δάσκληρα.
1411 1840 1469 1870 Sed
1488 1840 1547 1870 hoc
1569 1849 1635 1870 rem
1652 1849 1715 1870 non
1738 1840 1871 1877 dirimit,
1891 1849 1989 1879 quum
2003 1842 2109 1872 omnia
2128 1844 2191 1874 fere

69 1897 176 1927 regum
187 1888 387 1927 antiquorum
402 1888 529 1917 nomina
545 1888 637 1918 simul
652 1888 713 1918 sint
729 1887 896 1918 fluviorum
908 1912 916 1926 ,
932 1889 1059 1919 lacuum
1071 1912 1079 1926 ‚
1094 1886 1268 1925 regionum.
1284 1904 1323 1910 -
1340 1885 1441 1915 Aliam
1455 1886 1667 1924 genealogiam
1684 1886 1850 1924 Dionysius
1867 1886 1888 1916 l.
1905 1886 1927 1916 l.
1951 1895 1990 1916 ex
2006 1887 2191 1928 mythologis

68 1935 161 1965 affert
175 1935 255 1965 hane
270 1947 277 1965 ι
291 1935 465 1973 ,Ῑιιρριῖίειτ
481 1935 609 1973 Manen
628 1935 720 1973 Cotys
734 1936 765 1965 et
780 1934 962 1973 huJ'ccsfilz't
977 1934 1088 1973 Lydus
1102 1937 1133 1965 et
1151 1932 1356 1972 Tyrrhenus.
1369 1934 1509 1972 Denique
1520 1941 1570 1971 ap.
1583 1933 1680 1963 schol.
1692 1934 1813 1964 Platon.
1827 1942 1856 1972 p.
1870 1936 1925 1963 207
1939 1933 2111 1965 εει-16511960
2124 1937 2169 1966 est
2182 1950 2189 1968 2

71 1980 196 2019 Lydus;
215 1982 314 2020 Alys,·
333 1983 466 2019 Aqron,·
489 1981 694 2018 Tyrrhenus.
714 1980 804 2011 Mitto
821 1981 880 2011 alia
897 1983 1084 2019 stemmata,
1102 1981 1133 2011 in
1147 1979 1262 2018 quihus
1279 1979 1406 2010 nomina
1422 1988 1439 2010 a
1453 1980 1579 2010 Xantho
1594 1981 1766 2010 memorata
1780 1979 1908 2010 omnino
1924 1988 1987 2009 non
2006 1986 2189 2013 occurrunt.

68 2027 148 2058 Vide
167 2027 269 2058 Baehr.
290 2029 422 2057 Excurs.
441 2025 481 2056 ad
498 2027 648 2058 Herodot.
668 2028 702 2063 I,
721 2029 770 2057 94.
792 2044 834 2049 —
859 2027 996 2066 Κάριος
1020 2027 1105 2061 Διός
1122 2027 1169 2055 est
1185 2025 1295 2055 Carius
1312 2025 1394 2056 tilius
1409 2025 1497 2056 Jovis
1521 2025 1657 2065 Καρίου,
1677 2026 1766 2063 cujus
1783 2026 1887 2056 cultus
1913 2025 2008 2064 Lydis
2034 2028 2187 2067 Mysisque.

68 2082 141 2104 cum
160 2074 293 2105 Caribus
306 2072 482 2105 communis
500 2076 584 2112 erat,
602 2074 681 2104 teste
696 2073 853 2104 Herodoto
869 2076 899 2111 1,
923 2077 971 2105 171
997 2087 1002 2104 z
1019 2073 1227 2104 Ἀποδεικνῦσι
1241 2072 1271 2102 δὲ
1286 2072 1315 2102 ἐν
1334 2072 1504 2103 Μυλάσοισι
1523 2073 1593 2108 Διὸς
1610 2072 1723 2112 Καρίου
1741 2073 1803 2112 ἱρὸν
1820 2073 1947 2112 ἀρχαῖον
1960 2097 1968 2111 ,
1983 2076 2036 2103 τοῦ
2055 2076 2188 2106 Μυσοῖσι

68 2121 121 2160 μὲν
137 2121 189 2151 καὶ
205 2121 332 2151 Λυδοῖσι
346 2120 487 2159 μέτεστι,
508 2122 548 2155 ὡς
564 2122 776 2158 κασιγνητοῖσι
794 2120 878 2150 ἐοῦσι
905 2123 985 2150 τοῖσι
1004 2120 1120 2160 Καρσί·
1138 2120 1188 2148 τὸν
1209 2120 1265 2159 γὰρ
1281 2120 1379 2150 Λυδὸν
1397 2121 1447 2149 καὶ
1467 2120 1518 2149 τὸν
1533 2120 1638 2149 Μυσὸν
1663 2121 1784 2158 λέγουσι
1803 2120 1878 2149 εἷναι
1903 2121 2001 2159 Καρὸς
2018 2120 2190 2160 ἀδελφεούς.

67 2169 117 2199 cf.
135 2168 218 2199 idem
235 2170 281 2206 V,
300 2172 357 2205 66;
382 2169 494 2198 Strabo
517 2169 607 2206 XIV,
632 2176 662 2206 p.
685 2170 756 2197 659.
783 2169 872 2198 Hunc
897 2169 1006 2198 Jovem
1025 2168 1152 2198 Gai-ium
1178 2164 1313 2195 eundem
1336 2173 1401 2195 esse
1427 2167 1521 2204 atque
1547 2166 1688 2205 Στράτιον
1713 2167 1821 2195 mouet
1844 2165 1984 2196 AEliauus
2005 2167 2042 2196 N.
2069 2169 2102 2196 A.
2120 2169 2190 2205 Xll,

68 2220 118 2246 30.
140 2215 231 2251 Quod
249 2214 274 2246 si
290 2216 353 2252 est,
368 2215 510 2253 proxime
523 2213 562 2244 ad
576 2222 633 2244 nos
649 2214 784 2252 pertinet
801 2213 888 2243 locus
904 2214 1060 2244 Eustathii
1081 2213 1206 2251 Dionys.
1227 2213 1295 2242 Per.
1315 2214 1373 2242 793
1392 2224 1397 2241 ε
1415 2213 1474 2242 Καὶ
1493 2212 1673 2251 δημιουργόν
1690 2223 1757 2242 τινα
1773 2214 1886 2251 ἱστορεῖ
1907 2211 2095 2251 (Ἀρριανὸς)
2109 2215 2192 2254 παρὰ

67 2261 203 2296 Βιθυνοῖς
218 2260 369 2291 Δαίδαλον
383 2260 569 2300 καλούμενον
581 2283 590 2297 ,
616 2259 651 2289 οὗ
666 2259 751 2299 ἔργον
769 2259 798 2289 ἐν
815 2260 1002 2299 ’Νικομηδείᾳ
1024 2260 1161 2298 γενέσθαι
1179 2258 1353 2296 θαυμαστὸν
1374 2258 1498 2297 ἄγαλμα
1515 2259 1659 2299 Στρατίου
1683 2259 1763 2294 Διός.
1789 2261 1833 2289 De
1848 2260 1925 2288 Jove
1943 2258 2069 2298 Καραὶῳ
2093 2259 2190 2290 Thes-

67 2307 206 2337 salorum
225 2308 256 2337 et
272 2307 454 2337 Bceotorum
473 2315 504 2335 v.
534 2306 668 2345 Hesych.
687 2308 718 2337 ct
736 2306 866 2336 Photius
882 2314 912 2336 v.
932 2309 1067 2346 καραῖος.
1087 2304 1178 2340 Quod
1194 2304 1232 2334 τὰ
1247 2304 1321 2342 μέλη
1341 2306 1493 2344 Τορρήὸια
1509 2307 1639 2344 attinet,
1655 2314 1717 2335 non
1733 2305 1772 2335 ad
1787 2314 1913 2335 omnem
1938 2305 2005 2334 hacc
2028 2305 2188 2343 Lydorum

68 2353 219 2383 musicam
242 2352 272 2382 et
293 2352 417 2391 poesin,
441 2352 494 2383 sed
517 2351 555 2382 ad
577 2353 700 2382 certum
723 2352 883 2391 quoddam
906 2352 1134 2383 cantilenarum
1157 2358 1253 2388 genus
1276 2350 1430 2389 pertinere
1453 2353 1540 2390 puto,

110 2402 160 2428 23.
184 2398 395 2437 Lycosthenes
420 2398 508 2429 urbis
533 2407 688 2438 nusquam
706 2399 824 2429 mentio
850 2399 901 2429 sit.
922 2398 1102 2429 llolstenius
1116 2396 1245 2435 quidem
1274 2396 1312 2426 ad
1335 2398 1486 2436 stephan.
1514 2397 1534 2428 l.
1562 2398 1581 2427 1.
1604 2397 1696 2428 affert
1716 2405 1848 2426 numum
1876 2398 2060 2427 Golzianum
2078 2398 2108 2428 in
2127 2407 2191 2437 quo

67 2444 218 2482 scriptum
235 2445 276 2475 sit
294 2457 301 2475 z
319 2445 595 2475 Λυκοσθενέων
617 2445 907 2485 μητροπόλεων;
926 2447 958 2475 at
974 2444 1141 2475 Golziauos
1158 2442 1232 2472 istos
1248 2451 1362 2473 numos
1379 2444 1549 2473 maximam
1566 2445 1687 2482 partem
1705 2444 1855 2473 confictos
1872 2452 1937 2473 esse
1954 2443 2044 2474 docet
2066 2445 2192 2477 Eckhel.

69 2491 178 2520 Doctr.
199 2491 293 2520 Num.
316 2489 457 2530 Prolegg.
478 2499 508 2529 p.
530 2493 605 2528 145,
623 2492 771 2521 monente
794 2492 949 2520 Creuzero
975 2490 1012 2520 ad
1038 2489 1156 2520 Xanthi
1178 2488 1215 2519 t'r.
1239 2497 1269 2527 p.
1293 2492 1360 2520 193.

109 2537 159 2566 24.
186 2535 264 2567 Cod.
288 2538 365 2567 Tur.
379 2535 446 2574 fol.
467 2540 543 2574 229,
562 2538 677 2567 14-24
694 2544 760 2567 vso.
781 2535 895 2566 Eadem
915 2536 1008 2566 habet
1028 2535 1138 2566 suidas
1152 2542 1182 2564 v.
1199 2536 1307 2570 Μόξος.
1331 2538 1443 2567 Moxus
1457 2536 1506 2566 hic
1522 2536 1603 2567 idem
1617 2537 1664 2566 est
1685 2544 1780 2575 quem
1799 2538 1950 2575 Mopsum
1965 2535 2040 2566 dicit
2053 2538 2193 2570 Mnaseas

67 2591 118 2622 ap.
133 2582 245 2613 Athen.
260 2584 297 2613 V.
313 2583 404 2613 infra.
421 2583 546 2613 Falsum
561 2591 626 2613 esse
640 2582 787 2613 Sevinum
805 2583 923 2619 (silem.
943 2582 983 2612 de.
1000 2581 1127 2613 I'Acczct.
1145 2583 1184 2619 X,
1209 2592 1238 2622 p.
1259 2588 1316 2614 250
1329 2584 1356 2622 ),
1383 2584 1437 2622 qui
1452 2586 1579 2614 Moxum
1596 2583 1730 2614 eundem
1748 2592 1814 2614 csse
1828 2584 1950 2622 putavit
1975 2592 2048 2614 cum
2068 2587 2170 2623 Myrso
2183 2609 2191 2621 .

69 2629 120 2659 cui
138 2628 333 2667 Candaules,
360 2629 517 2659 Herodoto
542 2631 640 2667 teste,
655 2629 821 2667 successit,
838 2629 885 2659 vel
903 2638 943 2659 ex
965 2632 1044 2659 serie
1060 2630 1288 2667 Excerptorum
1310 2630 1407 2667 patet.
1426 2631 1471 2659 De
1493 2630 1598 2667 Myrso
1622 2629 1676 2658 illo
1699 2629 1846 2658 nicolaus
1862 2628 1942 2659 libro
1958 2632 2048 2659 sexto
2064 2629 2191 2660 demum

71 2674 223 2714 loquitur.
252 2692 293 2696 —
316 2679 345 2705 1.
372 2675 522 2715 Μήλην]
545 2676 640 2706 Meles
661 2677 677 2705 ὁ
699 2675 841 2715 πρότερον
859 2676 996 2714 Σαρδέων
1020 2676 1180 2715 βασιλεὺς,
1205 2677 1256 2706 cui
1276 2677 1379 2715 pellex
1394 2678 1518 2707 leonem
1543 2675 1680 2715 peperit,
1707 2684 1800 2714 quem
1824 2675 1906 2705 circa
1926 2676 2069 2706 Sardium
2088 2686 2193 2708 muros

70 2729 125 2751 rex
149 2720 360 2759 circumtulit,
375 2724 568 2752 memoratur
584 2721 667 2761 apud
685 2722 878 2752 Herodotum
906 2724 935 2759 1,
953 2724 1002 2752 84.
1021 2725 1051 2753 ls
1072 2731 1147 2752 num
1168 2721 1248 2752 idem
1268 2723 1306 2753 sit
1325 2731 1398 2752 cum
1416 2724 1524 2753 nostro
1539 2745 1547 2758 ,
1567 2721 1649 2751 haud
1668 2722 1777 2759 liquet.
1801 2723 1877 2751 Nam
1896 2721 1957 2751 duo
1974 2722 2084 2752 saltem
2102 2723 2193 2761 hujus

69 2767 207 2797 nominis
233 2776 320 2806 reges
346 2768 504 2806 Lydorum
520 2769 628 2805 erant,
646 2768 671 2798 is
687 2767 740 2806 qui
759 2768 817 2798 hoc
834 2768 903 2798 loco
920 2770 1125 2807 memoratur,
1143 2770 1173 2798 et
1192 2769 1283 2806 alter,
1304 2769 1357 2808 qui
1374 2770 1444 2808 post
1463 2768 1566 2806 Ardyn
1584 2768 1780 2798 Heraclidam
1796 2768 1954 2806 regnavit,
1972 2768 2010 2798 de
2027 2777 2090 2807 quo
2107 2769 2191 2798 vide·

71 2811 173 2842 bimus
189 2812 269 2842 iutra
291 2812 331 2842 ad
351 2813 389 2843 sr.
410 2815 461 2843 49.
477 2813 685 2844 posteriorem
701 2813 785 2852 apud
803 2813 998 2844 Herodotum
1016 2814 1143 2852 intelligi
1161 2813 1278 2843 malim.
1297 2831 1337 2835 —-
1362 2818 1387 2844 2.
1406 2813 1523 2852 καθὰ]
1544 2813 1612 2842 καθ’
1636 2813 1791 2843 a‘suidas.
1809 2830 1849 2834 —
1865 2818 1891 2843 3.
1913 2813 2082 2853 αὐχμὸς]
2108 2814 2190 2850 ἀγὼν

70 2857 175 2888 Suidae
204 2857 328 2888 codices
354 2858 501 2897 plurimi,
523 2858 578 2888 sed
603 2858 719 2897 αὐχμὸς
748 2859 832 2888 recte
861 2858 955 2889 habet
972 2858 1042 2889 cod.
1067 2861 1102 2888 A.
1126 2876 1167 2880 —-
1185 2862 1261 2890 Mox
1285 2861 1380 2891 verba
1402 2861 1453 2890 καὶ
1475 2862 1503 2890 οἱ
1523 2860 1707 2899 ἄνθρωποι...
1733 2860 1916 2898 κατέφευγον
1939 2860 2043 2890 omisit
2068 2860 2189 2891 suidas.

70 2904 188 2934 Contra
204 2903 235 2933 in
257 2903 371 2934 nostris
388 2904 479 2942 plura
496 2904 611 2934 omissa
626 2905 700 2934 sunt
722 2905 793 2942 post
809 2912 919 2934 vocem
943 2904 1137 2942 κατέφευγον.
1154 2906 1234 2935 Nam
1249 2905 1441 2935 narrandum
1456 2906 1540 2942 erat,
1559 2905 1711 2944 quidnam
1737 2904 1814 2935 deus
1832 2904 1870 2934 de
1889 2905 1962 2934 mali
1987 2905 2123 2935 remedio
2145 2913 2191 2935 re-

70 2950 241 2988 sponderit,
255 2951 314 2980 etc.
331 2970 372 2976 —
386 2952 416 2980 4.
438 2950 644 2990 μαντείαν]
662 2950 787 2989 μαντίαν
804 2949 876 2980 cod.
892 2950 978 2980 Idem
992 2959 1066 2980 mox
1083 2951 1224 2990 στρατίας
1237 2953 1268 2981 et
1282 2951 1410 2990 ἀνδρίας.
1429 2951 1608 2981 Lectionem
1628 2951 1746 2991 ἀνδρίας
1759 2959 1809 2990 ap.
1827 2950 1956 2982 Suidam
1970 2959 1986 2980 e
2000 2950 2092 2981 codd.
2111 2959 2189 2981 non-

71 2995 166 3026 nullis
180 2996 295 3034 recepit
313 2995 506 3035 Bernhardy.
519 3015 560 3022 —
575 3000 603 3027 5.
624 2995 726 3036 Κρά6
733 2995 792 3035 ον]
807 2996 850 3026 sic
866 2995 960 3027 etiam
975 2995 1083 3026 suidas
1101 2995 1131 3025 in
1148 2996 1268 3035 optimo
1285 2997 1393 3027 codice
1407 3000 1449 3035 A;
1472 2997 1502 3027 in
1521 2997 1647 3036 reliquis
1661 2997 1807 3036 κράμὸον.
1825 2997 1906 3028 Urbs
1919 2997 2034 3035 ignota.
2050 2999 2191 3027 Fortasse

74 3041 297 3072 Crambusam
314 3042 414 3080 Lyciae
432 3042 560 3080 (Strabo
576 3044 666 3080 xlv,
694 3050 724 3080 p.
744 3042 834 3080 666.)
856 3042 986 3072 indicari
1002 3042 1107 3072 censet
1133 3042 1277 3072 Orellius.
1293 3044 1442 3073 Ceterum
1469 3051 1542 3073 cum
1562 3045 1668 3073 nostra
1685 3043 1862 3072 narratione
1880 3042 2087 3074 conferendus
2108 3044 2190 3073 Xan-

71 3087 144 3118 thus
160 3087 242 3126 apud
256 3090 426 3126 Mnaseam,
445 3088 537 3127 cuius
554 3088 698 3119 meminit
710 3087 966 3118 MhenoeusVHI
977 3111 985 3124 ,
1000 3096 1030 3126 p.
1043 3090 1102 3119 346
1116 3111 1123 3124 ‚
1144 3091 1166 3118 Ε
1180 3101 1187 3118 2
1203 3089 1240 3118 ‘H
1257 3089 1289 3119 δὲ
1307 3089 1470 3128 Ἀτεργάτις
1481 3112 1489 3126 ,
1505 3090 1609 3129 ὥσπερ
1624 3089 1736 3123 Ξάνθος
1750 3089 1828 3127 λέγει
1847 3090 1862 3118 ὁ
1882 3090 1989 3127 Λυδὸς,
2005 3089 2063 3118 ὑπὸ
2081 3088 2188 3125 Μόψου

73 3133 112 3167 (Ι.
128 3133 249 3172 Μόξου)
263 3136 317 3164 τοῦ
331 3135 433 3165 Λυδοῦ
447 3135 564 3164 ἁλοῦσα
578 3134 800 3170 κατεποντίσθη
821 3135 897 3172 μετὰ
920 3134 1033 3173 Ἰχθύος
1052 3138 1106 3165 τοῦ
1126 3136 1193 3164 υἱοῦ
1211 3135 1240 3164 ἐν
1257 3138 1293 3174 τῇ
1315 3136 1382 3175 περὶ
1396 3135 1572 3165 Ἀσκάλωνα
1587 3135 1675 3174 λίμνῃ
1700 3135 1748 3164 διὰ
1770 3135 1823 3170 τὴν
1840 3135 1924 3174 ὕὸριν
1937 3158 1946 3171 ,
1971 3135 2022 3163 καὶ
2046 3133 2105 3162 ὑπὸ
2128 3136 2188 3161 τῶν

72 3178 185 3217 ἰχθύων
207 3180 393 3218 κατεὸρώθη.
418 3182 465 3210 De
488 3180 638 3210 Ascalone
659 3188 677 3210 a
698 3179 792 3218 Lydis
814 3179 939 3210 condita
958 3179 1027 3210 vide
1049 3180 1086 3210 fr.
1116 3185 1167 3211 26.
1192 3183 1263 3211 Jam
1293 3182 1539 3211 consentaneum
1573 3182 1619 3211 est
1648 3180 1741 3210 etiam
1764 3181 1817 3215 τὴν
1845 3180 1962 3219 Κράὸον
1991 3187 2055 3209 esse
2078 3178 2187 3207 urbem

73 3224 182 3263 syrim.
206 3226 366 3256 Facillime
382 3225 442 3256 hoc
464 3234 579 3256 nomen
601 3225 758 3265 corrumpi
780 3226 882 3264 potuit
901 3234 941 3256 ex
961 3227 1014 3262 τήν
1037 3226 1192 3266 Νηραὸον.
1220 3226 1374 3257 Nerabum
1398 3235 1468 3257 vero
1489 3227 1586 3265 Syriae
1606 3226 1715 3256 urbem
1736 3234 1773 3256 ex
1791 3226 1917 3257 Nicolao
1941 3225 2000 3261 (fr.
2022 3224 2079 3260 25)
2097 3223 2187 3252 affert

76 3271 250 3310 Stephanus
274 3273 347 3310 Byz.
370 3273 571 3310 Quamquam
595 3271 689 3302 etiam
704 3271 742 3302 dc
755 3271 877 3302 Nerabo
901 3272 978 3302 urbe
1003 3272 1128 3303 aliunde
1149 3281 1212 3302 non
1240 3274 1374 3303 constat.
1393 3291 1431 3299 ..-
1449 3278 1477 3302 6.
1503 3274 1605 3303 καὶ...
1631 3272 1728 3312 εἷλε]
1752 3272 1880 3303 Brevius
1902 3270 2014 3301 suidas
2031 3270 2102 3299 ικαὶ
2117 3267 2187 3299 ταύ-

2003 3329 2044 3353 2⁴.
