2338 3765
964 150 1283 187 FRAGMENTA.

63 241 124 278 οὐκ
141 239 294 284 ἐπείσθη,
312 238 416 287 λέγων
434 236 481 284 μὴ
501 235 686 288 ἑωρακέναι
700 234 755 272 τὸν
770 235 914 285 πατέρα·
933 238 1085 271 κυεῖσθαι

63 298 128 349 γὰρ
154 298 203 334 ἔτι
231 296 286 333 ὅτε
314 294 480 346 ἀνῄρητο·
503 293 621 330 οὔκουν
652 292 837 343 προσήκειν
862 294 955 342 αὐτῷ
977 295 1084 328 ταῦτα

66 353 377 405 πολυπραγμονεῖν.
392 351 516 396 Μήλης
527 350 561 387 δὲ
572 350 703 400 φεύγων
714 350 776 394 τὴν
789 347 898 399 ἀρχὴν
911 348 1088 386 ἐπίστευσε

66 411 248 460 Σαδυάττῃ
267 412 314 460 τῷ
337 408 485 454 Κάδυος,
505 407 598 457 γένος
614 407 684 444 ὄντι
700 406 738 443 τὸ
759 406 917 444 ἀνέκαΟεν
935 405 1001 442 ἀπὸ
1015 404 1086 444 Τύ-

65 471 190 516 λωνος,
213 466 303 508 ὅστις
323 466 382 516 (38)
404 465 570 517 φεύγοντα
591 463 836 515 ἐπετρόπευσε,
855 463 912 500 καὶ
928 461 1088 499 κατιόντα

64 526 102 562 ἐκ
124 524 330 566 Βαῧυλῶνος
354 523 490 561 ἐδέξατο
510 521 597 571 μετὰ
625 522 702 573 τρία
725 521 803 567 ἔτη,
824 521 882 558 καὶ
902 519 963 566 τὴν
990 522 1088 570 βασι·

63 583 157 620 λείαν
176 583 206 619 οἱ
223 581 377 618 ἀπέδωκε
395 582 538 622 πιστῶς.

116 638 357 679 Βασιλεύοντος
377 636 412 674 δὲ
428 637 485 687 (39)
504 635 645 686 Μύρσου
678 636 738 684 (4ο)
753 665 764 683 ,
786 634 963 677 Δάσκυλος
983 637 999 671 ὃ
1016 634 1090 672 Δά-

64 695 188 732 σκύλου
216 699 273 732 τοῦ
306 693 491 746 σφαγέντος
521 693 587 730 ὑπὸ
619 693 826 731 Σαδυάττεω
853 692 929 742 (41),
954 692 1002 741 μὴ
1029 691 1090 737 τὴν

65 751 250 798 ἐπιδουλὴν
268 753 313 794 εἷς
337 751 453 788 ἑαυτὸν
476 750 711 796 ἐπισπάσηται
733 750 796 787 ὑπὸ
816 752 881 787 τῶν
902 748 1091 801 εΗράκλει-

67 811 132 846 δῶν
164 808 344 858 φοῧηθεὶς,
368 810 405 845 ἐκ
426 807 583 859 Φρυγίας
602 807 734 857 φεύγων
755 807 866 858 ᾤχετο
887 808 932 849 εἷς
962 805 1092 857 Σύρους

63 867 139 910 τοὺς
163 869 197 904 ἐν
214 870 262 919 τῷ
287 866 412 918 Πόντῳ
440 865 526 917 ὑπὲρ
550 865 710 911 Σινώπης
739 867 927 907 οἰκοῦντας·
961 866 1030 901 ἐκεῖ
1057 864 1091 901 δὲ

65 925 276 975 καταμείνας
291 926 437 974 γυναῖκα
457 926 523 960 τῶν
541 923 716 974 ἐγχωρίων
732 923 837 972 ἔγημε
855 922 986 973 Σύραν,
1008 921 1041 965 ἐξ
1054 916 1093 967 ἧς

69 983 162 1034 αὐτῷ
181 982 311 1032 γίνεται
330 981 456 1031 Γύγης.

113 1037 199 1078 *Ότι
228 1039 434 1085 Σαδυάττης
469 1039 525 1090 (42)
553 1040 570 1075 ὁ
602 1036 745 1089 ἔσχατος
779 1036 938 1088 βασιλεὺς
970 1037 1091 1075 Λυδῶν

64 1097 233 1143 κατελύθη
254 1097 370 1148 τρόπῳ
391 1096 544 1147 τοιούτῳ.
565 1090 634 1134 ὟΗν
659 1111 708 1137 τις
728 1097 760 1132 ἐν
785 1095 935 1145 Σάρδεσι
958 1094 1094 1133 Δασκύ-

65 1158 124 1193 λου
137 1157 223 1198 θεῒος
232 1159 290 1192 τοῦ
309 1156 354 1197 εἷς
368 1154 500 1192 Πόντον
513 1153 819 1204 ἀποχωρήσαντος,
834 1151 955 1204 Ἄρδυς
971 1153 1091 1201 ὄνομα,

67 1212 183 1263 Γύγεω
202 1216 298 1255 παῖς·
319 1207 412 1254 οὗτος
431 1212 614 1262 Σαδυάττῃ
635 1214 683 1262 τῷ
705 1212 839 1261 βασιλεῖ
861 1209 1015 1260 ἐνέτυχεν
1035 1211 1090 1260 (43)

64 1270 251 1321 ἀχθόμενος
291 1269 429 1319 ἀτεκνίᾳ
464 1269 577 1306 δοῦναί
613 1271 643 1306 οἱ
683 1268 988 1320 μεταπεμψαμένῳ
1022 1267 1093 1305 Δοί-

64 1329 187 1366 σκυλον
214 1331 252 1366 ἐκ
280 1331 338 1365 τοῦ
367 1326 502 1365 Πόντου
531 1326 647 1364 θέσθαι
675 1327 804 1373 παῖδα,
826 1328 871 1368 ὡς
893 1325 940 1374 μὴ
969 1325 1093 1377 ἔρημος

66 1387 178 1428 αὐτοῖς
197 1388 214 1423 ὁ
233 1380 323 1428 οἶκος
339 1385 485 1434 γένοιτο,
507 1385 610 1421 αὐτοῦ
633 1382 693 1432 μὲν
714 1383 805 1425 ὄντος
823 1383 982 1428 ἄπαιδος,
1001 1382 1092 1420 ἐκεί-

64 1459 128 1480 νων
159 1444 193 1480 δὲ
214 1442 422 1494 οἰχομένων·
451 1441 593 1484 ἐπιεικὲς
621 1441 656 1478 δὲ
685 1441 749 1487 ἤδη
772 1435 857 1477 εἶναι
888 1440 1092 1477 σπένδεσθαι

66 1503 134 1542 τοῖς
150 1501 372 1543 Δασκυλίοις·
393 1499 452 1537 καὶ
471 1499 536 1550 γὰρ
553 1499 628 1540 τοὺς
648 1502 705 1535 τοῦ
729 1498 895 1548 βασιλέως
917 1497 1093 1549 προπάτο-

67 1574 125 1609 ρας
146 1561 202 1607 (44)
224 1558 288 1610 ἔφη
313 1559 429 1595 καλεῖν
451 1556 569 1599 αὐτοὺς
587 1557 631 1598 εἷς
655 1557 783 1595 Λυδίαν
803 1556 871 1592 ἀπὸ
891 1558 950 1600 τῆς
969 1559 1090 1607 φυγῆς.

64 1619 185 1654 Ταῦτα
205 1615 355 1667 δεομένῳ
374 1617 423 1666 τῷ
451 1614 569 1665 ’Άρδυϊ
587 1614 721 1652 δίδωσιν
741 1617 757 1651 ὃ
779 1613 957 1664 βασιλεὺς,
981 1613 1039 1650 καὶ
1059 1613 1093 1656 ὃς

69 1673 126 1710 ἐπὶ
147 1673 325 1711 Δάσκυλον
339 1673 500 1724 πέμψας,
517 1674 563 1714 εἷς
578 1672 706 1710 Λυδίαν
728 1671 828 1708 αὐτὸν
851 1671 978 1708 ἐκάλει.
999 1671 1043 1709 ‘O
1059 1670 1094 1708 δὲ

64 1733 264 1782 φιλοχωρῶν
289 1733 353 1782 οὐχ
382 1729 573 1775 ὑπήκουσε·
605 1729 664 1772 τὸν,
696 1729 810 1778 μέντοι
837 1730 946 1766 παῖδα
980 1729 1093 1779 Γύγην

67 1789 221 1840 ἔπεμψε,
242 1788 321 1840 περὶ
343 1788 386 1833 ιη’
411 1787 470 1832 ἔτη
490 1786 665 1837 γεγονότα.
687 1789 816 1824 Τοῦτον
838 1787 976 1824 ἐλθόντα
994 1786 1094 1837 δέχε-

65 1861 121 1882 ται
139 1849 156 1882 ὁ
170 1843 291 1897 Ἄρδυς
305 1845 363 1882 καὶ
376 1846 483 1881 παῖδα
501 1843 686 1887 ἀπέδειξεν.
702 1837 771 1881 γΗν
798 1843 832 1880 δὲ
848 1846 864 1880 ὁ
882 1843 994 1893 Γύγης
1010 1843 1094 1880 κοίλ-

65 1905 116 1940 λει
136 1919 171 1940 τε
193 1903 251 1940 καὶ
270 1902 403 1952 μεγέθει
425 1901 608 1953 διαφέρων,
636 1901 679 1938 τά
705 1916 741 1938 τε
759 1900 906 1950 πολέμια
926 1906 1095 1949 γενναῖος,

64 1961 122 1998 καὶ
142 1963 208 1998 τῶν
235 1960 360 2006 ἡλίκων
388 1961 511 2011 μακρῷ
540 1958 582 1996 τὰ
602 1959 714 1996 πάντα
745 1958 880 2009 ἄριστος
893 1988 902 2006 ,
923 1957 1039 1995 ἵππων
1059 1974 1094 1995 τε

67 2018 126 2055 καὶ
158 2017 271 2056 ὅπλων
298 2020 421 2068 χρῆσιν
452 2017 562 2063 ἤσκει.
592 2016 663 2054 Καί
689 2032 739 2059 τις
758 2016 841 2065 ὑπὲρ
869 2018 970 2053 αὐτοῦ
998 2015 1095 2066 λόγος

66 2076 241 2126 ἐφοίτησεν
270 2075 352 2126 πρὸς
374 2074 538 2126 βασιλέα,
569 2068 635 2117 οἷος
661 2073 712 2119 εἴη
744 2074 834 2111 κατά
863 2089 899 2110 τε
929 2073 1011 2125 ἔργα
1035 2074 1094 2111 καὶ

65 2134 155 2170 ἰδέαν
175 2133 247 2183 (4ο),
262 2133 329 2170 εἴτε
345 2132 401 2170 καὶ
419 2132 521 2174 ὅντως
537 2135 751 2174 ἐπαινοῦντος
768 2136 826 2168 τοῦ
840 2131 1009 2181 λέγοντος,
1028 2131 1094 2168 εἴτε

65 2191 122 2227 καὶ
140 2190 203 2227 ὑπὸ
221 2190 357 2241 φθόνου,
373 2193 417 2232 ὥς
431 2189 471 2226 ἂν
491 2192 583 2241 αὐτῷ
598 2189 703 2226 κακόν
719 2204 751 2226 τι
767 2189 907 2238 γένοιτο.
928 2188 1093 2231 Βασιλεὺς

66 2248 99 2284 δὲ
118 2247 228 2293 ἡσθεὶς
243 2247 486 2298 μετεπέμψατο
499 2246 555 2283 τὸν
570 2245 696 2296 Γύγην,
712 2247 768 2283 καὶ
783 2246 991 2294 θεασάμενος
1005 2245 1093 2294 ἠγά-

66 2308 129 2350 σθη
150 2304 189 2343 τό
207 2320 243 2342 τε
265 2298 350 2347 εἶδος
369 2304 428 2342 καὶ
450 2303 487 2340 τὸ
505 2304 663 2353 μέγεθος,
682 2303 837 2341 ἐκέλευσέ
865 2319 900 2339 τε
923 2302 1009 2351 μετὰ
1026 2305 1092 2339 τῶν

2097 158 2169 189 383

1151 241 1203 271 llle
1216 241 1322 272 aulem
1336 250 1397 272 non
1410 241 1656 281 obtemperavit,
1672 242 1754 273 haud
1764 251 1797 274 se
1812 242 1922 273 vidisse
1934 244 2055 282 patrem
2067 244 2171 283 aiens;

1150 306 1221 328 nam
1239 307 1302 337 quo
1319 299 1458 338 tempore.
1475 300 1655 331 interfectus
1671 302 1769 340 esset,
1788 301 1887 340 ipsum
1912 302 1942 332 in
1964 303 2054 332 utero
2070 302 2174 333 adhuc

1152 355 1244 386 tuisse
1256 366 1264 393 3
1278 364 1376 394 quare
1400 365 1461 386 non
1478 366 1542 387 esse
1559 366 1614 388 cur
1628 359 1693 389 istis
1712 359 1787 389 nihil
1808 359 1845 389 ad
1860 368 1892 389 se
1904 359 2128 398 pertinentibus
2142 368 2174 390 se

1151 412 1353 444 immisceret.
1373 414 1468 444 Meles
1484 415 1587 445 autem
1605 416 1707 446 solum
1726 420 1851 447 vertens
1873 417 2174 448 administrationem

1152 470 1235 509 regni
1250 471 1405 501 commisit
1418 471 1593 510 Sadyattac,
1610 473 1722 512 Cadyis
1736 474 1816 511 filio,
1832 475 1885 513 qui
1903 484 1920 505 a
1934 476 2055 514 Tylone
2078 484 2175 514 genus

1150 527 1303 566 ducebat3
1324 528 1349 558 is
1366 528 1468 558 exulis
1491 537 1538 558 res
1560 530 1681 560 tutatus
1705 534 1768 568 est,
1787 533 1817 561 et
1834 533 1903 571 post
1926 532 2095 563 triennium
2115 535 2174 564 Ba-

1151 585 1266 625 bylone
1282 584 1464 616 redeuntem
1482 587 1605 625 excepit
1622 596 1813 627 regnumque
1834 590 1861 619 ei
1879 590 2012 620 restituit
2030 590 2173 623 fideliter.

1192 644 1349 682 Regnante
1371 644 1497 682 Myrso,
1524 644 1691 682 Dascylus‚
1711 646 1835 684 Dascyli
1859 655 1876 676 a
1904 646 2052 685 Sadyatte
2074 648 2175 679 necati

1153 710 1254 748 filius,
1269 711 1413 741 metuens
1426 719 1464 741 ne
1481 710 1545 749 ipse
1560 719 1686 750 quoqne
1703 711 1819 742 insidiis
1839 712 1878 743 ab
1896 714 2068 745 Heraclidis
2080 724 2176 754 appe-

1152 779 1283 816 teretur,
1303 777 1410 808 relicta
1428 777 1574 816 Phrygia,
1591 777 1630 808 ad
1648 780 1741 816 Syros
1757 787 1789 809 se
1809 780 1954 819 contulit,
1969 782 2021 820 qui
2039 782 2078 813 ad
2096 784 2176 813 Pon-

1152 847 1222 877 tum
1245 854 1341 884 supra
1361 846 1495 884 Sinopen
1521 844 1680 883 habitant3
1702 845 1806 885 ibique
1824 847 1929 878 sedem
1955 848 2048 887 figens
2066 858 2106 880 ex
2128 850 2176 880 in-

1152 911 1270 950 digenis
1289 911 1453 942 mulierem
1478 913 1588 950 Syram
1603 911 1712 949 (luxit,
1739 920 1810 951 quae
1824 913 1941 951 Gygem
1959 913 2059 945 filium
2075 916 2101 946 ei
2125 925 2178 954 pe-

1154 979 1242 1019 perit.

1196 1046 1376 1086 Sadyattes,
1394 1046 1551 1086 Lydorum
1568 1055 1621 1077 rex
1637 1047 1831 1086 postremus,
1845 1047 1929 1078 hunc
1942 1047 1972 1078 in
1989 1049 2118 1080 modum
2135 1053 2181 1081 est

1154 1116 1290 1139 eversus.
1306 1109 1381 1139 Erat
1397 1107 1525 1146 quidam
1544 1106 1692 1138 Sardibus
1708 1107 1833 1147 Dascyli
1849 1107 1882 1138 in
1902 1110 2038 1139 Pontum
2055 1109 2179 1149 digressi

1154 1169 1346 1208 avunculus,
1366 1169 1464 1208 Ardys
1479 1169 1619 1207 nomine,
1633 1169 1728 1209 Gygis
1742 1169 1834 1200 tilius.
1854 1170 1922 1208 Hic,
1942 1170 2113 1202 liberorum
2130 1181 2181 1201 or-

1154 1232 1285 1263 bitatem
1299 1240 1380 1271 aegre
1392 1231 1505 1270 serenS,
1521 1231 1560 1262 ad
1576 1232 1758 1270 Sadyattem
1770 1240 1874 1271 regem
1887 1233 2016 1264 accessit
2029 1241 2067 1263 ex
2083 1242 2183 1272 eoque

1155 1293 1286 1333 petivit,
1304 1295 1340 1324 ut
1364 1293 1535 1332 Dascylum
1552 1302 1591 1323 ex
1612 1294 1712 1324 Ponto
1729 1293 1883 1324 advocare
1905 1294 1982 1324 etin
1999 1294 2052 1325 filii
2076 1295 2181 1326 locuni

1154 1359 1303 1398 adoptare
1327 1357 1385 1388 sibi
1410 1357 1538 1396 liceret;
1565 1365 1604 1387 ne
1637 1356 1759 1388 deserta
1783 1357 1895 1388 domus
1923 1357 1982 1387 sibi
2016 1357 2182 1397 evaderet,

1155 1421 1221 1460 ipso
1238 1420 1324 1459 prole
1337 1420 1475 1456 carente,
1491 1418 1619 1458 reliquis
1629 1419 1796 1450 defunctis.
1812 1420 1967 1450 Praeterea
1980 1428 2106 1459 aequum
2117 1429 2183 1451 esse

1155 1492 1226 1514 cum
1249 1483 1400 1522 Dascyliis
1415 1483 1445 1513 in
1462 1484 1594 1522 gratiam
1608 1482 1708 1513 redire
1725 1495 1731 1512 :
1747 1491 1820 1512 nam
1835 1491 1929 1512 avum
1953 1491 2082 1521 quoque
2100 1483 2184 1522 regis

1155 1548 1186 1578 in
1204 1547 1333 1586 Lydiam
1352 1555 1405 1577 eos
1418 1555 1457 1577 ex
1473 1546 1566 1576 exilio
1581 1553 1746 1576 revocasse
1759 1544 1850 1575 dixit.
1868 1546 1942 1575 Haec
1962 1546 2068 1583 petens
2085 1545 2185 1584 Ardys

1157 1618 1254 1649 quum
1266 1618 1284 1639 a
1297 1617 1368 1648 rege
1380 1609 1583 1647 obtinuisset,
1598 1608 1767 1647 Dascylum
1779 1608 1872 1637 misso
1886 1606 1996 1637 nuntio
2010 1607 2041 1637 in
2054 1607 2184 1646 Lydiam

1155 1672 1329 1703 arcessivit.
1356 1672 1411 1702 Ille
1430 1672 1550 1706 veroin
1564 1670 1641 1701 locis
1660 1678 1740 1709 quos
1757 1669 1949 1700 inhabitabat
1962 1669 2018 1699 sibi
2039 1670 2181 1708 placens,

1156 1739 1218 1761 non
1237 1729 1478 1767 obsecundavit,
1493 1729 1592 1759 filium
1606 1730 1712 1759 tamen
1730 1730 1847 1766 Gygen]
1862 1727 1945 1757 misit
1959 1734 2056 1757 annos
2071 1729 2181 1757 natum

1155 1789 1236 1818 circa
1253 1787 1478 1825 duodeviginti.
1496 1789 1586 1817 Hunc
1602 1786 1695 1825 igitur
1707 1785 1884 1816 venientem
1902 1784 2002 1824 Ardys
2012 1785 2134 1824 excepit
2149 1786 2181 1816 et

1156 1854 1212 1884 pro
1238 1844 1302 1875 filio
1327 1844 1497 1884 adoptavit.
1520 1845 1594 1874 Erat
1620 1845 1720 1882 Gyges
1738 1842 1972 1882 pulchritudine
1991 1841 2130 1880 corporis
2153 1842 2185 1871 et

1156 1902 1343 1942 proceritate
1360 1901 1504 1940 insignis,
1524 1901 1553 1931 in
1579 1901 1698 1931 bellicis
1719 1902 1865 1931 strenuus
1877 1924 1885 1938 ‚
1904 1902 1935 1931 et
1952 1901 2033 1930 inter
2048 1898 2185 1938 aequales

1156 1961 1247 1999 longe
1259 1960 1406 1990 omnibus
1423 1959 1516 1990 rebus
1538 1958 1814 1998 praestantissimus
1831 1966 1985 1997 equorum
2006 1965 2183 1988 armorum-

1157 2027 1219 2058 que
1236 2027 1293 2048 usu
1314 2026 1347 2049 se
1364 2017 1541 2048 exercebat.
1556 2016 1650 2047 Venit
1667 2017 1762 2046 etiam
1776 2015 1814 2046 ad
1834 2024 1936 2054 regem
1953 2015 1991 2046 de
2007 2024 2044 2046 eo
2062 2024 2183 2053 sermo,

1157 2085 1253 2115 quam
1271 2076 1321 2106 ille
1335 2075 1428 2106 rebus
1441 2074 1581 2114 gerendis
1594 2075 1689 2113 atque
1703 2074 1802 2104 forma
1815 2074 2002 2110 excelleret,
2019 2073 2084 2104 sive
2097 2072 2183 2112 quod

1158 2134 1278 2165 sincere
1304 2134 1358 2173 qui
1381 2133 1409 2163 id
1431 2132 1538 2163 retulit
1562 2132 1725 2169 laudaret,
1755 2132 1821 2162 sive
1847 2132 1964 2162 invidia
1988 2131 2120 2170 ductus,
2148 2133 2183 2161 ut

1158 2193 1277 2223 malum
1302 2190 1430 2230 aliquod
1455 2191 1482 2221 ei
1507 2190 1670 2220 conflaret.
1697 2190 1845 2220 Ceterum
1868 2189 1915 2220 his
1935 2198 1989 2219 rex
2012 2189 2185 2219 delectatus

1159 2253 1279 2289 Gygen]
1296 2247 1481 2284 advocavit,
1502 2249 1533 2278 et
1552 2247 1750 2286 conspicatus
1766 2247 1899 2277 sormam
1920 2246 1987 2285 ejus
2007 2246 2184 2276 admiraba-

1154 2309 1208 2337 tur
1230 2306 1432 2346 corporisque
1452 2305 1634 2336 custodibus
1650 2305 1817 2335 accensuit.
1839 2306 1878 2335 At
1901 2305 2005 2343 paullo
2028 2305 2097 2343 post
2117 2304 2180 2342 ipse

66 2362 256 2413 δορυφόρων
292 2356 390 2400 εἶναι.
425 2361 566 2409 Ὀλίγου
599 2361 633 2398 δὲ
663 2361 785 2412 χρόνου
817 2360 876 2397 καί
905 2360 1025 2407 αὐτὸς,
1052 2359 1097 2401 ὥς
1126 2369 1128 2393 ,¹
1156 2365 1253 2395 etiam
1268 2373 1322 2395 rex
1337 2363 1554 2394 fortitudinem
1575 2362 1700 2401 juvenis
1712 2363 1966 2401 suspectans,ex
1982 2363 2089 2400 aperto
2105 2360 2178 2400 qui-

65 2495 103 2502 --
114 2479 151 2507 38
176 2477 249 2507 ἀπὸ
262 2476 435 2512 Τύλωνος
451 2476 535 2507 ὅστι
545 2475 647 2515 ς]ἀπὸ
655 2477 760 2506 Τυλῶν
768 2475 867 2506 ὅντινα
876 2475 976 2505 codex
988 2478 1043 2506 De
1058 2474 1302 2515 Tylisinsulisin
1310 2473 1378 2503 sinu
1388 2472 1510 2503 Persico
1518 2472 1566 2502 vel
1574 2471 1612 2502 de
1621 2471 1876 2510 Tylide'shraciae
1885 2469 2088 2508 urbe(Steph.
2098 2470 2185 2507 Byr..)

67 2531 159 2553 nemo
173 2523 365 2562 cogitaverit.
378 2525 446 2553 Non
462 2523 540 2560 loci,
553 2523 605 2553 sed
621 2523 755 2553 hominis
767 2523 814 2553 vel
828 2523 928 2561 gentis
940 2531 1055 2553 nomen
1068 2520 1273 2551 desideratur.
1288 2521 1324 2550 In
1338 2519 1474 2549 mentem
1488 2517 1572 2547 venit
1587 2525 1642 2555 pro
1657 2517 1717 2547 ἀπὸ
1731 2517 1836 2546 Τυλῶν
1850 2515 1941 2545 scrib.
1957 2514 2009 2544 ἀπ’
2023 2514 2184 2550 Ἀτυαδῶν,

65 2569 150 2608 quod
158 2569 199 2599 ob
208 2568 467 2607 palaeographicas
480 2569 511 2598 et
522 2567 685 2599 historicas
700 2568 837 2598 rationes
844 2576 904 2598 non
919 2567 1123 2606 improbabile
1134 2567 1191 2597 est.
1201 2567 1239 2597 At
1253 2566 1381 2605 praestat
1398 2564 1475 2594 εάπὸ
1484 2563 1622 2598 Τύλωνος
1633 2586 1640 2599 ,
1653 2563 1746 2597 ὅστις.
1757 2564 1836 2593 Nam
1852 2562 1881 2591 in
1893 2570 1979 2600 seqq.
1992 2563 2186 2591 memoratur

65 2616 152 2652 Λίξος
165 2619 218 2646 τοῦ
229 2615 380 2646 Τελωνίου
393 2615 509 2654 γένους.
521 2617 590 2646 Νοη
600 2614 712 2645 dubito
723 2615 798 2654 quin
809 2616 945 2652 utroque
956 2615 1024 2644 loco
1038 2612 1146 2644 eadem
1160 2613 1253 2651 stirps
1265 2611 1305 2642 sit
1318 2609 1532 2648 intelligenda.
1546 2611 1713 2639 Auctorem
1726 2618 1799 2639 vero
1814 2608 1907 2645 hujus
1919 2607 2021 2646 stirpis
2036 2606 2186 2636 indicasse

65 2661 142 2692 mihi
157 2660 282 2691 videtur
297 2660 441 2691 Xanthus
458 2661 516 2699 (fr.
540 2660 594 2698 16)
613 2661 695 2699 apud
719 2660 855 2692 Plinium
870 2662 972 2698 XXV,
997 2664 1014 2690 5
1041 2672 1047 2690 :
1074 2659 1234 2691 Xanthus
1250 2658 1478 2689 historiarum
1495 2657 1615 2686 auctor
1632 2657 1668 2686 in
1687 2657 1796 2694 primo
1813 2662 1931 2684 earum
1950 2652 2077 2686 tradit,
2097 2654 2183 2681 occi-

66 2716 143 2739 sum
166 2708 323 2739 draconis
342 2708 494 2738 catulum
510 2709 703 2738 revocatum
726 2707 772 2738 ud
794 2709 899 2742 vitam
914 2716 935 2737 a
954 2709 1116 2745 parente,
1137 2704 1243 2736 herba
1258 2711 1363 2744 quam
1379 2702 1487 2738 hallin
1506 2702 1678 2739 nomina&
1696 2701 1813 2731 eadem
1835 2700 2014 2738 leylonem
2030 2697 2068 2735 (l.
2090 2697 2185 2736 Tylo-

68 2755 180 2794 nem),
209 2762 307 2794 quem
328 2754 433 2785 draco
457 2753 646 2791 occiderat,
673 2755 871 2784 restitutum
895 2753 1014 2783 saluti.
1039 2755 1186 2783 Ceterum
1215 2750 1317 2789 Cadys
1339 2749 1496 2788 Sadyattae
1513 2752 1599 2786 pater
1626 2747 1707 2777 haud
1733 2746 1827 2776 dubie
1843 2744 2078 2783 distinguendus
2097 2745 2142 2773 est
2167 2751 2186 2772 a

66 2800 172 2839 Cadye
190 2800 299 2839 Ardyis
317 2798 395 2837 regis
411 2799 516 2829 fratre.
538 2800 617 2829 Nam
634 2801 877 2830 consentaneum
894 2801 940 2829 est
955 2808 995 2829 ex
1012 2798 1122 2838 Ardyis
1138 2805 1267 2836 genere,
1286 2795 1458 2833 Ardyisque
1477 2794 1623 2832 nepotem
1641 2793 1734 2823 fuisse
1756 2792 1868 2823 Melem
1886 2800 1989 2830 regem
2001 2814 2009 2828 ‚
2032 2789 2184 2828 siquidem

68 2846 239 2877 Heraclidae
256 2855 342 2884 reges
355 2853 465 2876 omnes
477 2848 548 2880 παῖς
566 2846 650 2885 παρὰ
666 2846 777 2885 πατρὸς
797 2854 926 2884 regnum
943 2845 1100 2884 accepisse
1112 2843 1262 2874 dicuntur
1277 2842 1286 2877 (
1301 2839 1448 2871 Herodot.
1466 2841 1477 2869 l
1492 2862 1500 2876 ‚
1519 2838 1567 2876 7).
1584 2838 1637 2868 Sin
1654 2838 1793 2876 ejusdem
1807 2836 1926 2875 generis
1947 2836 2076 2866 fuissent
2091 2834 2185 2865 Meles

67 2895 97 2923 et
118 2893 298 2932 Sadyattes‚
314 2901 377 2922 non
400 2893 466 2922 erat
485 2900 542 2922 cur
563 2891 595 2922 h.
621 2892 643 2923 l.
669 2892 802 2931 majores
826 2891 982 2930 Sadyattis
1004 2889 1339 2921 commemorarentur.
1358 2904 1394 2910 -
1411 2888 1460 2916 39.
1486 2884 1759 2924 βασιλεύοντος
1782 2884 1821 2914 δὲ
1844 2882 1943 2921 κτλ.]
1967 2883 2117 2922 Apertum
2139 2881 2185 2910 est

66 2938 181 2969 iterum
195 2938 357 2977 complura
370 2937 409 2968 ab
425 2939 612 2976 Excerptore
627 2937 742 2968 omissa
755 2946 831 2967 esse.
844 2954 883 2959 —
897 2938 944 2967 40.
960 2936 1132 2976 Μύρσος]
1149 2938 1239 2966 Hunc
1249 2943 1352 2973 regem
1367 2931 1519 2963 Eusebius
1529 2940 1591 2961 non
1603 2932 1752 2962 recenset.
1768 2933 1887 2962 Nomen
1898 2930 1964 2968 ejus
1977 2929 2089 2968 legitur
2101 2926 2184 2966 apud

67 2984 260 3015 Herodotum
275 2984 327 3023 (l,
341 2984 399 3022 7),
413 2983 467 3013 ubi
480 2996 486 3014 :
504 2983 679 3019 Κανδαύλης
693 2983 724 3013 δὲ
738 2984 754 3013 ὁ
765 2982 889 3022 Μύρσου
905 2983 1033 3018 ὕστατος
1047 2984 1111 3021 (sc.
1122 2985 1182 3012 τῶν
1195 2980 1398 3019 Ἡρακλειδῶν
1409 2980 1483 3016 ).·-
1497 2981 1546 3008 41.
1563 2976 1801 3016 Σαδυάττης]
1816 2978 1915 3015 Supra
1927 2975 2008 3005 idem
2022 2974 2184 3004 dicebatur

67 3029 241 3066 Ἁδυάττης,
255 3029 372 3060 solenni
387 3029 551 3058 nominum
571 3029 621 3059 vel
639 3029 743 3068 potius
758 3029 897 3066 ejusdem
914 3028 1047 3058 nominis
1065 3028 1235 3058 formarum
1261 3027 1317 3064 (ut
1334 3025 1562 3057 Androcotezcs
1580 3026 1612 3055 et
1625 3023 1872 3060 sandrocotus,
1888 3024 2065 3061 Atropates
2078 3023 2108 3051 et
2122 3022 2181 3049 Sa-

67 3075 241 3115 dropates‚
271 3075 412 3106 OEoares
431 3077 462 3105 et
485 3075 634 3106 soebares
650 3076 730 3113 etc.)
748 3075 939 3105 confusione.
958 3094 997 3100 —
1021 3077 1070 3105 42.
1095 3072 1345 3112 Σαδυάττης]
1371 3071 1529 3108 Ἀδυάττης
1551 3071 1650 3101 codex
1675 3072 1707 3101 et
1731 3070 1790 3100 hoc
1814 3070 1885 3099 loco
1910 3070 1942 3098 et
1964 3068 2043 3097 infra
2067 3067 2180 3096 denuo.

69 3122 206 3161 Reliquis
223 3122 360 3161 quinque
376 3121 470 3157 locis,
487 3121 541 3152 ubi
557 3130 670 3152 nomen
686 3121 717 3152 in
739 3122 801 3152 hoc
819 3122 855 3152 tr.
873 3123 1078 3159 memoratur,
1096 3120 1196 3151 codex
1219 3119 1313 3150 habet
1339 3118 1530 3156 Σαδυάττης,
1549 3118 1636 3157 quod
1658 3117 1775 3156 ubique
1790 3115 1929 3147 exhibui.
1954 3113 2112 3145 Herodoto
2135 3112 2181 3141 est

74 3167 249 3203 Κανδαύλης
262 3169 313 3198 τὸν
330 3170 357 3198 οἱ
370 3168 511 3203 Ἕλληνες
527 3168 680 3207 Μυρσίλον
697 3167 906 3206 ὀνομάζουσιν.
931 3170 1010 3203 Quae
1026 3166 1138 3197 deinde
1162 3167 1337 3205 sequuntur
1353 3164 1391 3196 de
1409 3165 1546 3201 ratione,
1570 3172 1632 3203 qua
1655 3162 1890 3194 Heraclidarum
1908 3167 2038 3199 regnum
2060 3167 2077 3188 a
2095 3159 2180 3195 Gyge

69 3220 210 3243 eversum
224 3213 282 3250 sit,
297 3213 371 3243 item
388 3213 479 3252 longe
493 3213 641 3244 recedunt
654 3222 672 3243 a
686 3212 853 3243 notissimis
866 3213 925 3243 illis
946 3221 1017 3252 quae
1038 3212 1216 3243 Herodotus
1235 3211 1348 3250 aliique
1367 3210 1574 3241 tradiderunt.
1592 3226 1631 3230 —
1652 3211 1702 3239 43.
1718 3208 1853 3247 ἐνέτυχεν
1878 3205 1980 3236 δοῦναί
1997 3203 2045 3242 οἱ]
2061 3205 2105 3233 De
2122 3201 2180 3230 bac

69 3259 299 3289 constructione
314 3268 344 3290 v.
360 3259 468 3298 Steph.
482 3259 575 3289 Thes.
595 3267 625 3289 v.
641 3258 816 3298 ἐντυγχάνω
829 3267 860 3297 p.
879 3261 953 3289 1187
964 3281 973 3295 ‚
988 3261 1029 3296 Α,
1055 3258 1105 3288 ubi
1127 3258 1274 3288 laudatur
1294 3256 1453 3288 Plutarch.
1475 3258 1581 3294 Pomp.
1597 3264 1624 3285 c.
1642 3259 1678 3285 55
1695 3264 1702 3284 :
1725 3251 1995 3293 μεταπεμψάμενος
2010 3249 2077 3282 τοὺς
2092 3247 2178 3276 δικα-

70 3304 141 3338 στὰς
163 3305 281 3343 ἐνέτυχε
304 3305 435 3344 βοηθεῖν.
455 3322 494 3326 -
512 3307 561 3335 44.
587 3304 850 3345 προπάτορας]
874 3304 1010 3343 intellige
1029 3304 1141 3335 Melem
1159 3311 1273 3341 avum,
1298 3302 1351 3341 qui
1373 3301 1541 3340 Dascylum
1558 3300 1762 3336 invitaverat,
1787 3300 1821 3327 ut
1838 3298 1868 3327 in
1893 3294 2019 3334 Lydiam
2043 3302 2059 3322 e
2080 3293 2179 3322 Ponto
