<?xml version="1.0" encoding="UTF-8"?>
<!DOCTYPE html PUBLIC "-//W3C//DTD XHTML 1.0 Transitional//EN"
    "http://www.w3.org/TR/xhtml1/DTD/xhtml1-transitional.dtd">
<html xmlns="http://www.w3.org/1999/xhtml" xml:lang="en" lang="en">
 <head>
  <title>
</title>
<meta http-equiv="Content-Type" content="text/html;charset=utf-8" />
  <meta name='ocr-system' content='tesseract 3.04.00' />
  <meta name='ocr-capabilities' content='ocr_page ocr_carea ocr_par ocr_line ocrx_word'/>
</head>
<body>
  <div class='ocr_page' id='page_1' title='image "./fragmentahistori03mueluoft/fragmentahistori03mueluoft_0238.png"; bbox 0 0 2289 3728; ppageno 0'>
   <div class='ocr_carea' id='block_1_1' title="bbox 114 203 186 234">
    <p class='ocr_par' dir='ltr' id='par_1_1' title="bbox 114 203 186 234">
     <span class='ocr_line' id='line_1_1' title="bbox 114 203 186 234; baseline -0.014 0"><span class='ocrx_word' id='word_1_1' title='bbox 114 203 186 234; x_wconf 80' lang='lat'>228</span> 
     </span>
    </p>
   </div>
   <div class='ocr_carea' id='block_1_2' title="bbox 107 277 1164 332">
    <p class='ocr_par' dir='ltr' id='par_1_2' title="bbox 107 277 1164 332">
     <span class='ocr_line' id='line_1_2' title="bbox 107 277 1164 332; baseline -0.003 -14"><span class='ocrx_word' id='word_1_2' title='bbox 107 283 196 332; x_wconf 78' lang='grc' dir='ltr'>ἱεροῦ</span> <span class='ocrx_word' id='word_1_3' title='bbox 216 278 445 330; x_wconf 73' lang='grc' dir='ltr'>Ἰερουσαλὴμ</span> <span class='ocrx_word' id='word_1_4' title='bbox 463 279 707 327; x_wconf 65' lang='grc' dir='ltr'>ὀνομασθῆναι,</span> <span class='ocrx_word' id='word_1_5' title='bbox 732 277 797 314; x_wconf 70' lang='grc' dir='ltr'>ὑπο</span> <span class='ocrx_word' id='word_1_6' title='bbox 818 277 852 314; x_wconf 76' lang='grc' dir='ltr'>δὲ</span> <span class='ocrx_word' id='word_1_7' title='bbox 872 280 938 314; x_wconf 77' lang='grc' dir='ltr'>τῶν</span> <span class='ocrx_word' id='word_1_8' title='bbox 954 277 1131 324; x_wconf 78' lang='grc' dir='ltr'>Ἑλλήνων</span> <span class='ocrx_word' id='word_1_9' title='bbox 1162 284 1164 287; x_wconf 78' lang='grc'>’</span> 
     </span>
    </p>
   </div>
   <div class='ocr_carea' id='block_1_3' title="bbox 106 334 1132 390">
    <p class='ocr_par' dir='ltr' id='par_1_3' title="bbox 106 334 1132 390">
     <span class='ocr_line' id='line_1_3' title="bbox 227 334 1123 349; baseline -0.003 0"><span class='ocrx_word' id='word_1_10' title='bbox 227 338 235 349; x_wconf 86' lang='grc' dir='ltr'><em>Ι</em></span> <span class='ocrx_word' id='word_1_11' title='bbox 337 336 345 347; x_wconf 58' lang='lat' dir='ltr'>c</span> <span class='ocrx_word' id='word_1_12' title='bbox 459 335 465 345; x_wconf 84' lang='grc' dir='ltr'><strong><em>Ι</em></strong></span> <span class='ocrx_word' id='word_1_13' title='bbox 607 334 615 346; x_wconf 65' lang='lat' dir='ltr'><em>l</em></span> <span class='ocrx_word' id='word_1_14' title='bbox 912 335 921 347; x_wconf 88' lang='grc' dir='ltr'><em>Ι</em></span> <span class='ocrx_word' id='word_1_15' title='bbox 1050 337 1076 348; x_wconf 59' lang='lat' dir='ltr'>*xx</span> <span class='ocrx_word' id='word_1_16' title='bbox 1117 336 1123 346; x_wconf 63' lang='lat' dir='ltr'>x</span> 
     </span>
     <span class='ocr_line' id='line_1_4' title="bbox 106 336 1132 390; baseline -0.005 -13"><span class='ocrx_word' id='word_1_17' title='bbox 106 353 312 390; x_wconf 77' lang='grc' dir='ltr'>φερωνυμως</span> <span class='ocrx_word' id='word_1_18' title='bbox 348 337 561 387; x_wconf 84' lang='grc' dir='ltr'>Ιεροσολυμα</span> <span class='ocrx_word' id='word_1_19' title='bbox 579 337 749 384; x_wconf 80' lang='grc' dir='ltr'>λεγεσθαι.</span> <span class='ocrx_word' id='word_1_20' title='bbox 773 336 1030 373; x_wconf 82' lang='grc' dir='ltr'>Συντελεσαντα</span> <span class='ocrx_word' id='word_1_21' title='bbox 1046 351 1080 372; x_wconf 85' lang='grc' dir='ltr'>οε</span> <span class='ocrx_word' id='word_1_22' title='bbox 1094 351 1132 372; x_wconf 89' lang='grc' dir='ltr'>το</span> 
     </span>
    </p>
   </div>
   <div class='ocr_carea' id='block_1_4' title="bbox 104 392 1132 503">
    <p class='ocr_par' dir='ltr' id='par_1_4' title="bbox 104 392 1132 503">
     <span class='ocr_line' id='line_1_5' title="bbox 104 392 1132 447; baseline -0.004 -14"><span class='ocrx_word' id='word_1_23' title='bbox 104 397 194 447; x_wconf 80' lang='grc' dir='ltr'>ἱερὸν</span> <span class='ocrx_word' id='word_1_24' title='bbox 209 395 268 432; x_wconf 75' lang='grc' dir='ltr'>καὶ</span> <span class='ocrx_word' id='word_1_25' title='bbox 286 394 346 439; x_wconf 78' lang='grc' dir='ltr'>τὴν</span> <span class='ocrx_word' id='word_1_26' title='bbox 365 394 463 430; x_wconf 84' lang='grc' dir='ltr'>πόλιν</span> <span class='ocrx_word' id='word_1_27' title='bbox 486 392 685 443; x_wconf 82' lang='grc' dir='ltr'>τειχίσαντα</span> <span class='ocrx_word' id='word_1_28' title='bbox 708 394 814 429; x_wconf 82' lang='grc' dir='ltr'>ἐλθεῖν</span> <span class='ocrx_word' id='word_1_29' title='bbox 839 394 884 436; x_wconf 88' lang='grc' dir='ltr'>εἷς</span> <span class='ocrx_word' id='word_1_30' title='bbox 899 392 1046 442; x_wconf 75' lang='grc' dir='ltr'>Σηλὼμ,</span> <span class='ocrx_word' id='word_1_31' title='bbox 1075 394 1132 429; x_wconf 83' lang='grc' dir='ltr'>καὶ</span> 
     </span>
     <span class='ocr_line' id='line_1_6' title="bbox 105 451 1132 503; baseline -0.004 -13"><span class='ocrx_word' id='word_1_32' title='bbox 105 453 222 490; x_wconf 84' lang='grc' dir='ltr'>θυσίαν</span> <span class='ocrx_word' id='word_1_33' title='bbox 237 455 285 503; x_wconf 80' lang='grc' dir='ltr'>τῷ</span> <span class='ocrx_word' id='word_1_34' title='bbox 303 453 383 502; x_wconf 78' lang='grc' dir='ltr'>Θεῷ</span> <span class='ocrx_word' id='word_1_35' title='bbox 404 453 448 493; x_wconf 87' lang='grc' dir='ltr'>εἷς</span> <span class='ocrx_word' id='word_1_36' title='bbox 466 451 702 501; x_wconf 79' lang='grc' dir='ltr'>ὁλοκάρττωσιν</span> <span class='ocrx_word' id='word_1_37' title='bbox 726 453 958 502; x_wconf 81' lang='grc' dir='ltr'>προσαγαγεῖν</span> <span class='ocrx_word' id='word_1_38' title='bbox 978 454 1056 500; x_wconf 78' lang='grc' dir='ltr'>βοῦς</span> <span class='ocrx_word' id='word_1_39' title='bbox 1075 465 1132 500; x_wconf 91' lang='grc' dir='ltr'>χι-</span> 
     </span>
    </p>
   </div>
   <div class='ocr_carea' id='block_1_5' title="bbox 104 507 1162 558">
    <p class='ocr_par' dir='ltr' id='par_1_5' title="bbox 104 507 1162 558">
     <span class='ocr_line' id='line_1_7' title="bbox 104 507 1162 558; baseline -0.005 -10"><span class='ocrx_word' id='word_1_40' title='bbox 104 511 206 553; x_wconf 87' lang='grc' dir='ltr'>λίους.</span> <span class='ocrx_word' id='word_1_41' title='bbox 228 509 390 548; x_wconf 61' lang='grc' dir='ltr'>Λανῧόντα</span> <span class='ocrx_word' id='word_1_42' title='bbox 408 509 443 545; x_wconf 76' lang='grc' dir='ltr'>δὲ</span> <span class='ocrx_word' id='word_1_43' title='bbox 460 508 520 553; x_wconf 80' lang='grc' dir='ltr'>τὴν</span> <span class='ocrx_word' id='word_1_44' title='bbox 539 507 667 553; x_wconf 79' lang='grc' dir='ltr'>σκηνὴν</span> <span class='ocrx_word' id='word_1_45' title='bbox 686 507 745 544; x_wconf 81' lang='grc' dir='ltr'>καὶ</span> <span class='ocrx_word' id='word_1_46' title='bbox 762 507 799 544; x_wconf 83' lang='grc' dir='ltr'>τὸ</span> <span class='ocrx_word' id='word_1_47' title='bbox 814 507 1053 558; x_wconf 80' lang='grc' dir='ltr'>θυσιαστήριον</span> <span class='ocrx_word' id='word_1_48' title='bbox 1073 507 1131 543; x_wconf 82' lang='grc' dir='ltr'>καὶ</span> <span class='ocrx_word' id='word_1_49' title='bbox 1160 530 1162 551; x_wconf 56' lang='grc' dir='ltr'>,ι</span> 
     </span>
    </p>
   </div>
   <div class='ocr_carea' id='block_1_6' title="bbox 98 565 1132 1719">
    <p class='ocr_par' dir='ltr' id='par_1_6' title="bbox 98 565 1132 1719">
     <span class='ocr_line' id='line_1_8' title="bbox 104 565 1131 617; baseline -0.004 -12"><span class='ocrx_word' id='word_1_50' title='bbox 104 568 145 605; x_wconf 82' lang='grc' dir='ltr'>τὰ</span> <span class='ocrx_word' id='word_1_51' title='bbox 162 568 265 613; x_wconf 79' lang='grc' dir='ltr'>σκεύη</span> <span class='ocrx_word' id='word_1_52' title='bbox 278 598 287 614; x_wconf 81' lang='lat'>‚</span> <span class='ocrx_word' id='word_1_53' title='bbox 311 567 330 604; x_wconf 80' lang='grc' dir='ltr'>ἃ</span> <span class='ocrx_word' id='word_1_54' title='bbox 350 567 490 612; x_wconf 82' lang='grc' dir='ltr'>ἐποίησε</span> <span class='ocrx_word' id='word_1_55' title='bbox 509 569 656 616; x_wconf 69' lang='grc' dir='ltr'>Μωσῆς,</span> <span class='ocrx_word' id='word_1_56' title='bbox 670 567 715 608; x_wconf 85' lang='grc' dir='ltr'>εἷς</span> <span class='ocrx_word' id='word_1_57' title='bbox 731 565 954 617; x_wconf 83' lang='grc' dir='ltr'>Ἱεροσόλυμα</span> <span class='ocrx_word' id='word_1_58' title='bbox 972 567 1131 614; x_wconf 80' lang='grc' dir='ltr'>ἐνεγκεῖν,</span> 
     </span>
     <span class='ocr_line' id='line_1_9' title="bbox 103 622 1130 677; baseline -0.004 -15"><span class='ocrx_word' id='word_1_59' title='bbox 103 626 161 662; x_wconf 83' lang='grc' dir='ltr'>καὶ</span> <span class='ocrx_word' id='word_1_60' title='bbox 180 628 212 663; x_wconf 74' lang='grc' dir='ltr'>ἐν</span> <span class='ocrx_word' id='word_1_61' title='bbox 232 628 281 677; x_wconf 76' lang='grc' dir='ltr'>τῷ</span> <span class='ocrx_word' id='word_1_62' title='bbox 297 626 378 675; x_wconf 80' lang='grc' dir='ltr'>οἴκῳ</span> <span class='ocrx_word' id='word_1_63' title='bbox 399 626 515 663; x_wconf 75' lang='grc' dir='ltr'>θεῖναι.</span> <span class='ocrx_word' id='word_1_64' title='bbox 538 624 609 662; x_wconf 80' lang='grc' dir='ltr'>Καὶ</span> <span class='ocrx_word' id='word_1_65' title='bbox 623 623 684 670; x_wconf 76' lang='grc' dir='ltr'>τὴν</span> <span class='ocrx_word' id='word_1_66' title='bbox 700 623 843 660; x_wconf 66' lang='grc' dir='ltr'>κιὸωτὸν</span> <span class='ocrx_word' id='word_1_67' title='bbox 860 623 894 660; x_wconf 79' lang='grc' dir='ltr'>δὲ</span> <span class='ocrx_word' id='word_1_68' title='bbox 913 623 971 660; x_wconf 81' lang='grc' dir='ltr'>καὶ</span> <span class='ocrx_word' id='word_1_69' title='bbox 988 622 1043 659; x_wconf 76' lang='grc' dir='ltr'>τὸν</span> <span class='ocrx_word' id='word_1_70' title='bbox 1063 625 1130 672; x_wconf 84' lang='grc' dir='ltr'>βω-</span> 
     </span>
     <span class='ocr_line' id='line_1_10' title="bbox 105 680 1132 734; baseline -0.006 -13"><span class='ocrx_word' id='word_1_71' title='bbox 105 684 167 733; x_wconf 74' lang='grc' dir='ltr'>μὸν</span> <span class='ocrx_word' id='word_1_72' title='bbox 188 683 244 720; x_wconf 77' lang='grc' dir='ltr'>τὸν</span> <span class='ocrx_word' id='word_1_73' title='bbox 261 687 409 734; x_wconf 84' lang='grc' dir='ltr'>χρυσοῦν</span> <span class='ocrx_word' id='word_1_74' title='bbox 427 684 485 720; x_wconf 88' lang='grc' dir='ltr'>καὶ</span> <span class='ocrx_word' id='word_1_75' title='bbox 499 682 560 728; x_wconf 80' lang='grc' dir='ltr'>τὴν</span> <span class='ocrx_word' id='word_1_76' title='bbox 576 682 718 732; x_wconf 83' lang='grc' dir='ltr'>λυχνίαν</span> <span class='ocrx_word' id='word_1_77' title='bbox 735 682 793 719; x_wconf 77' lang='grc' dir='ltr'>καὶ</span> <span class='ocrx_word' id='word_1_78' title='bbox 809 681 870 726; x_wconf 72' lang='grc' dir='ltr'>τὴν</span> <span class='ocrx_word' id='word_1_79' title='bbox 887 680 1056 731; x_wconf 82' lang='grc' dir='ltr'>τράπεζαν</span> <span class='ocrx_word' id='word_1_80' title='bbox 1074 680 1132 715; x_wconf 77' lang='grc' dir='ltr'>καὶ</span> 
     </span>
     <span class='ocr_line' id='line_1_11' title="bbox 103 736 1130 789; baseline -0.005 -11"><span class='ocrx_word' id='word_1_81' title='bbox 103 742 145 778; x_wconf 86' lang='grc' dir='ltr'>τὰ</span> <span class='ocrx_word' id='word_1_82' title='bbox 172 741 261 778; x_wconf 78' lang='grc' dir='ltr'>ἄλλα</span> <span class='ocrx_word' id='word_1_83' title='bbox 288 741 394 787; x_wconf 82' lang='grc' dir='ltr'>σκεύη</span> <span class='ocrx_word' id='word_1_84' title='bbox 425 743 495 778; x_wconf 82' lang='grc' dir='ltr'>ἐκεῖ</span> <span class='ocrx_word' id='word_1_85' title='bbox 518 740 780 786; x_wconf 69' lang='grc' dir='ltr'>κατατίθεσθαι,</span> <span class='ocrx_word' id='word_1_86' title='bbox 806 740 917 781; x_wconf 81' lang='grc' dir='ltr'>καθὼς</span> <span class='ocrx_word' id='word_1_87' title='bbox 945 736 1130 789; x_wconf 78' lang='grc' dir='ltr'>προστάξαι</span> 
     </span>
     <span class='ocr_line' id='line_1_12' title="bbox 104 795 1132 851; baseline -0.005 -15"><span class='ocrx_word' id='word_1_88' title='bbox 104 802 197 851; x_wconf 78' lang='grc' dir='ltr'>αὐτῷ</span> <span class='ocrx_word' id='word_1_89' title='bbox 210 799 265 836; x_wconf 80' lang='grc' dir='ltr'>τὸν</span> <span class='ocrx_word' id='word_1_90' title='bbox 276 799 469 851; x_wconf 69' lang='grc' dir='ltr'>προφήτην.</span> <span class='ocrx_word' id='word_1_91' title='bbox 484 799 724 850; x_wconf 82' lang='grc' dir='ltr'>Προσαγαγεῗν</span> <span class='ocrx_word' id='word_1_92' title='bbox 741 798 773 835; x_wconf 79' lang='grc' dir='ltr'>δὲ</span> <span class='ocrx_word' id='word_1_93' title='bbox 782 799 832 848; x_wconf 83' lang='grc' dir='ltr'>τῷ</span> <span class='ocrx_word' id='word_1_94' title='bbox 843 799 923 847; x_wconf 75' lang='grc' dir='ltr'>Θεῷ</span> <span class='ocrx_word' id='word_1_95' title='bbox 938 795 1054 833; x_wconf 85' lang='grc' dir='ltr'>θυσίαν</span> <span class='ocrx_word' id='word_1_96' title='bbox 1073 810 1132 843; x_wconf 91' lang='grc' dir='ltr'>μυ-</span> 
     </span>
     <span class='ocr_line' id='line_1_13' title="bbox 106 854 1132 909; baseline -0.005 -15"><span class='ocrx_word' id='word_1_97' title='bbox 106 857 195 909; x_wconf 72' lang='grc' dir='ltr'>ρίαν,</span> <span class='ocrx_word' id='word_1_98' title='bbox 213 857 373 909; x_wconf 59' lang='grc' dir='ltr'>πρόῧατα</span> <span class='ocrx_word' id='word_1_99' title='bbox 392 858 558 908; x_wconf 74' lang='grc' dir='ltr'>δισχίλιοι,</span> <span class='ocrx_word' id='word_1_100' title='bbox 581 856 729 906; x_wconf 78' lang='grc' dir='ltr'>μόσχους</span> <span class='ocrx_word' id='word_1_101' title='bbox 743 854 950 905; x_wconf 72' lang='grc' dir='ltr'>τρισχιλίους</span> <span class='ocrx_word' id='word_1_102' title='bbox 964 868 1132 890; x_wconf 88' lang='grc' dir='ltr'>πεντακο-</span> 
     </span>
     <span class='ocr_line' id='line_1_14' title="bbox 104 911 1132 966; baseline -0.005 -14"><span class='ocrx_word' id='word_1_103' title='bbox 104 915 206 958; x_wconf 80' lang='grc' dir='ltr'>σίους.</span> <span class='ocrx_word' id='word_1_104' title='bbox 230 915 281 954; x_wconf 82' lang='grc' dir='ltr'>Τὸ</span> <span class='ocrx_word' id='word_1_105' title='bbox 303 915 337 952; x_wconf 78' lang='grc' dir='ltr'>δὲ</span> <span class='ocrx_word' id='word_1_106' title='bbox 358 915 499 963; x_wconf 77' lang='grc' dir='ltr'>σύμπαν</span> <span class='ocrx_word' id='word_1_107' title='bbox 524 915 678 966; x_wconf 85' lang='grc' dir='ltr'>χρυσίον,</span> <span class='ocrx_word' id='word_1_108' title='bbox 699 914 736 950; x_wconf 82' lang='grc' dir='ltr'>τὸ</span> <span class='ocrx_word' id='word_1_109' title='bbox 756 915 800 954; x_wconf 85' lang='grc' dir='ltr'>εἷς</span> <span class='ocrx_word' id='word_1_110' title='bbox 822 911 896 954; x_wconf 76' lang='grc' dir='ltr'>τοὺς</span> <span class='ocrx_word' id='word_1_111' title='bbox 914 911 972 948; x_wconf 79' lang='grc' dir='ltr'>δύο</span> <span class='ocrx_word' id='word_1_112' title='bbox 992 911 1132 953; x_wconf 77' lang='grc' dir='ltr'>στύλους</span> 
     </span>
     <span class='ocr_line' id='line_1_15' title="bbox 102 966 1131 1022; baseline -0.005 -13"><span class='ocrx_word' id='word_1_113' title='bbox 102 974 160 1010; x_wconf 83' lang='grc' dir='ltr'>καὶ</span> <span class='ocrx_word' id='word_1_114' title='bbox 185 973 241 1010; x_wconf 77' lang='grc' dir='ltr'>τὸν</span> <span class='ocrx_word' id='word_1_115' title='bbox 265 972 346 1010; x_wconf 75' lang='grc' dir='ltr'>ναὸν</span> <span class='ocrx_word' id='word_1_116' title='bbox 378 972 630 1022; x_wconf 74' lang='grc' dir='ltr'>καταχρησθὲν,</span> <span class='ocrx_word' id='word_1_117' title='bbox 658 966 744 1008; x_wconf 61' lang='grc' dir='ltr'>εἶναι</span> <span class='ocrx_word' id='word_1_118' title='bbox 770 970 922 1007; x_wconf 86' lang='grc' dir='ltr'>τάλαντα</span> <span class='ocrx_word' id='word_1_119' title='bbox 957 969 1131 1020; x_wconf 79' lang='grc' dir='ltr'>μυριάδων</span> 
     </span>
     <span class='ocr_line' id='line_1_16' title="bbox 103 1027 1129 1085; baseline -0.006 -17"><span class='ocrx_word' id='word_1_120' title='bbox 103 1030 115 1085; x_wconf 68' lang='lat'><strong>[</strong></span> <span class='ocrx_word' id='word_1_121' title='bbox 133 1032 237 1081; x_wconf 88' lang='grc' dir='ltr'>μυρία</span> <span class='ocrx_word' id='word_1_122' title='bbox 258 1031 342 1068; x_wconf 70' lang='lat' dir='ltr'>mi?</span> <span class='ocrx_word' id='word_1_123' title='bbox 367 1036 378 1077; x_wconf 87' lang='lat'>]</span> <span class='ocrx_word' id='word_1_124' title='bbox 410 1030 457 1074; x_wconf 73' lang='grc' dir='ltr'>υξ’</span> <span class='ocrx_word' id='word_1_125' title='bbox 473 1046 479 1053; x_wconf 95' lang='grc'>·</span> <span class='ocrx_word' id='word_1_126' title='bbox 498 1032 544 1072; x_wconf 84' lang='grc' dir='ltr'>εἷς</span> <span class='ocrx_word' id='word_1_127' title='bbox 574 1029 608 1066; x_wconf 76' lang='grc' dir='ltr'>δὲ</span> <span class='ocrx_word' id='word_1_128' title='bbox 638 1030 714 1071; x_wconf 73' lang='grc' dir='ltr'>τοὺς</span> <span class='ocrx_word' id='word_1_129' title='bbox 734 1028 835 1074; x_wconf 76' lang='grc' dir='ltr'>ἥλους</span> <span class='ocrx_word' id='word_1_130' title='bbox 866 1027 924 1064; x_wconf 84' lang='grc' dir='ltr'>καὶ</span> <span class='ocrx_word' id='word_1_131' title='bbox 943 1027 1004 1072; x_wconf 76' lang='grc' dir='ltr'>τὴν</span> <span class='ocrx_word' id='word_1_132' title='bbox 1023 1027 1129 1071; x_wconf 82' lang='grc' dir='ltr'>ἀλλην</span> 
     </span>
     <span class='ocr_line' id='line_1_17' title="bbox 102 1084 1128 1138; baseline -0.006 -13"><span class='ocrx_word' id='word_1_133' title='bbox 102 1087 330 1134; x_wconf 77' lang='grc' dir='ltr'>κατασκευὴν,</span> <span class='ocrx_word' id='word_1_134' title='bbox 343 1088 503 1138; x_wconf 81' lang='grc' dir='ltr'>ἀργυρίου</span> <span class='ocrx_word' id='word_1_135' title='bbox 520 1087 674 1124; x_wconf 84' lang='grc' dir='ltr'>τάλαντα</span> <span class='ocrx_word' id='word_1_136' title='bbox 689 1086 784 1136; x_wconf 77' lang='grc' dir='ltr'>χίλια</span> <span class='ocrx_word' id='word_1_137' title='bbox 800 1084 957 1121; x_wconf 79' lang='grc' dir='ltr'>διακόσια</span> <span class='ocrx_word' id='word_1_138' title='bbox 973 1099 1128 1134; x_wconf 88' lang='grc' dir='ltr'>τριακον-</span> 
     </span>
     <span class='ocr_line' id='line_1_18' title="bbox 101 1140 1129 1196; baseline -0.006 -13"><span class='ocrx_word' id='word_1_139' title='bbox 101 1146 224 1183; x_wconf 80' lang='grc' dir='ltr'>ταδύο·</span> <span class='ocrx_word' id='word_1_140' title='bbox 242 1148 373 1196; x_wconf 89' lang='grc' dir='ltr'>χαλκοῦ</span> <span class='ocrx_word' id='word_1_141' title='bbox 396 1146 429 1182; x_wconf 81' lang='grc' dir='ltr'>δὲ</span> <span class='ocrx_word' id='word_1_142' title='bbox 448 1147 491 1187; x_wconf 81' lang='grc' dir='ltr'>εἷς</span> <span class='ocrx_word' id='word_1_143' title='bbox 509 1145 584 1187; x_wconf 77' lang='grc' dir='ltr'>τοὺς</span> <span class='ocrx_word' id='word_1_144' title='bbox 604 1144 719 1186; x_wconf 86' lang='grc' dir='ltr'>κίονας</span> <span class='ocrx_word' id='word_1_145' title='bbox 743 1143 801 1180; x_wconf 84' lang='grc' dir='ltr'>καὶ</span> <span class='ocrx_word' id='word_1_146' title='bbox 821 1142 877 1179; x_wconf 76' lang='grc' dir='ltr'>τὸν</span> <span class='ocrx_word' id='word_1_147' title='bbox 897 1143 1046 1191; x_wconf 60' lang='grc' dir='ltr'>λουτῆρα</span> <span class='ocrx_word' id='word_1_148' title='bbox 1071 1140 1129 1178; x_wconf 82' lang='grc' dir='ltr'>καὶ</span> 
     </span>
     <span class='ocr_line' id='line_1_19' title="bbox 101 1199 1127 1253; baseline -0.005 -13"><span class='ocrx_word' id='word_1_149' title='bbox 101 1204 164 1249; x_wconf 79' lang='grc' dir='ltr'>τὴν</span> <span class='ocrx_word' id='word_1_150' title='bbox 185 1203 302 1252; x_wconf 76' lang='grc' dir='ltr'>στοὰν,</span> <span class='ocrx_word' id='word_1_151' title='bbox 324 1203 477 1240; x_wconf 85' lang='grc' dir='ltr'>τάλαντα</span> <span class='ocrx_word' id='word_1_152' title='bbox 504 1201 609 1253; x_wconf 87' lang='grc' dir='ltr'>μυρία</span> <span class='ocrx_word' id='word_1_153' title='bbox 636 1200 876 1251; x_wconf 77' lang='grc' dir='ltr'>ὀκτακισχίλιοι</span> <span class='ocrx_word' id='word_1_154' title='bbox 905 1199 1127 1244; x_wconf 84' lang='grc' dir='ltr'>πεντήκοντα.</span> 
     </span>
     <span class='ocr_line' id='line_1_20' title="bbox 102 1257 1129 1312; baseline -0.005 -14"><span class='ocrx_word' id='word_1_155' title='bbox 102 1261 320 1312; x_wconf 70' lang='grc' dir='ltr'>Ἀποπέμψαι</span> <span class='ocrx_word' id='word_1_156' title='bbox 341 1260 375 1297; x_wconf 80' lang='grc' dir='ltr'>δὲ</span> <span class='ocrx_word' id='word_1_157' title='bbox 396 1260 451 1297; x_wconf 75' lang='grc' dir='ltr'>τὸν</span> <span class='ocrx_word' id='word_1_158' title='bbox 469 1262 665 1309; x_wconf 75' lang='grc' dir='ltr'>Σαλομῶνα</span> <span class='ocrx_word' id='word_1_159' title='bbox 683 1259 741 1296; x_wconf 78' lang='grc' dir='ltr'>καὶ</span> <span class='ocrx_word' id='word_1_160' title='bbox 757 1258 834 1301; x_wconf 74' lang='grc' dir='ltr'>τοὺς</span> <span class='ocrx_word' id='word_1_161' title='bbox 851 1257 1058 1307; x_wconf 83' lang='grc' dir='ltr'>Αἰγυπτίους</span> <span class='ocrx_word' id='word_1_162' title='bbox 1071 1257 1129 1293; x_wconf 79' lang='grc' dir='ltr'>καὶ</span> 
     </span>
     <span class='ocr_line' id='line_1_21' title="bbox 99 1316 1128 1367; baseline -0.004 -12"><span class='ocrx_word' id='word_1_163' title='bbox 99 1318 177 1361; x_wconf 77' lang='grc' dir='ltr'>τοὺς</span> <span class='ocrx_word' id='word_1_164' title='bbox 191 1319 367 1364; x_wconf 85' lang='grc' dir='ltr'>Φοίνικας,</span> <span class='ocrx_word' id='word_1_165' title='bbox 389 1318 549 1360; x_wconf 79' lang='grc' dir='ltr'>ἑκάστους</span> <span class='ocrx_word' id='word_1_166' title='bbox 565 1320 609 1360; x_wconf 82' lang='grc' dir='ltr'>εἷς</span> <span class='ocrx_word' id='word_1_167' title='bbox 624 1316 684 1363; x_wconf 79' lang='grc' dir='ltr'>τὴν</span> <span class='ocrx_word' id='word_1_168' title='bbox 700 1318 842 1362; x_wconf 80' lang='grc' dir='ltr'>ἑαυτῶν,</span> <span class='ocrx_word' id='word_1_169' title='bbox 855 1316 988 1367; x_wconf 77' lang='grc' dir='ltr'>ἑκάστῳ</span> <span class='ocrx_word' id='word_1_170' title='bbox 1001 1318 1128 1366; x_wconf 83' lang='grc' dir='ltr'>χρυσοῦ</span> 
     </span>
     <span class='ocr_line' id='line_1_22' title="bbox 101 1369 1129 1423; baseline -0.007 -9"><span class='ocrx_word' id='word_1_171' title='bbox 101 1377 234 1420; x_wconf 84' lang='grc' dir='ltr'>σίκλους</span> <span class='ocrx_word' id='word_1_172' title='bbox 249 1377 349 1414; x_wconf 80' lang='grc' dir='ltr'>δόντα</span> <span class='ocrx_word' id='word_1_173' title='bbox 365 1376 458 1414; x_wconf 79' lang='grc' dir='ltr'>δέκα·</span> <span class='ocrx_word' id='word_1_174' title='bbox 472 1375 509 1413; x_wconf 75' lang='grc' dir='ltr'>τὸ</span> <span class='ocrx_word' id='word_1_175' title='bbox 525 1375 558 1413; x_wconf 77' lang='grc' dir='ltr'>δὲ</span> <span class='ocrx_word' id='word_1_176' title='bbox 574 1375 740 1412; x_wconf 83' lang='grc' dir='ltr'>τάλαντον</span> <span class='ocrx_word' id='word_1_177' title='bbox 753 1369 837 1411; x_wconf 68' lang='grc' dir='ltr'>εἶναι</span> <span class='ocrx_word' id='word_1_178' title='bbox 849 1373 978 1412; x_wconf 79' lang='grc' dir='ltr'>σίκλον.</span> <span class='ocrx_word' id='word_1_179' title='bbox 1003 1372 1071 1410; x_wconf 79' lang='grc' dir='ltr'>Καὶ</span> <span class='ocrx_word' id='word_1_180' title='bbox 1082 1374 1129 1423; x_wconf 83' lang='grc' dir='ltr'>τῷ</span> 
     </span>
     <span class='ocr_line' id='line_1_23' title="bbox 101 1429 1127 1486; baseline -0.006 -14"><span class='ocrx_word' id='word_1_181' title='bbox 101 1434 161 1484; x_wconf 80' lang='grc' dir='ltr'>μὲν</span> <span class='ocrx_word' id='word_1_182' title='bbox 172 1437 200 1473; x_wconf 94' lang='lat' dir='ltr'><strong>A</strong></span> <span class='ocrx_word' id='word_1_183' title='bbox 209 1435 349 1484; x_wconf 81' lang='grc' dir='ltr'>ἰγύπτου</span> <span class='ocrx_word' id='word_1_184' title='bbox 360 1436 498 1486; x_wconf 79' lang='grc' dir='ltr'>βασιλεῖ</span> <span class='ocrx_word' id='word_1_185' title='bbox 507 1436 654 1486; x_wconf 68' lang='grc' dir='ltr'>Οὐαφρῇ</span> <span class='ocrx_word' id='word_1_186' title='bbox 668 1432 781 1470; x_wconf 81' lang='grc' dir='ltr'>ἐλαίου</span> <span class='ocrx_word' id='word_1_187' title='bbox 795 1430 966 1482; x_wconf 85' lang='grc' dir='ltr'>μετρητὰς</span> <span class='ocrx_word' id='word_1_188' title='bbox 975 1429 1127 1481; x_wconf 75' lang='grc' dir='ltr'>μυρίους,</span> 
     </span>
     <span class='ocr_line' id='line_1_24' title="bbox 104 1487 1127 1543; baseline -0.006 -14"><span class='ocrx_word' id='word_1_189' title='bbox 104 1492 397 1543; x_wconf 63' lang='grc' dir='ltr'>φοινικοὸαλάνων</span> <span class='ocrx_word' id='word_1_190' title='bbox 428 1491 582 1543; x_wconf 60' lang='grc' dir='ltr'>ἀρτάδας</span> <span class='ocrx_word' id='word_1_191' title='bbox 618 1490 750 1541; x_wconf 82' lang='grc' dir='ltr'>χιλίας,</span> <span class='ocrx_word' id='word_1_192' title='bbox 779 1489 913 1539; x_wconf 84' lang='grc' dir='ltr'>μέλιτος</span> <span class='ocrx_word' id='word_1_193' title='bbox 942 1487 976 1525; x_wconf 79' lang='grc' dir='ltr'>δὲ</span> <span class='ocrx_word' id='word_1_194' title='bbox 1007 1489 1127 1537; x_wconf 80' lang='grc' dir='ltr'>ἀγγεῖα</span> 
     </span>
     <span class='ocr_line' id='line_1_25' title="bbox 100 1543 1129 1602; baseline -0.006 -15"><span class='ocrx_word' id='word_1_195' title='bbox 100 1550 234 1595; x_wconf 80' lang='grc' dir='ltr'>ἑκατὸν,</span> <span class='ocrx_word' id='word_1_196' title='bbox 257 1550 315 1587; x_wconf 75' lang='grc' dir='ltr'>καὶ</span> <span class='ocrx_word' id='word_1_197' title='bbox 333 1550 503 1602; x_wconf 83' lang='grc' dir='ltr'>ἀρώματα</span> <span class='ocrx_word' id='word_1_198' title='bbox 526 1549 674 1601; x_wconf 73' lang='grc' dir='ltr'>πέμψαι.</span> <span class='ocrx_word' id='word_1_199' title='bbox 693 1550 754 1601; x_wconf 74' lang='grc' dir='ltr'>Τῷ</span> <span class='ocrx_word' id='word_1_200' title='bbox 772 1548 805 1585; x_wconf 79' lang='grc' dir='ltr'>δὲ</span> <span class='ocrx_word' id='word_1_201' title='bbox 828 1547 981 1598; x_wconf 83' lang='grc' dir='ltr'>Σούρωνι</span> <span class='ocrx_word' id='word_1_202' title='bbox 997 1547 1042 1587; x_wconf 86' lang='grc' dir='ltr'>εἷς</span> <span class='ocrx_word' id='word_1_203' title='bbox 1058 1543 1129 1583; x_wconf 80' lang='grc' dir='ltr'>Τύ-</span> 
     </span>
     <span class='ocr_line' id='line_1_26' title="bbox 100 1603 1129 1660; baseline -0.006 -15"><span class='ocrx_word' id='word_1_204' title='bbox 100 1624 155 1660; x_wconf 88' lang='grc' dir='ltr'>ρον</span> <span class='ocrx_word' id='word_1_205' title='bbox 170 1609 305 1660; x_wconf 69' lang='grc' dir='ltr'>πέμψαι</span> <span class='ocrx_word' id='word_1_206' title='bbox 321 1609 377 1645; x_wconf 77' lang='grc' dir='ltr'>τὸν</span> <span class='ocrx_word' id='word_1_207' title='bbox 388 1612 537 1659; x_wconf 82' lang='grc' dir='ltr'>χρυσοῦν</span> <span class='ocrx_word' id='word_1_208' title='bbox 548 1607 644 1645; x_wconf 90' lang='grc' dir='ltr'>κίονα</span> <span class='ocrx_word' id='word_1_209' title='bbox 655 1638 663 1653; x_wconf 87' lang='grc'>,</span> <span class='ocrx_word' id='word_1_210' title='bbox 675 1607 730 1644; x_wconf 84' lang='grc' dir='ltr'>τὸν</span> <span class='ocrx_word' id='word_1_211' title='bbox 742 1608 775 1644; x_wconf 83' lang='grc' dir='ltr'>ἐν</span> <span class='ocrx_word' id='word_1_212' title='bbox 792 1605 895 1657; x_wconf 77' lang='grc' dir='ltr'>Τύρῳ</span> <span class='ocrx_word' id='word_1_213' title='bbox 909 1603 1129 1650; x_wconf 79' lang='grc' dir='ltr'>ἀνακείμενον</span> 
     </span>
     <span class='ocr_line' id='line_1_27' title="bbox 98 1666 487 1719; baseline 0.003 -16"><span class='ocrx_word' id='word_1_214' title='bbox 98 1668 132 1703; x_wconf 84' lang='grc' dir='ltr'>ἐν</span> <span class='ocrx_word' id='word_1_215' title='bbox 153 1668 200 1719; x_wconf 78' lang='grc' dir='ltr'>τῷ</span> <span class='ocrx_word' id='word_1_216' title='bbox 220 1669 300 1718; x_wconf 77' lang='grc' dir='ltr'>ἱερῷ</span> <span class='ocrx_word' id='word_1_217' title='bbox 321 1671 378 1704; x_wconf 86' lang='grc' dir='ltr'>τοῦ</span> <span class='ocrx_word' id='word_1_218' title='bbox 397 1666 487 1709; x_wconf 81' lang='grc' dir='ltr'>Διός.</span> 
     </span>
    </p>
   </div>
   <div class='ocr_carea' id='block_1_7' title="bbox 469 1748 748 1864">
    <p class='ocr_par' dir='ltr' id='par_1_7' title="bbox 469 1748 748 1864">
     <span class='ocr_line' id='line_1_28' title="bbox 585 1748 642 1782; baseline 0 -13"><span class='ocrx_word' id='word_1_219' title='bbox 585 1749 596 1769; x_wconf 82' lang='lat'>1</span> <span class='ocrx_word' id='word_1_220' title='bbox 607 1748 642 1782; x_wconf 79' lang='grc'>9.</span> 
     </span>
     <span class='ocr_line' id='line_1_29' title="bbox 469 1825 748 1864; baseline -0.011 0"><span class='ocrx_word' id='word_1_221' title='bbox 469 1825 748 1864; x_wconf 81' lang='grc' dir='ltr'>ΘΕΟΦΙΛΟΥ.</span> 
     </span>
    </p>
   </div>
   <div class='ocr_carea' id='block_1_8' title="bbox 148 1914 1126 1972">
    <p class='ocr_par' dir='ltr' id='par_1_8' title="bbox 148 1914 1126 1972">
     <span class='ocr_line' id='line_1_30' title="bbox 148 1914 1126 1972; baseline -0.007 -15"><span class='ocrx_word' id='word_1_222' title='bbox 148 1920 314 1972; x_wconf 62' lang='grc' dir='ltr'>Θεόφιλος</span> <span class='ocrx_word' id='word_1_223' title='bbox 345 1920 380 1957; x_wconf 82' lang='grc' dir='ltr'>δέ</span> <span class='ocrx_word' id='word_1_224' title='bbox 413 1935 495 1972; x_wconf 71' lang='grc' dir='ltr'>φησι</span> <span class='ocrx_word' id='word_1_225' title='bbox 523 1919 579 1956; x_wconf 78' lang='grc' dir='ltr'>τὸν</span> <span class='ocrx_word' id='word_1_226' title='bbox 613 1916 886 1968; x_wconf 80' lang='grc' dir='ltr'>περισσεύσαντα</span> <span class='ocrx_word' id='word_1_227' title='bbox 916 1914 1042 1966; x_wconf 75' lang='grc' dir='ltr'>χρυσὸν</span> <span class='ocrx_word' id='word_1_228' title='bbox 1069 1914 1126 1951; x_wconf 81' lang='grc' dir='ltr'>τὸν</span> 
     </span>
    </p>
   </div>
   <div class='ocr_carea' id='block_1_9' title="bbox 1160 291 1165 1031">
    <p class='ocr_par' dir='ltr' id='par_1_9' title="bbox 1160 291 1165 1031">
     <span class='ocr_line' id='line_1_31' title="bbox 1160 291 1165 1031; baseline 0 0"><span class='ocrx_word' id='word_1_229' title='bbox 1160 291 1165 1031; x_wconf 95' lang='lat' dir='ltr'> </span> 
     </span>
    </p>
   </div>
   <div class='ocr_carea' id='block_1_10' title="bbox 811 192 1507 231">
    <p class='ocr_par' dir='ltr' id='par_1_10' title="bbox 811 192 1507 231">
     <span class='ocr_line' id='line_1_32' title="bbox 811 192 1507 231; baseline 0.003 -2"><span class='ocrx_word' id='word_1_230' title='bbox 811 192 1103 230; x_wconf 76' lang='lat' dir='ltr'>ALEXANDRI</span> <span class='ocrx_word' id='word_1_231' title='bbox 1136 192 1507 231; x_wconf 84' lang='lat' dir='ltr'>POLYHISTORlS</span> 
     </span>
    </p>
   </div>
   <div class='ocr_carea' id='block_1_11' title="bbox 1191 278 2218 448">
    <p class='ocr_par' dir='ltr' id='par_1_11' title="bbox 1191 278 2218 448">
     <span class='ocr_line' id='line_1_33' title="bbox 1193 278 2218 331; baseline 0.003 -14"><span class='ocrx_word' id='word_1_232' title='bbox 1193 281 1387 328; x_wconf 74' lang='grc' dir='ltr'>Σαλομῶνα</span> <span class='ocrx_word' id='word_1_233' title='bbox 1407 281 1456 329; x_wconf 75' lang='grc' dir='ltr'>τῷ</span> <span class='ocrx_word' id='word_1_234' title='bbox 1486 278 1624 329; x_wconf 84' lang='grc' dir='ltr'>Τυρίων</span> <span class='ocrx_word' id='word_1_235' title='bbox 1648 281 1784 329; x_wconf 79' lang='grc' dir='ltr'>βασιλεῖ</span> <span class='ocrx_word' id='word_1_236' title='bbox 1799 279 1950 331; x_wconf 72' lang='grc' dir='ltr'>πέμψαι·</span> <span class='ocrx_word' id='word_1_237' title='bbox 1970 280 2025 317; x_wconf 84' lang='grc' dir='ltr'>τὸν</span> <span class='ocrx_word' id='word_1_238' title='bbox 2047 282 2082 318; x_wconf 80' lang='grc' dir='ltr'>δὲ</span> <span class='ocrx_word' id='word_1_239' title='bbox 2107 283 2218 320; x_wconf 77' lang='grc' dir='ltr'>εἰκόνα</span> 
     </span>
     <span class='ocr_line' id='line_1_34' title="bbox 1191 336 2218 388; baseline 0.005 -16"><span class='ocrx_word' id='word_1_240' title='bbox 1191 339 1250 380; x_wconf 67' lang='grc' dir='ltr'>τῆς</span> <span class='ocrx_word' id='word_1_241' title='bbox 1284 336 1446 385; x_wconf 78' lang='grc' dir='ltr'>θυγατρὸς</span> <span class='ocrx_word' id='word_1_242' title='bbox 1474 337 1559 386; x_wconf 74' lang='grc' dir='ltr'>ζῷον</span> <span class='ocrx_word' id='word_1_243' title='bbox 1588 336 1809 385; x_wconf 83' lang='grc' dir='ltr'>ὁλοσώματον</span> <span class='ocrx_word' id='word_1_244' title='bbox 1846 338 2125 388; x_wconf 78' lang='grc' dir='ltr'>κατασκευάσαι,</span> <span class='ocrx_word' id='word_1_245' title='bbox 2161 340 2218 377; x_wconf 71' lang='grc' dir='ltr'>καὶ</span> 
     </span>
     <span class='ocr_line' id='line_1_35' title="bbox 1191 392 2165 448; baseline 0.005 -19"><span class='ocrx_word' id='word_1_246' title='bbox 1191 392 1330 444; x_wconf 83' lang='grc' dir='ltr'>ἔλυτρον</span> <span class='ocrx_word' id='word_1_247' title='bbox 1349 395 1397 444; x_wconf 71' lang='grc' dir='ltr'>τῷ</span> <span class='ocrx_word' id='word_1_248' title='bbox 1415 392 1587 444; x_wconf 83' lang='grc' dir='ltr'>ἀνδριάντι</span> <span class='ocrx_word' id='word_1_249' title='bbox 1603 393 1660 430; x_wconf 81' lang='grc' dir='ltr'>τὸν</span> <span class='ocrx_word' id='word_1_250' title='bbox 1680 397 1828 445; x_wconf 75' lang='grc' dir='ltr'>χρυσοῦν</span> <span class='ocrx_word' id='word_1_251' title='bbox 1849 394 1945 432; x_wconf 89' lang='grc' dir='ltr'>κίονα</span> <span class='ocrx_word' id='word_1_252' title='bbox 1964 400 2165 448; x_wconf 83' lang='grc' dir='ltr'>περιθεῖναι.</span> 
     </span>
    </p>
   </div>
   <div class='ocr_carea' id='block_1_12' title="bbox 1675 494 1738 519">
    <p class='ocr_par' dir='ltr' id='par_1_12' title="bbox 1675 494 1738 519">
     <span class='ocr_line' id='line_1_36' title="bbox 1675 494 1738 519; baseline 0.032 -2"><span class='ocrx_word' id='word_1_253' title='bbox 1675 494 1738 519; x_wconf 84' lang='lat'>20.</span> 
     </span>
    </p>
   </div>
   <div class='ocr_carea' id='block_1_13' title="bbox 1550 567 1870 606">
    <p class='ocr_par' dir='ltr' id='par_1_13' title="bbox 1550 567 1870 606">
     <span class='ocr_line' id='line_1_37' title="bbox 1550 567 1870 606; baseline -0.003 -1"><span class='ocrx_word' id='word_1_254' title='bbox 1550 567 1870 606; x_wconf 82' lang='grc' dir='ltr'>ΕΥΠΟΛΕΜΟΥ.</span> 
     </span>
    </p>
   </div>
   <div class='ocr_carea' id='block_1_14' title="bbox 1190 645 2221 867">
    <p class='ocr_par' dir='ltr' id='par_1_14' title="bbox 1190 645 2221 867">
     <span class='ocr_line' id='line_1_38' title="bbox 1246 645 2221 697; baseline 0.008 -17"><span class='ocrx_word' id='word_1_255' title='bbox 1246 645 1395 690; x_wconf 78' lang='grc' dir='ltr'>Ποιῆσαι</span> <span class='ocrx_word' id='word_1_256' title='bbox 1416 645 1451 682; x_wconf 84' lang='grc' dir='ltr'>δέ</span> <span class='ocrx_word' id='word_1_257' title='bbox 1473 660 1574 696; x_wconf 72' lang='grc' dir='ltr'>φησιν</span> <span class='ocrx_word' id='word_1_258' title='bbox 1591 648 1609 682; x_wconf 82' lang='grc' dir='ltr'>ὁ</span> <span class='ocrx_word' id='word_1_259' title='bbox 1637 647 1840 696; x_wconf 82' lang='grc' dir='ltr'>Εὐπόλεμος</span> <span class='ocrx_word' id='word_1_260' title='bbox 1855 647 1911 684; x_wconf 77' lang='grc' dir='ltr'>τὸν</span> <span class='ocrx_word' id='word_1_261' title='bbox 1933 649 2131 697; x_wconf 80' lang='grc' dir='ltr'>Σαλομῶνα</span> <span class='ocrx_word' id='word_1_262' title='bbox 2162 650 2221 688; x_wconf 73' lang='grc' dir='ltr'>καὶ</span> 
     </span>
     <span class='ocr_line' id='line_1_39' title="bbox 1193 698 2219 753; baseline 0.006 -16"><span class='ocrx_word' id='word_1_263' title='bbox 1193 701 1340 744; x_wconf 79' lang='grc' dir='ltr'>ἀσπίδας</span> <span class='ocrx_word' id='word_1_264' title='bbox 1363 709 1493 753; x_wconf 83' lang='grc' dir='ltr'>χρυσᾶς</span> <span class='ocrx_word' id='word_1_265' title='bbox 1510 703 1623 753; x_wconf 79' lang='grc' dir='ltr'>χιλίας</span> <span class='ocrx_word' id='word_1_266' title='bbox 1635 734 1643 749; x_wconf 90' lang='grc'><strong>,</strong></span> <span class='ocrx_word' id='word_1_267' title='bbox 1658 698 1705 740; x_wconf 64' lang='grc' dir='ltr'>ὧν</span> <span class='ocrx_word' id='word_1_268' title='bbox 1720 705 1867 751; x_wconf 81' lang='grc' dir='ltr'>ἑκάστην</span> <span class='ocrx_word' id='word_1_269' title='bbox 1885 705 2118 744; x_wconf 86' lang='grc' dir='ltr'>πεντακοσίων</span> <span class='ocrx_word' id='word_1_270' title='bbox 2134 701 2219 744; x_wconf 59' lang='grc' dir='ltr'>εἶναι</span> 
     </span>
     <span class='ocr_line' id='line_1_40' title="bbox 1190 759 2218 810; baseline 0.006 -14"><span class='ocrx_word' id='word_1_271' title='bbox 1190 762 1340 810; x_wconf 80' lang='grc' dir='ltr'>χρυσῶν.</span> <span class='ocrx_word' id='word_1_272' title='bbox 1374 762 1506 798; x_wconf 85' lang='grc' dir='ltr'>Βιῶσαι</span> <span class='ocrx_word' id='word_1_273' title='bbox 1528 761 1560 797; x_wconf 79' lang='grc' dir='ltr'>δὲ</span> <span class='ocrx_word' id='word_1_274' title='bbox 1585 761 1685 798; x_wconf 75' lang='grc' dir='ltr'>αὐτὸν</span> <span class='ocrx_word' id='word_1_275' title='bbox 1703 761 1762 807; x_wconf 82' lang='grc' dir='ltr'>ἔτη</span> <span class='ocrx_word' id='word_1_276' title='bbox 1786 762 1998 809; x_wconf 83' lang='grc' dir='ltr'>πεντήκοντα</span> <span class='ocrx_word' id='word_1_277' title='bbox 2018 763 2095 810; x_wconf 84' lang='grc' dir='ltr'>δύο,</span> <span class='ocrx_word' id='word_1_278' title='bbox 2117 759 2164 802; x_wconf 61' lang='grc' dir='ltr'>ὧν</span> <span class='ocrx_word' id='word_1_279' title='bbox 2185 767 2218 802; x_wconf 78' lang='grc' dir='ltr'>ἐν</span> 
     </span>
     <span class='ocr_line' id='line_1_41' title="bbox 1191 816 1681 867; baseline 0.01 -15"><span class='ocrx_word' id='word_1_280' title='bbox 1191 816 1307 867; x_wconf 82' lang='grc' dir='ltr'>εἰρήνῃ</span> <span class='ocrx_word' id='word_1_281' title='bbox 1332 820 1535 867; x_wconf 85' lang='grc' dir='ltr'>βασιλεῦσαι</span> <span class='ocrx_word' id='word_1_282' title='bbox 1555 817 1614 864; x_wconf 84' lang='grc' dir='ltr'>ἔτη</span> <span class='ocrx_word' id='word_1_283' title='bbox 1632 818 1681 867; x_wconf 77' lang='grc' dir='ltr'>μ’.</span> 
     </span>
    </p>
   </div>
   <div class='ocr_carea' id='block_1_15' title="bbox 1677 913 1739 936">
    <p class='ocr_par' dir='ltr' id='par_1_15' title="bbox 1677 913 1739 936">
     <span class='ocr_line' id='line_1_42' title="bbox 1677 913 1739 936; baseline 0 -1"><span class='ocrx_word' id='word_1_284' title='bbox 1677 913 1739 936; x_wconf 80' lang='lat'>21.</span> 
     </span>
    </p>
   </div>
   <div class='ocr_carea' id='block_1_16' title="bbox 1531 985 1874 1023">
    <p class='ocr_par' dir='ltr' id='par_1_16' title="bbox 1531 985 1874 1023">
     <span class='ocr_line' id='line_1_43' title="bbox 1531 985 1874 1023; baseline -0.003 -1"><span class='ocrx_word' id='word_1_285' title='bbox 1531 985 1874 1023; x_wconf 82' lang='grc' dir='ltr'>ΤΙΜΟΧΑΡΟΥΣ.</span> 
     </span>
    </p>
   </div>
   <div class='ocr_carea' id='block_1_17' title="bbox 1191 1058 2223 1518">
    <p class='ocr_par' dir='ltr' id='par_1_17' title="bbox 1191 1058 2223 1518">
     <span class='ocr_line' id='line_1_44' title="bbox 1245 1058 2221 1112; baseline 0.003 -17"><span class='ocrx_word' id='word_1_286' title='bbox 1245 1060 1332 1106; x_wconf 82' lang='lat' dir='ltr'>Cap.</span> <span class='ocrx_word' id='word_1_287' title='bbox 1363 1058 1409 1095; x_wconf 78' lang='lat'>35</span> <span class='ocrx_word' id='word_1_288' title='bbox 1432 1072 1439 1094; x_wconf 91' lang='lat'>:</span> <span class='ocrx_word' id='word_1_289' title='bbox 1460 1058 1667 1110; x_wconf 80' lang='grc' dir='ltr'>Τιμοχάρης</span> <span class='ocrx_word' id='word_1_290' title='bbox 1684 1058 1722 1095; x_wconf 78' lang='grc' dir='ltr'>δέ</span> <span class='ocrx_word' id='word_1_291' title='bbox 1735 1074 1836 1108; x_wconf 76' lang='grc' dir='ltr'>φησιν</span> <span class='ocrx_word' id='word_1_292' title='bbox 1851 1061 1885 1096; x_wconf 85' lang='grc' dir='ltr'>ἐν</span> <span class='ocrx_word' id='word_1_293' title='bbox 1905 1065 1975 1102; x_wconf 86' lang='grc' dir='ltr'>τοῖς</span> <span class='ocrx_word' id='word_1_294' title='bbox 1993 1060 2079 1112; x_wconf 80' lang='grc' dir='ltr'>Περὶ</span> <span class='ocrx_word' id='word_1_295' title='bbox 2097 1061 2221 1099; x_wconf 77' lang='grc' dir='ltr'>Ἀντιό·</span> 
     </span>
     <span class='ocr_line' id='line_1_45' title="bbox 1191 1115 2223 1168; baseline 0.003 -15"><span class='ocrx_word' id='word_1_296' title='bbox 1191 1131 1254 1166; x_wconf 79' lang='grc' dir='ltr'>χου</span> <span class='ocrx_word' id='word_1_297' title='bbox 1271 1115 1314 1152; x_wconf 84' lang='grc' dir='ltr'>τὰ</span> <span class='ocrx_word' id='word_1_298' title='bbox 1328 1115 1555 1167; x_wconf 84' lang='grc' dir='ltr'>Ἱεροσόλυμα</span> <span class='ocrx_word' id='word_1_299' title='bbox 1575 1121 1638 1162; x_wconf 82' lang='grc' dir='ltr'>τὴν</span> <span class='ocrx_word' id='word_1_300' title='bbox 1658 1115 1720 1166; x_wconf 76' lang='grc' dir='ltr'>μὲν</span> <span class='ocrx_word' id='word_1_301' title='bbox 1735 1116 1938 1168; x_wconf 86' lang='grc' dir='ltr'>περίμετρον</span> <span class='ocrx_word' id='word_1_302' title='bbox 1955 1117 2046 1168; x_wconf 84' lang='grc' dir='ltr'>ἔχειν</span> <span class='ocrx_word' id='word_1_303' title='bbox 2064 1119 2223 1161; x_wconf 80' lang='grc' dir='ltr'>σταδίους</span> 
     </span>
     <span class='ocr_line' id='line_1_46' title="bbox 1192 1167 2223 1228; baseline 0.005 -18"><span class='ocrx_word' id='word_1_304' title='bbox 1192 1173 1227 1224; x_wconf 79' lang='grc' dir='ltr'>μ’</span> <span class='ocrx_word' id='word_1_305' title='bbox 1241 1189 1248 1196; x_wconf 95' lang='grc'>·</span> <span class='ocrx_word' id='word_1_306' title='bbox 1267 1167 1354 1210; x_wconf 68' lang='grc' dir='ltr'>εἶναι</span> <span class='ocrx_word' id='word_1_307' title='bbox 1370 1174 1399 1211; x_wconf 87' lang='grc' dir='ltr'>δ’</span> <span class='ocrx_word' id='word_1_308' title='bbox 1416 1174 1521 1220; x_wconf 79' lang='grc' dir='ltr'>αὐτὴν</span> <span class='ocrx_word' id='word_1_309' title='bbox 1543 1174 1755 1222; x_wconf 79' lang='grc' dir='ltr'>δυσάλωτον,</span> <span class='ocrx_word' id='word_1_310' title='bbox 1781 1175 1945 1214; x_wconf 83' lang='grc' dir='ltr'>πάντοθεν</span> <span class='ocrx_word' id='word_1_311' title='bbox 1970 1177 2145 1228; x_wconf 78' lang='grc' dir='ltr'>ἀπορρῶξι·</span> <span class='ocrx_word' id='word_1_312' title='bbox 2158 1194 2223 1215; x_wconf 86' lang='grc' dir='ltr'>πε-</span> 
     </span>
     <span class='ocr_line' id='line_1_47' title="bbox 1193 1231 2222 1284; baseline 0.005 -17"><span class='ocrx_word' id='word_1_313' title='bbox 1193 1231 1428 1281; x_wconf 78' lang='grc' dir='ltr'>ρικλειομένην</span> <span class='ocrx_word' id='word_1_314' title='bbox 1460 1232 1641 1284; x_wconf 81' lang='grc' dir='ltr'>φάραγξιν.</span> <span class='ocrx_word' id='word_1_315' title='bbox 1682 1231 1798 1278; x_wconf 61' lang='grc' dir='ltr'>εΌλην</span> <span class='ocrx_word' id='word_1_316' title='bbox 1828 1233 1862 1270; x_wconf 78' lang='grc' dir='ltr'>δὲ</span> <span class='ocrx_word' id='word_1_317' title='bbox 1898 1232 1960 1278; x_wconf 77' lang='grc' dir='ltr'>τὴν</span> <span class='ocrx_word' id='word_1_318' title='bbox 1993 1234 2091 1271; x_wconf 87' lang='grc' dir='ltr'>πόλιν</span> <span class='ocrx_word' id='word_1_319' title='bbox 2123 1234 2222 1272; x_wconf 81' lang='grc' dir='ltr'>ὕδασι</span> 
     </span>
     <span class='ocr_line' id='line_1_48' title="bbox 1191 1289 2222 1343; baseline 0.003 -17"><span class='ocrx_word' id='word_1_320' title='bbox 1191 1293 1453 1341; x_wconf 84' lang='grc' dir='ltr'>καταρρεῖσθαι,</span> <span class='ocrx_word' id='word_1_321' title='bbox 1469 1289 1557 1327; x_wconf 76' lang='grc' dir='ltr'>ὥστε</span> <span class='ocrx_word' id='word_1_322' title='bbox 1574 1289 1633 1327; x_wconf 85' lang='grc' dir='ltr'>καὶ</span> <span class='ocrx_word' id='word_1_323' title='bbox 1652 1289 1726 1333; x_wconf 78' lang='grc' dir='ltr'>τοὺς</span> <span class='ocrx_word' id='word_1_324' title='bbox 1743 1290 1874 1336; x_wconf 79' lang='grc' dir='ltr'>κήπους</span> <span class='ocrx_word' id='word_1_325' title='bbox 1893 1292 1931 1328; x_wconf 80' lang='grc' dir='ltr'>ἐκ</span> <span class='ocrx_word' id='word_1_326' title='bbox 1951 1293 2018 1328; x_wconf 81' lang='grc' dir='ltr'>τῶν</span> <span class='ocrx_word' id='word_1_327' title='bbox 2041 1293 2222 1343; x_wconf 80' lang='grc' dir='ltr'>ἀπορρεόν-</span> 
     </span>
     <span class='ocr_line' id='line_1_49' title="bbox 1194 1347 2222 1399; baseline 0.004 -16"><span class='ocrx_word' id='word_1_328' title='bbox 1194 1362 1261 1384; x_wconf 91' lang='grc' dir='ltr'>των</span> <span class='ocrx_word' id='word_1_329' title='bbox 1282 1347 1413 1384; x_wconf 80' lang='grc' dir='ltr'>ὑδάτων</span> <span class='ocrx_word' id='word_1_330' title='bbox 1435 1349 1473 1384; x_wconf 79' lang='grc' dir='ltr'>ἓκ</span> <span class='ocrx_word' id='word_1_331' title='bbox 1492 1351 1552 1394; x_wconf 76' lang='grc' dir='ltr'>τῆς</span> <span class='ocrx_word' id='word_1_332' title='bbox 1576 1348 1709 1390; x_wconf 85' lang='grc' dir='ltr'>πόλεως</span> <span class='ocrx_word' id='word_1_333' title='bbox 1729 1348 1904 1399; x_wconf 83' lang='grc' dir='ltr'>ἄρδεσθαι.</span> <span class='ocrx_word' id='word_1_334' title='bbox 1927 1348 1999 1393; x_wconf 75' lang='grc' dir='ltr'>Τὴν</span> <span class='ocrx_word' id='word_1_335' title='bbox 2032 1348 2066 1386; x_wconf 83' lang='grc' dir='ltr'>δὲ</span> <span class='ocrx_word' id='word_1_336' title='bbox 2096 1350 2222 1398; x_wconf 81' lang='grc' dir='ltr'>μεταξὺ</span> 
     </span>
     <span class='ocr_line' id='line_1_50' title="bbox 1192 1404 2222 1463; baseline 0.004 -22"><span class='ocrx_word' id='word_1_337' title='bbox 1192 1404 1260 1463; x_wconf 46' lang='grc' dir='ltr'>ἀωπὸ</span> <span class='ocrx_word' id='word_1_338' title='bbox 1280 1407 1338 1450; x_wconf 71' lang='grc' dir='ltr'>τῆς</span> <span class='ocrx_word' id='word_1_339' title='bbox 1357 1405 1487 1448; x_wconf 86' lang='grc' dir='ltr'>πόλεως</span> <span class='ocrx_word' id='word_1_340' title='bbox 1519 1405 1601 1457; x_wconf 84' lang='grc' dir='ltr'>ἄχρι</span> <span class='ocrx_word' id='word_1_341' title='bbox 1626 1405 1882 1457; x_wconf 84' lang='grc' dir='ltr'>τεσσαράκοντα</span> <span class='ocrx_word' id='word_1_342' title='bbox 1906 1406 2054 1444; x_wconf 80' lang='grc' dir='ltr'>σταδίων</span> <span class='ocrx_word' id='word_1_343' title='bbox 2081 1407 2222 1459; x_wconf 83' lang='grc' dir='ltr'>ἄνυδρον</span> 
     </span>
     <span class='ocr_line' id='line_1_51' title="bbox 1191 1463 2219 1518; baseline 0.005 -19"><span class='ocrx_word' id='word_1_344' title='bbox 1191 1466 1295 1499; x_wconf 86' lang='grc' dir='ltr'>εἶναι·</span> <span class='ocrx_word' id='word_1_345' title='bbox 1315 1463 1383 1500; x_wconf 80' lang='grc' dir='ltr'>ἀπὸ</span> <span class='ocrx_word' id='word_1_346' title='bbox 1398 1463 1432 1500; x_wconf 83' lang='grc' dir='ltr'>δὲ</span> <span class='ocrx_word' id='word_1_347' title='bbox 1445 1466 1512 1501; x_wconf 83' lang='grc' dir='ltr'>τῶν</span> <span class='ocrx_word' id='word_1_348' title='bbox 1524 1464 1559 1514; x_wconf 78' lang='grc' dir='ltr'>μ’</span> <span class='ocrx_word' id='word_1_349' title='bbox 1575 1463 1722 1501; x_wconf 83' lang='grc' dir='ltr'>σταδίων</span> <span class='ocrx_word' id='word_1_350' title='bbox 1739 1463 1840 1502; x_wconf 88' lang='grc' dir='ltr'>πάλιν</span> <span class='ocrx_word' id='word_1_351' title='bbox 1856 1463 2022 1516; x_wconf 78' lang='grc' dir='ltr'>κάθυδρον</span> <span class='ocrx_word' id='word_1_352' title='bbox 2037 1466 2219 1518; x_wconf 82' lang='grc' dir='ltr'>ὑπάρχειν.</span> 
     </span>
    </p>
   </div>
   <div class='ocr_carea' id='block_1_18' title="bbox 1191 1565 2221 1769">
    <p class='ocr_par' dir='ltr' id='par_1_18' title="bbox 1191 1565 2221 1769">
     <span class='ocr_line' id='line_1_52' title="bbox 1674 1565 1736 1590; baseline 0.048 -4"><span class='ocrx_word' id='word_1_353' title='bbox 1674 1565 1736 1590; x_wconf 80' lang='lat'>22.</span> 
     </span>
     <span class='ocr_line' id='line_1_53' title="bbox 1515 1638 1902 1688; baseline 0.003 -13"><span class='ocrx_word' id='word_1_354' title='bbox 1515 1638 1902 1688; x_wconf 77' lang='grc' dir='ltr'>[ΞΕΝΟΦΩΝΤΟΣ]</span> 
     </span>
     <span class='ocr_line' id='line_1_54' title="bbox 1191 1716 2221 1769; baseline 0.001 -14"><span class='ocrx_word' id='word_1_355' title='bbox 1191 1719 1273 1755; x_wconf 82' lang='grc' dir='ltr'>Τοῦ</span> <span class='ocrx_word' id='word_1_356' title='bbox 1295 1720 1367 1762; x_wconf 70' lang='grc' dir='ltr'>τῆς</span> <span class='ocrx_word' id='word_1_357' title='bbox 1388 1717 1550 1768; x_wconf 87' lang='grc' dir='ltr'>Συρίας</span> <span class='ocrx_word' id='word_1_358' title='bbox 1570 1716 1937 1769; x_wconf 81' lang='grc' dir='ltr'>σχοινομέτρησιν</span> <span class='ocrx_word' id='word_1_359' title='bbox 1956 1718 2221 1769; x_wconf 83' lang='grc' dir='ltr'>γράψαντος.</span> 
     </span>
    </p>
   </div>
   <div class='ocr_carea' id='block_1_19' title="bbox 1189 1797 2222 1965">
    <p class='ocr_par' dir='ltr' id='par_1_19' title="bbox 1189 1797 2222 1965">
     <span class='ocr_line' id='line_1_55' title="bbox 1244 1797 2222 1851; baseline 0.001 -16"><span class='ocrx_word' id='word_1_360' title='bbox 1244 1800 1330 1846; x_wconf 87' lang='lat' dir='ltr'>Cap.</span> <span class='ocrx_word' id='word_1_361' title='bbox 1359 1799 1405 1834; x_wconf 79' lang='lat'>36</span> <span class='ocrx_word' id='word_1_362' title='bbox 1426 1813 1433 1833; x_wconf 70' lang='grc' dir='ltr'>ι</span> <span class='ocrx_word' id='word_1_363' title='bbox 1455 1797 1498 1836; x_wconf 89' lang='grc' dir='ltr'>Ὁ</span> <span class='ocrx_word' id='word_1_364' title='bbox 1516 1797 1550 1834; x_wconf 78' lang='grc' dir='ltr'>δὲ</span> <span class='ocrx_word' id='word_1_365' title='bbox 1567 1800 1627 1842; x_wconf 79' lang='grc' dir='ltr'>τῆς</span> <span class='ocrx_word' id='word_1_366' title='bbox 1645 1797 1772 1849; x_wconf 83' lang='grc' dir='ltr'>Συρίας</span> <span class='ocrx_word' id='word_1_367' title='bbox 1789 1797 2071 1850; x_wconf 80' lang='grc' dir='ltr'>σχοινομέτρησιν</span> <span class='ocrx_word' id='word_1_368' title='bbox 2087 1799 2222 1851; x_wconf 77' lang='grc' dir='ltr'>γράψας</span> 
     </span>
     <span class='ocr_line' id='line_1_56' title="bbox 1190 1855 2219 1908; baseline 0.002 -16"><span class='ocrx_word' id='word_1_369' title='bbox 1190 1856 1223 1892; x_wconf 76' lang='grc' dir='ltr'>ἓν</span> <span class='ocrx_word' id='word_1_370' title='bbox 1243 1859 1284 1906; x_wconf 77' lang='grc' dir='ltr'>τῇ</span> <span class='ocrx_word' id='word_1_371' title='bbox 1305 1855 1425 1906; x_wconf 77' lang='grc' dir='ltr'>πρώτῃ</span> <span class='ocrx_word' id='word_1_372' title='bbox 1453 1855 1535 1908; x_wconf 71' lang='grc' dir='ltr'>φησὶ</span> <span class='ocrx_word' id='word_1_373' title='bbox 1555 1859 1686 1893; x_wconf 81' lang='grc' dir='ltr'>κεῖσθαι</span> <span class='ocrx_word' id='word_1_374' title='bbox 1716 1856 1942 1907; x_wconf 83' lang='grc' dir='ltr'>Ἱεροσόλυμα</span> <span class='ocrx_word' id='word_1_375' title='bbox 1972 1856 2028 1893; x_wconf 79' lang='grc' dir='ltr'>ἐπὶ</span> <span class='ocrx_word' id='word_1_376' title='bbox 2046 1857 2219 1908; x_wconf 86' lang='grc' dir='ltr'>μετεώρου</span> 
     </span>
     <span class='ocr_line' id='line_1_57' title="bbox 1189 1913 2222 1965; baseline 0 -15"><span class='ocrx_word' id='word_1_377' title='bbox 1189 1929 1225 1950; x_wconf 88' lang='grc' dir='ltr'>τε</span> <span class='ocrx_word' id='word_1_378' title='bbox 1245 1913 1304 1950; x_wconf 76' lang='grc' dir='ltr'>καὶ</span> <span class='ocrx_word' id='word_1_379' title='bbox 1333 1913 1476 1965; x_wconf 82' lang='grc' dir='ltr'>τραχέος</span> <span class='ocrx_word' id='word_1_380' title='bbox 1494 1913 1616 1951; x_wconf 83' lang='grc' dir='ltr'>τόπου·</span> <span class='ocrx_word' id='word_1_381' title='bbox 1637 1914 1880 1965; x_wconf 77' lang='grc' dir='ltr'>ᾠκοδομῆσθαι</span> <span class='ocrx_word' id='word_1_382' title='bbox 1902 1913 1937 1950; x_wconf 81' lang='grc' dir='ltr'>δέ</span> <span class='ocrx_word' id='word_1_383' title='bbox 1955 1929 2030 1951; x_wconf 86' lang='grc' dir='ltr'>τινα</span> <span class='ocrx_word' id='word_1_384' title='bbox 2051 1913 2111 1961; x_wconf 81' lang='grc' dir='ltr'>μὲν</span> <span class='ocrx_word' id='word_1_385' title='bbox 2135 1913 2222 1965; x_wconf 82' lang='grc' dir='ltr'>μέρη</span> 
     </span>
    </p>
   </div>
   <div class='ocr_carea' id='block_1_20' title="bbox 114 1992 2208 2006">
    <p class='ocr_par' dir='ltr' id='par_1_20' title="bbox 114 1992 2208 2006">
     <span class='ocr_line' id='line_1_58' title="bbox 114 1992 2208 2006; baseline 0 1722"><span class='ocrx_word' id='word_1_386' title='bbox 114 1992 2208 2006; x_wconf 95' lang='lat' dir='ltr'> </span> 
     </span>
    </p>
   </div>
   <div class='ocr_carea' id='block_1_21' title="bbox 57 2024 1132 3249">
    <p class='ocr_par' dir='ltr' id='par_1_21' title="bbox 57 2024 1132 3249">
     <span class='ocr_line' id='line_1_59' title="bbox 57 2024 1126 2072; baseline -0.005 -9"><span class='ocrx_word' id='word_1_387' title='bbox 57 2024 61 2028; x_wconf 54' lang='grc'><strong>’</strong></span> <span class='ocrx_word' id='word_1_388' title='bbox 98 2032 248 2072; x_wconf 73' lang='grc' dir='ltr'>λομῶνος,</span> <span class='ocrx_word' id='word_1_389' title='bbox 272 2030 828 2072; x_wconf 74' lang='lat' dir='ltr'>Salomonistemplum,nominata</span> <span class='ocrx_word' id='word_1_390' title='bbox 838 2031 901 2067; x_wconf 80' lang='lat' dir='ltr'>est3</span> <span class='ocrx_word' id='word_1_391' title='bbox 919 2028 1030 2059; x_wconf 83' lang='lat' dir='ltr'>deinde</span> <span class='ocrx_word' id='word_1_392' title='bbox 1040 2036 1126 2066; x_wconf 83' lang='lat' dir='ltr'>vero,</span> 
     </span>
     <span class='ocr_line' id='line_1_60' title="bbox 98 2078 1128 2124; baseline -0.006 -10"><span class='ocrx_word' id='word_1_393' title='bbox 98 2084 172 2115; x_wconf 81' lang='lat' dir='ltr'>urbs</span> <span class='ocrx_word' id='word_1_394' title='bbox 195 2085 260 2124; x_wconf 83' lang='lat' dir='ltr'>ipsa</span> <span class='ocrx_word' id='word_1_395' title='bbox 286 2084 505 2115; x_wconf 77' lang='lat' dir='ltr'><em>Hierusalem</em></span> <span class='ocrx_word' id='word_1_396' title='bbox 528 2084 677 2122; x_wconf 86' lang='lat' dir='ltr'>corrupto</span> <span class='ocrx_word' id='word_1_397' title='bbox 694 2082 868 2121; x_wconf 71' lang='lat' dir='ltr'>vitiatoque</span> <span class='ocrx_word' id='word_1_398' title='bbox 880 2080 989 2120; x_wconf 82' lang='lat' dir='ltr'>templi</span> <span class='ocrx_word' id='word_1_399' title='bbox 1002 2078 1128 2110; x_wconf 80' lang='lat' dir='ltr'>nomine</span> 
     </span>
     <span class='ocr_line' id='line_1_61' title="bbox 96 2131 1127 2175; baseline -0.004 -10"><span class='ocrx_word' id='word_1_400' title='bbox 96 2131 270 2174; x_wconf 80' lang='lat' dir='ltr'>appellata,</span> <span class='ocrx_word' id='word_1_401' title='bbox 285 2144 382 2175; x_wconf 87' lang='lat' dir='ltr'>quam</span> <span class='ocrx_word' id='word_1_402' title='bbox 402 2135 503 2166; x_wconf 58' lang='lat' dir='ltr'>Graeci</span> <span class='ocrx_word' id='word_1_403' title='bbox 521 2135 735 2173; x_wconf 82' lang='lat' dir='ltr'>Hierosolyma</span> <span class='ocrx_word' id='word_1_404' title='bbox 756 2133 841 2164; x_wconf 81' lang='lat' dir='ltr'>affini</span> <span class='ocrx_word' id='word_1_405' title='bbox 865 2132 1053 2171; x_wconf 78' lang='lat' dir='ltr'>geminoque</span> <span class='ocrx_word' id='word_1_406' title='bbox 1069 2140 1127 2162; x_wconf 91' lang='lat' dir='ltr'>vo—</span> 
     </span>
     <span class='ocr_line' id='line_1_62' title="bbox 96 2184 1127 2227; baseline -0.004 -10"><span class='ocrx_word' id='word_1_407' title='bbox 96 2186 210 2217; x_wconf 76' lang='lat' dir='ltr'>cabulo</span> <span class='ocrx_word' id='word_1_408' title='bbox 225 2188 461 2227; x_wconf 77' lang='lat' dir='ltr'>nuncuparunt.</span> <span class='ocrx_word' id='word_1_409' title='bbox 480 2188 545 2218; x_wconf 85' lang='lat' dir='ltr'>Rex</span> <span class='ocrx_word' id='word_1_410' title='bbox 559 2187 664 2217; x_wconf 83' lang='lat' dir='ltr'>autem</span> <span class='ocrx_word' id='word_1_411' title='bbox 678 2188 748 2225; x_wconf 84' lang='lat' dir='ltr'>post</span> <span class='ocrx_word' id='word_1_412' title='bbox 761 2184 916 2224; x_wconf 85' lang='lat' dir='ltr'>templum</span> <span class='ocrx_word' id='word_1_413' title='bbox 936 2184 1127 2214; x_wconf 62' lang='lat' dir='ltr'>aaedilicatum</span> 
     </span>
     <span class='ocr_line' id='line_1_63' title="bbox 97 2237 1127 2279; baseline -0.002 -10"><span class='ocrx_word' id='word_1_414' title='bbox 97 2240 272 2279; x_wconf 76' lang='lat' dir='ltr'>urbemque</span> <span class='ocrx_word' id='word_1_415' title='bbox 287 2240 455 2278; x_wconf 80' lang='lat' dir='ltr'>munitam,</span> <span class='ocrx_word' id='word_1_416' title='bbox 471 2240 632 2270; x_wconf 76' lang='lat' dir='ltr'>Selomum</span> <span class='ocrx_word' id='word_1_417' title='bbox 646 2238 817 2278; x_wconf 78' lang='lat' dir='ltr'>profectus,</span> <span class='ocrx_word' id='word_1_418' title='bbox 830 2240 897 2269; x_wconf 82' lang='lat' dir='ltr'>Deo</span> <span class='ocrx_word' id='word_1_419' title='bbox 911 2237 995 2268; x_wconf 85' lang='lat' dir='ltr'>mille</span> <span class='ocrx_word' id='word_1_420' title='bbox 1009 2237 1127 2268; x_wconf 80' lang='lat' dir='ltr'>bovum</span> 
     </span>
     <span class='ocr_line' id='line_1_64' title="bbox 96 2289 1127 2331; baseline -0.004 -8"><span class='ocrx_word' id='word_1_421' title='bbox 96 2292 316 2323; x_wconf 85' lang='lat' dir='ltr'>holocaustum</span> <span class='ocrx_word' id='word_1_422' title='bbox 331 2292 445 2323; x_wconf 85' lang='lat' dir='ltr'>obtulit</span> <span class='ocrx_word' id='word_1_423' title='bbox 456 2303 463 2331; x_wconf 91' lang='lat'>;</span> <span class='ocrx_word' id='word_1_424' title='bbox 477 2291 621 2331; x_wconf 79' lang='lat' dir='ltr'>idemque</span> <span class='ocrx_word' id='word_1_425' title='bbox 631 2291 833 2330; x_wconf 85' lang='lat' dir='ltr'>postmodum</span> <span class='ocrx_word' id='word_1_426' title='bbox 844 2290 875 2321; x_wconf 82' lang='lat' dir='ltr'>et</span> <span class='ocrx_word' id='word_1_427' title='bbox 887 2289 1127 2320; x_wconf 81' lang='lat' dir='ltr'>tabernaculum</span> 
     </span>
     <span class='ocr_line' id='line_1_65' title="bbox 97 2341 1128 2382; baseline -0.004 -8"><span class='ocrx_word' id='word_1_428' title='bbox 97 2345 129 2374; x_wconf 83' lang='lat' dir='ltr'>et</span> <span class='ocrx_word' id='word_1_429' title='bbox 156 2351 243 2373; x_wconf 91' lang='lat' dir='ltr'>aram</span> <span class='ocrx_word' id='word_1_430' title='bbox 271 2343 302 2373; x_wconf 83' lang='lat' dir='ltr'>et</span> <span class='ocrx_word' id='word_1_431' title='bbox 331 2342 485 2382; x_wconf 88' lang='lat' dir='ltr'>quidquid</span> <span class='ocrx_word' id='word_1_432' title='bbox 510 2351 607 2373; x_wconf 82' lang='lat' dir='ltr'>sacrae</span> <span class='ocrx_word' id='word_1_433' title='bbox 635 2341 838 2381; x_wconf 83' lang='lat' dir='ltr'>supellectilis</span> <span class='ocrx_word' id='word_1_434' title='bbox 861 2342 1079 2380; x_wconf 84' lang='lat' dir='ltr'>comparatum</span> <span class='ocrx_word' id='word_1_435' title='bbox 1111 2349 1128 2370; x_wconf 86' lang='lat' dir='ltr'>a</span> 
     </span>
     <span class='ocr_line' id='line_1_66' title="bbox 97 2393 1129 2432; baseline -0.003 -6"><span class='ocrx_word' id='word_1_436' title='bbox 97 2397 184 2426; x_wconf 83' lang='lat' dir='ltr'>Mose</span> <span class='ocrx_word' id='word_1_437' title='bbox 209 2395 328 2432; x_wconf 81' lang='lat' dir='ltr'>fuerat,</span> <span class='ocrx_word' id='word_1_438' title='bbox 349 2395 448 2425; x_wconf 87' lang='lat' dir='ltr'>altare</span> <span class='ocrx_word' id='word_1_439' title='bbox 470 2403 622 2432; x_wconf 82' lang='lat' dir='ltr'>aureum,</span> <span class='ocrx_word' id='word_1_440' title='bbox 649 2393 892 2432; x_wconf 84' lang='lat' dir='ltr'>candelabrum,</span> <span class='ocrx_word' id='word_1_441' title='bbox 918 2401 1081 2431; x_wconf 87' lang='lat' dir='ltr'>mensam,</span> <span class='ocrx_word' id='word_1_442' title='bbox 1098 2394 1129 2423; x_wconf 86' lang='lat' dir='ltr'>et</span> 
     </span>
     <span class='ocr_line' id='line_1_67' title="bbox 98 2445 1128 2485; baseline -0.001 -10"><span class='ocrx_word' id='word_1_443' title='bbox 98 2446 253 2485; x_wconf 87' lang='lat' dir='ltr'>quidquid</span> <span class='ocrx_word' id='word_1_444' title='bbox 272 2446 356 2477; x_wconf 85' lang='lat' dir='ltr'>aliud</span> <span class='ocrx_word' id='word_1_445' title='bbox 380 2446 456 2484; x_wconf 80' lang='lat' dir='ltr'>suit,</span> <span class='ocrx_word' id='word_1_446' title='bbox 485 2445 735 2484; x_wconf 71' lang='lat' dir='ltr'>Hierosolymam</span> <span class='ocrx_word' id='word_1_447' title='bbox 761 2446 1013 2484; x_wconf 76' lang='lat' dir='ltr'>comportatum,</span> <span class='ocrx_word' id='word_1_448' title='bbox 1041 2453 1128 2474; x_wconf 81' lang='lat' dir='ltr'>saera</span> 
     </span>
     <span class='ocr_line' id='line_1_68' title="bbox 99 2496 1125 2536; baseline -0.001 -9"><span class='ocrx_word' id='word_1_449' title='bbox 99 2497 131 2527; x_wconf 90' lang='lat' dir='ltr'>in</span> <span class='ocrx_word' id='word_1_450' title='bbox 159 2497 224 2528; x_wconf 75' lang='lat' dir='ltr'>aede</span> <span class='ocrx_word' id='word_1_451' title='bbox 253 2497 413 2536; x_wconf 65' lang='lat' dir='ltr'>prophetae</span> <span class='ocrx_word' id='word_1_452' title='bbox 439 2496 526 2535; x_wconf 88' lang='lat' dir='ltr'>jussu</span> <span class='ocrx_word' id='word_1_453' title='bbox 564 2496 721 2535; x_wconf 86' lang='lat' dir='ltr'>reposuit,</span> <span class='ocrx_word' id='word_1_454' title='bbox 753 2496 911 2535; x_wconf 83' lang='lat' dir='ltr'>simulque</span> <span class='ocrx_word' id='word_1_455' title='bbox 936 2496 1125 2526; x_wconf 72' lang='lat' dir='ltr'>immensum</span> 
     </span>
     <span class='ocr_line' id='line_1_69' title="bbox 97 2546 1129 2585; baseline -0.002 -7"><span class='ocrx_word' id='word_1_456' title='bbox 97 2549 165 2578; x_wconf 80' lang='lat' dir='ltr'>Deo</span> <span class='ocrx_word' id='word_1_457' title='bbox 193 2548 381 2578; x_wconf 76' lang='lat' dir='ltr'>saei-ilicium</span> <span class='ocrx_word' id='word_1_458' title='bbox 411 2547 500 2585; x_wconf 81' lang='lat' dir='ltr'>fecit,</span> <span class='ocrx_word' id='word_1_459' title='bbox 523 2547 636 2577; x_wconf 83' lang='lat' dir='ltr'>ovibus</span> <span class='ocrx_word' id='word_1_460' title='bbox 657 2546 697 2577; x_wconf 84' lang='lat' dir='ltr'>ad</span> <span class='ocrx_word' id='word_1_461' title='bbox 723 2546 805 2584; x_wconf 87' lang='lat' dir='ltr'>duO,</span> <span class='ocrx_word' id='word_1_462' title='bbox 829 2546 973 2585; x_wconf 73' lang='lat' dir='ltr'>juvencis</span> <span class='ocrx_word' id='word_1_463' title='bbox 1000 2546 1038 2577; x_wconf 88' lang='lat' dir='ltr'>ad</span> <span class='ocrx_word' id='word_1_464' title='bbox 1070 2546 1129 2577; x_wconf 81' lang='lat' dir='ltr'>tria</span> 
     </span>
     <span class='ocr_line' id='line_1_70' title="bbox 99 2598 1129 2638; baseline -0.002 -9"><span class='ocrx_word' id='word_1_465' title='bbox 99 2598 198 2629; x_wconf 86' lang='lat' dir='ltr'>millia</span> <span class='ocrx_word' id='word_1_466' title='bbox 222 2600 252 2629; x_wconf 81' lang='lat' dir='ltr'>et</span> <span class='ocrx_word' id='word_1_467' title='bbox 268 2599 438 2638; x_wconf 74' lang='lat' dir='ltr'>quingenta</span> <span class='ocrx_word' id='word_1_468' title='bbox 454 2598 610 2629; x_wconf 81' lang='lat' dir='ltr'>mactatis.</span> <span class='ocrx_word' id='word_1_469' title='bbox 640 2598 788 2629; x_wconf 88' lang='lat' dir='ltr'>Ceterum</span> <span class='ocrx_word' id='word_1_470' title='bbox 807 2598 853 2628; x_wconf 79' lang='lat' dir='ltr'>vis</span> <span class='ocrx_word' id='word_1_471' title='bbox 871 2598 938 2628; x_wconf 87' lang='lat' dir='ltr'>auri</span> <span class='ocrx_word' id='word_1_472' title='bbox 961 2599 1076 2628; x_wconf 82' lang='lat' dir='ltr'>cuncta</span> <span class='ocrx_word' id='word_1_473' title='bbox 1098 2598 1129 2628; x_wconf 91' lang='lat' dir='ltr'>in</span> 
     </span>
     <span class='ocr_line' id='line_1_71' title="bbox 99 2649 1128 2689; baseline 0 -10"><span class='ocrx_word' id='word_1_474' title='bbox 99 2650 265 2681; x_wconf 73' lang='lat' dir='ltr'>columnas</span> <span class='ocrx_word' id='word_1_475' title='bbox 287 2649 365 2680; x_wconf 86' lang='lat' dir='ltr'>duas</span> <span class='ocrx_word' id='word_1_476' title='bbox 379 2658 415 2680; x_wconf 85' lang='lat' dir='ltr'>ac</span> <span class='ocrx_word' id='word_1_477' title='bbox 429 2650 584 2689; x_wconf 82' lang='lat' dir='ltr'>templum</span> <span class='ocrx_word' id='word_1_478' title='bbox 608 2649 791 2679; x_wconf 85' lang='lat' dir='ltr'>uuiversum</span> <span class='ocrx_word' id='word_1_479' title='bbox 813 2657 949 2688; x_wconf 80' lang='lat' dir='ltr'>expensa</span> <span class='ocrx_word' id='word_1_480' title='bbox 974 2649 1128 2680; x_wconf 77' lang='lat' dir='ltr'>talentum</span> 
     </span>
     <span class='ocr_line' id='line_1_72' title="bbox 100 2700 1130 2740; baseline -0.002 -9"><span class='ocrx_word' id='word_1_481' title='bbox 100 2701 160 2731; x_wconf 85' lang='lat' dir='ltr'>fuit</span> <span class='ocrx_word' id='word_1_482' title='bbox 170 2701 273 2731; x_wconf 85' lang='lat' dir='ltr'>decies</span> <span class='ocrx_word' id='word_1_483' title='bbox 293 2701 379 2732; x_wconf 78' lang='lat' dir='ltr'>inille</span> <span class='ocrx_word' id='word_1_484' title='bbox 395 2701 580 2740; x_wconf 76' lang='lat' dir='ltr'>quadragies</span> <span class='ocrx_word' id='word_1_485' title='bbox 594 2700 749 2740; x_wconf 79' lang='lat' dir='ltr'>sexagies3</span> <span class='ocrx_word' id='word_1_486' title='bbox 761 2700 880 2739; x_wconf 79' lang='lat' dir='ltr'>argenti</span> <span class='ocrx_word' id='word_1_487' title='bbox 894 2700 1009 2730; x_wconf 81' lang='lat' dir='ltr'>veroin</span> <span class='ocrx_word' id='word_1_488' title='bbox 1023 2701 1130 2731; x_wconf 80' lang='lat' dir='ltr'>clavos</span> 
     </span>
     <span class='ocr_line' id='line_1_73' title="bbox 100 2751 1128 2792; baseline 0.001 -10"><span class='ocrx_word' id='word_1_489' title='bbox 100 2762 137 2782; x_wconf 84' lang='lat' dir='ltr'>ac</span> <span class='ocrx_word' id='word_1_490' title='bbox 154 2752 311 2791; x_wconf 67' lang='lat' dir='ltr'>reliquum</span> <span class='ocrx_word' id='word_1_491' title='bbox 324 2754 511 2792; x_wconf 81' lang='lat' dir='ltr'>apparatum</span> <span class='ocrx_word' id='word_1_492' title='bbox 523 2775 532 2790; x_wconf 90' lang='lat'>,</span> <span class='ocrx_word' id='word_1_493' title='bbox 546 2752 754 2782; x_wconf 84' lang='lat' dir='ltr'>ducentorum</span> <span class='ocrx_word' id='word_1_494' title='bbox 771 2760 809 2782; x_wconf 82' lang='lat' dir='ltr'>ac</span> <span class='ocrx_word' id='word_1_495' title='bbox 820 2751 945 2790; x_wconf 72' lang='lat' dir='ltr'>triginta</span> <span class='ocrx_word' id='word_1_496' title='bbox 960 2751 1058 2782; x_wconf 77' lang='lat' dir='ltr'>duum</span> <span class='ocrx_word' id='word_1_497' title='bbox 1078 2761 1128 2783; x_wconf 87' lang='lat' dir='ltr'>su-</span> 
     </span>
     <span class='ocr_line' id='line_1_74' title="bbox 100 2802 1129 2843; baseline 0 -10"><span class='ocrx_word' id='word_1_498' title='bbox 100 2812 157 2843; x_wconf 83' lang='lat' dir='ltr'>pra</span> <span class='ocrx_word' id='word_1_499' title='bbox 174 2804 275 2842; x_wconf 84' lang='lat' dir='ltr'>mille;</span> <span class='ocrx_word' id='word_1_500' title='bbox 293 2803 364 2834; x_wconf 79' lang='lat' dir='ltr'>aeris</span> <span class='ocrx_word' id='word_1_501' title='bbox 377 2803 554 2843; x_wconf 82' lang='lat' dir='ltr'>deniquein</span> <span class='ocrx_word' id='word_1_502' title='bbox 571 2803 750 2840; x_wconf 84' lang='lat' dir='ltr'>columnas,</span> <span class='ocrx_word' id='word_1_503' title='bbox 764 2802 888 2833; x_wconf 84' lang='lat' dir='ltr'>labrum</span> <span class='ocrx_word' id='word_1_504' title='bbox 905 2804 936 2833; x_wconf 67' lang='lat' dir='ltr'>et</span> <span class='ocrx_word' id='word_1_505' title='bbox 955 2803 1129 2842; x_wconf 73' lang='lat' dir='ltr'>porticum,</span> 
     </span>
     <span class='ocr_line' id='line_1_75' title="bbox 101 2855 1131 2895; baseline 0 -10"><span class='ocrx_word' id='word_1_506' title='bbox 101 2856 328 2895; x_wconf 65' lang='lat' dir='ltr'>quinquaginta</span> <span class='ocrx_word' id='word_1_507' title='bbox 352 2864 447 2895; x_wconf 85' lang='lat' dir='ltr'>supra</span> <span class='ocrx_word' id='word_1_508' title='bbox 469 2855 643 2886; x_wconf 72' lang='lat' dir='ltr'>octodecim</span> <span class='ocrx_word' id='word_1_509' title='bbox 662 2855 770 2886; x_wconf 86' lang='lat' dir='ltr'>millia.</span> <span class='ocrx_word' id='word_1_510' title='bbox 796 2857 893 2886; x_wconf 85' lang='lat' dir='ltr'>Porro</span> <span class='ocrx_word' id='word_1_511' title='bbox 915 2855 1076 2895; x_wconf 72' lang='lat' dir='ltr'>Aigyptios</span> <span class='ocrx_word' id='word_1_512' title='bbox 1094 2864 1131 2885; x_wconf 87' lang='lat' dir='ltr'>ac</span> 
     </span>
     <span class='ocr_line' id='line_1_76' title="bbox 102 2906 1131 2945; baseline 0 -9"><span class='ocrx_word' id='word_1_513' title='bbox 102 2907 264 2937; x_wconf 67' lang='lat' dir='ltr'>Pluunices</span> <span class='ocrx_word' id='word_1_514' title='bbox 273 2931 282 2945; x_wconf 90' lang='lat'>,</span> <span class='ocrx_word' id='word_1_515' title='bbox 296 2906 403 2937; x_wconf 89' lang='lat' dir='ltr'>divisis</span> <span class='ocrx_word' id='word_1_516' title='bbox 417 2907 447 2936; x_wconf 89' lang='lat' dir='ltr'>iu</span> <span class='ocrx_word' id='word_1_517' title='bbox 461 2907 599 2945; x_wconf 82' lang='lat' dir='ltr'>singulos</span> <span class='ocrx_word' id='word_1_518' title='bbox 610 2906 720 2937; x_wconf 85' lang='lat' dir='ltr'>decem</span> <span class='ocrx_word' id='word_1_519' title='bbox 734 2906 801 2937; x_wconf 87' lang='lat' dir='ltr'>auri</span> <span class='ocrx_word' id='word_1_520' title='bbox 813 2906 896 2937; x_wconf 83' lang='lat' dir='ltr'>siclis</span> <span class='ocrx_word' id='word_1_521' title='bbox 907 2906 1021 2945; x_wconf 83' lang='lat' dir='ltr'>(siclus</span> <span class='ocrx_word' id='word_1_522' title='bbox 1034 2906 1131 2937; x_wconf 78' lang='lat' dir='ltr'>talen-</span> 
     </span>
     <span class='ocr_line' id='line_1_77' title="bbox 102 2957 1131 2996; baseline 0 -9"><span class='ocrx_word' id='word_1_523' title='bbox 102 2958 170 2987; x_wconf 82' lang='lat' dir='ltr'>tum</span> <span class='ocrx_word' id='word_1_524' title='bbox 191 2958 275 2996; x_wconf 82' lang='lat' dir='ltr'>crat)</span> <span class='ocrx_word' id='word_1_525' title='bbox 289 2981 297 2995; x_wconf 93' lang='lat'><strong>,</strong></span> <span class='ocrx_word' id='word_1_526' title='bbox 314 2966 402 2987; x_wconf 84' lang='lat' dir='ltr'>suam</span> <span class='ocrx_word' id='word_1_527' title='bbox 420 2958 450 2987; x_wconf 92' lang='lat' dir='ltr'>in</span> <span class='ocrx_word' id='word_1_528' title='bbox 472 2958 605 2996; x_wconf 79' lang='lat' dir='ltr'>patriam</span> <span class='ocrx_word' id='word_1_529' title='bbox 627 2958 754 2989; x_wconf 84' lang='lat' dir='ltr'>salomo</span> <span class='ocrx_word' id='word_1_530' title='bbox 768 2957 896 2989; x_wconf 76' lang='lat' dir='ltr'>remisit.</span> <span class='ocrx_word' id='word_1_531' title='bbox 915 2957 960 2989; x_wconf 86' lang='lat' dir='ltr'>Ad</span> <span class='ocrx_word' id='word_1_532' title='bbox 985 2957 1131 2996; x_wconf 84' lang='lat' dir='ltr'>Uaphren</span> 
     </span>
     <span class='ocr_line' id='line_1_78' title="bbox 102 3007 1131 3048; baseline 0 -10"><span class='ocrx_word' id='word_1_533' title='bbox 102 3007 227 3046; x_wconf 61' lang='lat' dir='ltr'>AEgypti</span> <span class='ocrx_word' id='word_1_534' title='bbox 250 3016 352 3046; x_wconf 71' lang='lat' dir='ltr'>regem</span> <span class='ocrx_word' id='word_1_535' title='bbox 375 3008 433 3038; x_wconf 80' lang='lat' dir='ltr'>olei</span> <span class='ocrx_word' id='word_1_536' title='bbox 451 3008 599 3039; x_wconf 73' lang='lat' dir='ltr'>metretas</span> <span class='ocrx_word' id='word_1_537' title='bbox 620 3008 657 3039; x_wconf 89' lang='lat' dir='ltr'>ad</span> <span class='ocrx_word' id='word_1_538' title='bbox 675 3008 783 3039; x_wconf 81' lang='lat' dir='ltr'>decem</span> <span class='ocrx_word' id='word_1_539' title='bbox 800 3008 915 3046; x_wconf 81' lang='lat' dir='ltr'>millia,</span> <span class='ocrx_word' id='word_1_540' title='bbox 933 3008 1131 3048; x_wconf 77' lang='lat' dir='ltr'>dactylorum</span> 
     </span>
     <span class='ocr_line' id='line_1_79' title="bbox 103 3058 1132 3098; baseline 0 -8"><span class='ocrx_word' id='word_1_541' title='bbox 103 3058 318 3098; x_wconf 63' lang='lat' dir='ltr'>Aigyptiarum</span> <span class='ocrx_word' id='word_1_542' title='bbox 330 3059 454 3089; x_wconf 78' lang='lat' dir='ltr'>artabas</span> <span class='ocrx_word' id='word_1_543' title='bbox 465 3059 568 3097; x_wconf 85' lang='lat' dir='ltr'>mille,</span> <span class='ocrx_word' id='word_1_544' title='bbox 583 3059 683 3090; x_wconf 82' lang='lat' dir='ltr'>mellis</span> <span class='ocrx_word' id='word_1_545' title='bbox 696 3068 769 3090; x_wconf 80' lang='lat' dir='ltr'>vasa</span> <span class='ocrx_word' id='word_1_546' title='bbox 782 3061 909 3091; x_wconf 85' lang='lat' dir='ltr'>centum</span> <span class='ocrx_word' id='word_1_547' title='bbox 924 3068 995 3089; x_wconf 89' lang='lat' dir='ltr'>eum</span> <span class='ocrx_word' id='word_1_548' title='bbox 1009 3068 1132 3090; x_wconf 85' lang='lat' dir='ltr'>aroma-</span> 
     </span>
     <span class='ocr_line' id='line_1_80' title="bbox 103 3110 1131 3151; baseline 0.001 -11"><span class='ocrx_word' id='word_1_549' title='bbox 103 3111 205 3150; x_wconf 76' lang='lat' dir='ltr'>til›us;</span> <span class='ocrx_word' id='word_1_550' title='bbox 223 3110 261 3140; x_wconf 82' lang='lat' dir='ltr'>ad</span> <span class='ocrx_word' id='word_1_551' title='bbox 279 3112 433 3142; x_wconf 84' lang='lat' dir='ltr'>Suronem</span> <span class='ocrx_word' id='word_1_552' title='bbox 448 3120 523 3142; x_wconf 72' lang='lat' dir='ltr'>vero</span> <span class='ocrx_word' id='word_1_553' title='bbox 546 3112 725 3142; x_wconf 84' lang='lat' dir='ltr'>columnam</span> <span class='ocrx_word' id='word_1_554' title='bbox 748 3120 876 3143; x_wconf 77' lang='lat' dir='ltr'>auream</span> <span class='ocrx_word' id='word_1_555' title='bbox 895 3115 1011 3151; x_wconf 82' lang='lat' dir='ltr'>Tyrum</span> <span class='ocrx_word' id='word_1_556' title='bbox 1030 3111 1131 3150; x_wconf 81' lang='lat' dir='ltr'>misit,</span> 
     </span>
     <span class='ocr_line' id='line_1_81' title="bbox 104 3162 784 3202; baseline 0.003 -10"><span class='ocrx_word' id='word_1_557' title='bbox 104 3171 200 3201; x_wconf 85' lang='lat' dir='ltr'>quam</span> <span class='ocrx_word' id='word_1_558' title='bbox 218 3162 282 3201; x_wconf 81' lang='lat' dir='ltr'>ipse</span> <span class='ocrx_word' id='word_1_559' title='bbox 300 3162 387 3192; x_wconf 74' lang='lat' dir='ltr'>Jovis</span> <span class='ocrx_word' id='word_1_560' title='bbox 401 3162 430 3192; x_wconf 92' lang='lat' dir='ltr'>in</span> <span class='ocrx_word' id='word_1_561' title='bbox 446 3163 563 3202; x_wconf 75' lang='lat' dir='ltr'>templo</span> <span class='ocrx_word' id='word_1_562' title='bbox 578 3164 784 3194; x_wconf 79' lang='lat' dir='ltr'>consecravit.</span> 
     </span>
     <span class='ocr_line' id='line_1_82' title="bbox 593 3218 647 3249; baseline 0 -1"><span class='ocrx_word' id='word_1_563' title='bbox 593 3218 647 3249; x_wconf 82' lang='lat'>19.</span> 
     </span>
    </p>
   </div>
   <div class='ocr_carea' id='block_1_22' title="bbox 447 3281 810 3321">
    <p class='ocr_par' dir='ltr' id='par_1_22' title="bbox 447 3281 810 3321">
     <span class='ocr_line' id='line_1_83' title="bbox 447 3281 810 3321; baseline 0.011 -4"><span class='ocrx_word' id='word_1_564' title='bbox 447 3281 476 3317; x_wconf 83' lang='lat' dir='ltr'>E</span> <span class='ocrx_word' id='word_1_565' title='bbox 505 3281 810 3321; x_wconf 84' lang='lat' dir='ltr'>THEOPHlLO.</span> 
     </span>
    </p>
   </div>
   <div class='ocr_carea' id='block_1_23' title="bbox 149 3353 1135 3395">
    <p class='ocr_par' dir='ltr' id='par_1_23' title="bbox 149 3353 1135 3395">
     <span class='ocr_line' id='line_1_84' title="bbox 149 3353 1135 3395; baseline 0 -10"><span class='ocrx_word' id='word_1_566' title='bbox 149 3353 339 3393; x_wconf 79' lang='lat' dir='ltr'>Theophilus</span> <span class='ocrx_word' id='word_1_567' title='bbox 356 3362 430 3386; x_wconf 86' lang='lat' dir='ltr'>vero</span> <span class='ocrx_word' id='word_1_568' title='bbox 450 3354 493 3386; x_wconf 85' lang='lat' dir='ltr'>ait</span> <span class='ocrx_word' id='word_1_569' title='bbox 514 3354 668 3394; x_wconf 90' lang='lat' dir='ltr'>quidquid</span> <span class='ocrx_word' id='word_1_570' title='bbox 685 3356 841 3395; x_wconf 79' lang='lat' dir='ltr'>reliquum</span> <span class='ocrx_word' id='word_1_571' title='bbox 862 3364 898 3386; x_wconf 77' lang='lat' dir='ltr'>ex</span> <span class='ocrx_word' id='word_1_572' title='bbox 922 3363 999 3386; x_wconf 90' lang='lat' dir='ltr'>auro</span> <span class='ocrx_word' id='word_1_573' title='bbox 1027 3354 1135 3392; x_wconf 81' lang='lat' dir='ltr'>suerit,</span> 
     </span>
    </p>
   </div>
   <div class='ocr_carea' id='block_1_24' title="bbox 1152 2028 1165 3167">
    <p class='ocr_par' dir='ltr' id='par_1_24' title="bbox 1152 2028 1165 3167">
     <span class='ocr_line' id='line_1_85' title="bbox 1152 2028 1165 3167; textangle 90"><span class='ocrx_word' id='word_1_574' title='bbox 1152 2028 1165 3167; x_wconf 71' lang='lat'><em>-—-...—.—.-——-——.-—-——.—.·</em></span> 
     </span>
    </p>
   </div>
   <div class='ocr_carea' id='block_1_25' title="bbox 1189 2025 2223 2168">
    <p class='ocr_par' dir='ltr' id='par_1_25' title="bbox 1189 2025 2223 2168">
     <span class='ocr_line' id='line_1_86' title="bbox 1190 2025 2222 2065; baseline 0.001 -9"><span class='ocrx_word' id='word_1_575' title='bbox 1190 2026 1284 2065; x_wconf 85' lang='lat' dir='ltr'>Tyrio</span> <span class='ocrx_word' id='word_1_576' title='bbox 1296 2025 1359 2065; x_wconf 77' lang='lat' dir='ltr'>regi</span> <span class='ocrx_word' id='word_1_577' title='bbox 1375 2034 1393 2056; x_wconf 85' lang='lat' dir='ltr'>a</span> <span class='ocrx_word' id='word_1_578' title='bbox 1408 2026 1576 2057; x_wconf 87' lang='lat' dir='ltr'>Salomone</span> <span class='ocrx_word' id='word_1_579' title='bbox 1586 2026 1716 2057; x_wconf 87' lang='lat' dir='ltr'>missum</span> <span class='ocrx_word' id='word_1_580' title='bbox 1725 2034 1790 2057; x_wconf 81' lang='lat' dir='ltr'>esse</span> <span class='ocrx_word' id='word_1_581' title='bbox 1803 2026 1910 2057; x_wconf 79' lang='lat' dir='ltr'>:illum</span> <span class='ocrx_word' id='word_1_582' title='bbox 1924 2035 1998 2057; x_wconf 80' lang='lat' dir='ltr'>vero</span> <span class='ocrx_word' id='word_1_583' title='bbox 2012 2026 2084 2057; x_wconf 75' lang='lat' dir='ltr'>filiae</span> <span class='ocrx_word' id='word_1_584' title='bbox 2094 2026 2222 2057; x_wconf 88' lang='lat' dir='ltr'>simula·</span> 
     </span>
     <span class='ocr_line' id='line_1_87' title="bbox 1189 2076 2223 2117; baseline 0 -10"><span class='ocrx_word' id='word_1_585' title='bbox 1189 2086 1279 2107; x_wconf 83' lang='lat' dir='ltr'>crum</span> <span class='ocrx_word' id='word_1_586' title='bbox 1294 2076 1451 2116; x_wconf 77' lang='lat' dir='ltr'>integrum</span> <span class='ocrx_word' id='word_1_587' title='bbox 1469 2086 1508 2108; x_wconf 84' lang='lat' dir='ltr'>ex</span> <span class='ocrx_word' id='word_1_588' title='bbox 1522 2085 1559 2107; x_wconf 80' lang='lat' dir='ltr'>eo</span> <span class='ocrx_word' id='word_1_589' title='bbox 1572 2076 1756 2108; x_wconf 80' lang='lat' dir='ltr'>eonssavisse</span> <span class='ocrx_word' id='word_1_590' title='bbox 1764 2100 1773 2116; x_wconf 86' lang='lat'>,</span> <span class='ocrx_word' id='word_1_591' title='bbox 1788 2077 1955 2117; x_wconf 83' lang='lat' dir='ltr'>ipsumque</span> <span class='ocrx_word' id='word_1_592' title='bbox 1968 2086 2062 2109; x_wconf 85' lang='lat' dir='ltr'>aurea</span> <span class='ocrx_word' id='word_1_593' title='bbox 2075 2077 2223 2109; x_wconf 87' lang='lat' dir='ltr'>columna</span> 
     </span>
     <span class='ocr_line' id='line_1_88' title="bbox 1189 2127 1956 2168; baseline 0.001 -10"><span class='ocrx_word' id='word_1_594' title='bbox 1189 2128 1277 2167; x_wconf 83' lang='lat' dir='ltr'>quasi</span> <span class='ocrx_word' id='word_1_595' title='bbox 1293 2128 1388 2159; x_wconf 84' lang='lat' dir='ltr'>theca</span> <span class='ocrx_word' id='word_1_596' title='bbox 1404 2129 1436 2159; x_wconf 84' lang='lat' dir='ltr'>et</span> <span class='ocrx_word' id='word_1_597' title='bbox 1451 2128 1616 2159; x_wconf 86' lang='lat' dir='ltr'>involucro</span> <span class='ocrx_word' id='word_1_598' title='bbox 1629 2127 1769 2168; x_wconf 80' lang='lat' dir='ltr'>quodam</span> <span class='ocrx_word' id='word_1_599' title='bbox 1783 2128 1956 2160; x_wconf 87' lang='lat' dir='ltr'>inclusisse.</span> 
     </span>
    </p>
   </div>
   <div class='ocr_carea' id='block_1_26' title="bbox 1675 2228 1737 2251">
    <p class='ocr_par' dir='ltr' id='par_1_26' title="bbox 1675 2228 1737 2251">
     <span class='ocr_line' id='line_1_89' title="bbox 1675 2228 1737 2251; baseline 0 0"><span class='ocrx_word' id='word_1_600' title='bbox 1675 2228 1737 2251; x_wconf 82' lang='lat'>20.</span> 
     </span>
    </p>
   </div>
   <div class='ocr_carea' id='block_1_27' title="bbox 1539 2303 1861 2334">
    <p class='ocr_par' dir='ltr' id='par_1_27' title="bbox 1539 2303 1861 2334">
     <span class='ocr_line' id='line_1_90' title="bbox 1539 2303 1861 2334; baseline 0.003 -1"><span class='ocrx_word' id='word_1_601' title='bbox 1539 2304 1594 2333; x_wconf 87' lang='lat' dir='ltr'>EX</span> <span class='ocrx_word' id='word_1_602' title='bbox 1618 2303 1861 2334; x_wconf 82' lang='lat' dir='ltr'>EUPOLEMO.</span> 
     </span>
    </p>
   </div>
   <div class='ocr_carea' id='block_1_28' title="bbox 1189 2372 2223 2569">
    <p class='ocr_par' dir='ltr' id='par_1_28' title="bbox 1189 2372 2223 2569">
     <span class='ocr_line' id='line_1_91' title="bbox 1231 2372 2221 2413; baseline -0.001 -9"><span class='ocrx_word' id='word_1_603' title='bbox 1231 2374 1422 2413; x_wconf 80' lang='lat' dir='ltr'>Eupolemus</span> <span class='ocrx_word' id='word_1_604' title='bbox 1435 2375 1542 2405; x_wconf 81' lang='lat' dir='ltr'>autem</span> <span class='ocrx_word' id='word_1_605' title='bbox 1557 2383 1670 2405; x_wconf 85' lang='lat' dir='ltr'>aureos</span> <span class='ocrx_word' id='word_1_606' title='bbox 1681 2376 1834 2413; x_wconf 82' lang='lat' dir='ltr'>praeterea</span> <span class='ocrx_word' id='word_1_607' title='bbox 1853 2374 1978 2413; x_wconf 83' lang='lat' dir='ltr'>clypeos</span> <span class='ocrx_word' id='word_1_608' title='bbox 1991 2373 2076 2404; x_wconf 86' lang='lat' dir='ltr'>millo</span> <span class='ocrx_word' id='word_1_609' title='bbox 2100 2381 2117 2403; x_wconf 93' lang='lat' dir='ltr'>a</span> <span class='ocrx_word' id='word_1_610' title='bbox 2132 2372 2221 2404; x_wconf 85' lang='lat' dir='ltr'>Salo-</span> 
     </span>
     <span class='ocr_line' id='line_1_92' title="bbox 1190 2424 2222 2466; baseline -0.001 -11"><span class='ocrx_word' id='word_1_611' title='bbox 1190 2434 1282 2455; x_wconf 83' lang='lat' dir='ltr'>mone</span> <span class='ocrx_word' id='word_1_612' title='bbox 1296 2426 1473 2456; x_wconf 79' lang='lat' dir='ltr'>claboratos</span> <span class='ocrx_word' id='word_1_613' title='bbox 1489 2435 1554 2457; x_wconf 86' lang='lat' dir='ltr'>esse</span> <span class='ocrx_word' id='word_1_614' title='bbox 1573 2426 1687 2464; x_wconf 84' lang='lat' dir='ltr'>tradit,</span> <span class='ocrx_word' id='word_1_615' title='bbox 1705 2427 2005 2466; x_wconf 67' lang='lat' dir='ltr'>quadringentorum</span> <span class='ocrx_word' id='word_1_616' title='bbox 2019 2424 2155 2463; x_wconf 71' lang='lat' dir='ltr'>singulos</span> <span class='ocrx_word' id='word_1_617' title='bbox 2168 2433 2222 2454; x_wconf 85' lang='lat' dir='ltr'>au-</span> 
     </span>
     <span class='ocr_line' id='line_1_93' title="bbox 1189 2477 2223 2518; baseline 0.001 -11"><span class='ocrx_word' id='word_1_618' title='bbox 1189 2486 1314 2507; x_wconf 70' lang='lat' dir='ltr'>reorum</span> <span class='ocrx_word' id='word_1_619' title='bbox 1327 2488 1336 2516; x_wconf 87' lang='lat'>;</span> <span class='ocrx_word' id='word_1_620' title='bbox 1351 2477 1552 2517; x_wconf 86' lang='lat' dir='ltr'>eundemque</span> <span class='ocrx_word' id='word_1_621' title='bbox 1565 2478 1680 2509; x_wconf 75' lang='lat' dir='ltr'>vixisse</span> <span class='ocrx_word' id='word_1_622' title='bbox 1695 2487 1793 2509; x_wconf 88' lang='lat' dir='ltr'>annos</span> <span class='ocrx_word' id='word_1_623' title='bbox 1809 2477 2037 2518; x_wconf 77' lang='lat' dir='ltr'>quinquaginta</span> <span class='ocrx_word' id='word_1_624' title='bbox 2059 2477 2157 2516; x_wconf 88' lang='lat' dir='ltr'>duos,</span> <span class='ocrx_word' id='word_1_625' title='bbox 2181 2485 2223 2509; x_wconf 80' lang='lat' dir='ltr'>ex</span> 
     </span>
     <span class='ocr_line' id='line_1_94' title="bbox 1189 2528 2004 2569; baseline 0.001 -11"><span class='ocrx_word' id='word_1_626' title='bbox 1189 2529 1303 2568; x_wconf 86' lang='lat' dir='ltr'>quibus</span> <span class='ocrx_word' id='word_1_627' title='bbox 1315 2529 1522 2568; x_wconf 78' lang='lat' dir='ltr'>quadraginta</span> <span class='ocrx_word' id='word_1_628' title='bbox 1536 2538 1660 2560; x_wconf 84' lang='lat' dir='ltr'>summa</span> <span class='ocrx_word' id='word_1_629' title='bbox 1674 2530 1705 2560; x_wconf 90' lang='lat' dir='ltr'>in</span> <span class='ocrx_word' id='word_1_630' title='bbox 1725 2538 1800 2569; x_wconf 84' lang='lat' dir='ltr'>paee</span> <span class='ocrx_word' id='word_1_631' title='bbox 1821 2528 2004 2569; x_wconf 79' lang='lat' dir='ltr'>regnaverit.</span> 
     </span>
    </p>
   </div>
   <div class='ocr_carea' id='block_1_29' title="bbox 1524 2607 1892 2722">
    <p class='ocr_par' dir='ltr' id='par_1_29' title="bbox 1524 2607 1892 2722">
     <span class='ocr_line' id='line_1_95' title="bbox 1677 2607 1734 2638; baseline -0.018 0"><span class='ocrx_word' id='word_1_632' title='bbox 1677 2607 1734 2638; x_wconf 82' lang='lat'>21.</span> 
     </span>
     <span class='ocr_line' id='line_1_96' title="bbox 1524 2683 1892 2722; baseline 0 -2"><span class='ocrx_word' id='word_1_633' title='bbox 1524 2683 1555 2720; x_wconf 90' lang='lat' dir='ltr'>E</span> <span class='ocrx_word' id='word_1_634' title='bbox 1579 2683 1892 2722; x_wconf 85' lang='lat' dir='ltr'><strong>TIMOCHARE.</strong></span> 
     </span>
    </p>
   </div>
   <div class='ocr_carea' id='block_1_30' title="bbox 1191 2763 2223 3112">
    <p class='ocr_par' dir='ltr' id='par_1_30' title="bbox 1191 2763 2223 3112">
     <span class='ocr_line' id='line_1_97' title="bbox 1234 2763 2223 2806; baseline 0.001 -12"><span class='ocrx_word' id='word_1_635' title='bbox 1234 2765 1436 2796; x_wconf 78' lang='lat' dir='ltr'>Timochares</span> <span class='ocrx_word' id='word_1_636' title='bbox 1455 2765 1486 2796; x_wconf 91' lang='lat' dir='ltr'>in</span> <span class='ocrx_word' id='word_1_637' title='bbox 1508 2766 1654 2798; x_wconf 86' lang='lat' dir='ltr'>Antiochi</span> <span class='ocrx_word' id='word_1_638' title='bbox 1671 2766 1800 2798; x_wconf 86' lang='lat' dir='ltr'>historia</span> <span class='ocrx_word' id='word_1_639' title='bbox 1814 2766 2103 2806; x_wconf 80' lang='lat' dir='ltr'>Hierosolymorum</span> <span class='ocrx_word' id='word_1_640' title='bbox 2120 2763 2223 2795; x_wconf 82' lang='lat' dir='ltr'>arnhi-</span> 
     </span>
     <span class='ocr_line' id='line_1_98' title="bbox 1192 2816 2222 2855; baseline 0 -9"><span class='ocrx_word' id='word_1_641' title='bbox 1192 2817 1260 2846; x_wconf 81' lang='lat' dir='ltr'>lnm</span> <span class='ocrx_word' id='word_1_642' title='bbox 1281 2816 1489 2855; x_wconf 78' lang='lat' dir='ltr'>quadraginta</span> <span class='ocrx_word' id='word_1_643' title='bbox 1507 2818 1680 2849; x_wconf 83' lang='lat' dir='ltr'>stadiorum</span> <span class='ocrx_word' id='word_1_644' title='bbox 1700 2827 1766 2849; x_wconf 81' lang='lat' dir='ltr'>esse</span> <span class='ocrx_word' id='word_1_645' title='bbox 1782 2818 1892 2855; x_wconf 79' lang='lat' dir='ltr'>‹locet;</span> <span class='ocrx_word' id='word_1_646' title='bbox 1909 2817 2105 2855; x_wconf 79' lang='lat' dir='ltr'>eandemque</span> <span class='ocrx_word' id='word_1_647' title='bbox 2121 2823 2222 2854; x_wconf 81' lang='lat' dir='ltr'>expu-</span> 
     </span>
     <span class='ocr_line' id='line_1_99' title="bbox 1191 2865 2220 2908; baseline 0.001 -12"><span class='ocrx_word' id='word_1_648' title='bbox 1191 2868 1286 2904; x_wconf 65' lang='lat' dir='ltr'>gnatu</span> <span class='ocrx_word' id='word_1_649' title='bbox 1299 2867 1527 2907; x_wconf 83' lang='lat' dir='ltr'>perdifficilem,</span> <span class='ocrx_word' id='word_1_650' title='bbox 1541 2869 1656 2908; x_wconf 85' lang='lat' dir='ltr'>qnippe</span> <span class='ocrx_word' id='word_1_651' title='bbox 1670 2878 1741 2908; x_wconf 77' lang='lat' dir='ltr'>quae</span> <span class='ocrx_word' id='word_1_652' title='bbox 1754 2868 1922 2908; x_wconf 79' lang='lat' dir='ltr'>praeruptis</span> <span class='ocrx_word' id='word_1_653' title='bbox 1936 2867 2074 2906; x_wconf 86' lang='lat' dir='ltr'>undique</span> <span class='ocrx_word' id='word_1_654' title='bbox 2085 2865 2220 2897; x_wconf 87' lang='lat' dir='ltr'>vallibus</span> 
     </span>
     <span class='ocr_line' id='line_1_100' title="bbox 1191 2918 2222 2959; baseline -0.001 -11"><span class='ocrx_word' id='word_1_655' title='bbox 1191 2918 1345 2956; x_wconf 71' lang='lat' dir='ltr'>cingatur.</span> <span class='ocrx_word' id='word_1_656' title='bbox 1373 2919 1419 2949; x_wconf 82' lang='lat' dir='ltr'>Ad</span> <span class='ocrx_word' id='word_1_657' title='bbox 1442 2919 1509 2949; x_wconf 72' lang='lat' dir='ltr'>lime</span> <span class='ocrx_word' id='word_1_658' title='bbox 1524 2920 1635 2951; x_wconf 85' lang='lat' dir='ltr'>urbem</span> <span class='ocrx_word' id='word_1_659' title='bbox 1650 2920 1828 2951; x_wconf 85' lang='lat' dir='ltr'>universam</span> <span class='ocrx_word' id='word_1_660' title='bbox 1851 2920 1941 2959; x_wconf 83' lang='lat' dir='ltr'>aquis</span> <span class='ocrx_word' id='word_1_661' title='bbox 1954 2918 2072 2958; x_wconf 84' lang='lat' dir='ltr'>perlui,</span> <span class='ocrx_word' id='word_1_662' title='bbox 2087 2925 2222 2956; x_wconf 86' lang='lat' dir='ltr'>quarum</span> 
     </span>
     <span class='ocr_line' id='line_1_101' title="bbox 1191 2967 2222 3010; baseline -0.001 -12"><span class='ocrx_word' id='word_1_663' title='bbox 1191 2968 1230 2999; x_wconf 88' lang='lat' dir='ltr'>de</span> <span class='ocrx_word' id='word_1_664' title='bbox 1249 2969 1335 2999; x_wconf 62' lang='lat' dir='ltr'>lluxu</span> <span class='ocrx_word' id='word_1_665' title='bbox 1355 2969 1437 3000; x_wconf 86' lang='lat' dir='ltr'>horti</span> <span class='ocrx_word' id='word_1_666' title='bbox 1451 2979 1576 3010; x_wconf 83' lang='lat' dir='ltr'>quoque</span> <span class='ocrx_word' id='word_1_667' title='bbox 1590 2971 1777 3009; x_wconf 78' lang='lat' dir='ltr'>irrigentur:</span> <span class='ocrx_word' id='word_1_668' title='bbox 1791 2980 1844 3010; x_wconf 89' lang='lat' dir='ltr'>per</span> <span class='ocrx_word' id='word_1_669' title='bbox 1860 2970 2065 3010; x_wconf 80' lang='lat' dir='ltr'>quadraginta</span> <span class='ocrx_word' id='word_1_670' title='bbox 2083 2967 2124 2998; x_wconf 89' lang='lat' dir='ltr'>ab</span> <span class='ocrx_word' id='word_1_671' title='bbox 2142 2967 2222 2998; x_wconf 89' lang='lat' dir='ltr'>urbe</span> 
     </span>
     <span class='ocr_line' id='line_1_102' title="bbox 1194 3018 2223 3061; baseline 0 -13"><span class='ocrx_word' id='word_1_672' title='bbox 1194 3019 1296 3049; x_wconf 81' lang='lat' dir='ltr'>stadia</span> <span class='ocrx_word' id='word_1_673' title='bbox 1321 3028 1445 3050; x_wconf 84' lang='lat' dir='ltr'>summa</span> <span class='ocrx_word' id='word_1_674' title='bbox 1468 3029 1559 3060; x_wconf 79' lang='lat' dir='ltr'>aquae</span> <span class='ocrx_word' id='word_1_675' title='bbox 1578 3022 1708 3061; x_wconf 84' lang='lat' dir='ltr'>penuria</span> <span class='ocrx_word' id='word_1_676' title='bbox 1732 3020 1879 3060; x_wconf 82' lang='lat' dir='ltr'>laborari,</span> <span class='ocrx_word' id='word_1_677' title='bbox 1894 3020 1964 3051; x_wconf 86' lang='lat' dir='ltr'>inde</span> <span class='ocrx_word' id='word_1_678' title='bbox 1980 3021 2086 3051; x_wconf 84' lang='lat' dir='ltr'>tamen</span> <span class='ocrx_word' id='word_1_679' title='bbox 2100 3018 2223 3058; x_wconf 80' lang='lat' dir='ltr'>riguum</span> 
     </span>
     <span class='ocr_line' id='line_1_103' title="bbox 1195 3070 1594 3112; baseline 0.01 -12"><span class='ocrx_word' id='word_1_680' title='bbox 1195 3070 1299 3101; x_wconf 85' lang='lat' dir='ltr'>denuo</span> <span class='ocrx_word' id='word_1_681' title='bbox 1315 3071 1417 3102; x_wconf 87' lang='lat' dir='ltr'>solum</span> <span class='ocrx_word' id='word_1_682' title='bbox 1434 3080 1594 3112; x_wconf 83' lang='lat' dir='ltr'>apparere.</span> 
     </span>
    </p>
   </div>
   <div class='ocr_carea' id='block_1_31' title="bbox 1233 3143 2175 3273">
    <p class='ocr_par' dir='ltr' id='par_1_31' title="bbox 1233 3143 2175 3273">
     <span class='ocr_line' id='line_1_104' title="bbox 1676 3143 1733 3174; baseline 0 0"><span class='ocrx_word' id='word_1_683' title='bbox 1676 3143 1733 3174; x_wconf 82' lang='lat'>22.</span> 
     </span>
     <span class='ocr_line' id='line_1_105' title="bbox 1233 3220 2175 3273; baseline -0.003 -14"><span class='ocrx_word' id='word_1_684' title='bbox 1233 3221 1291 3270; x_wconf 85' lang='lat' dir='ltr'>[E</span> <span class='ocrx_word' id='word_1_685' title='bbox 1320 3223 1693 3273; x_wconf 87' lang='lat' dir='ltr'>XENOPHONTE]</span> <span class='ocrx_word' id='word_1_686' title='bbox 1731 3224 1898 3262; x_wconf 86' lang='lat' dir='ltr'>SYRIAE</span> <span class='ocrx_word' id='word_1_687' title='bbox 1927 3220 2175 3260; x_wconf 83' lang='lat' dir='ltr'><strong>MENSORE.</strong></span> 
     </span>
    </p>
   </div>
   <div class='ocr_carea' id='block_1_32' title="bbox 1234 3300 2218 3346">
    <p class='ocr_par' dir='ltr' id='par_1_32' title="bbox 1234 3300 2218 3346">
     <span class='ocr_line' id='line_1_106' title="bbox 1234 3300 2218 3346; baseline -0.003 -13"><span class='ocrx_word' id='word_1_688' title='bbox 1234 3305 1390 3335; x_wconf 80' lang='lat' dir='ltr'>Praeterca</span> <span class='ocrx_word' id='word_1_689' title='bbox 1405 3305 1493 3345; x_wconf 91' lang='lat' dir='ltr'>isqui</span> <span class='ocrx_word' id='word_1_690' title='bbox 1508 3306 1628 3346; x_wconf 81' lang='lat' dir='ltr'>Syriam</span> <span class='ocrx_word' id='word_1_691' title='bbox 1643 3307 1742 3337; x_wconf 87' lang='lat' dir='ltr'>totam</span> <span class='ocrx_word' id='word_1_692' title='bbox 1756 3313 1882 3336; x_wconf 79' lang='lat' dir='ltr'>mensus</span> <span class='ocrx_word' id='word_1_693' title='bbox 1895 3304 1952 3342; x_wconf 77' lang='lat' dir='ltr'>ost,</span> <span class='ocrx_word' id='word_1_694' title='bbox 1966 3303 2048 3334; x_wconf 83' lang='lat' dir='ltr'>libro</span> <span class='ocrx_word' id='word_1_695' title='bbox 2060 3301 2161 3341; x_wconf 88' lang='lat' dir='ltr'>primo</span> <span class='ocrx_word' id='word_1_696' title='bbox 2171 3300 2218 3331; x_wconf 89' lang='lat' dir='ltr'>sui</span> 
     </span>
    </p>
   </div>
   <div class='ocr_carea' id='block_1_33' title="bbox 1197 3352 2272 3397">
    <p class='ocr_par' dir='ltr' id='par_1_33' title="bbox 1197 3352 2272 3397">
     <span class='ocr_line' id='line_1_107' title="bbox 1197 3352 2272 3397; baseline 0.002 -12"><span class='ocrx_word' id='word_1_697' title='bbox 1197 3354 1315 3394; x_wconf 84' lang='lat' dir='ltr'>operis,</span> <span class='ocrx_word' id='word_1_698' title='bbox 1340 3357 1626 3397; x_wconf 74' lang='lat' dir='ltr'>Hierosolymorum</span> <span class='ocrx_word' id='word_1_699' title='bbox 1644 3358 1753 3388; x_wconf 83' lang='lat' dir='ltr'>urbem</span> <span class='ocrx_word' id='word_1_700' title='bbox 1771 3357 1801 3388; x_wconf 89' lang='lat' dir='ltr'>in</span> <span class='ocrx_word' id='word_1_701' title='bbox 1823 3356 1922 3387; x_wconf 86' lang='lat' dir='ltr'>arduo</span> <span class='ocrx_word' id='word_1_702' title='bbox 1938 3354 2074 3395; x_wconf 85' lang='lat' dir='ltr'>quodam</span> <span class='ocrx_word' id='word_1_703' title='bbox 2097 3359 2221 3391; x_wconf 78' lang='lat' dir='ltr'>aspero·</span> <span class='ocrx_word' id='word_1_704' title='bbox 2243 3357 2250 3379; x_wconf 73' lang='grc' dir='ltr'><em>Ι</em></span> <span class='ocrx_word' id='word_1_705' title='bbox 2266 3352 2272 3387; x_wconf 71' lang='grc' dir='ltr'>ι’</span> 
     </span>
    </p>
   </div>
  </div>
 </body>
</html>
