2338 3765
947 199 1273 239 FRAGMENTA.
2089 210 2160 243 537

57 287 191 338 δέχεται
222 288 290 329 Βᾶς
318 288 335 322 ὁ
366 285 452 334 υἱὸς,
481 284 514 327 ὃς
543 284 600 322 καὶ
622 283 741 322 Κάλαν
773 283 829 320 τὸν
861 283 1078 335 Ἀλεξάνδρου

56 343 257 394 στρατηγὸν,
283 342 394 379 καίτοι
414 358 451 393 γε
474 342 551 379 λίαν
575 342 895 393 παρεσκευασμένον
916 342 997 393 πρὸς
1016 341 1078 387 τὴν

56 401 184 451 μάχην,
204 401 486 451 κατηγωνίσατο,
505 400 562 437 καὶ
582 403 640 445 τῆς
666 399 823 442 Βιθυνίας
843 400 1079 450 παρεσκεύασε

54 457 128 499 τοὺς
146 457 348 498 Μακεδόνας
371 456 596 507 ἀποσχέσθαι.
614 457 745 495 Τούτου
764 457 834 506 βίος
853 458 912 505 μὲν
934 456 1079 506 ἐγεγόνει

55 515 137 551 ἐτῶν
157 514 188 551 α’
206 514 264 551 καὶ
284 514 331 560 ο’,
347 509 392 550 ῶν
408 514 606 550 ἐδασίλευσε
621 514 663 552 ν’.
678 514 719 565 (53)
736 508 788 551 05
802 515 881 556 παῖς
896 517 955 558 τῆς
972 516 1080 566 ἀρχῆς

54 571 228 622 διάδοχος,
243 570 424 619 Ζιποίτης,
446 572 601 621 λαμπρὸς
619 573 652 607 ἐν
671 572 831 620 πολέμοις
849 571 1006 621 γεγονὼς,
1021 572 1079 608 καὶ

53 628 128 670 τοὺς
157 628 363 679 Λυσιμάχου
386 628 592 678 στρατηγοὺς
621 628 677 665 τὸν
706 628 766 677 μὲν
791 628 936 677 ἀνελὼν,
964 629 1021 666 τὸν
1045 628 1078 666 δὲ

52 684 107 721 ἐπὶ
129 684 294 729 μήκιστον
324 687 382 728 τῆς
411 686 536 726 οἰκείας
557 685 731 727 ἀπελάσας
752 687 878 736 ἀρχῆς,
905 684 994 722 ἀλλὰ
1022 686 1079 722 καὶ

54 743 154 778 αὐτοῦ
174 741 398 791 Λυσιμάχου,
429 735 501 778 εἶτα
530 742 588 778 καὶ
609 742 778 793 Ἀντιόχου
796 747 854 779 τοῦ
874 743 991 784 παιδὸς
1009 745 1076 781 ,ἷζε-

51 798 172 836 λεύκου
189 799 467 850 ἐπικρατέστερος
486 800 631 849 γεγονὼς
644 829 653 845 ,
670 804 727 837 τοῦ
748 816 783 836 τε
800 804 859 846 τῆς
877 800 988 843 Ἀσίας
1010 804 1076 851 βα-

53 856 241 898 σιλεύοντος
270 857 328 894 καὶ
355 860 412 894 τοῦ
443 858 666 906 Μακεδόνων,
689 858 792 901 κτίζει
820 859 917 895 πόλιν
942 859 1006 895 ὑπὸ
1031 861 1079 909 τῷ

53 916 202 966 Λυπερῷ
222 914 311 965 ὄρει,
328 918 370 964 τῇ
392 918 495 951 αὑτοῦ
513 915 633 960 κλήσει
649 915 841 962 ἐπώνυμον.
861 911 971 958 Οὗτος
990 916 1081 967 βιοὺς

54 972 115 1022 μὲν
136 972 193 1015 ἔτη
221 972 255 1016 ἓξ
280 973 338 1010 καὶ
361 973 618 1022 ἑέδομήκοντα,
646 974 819 1024 κρατήσας
839 975 872 1011 δὲ
893 977 952 1020 τῆς
973 977 1081 1026 ἀρχῆς

52 1029 142 1067 ὀκτὼ
162 1030 219 1066 καὶ
238 1030 515 1080 τεσσαράκοντα,
535 1031 736 1068 καταλείπει
751 1033 876 1073 παῖδας
895 1032 1077 1082 τέσσαρας.

52 1090 182 1125 Τοῦτον
208 1090 224 1124 ὃ
252 1088 480 1139 πρεσὸύτερος
505 1091 570 1124 τῶν
591 1088 722 1125 παίδων
745 1089 944 1136 Νικομήδης
965 1089 1080 1127 διαδέ-

51 1160 170 1195 χεται,
189 1148 258 1188 τοῖς
272 1147 427 1197 ἀδελφοῖς
442 1147 503 1183 οὐκ
524 1146 666 1196 ἀδελφὸς
683 1147 771 1183 ἀλλὰ
792 1147 909 1195 δήμιος
922 1148 1079 1198 γεγονώς.

51 1202 285 1253 Ἔκρατύνατο
306 1203 420 1251 μέντοι
435 1203 492 1240 καὶ
507 1198 599 1245 οἶτος
615 1203 675 1248 τὴν
698 1207 846 1241 Βιθυνῶν
868 1205 994 1255 ἀρχὴν,
1014 1206 1080 1255 μά-

51 1259 151 1297 λιστά
171 1275 209 1309 γε
225 1260 299 1303 τοὺς
320 1261 479 1303 Γαλάτας
499 1261 554 1297 ἐπὶ
573 1260 633 1306 τὴν
654 1261 766 1298 Ἀσίαν
789 1263 1079 1313 διαπεραιωθῆναι

52 1319 302 1370 συναράμενος·
331 1320 390 1357 καὶ
419 1320 531 1368 πόλιν,
563 1322 608 1362 ὡς
636 1320 857 1372 προείρηται,
887 1320 947 1367 τὴν
978 1324 1079 1361 αὑτοῦ

50 1377 280 1427 προσηγορίαν
299 1377 463 1423 ἀνέστησε
481 1377 664 1429 φέρουσαν.

103 1436 203 1474 ΧΧΙ.
236 1436 287 1473 Οὐ
308 1437 423 1486 πολλῷ
453 1434 486 1472 δὲ
507 1435 644 1486 ὕστερον
673 1435 785 1487 χρόνῳ
809 1436 956 1486 πόλεμος
982 1439 1078 1489 ἀνερ-

53 1491 140 1543 ράγη
159 1492 354 1537 Βυζαντίοις
377 1493 459 1544 πρὸς
486 1494 723 1536 Καλατιανοὺς
744 1494 899 1546 (ἄποικοι
929 1495 964 1533 δὲ
989 1491 1080 1533 οἶτοι

53 1549 304 1599 Ἡρακλεωτῶν
326 1546 434 1600 ἦσαν)
454 1551 607 1602 καὶπρὸς
622 1551 832 1601 Ἰστριανοὺς
846 1553 923 1604 περὶ
938 1554 1080 1602 Τόμεως

51 1611 109 1644 τοῦ
130 1608 308 1659 ἐμπορίου,
326 1608 343 1644 ὃ
360 1613 427 1650 τοῖς
449 1610 678 1651 Καλατιανοῖς
697 1607 819 1660 ὅμορον
841 1604 893 1655 ἦν,
913 1610 1078 1659 μονοπώ-

51 1666 121 1702 λιον
141 1669 239 1703 τοῦτο
258 1665 505 1715 διανοουμένων
526 1667 784 1704 κατασκευάσαι
809 1671 875 1704 τῶν
902 1670 1080 1705 Καλατια-

53 1726 128 1760 νῶν.
158 1723 448 1775 Διεπρεσὸεύοντο
468 1718 524 1760 οὖν
544 1723 626 1774 πρὸς
646 1725 892 1776 (Ηρακλεώτας
910 1726 965 1762 ἐπὶ
986 1741 1077 1775 συμ-

54 1781 165 1831 μαχίᾳ
184 1781 360 1833 ἑκάτεροι·
382 1784 411 1818 οἵ
430 1782 463 1818 δὲ
484 1781 674 1831 πολεμικὴν
696 1783 756 1830 μὲν
783 1782 889 1834 ῥοπὴν
916 1784 1080 1835 οὐδετέρῳ

53 1838 169 1887 ἔνεμον
207 1838 320 1890 μέρει,
361 1839 641 1890 διαλλακτηρίους
680 1840 713 1876 δὲ
753 1840 875 1889 ἄνδρας
913 1843 1081 1891 ἑκατέροις

53 1896 274 1943 ἀπέστελλον,
291 1896 354 1933 κᾶν
370 1896 542 1947 ἄπρακτος
558 1899 667 1933 αὐτῶν
681 1900 701 1942 ἡ
716 1899 845 1942 σπουδὴ
858 1899 933 1934 τότε
947 1898 1077 1947 γέγονε,

53 1953 176 1991 Πολλὰ
191 1953 224 1990 δὲ
239 1956 268 1990 οἱ
289 1957 348 1999 τῆς
370 1954 560 1997 Καλατίδος
577 1955 641 1991 ὑπὸ
655 1957 721 1991 τῶν
735 1954 907 2002 πολεμίων
919 1954 1080 1996 παθόντες

53 2011 192 2063 ὕστερον
215 2014 259 2054 εἷς
280 2013 448 2054 διαλύσεις
465 2007 578 2059 ἦλθον,
600 2013 668 2049 ἀπὸ
687 2012 813 2057 ταύτης
830 2015 889 2057 τῆς
903 2019 1080 2064 συμφορᾶς

52 2068 164 2106 οὐκέτι
181 2069 301 2119 σχεδὸν
320 2069 504 2106 ἀναλαὸεῖν
526 2070 644 2112 αὑτοὺς
665 2069 869 2115 δυνηθέντες.

106 2129 230 2165 XXII.
263 2130 313 2165 Οὐ
334 2128 461 2164 πολλοῦ
485 2128 518 2164 δὲ
545 2127 634 2164 πάνυ
657 2127 789 2178 ῥυέντος
817 2127 961 2177 χρόνου,
979 2130 995 2164 ὃ
1014 2129 1080 2164 τῶν

53 2187 203 2222 Βιθυνῶν
227 2185 384 2236 βασιλεὺς
405 2185 627 2233 Νικομήδης,
645 2185 719 2222 ἐπεὶ
739 2188 754 2221 ὃ
773 2185 833 2233 μὲν
849 2187 886 2221 ἐκ
906 2184 1079 2236 προτέρων

54 2243 146 2294 αὐτῷ
163 2243 283 2291 γάμων
303 2242 448 2292 γεγονὼς
477 2244 556 2286 παῖς
577 2241 705 2288 Ζηίλας
732 2243 838 2294 φυγὰς
858 2238 898 2289 ἦν
924 2243 1006 2293 πρὸς
1024 2244 1079 2281 τὸν

52 2299 236 2351 Ἀρμενίων
257 2300 420 2350 βασιλέα,
448 2306 522 2343 ταῖς
540 2304 600 2345 τῆς
618 2307 784 2350 μητρυιᾶς
805 2301 990 2344 Ἔταζέτας
1013 2317 1078 2348 μη-

51 2359 172 2408 χαναῖς
191 2358 340 2405 ἐλαθεὶς,
362 2360 392 2395 οἱ
419 2357 453 2395 δὲ
474 2360 510 2396 ἐκ
529 2359 655 2405 ταύτης
680 2360 771 2410 αὐτῷ
799 2359 971 2409 γεγονότες
999 2361 1080 2404 ἕνη-

51 2415 187 2464 πίαζον,
215 2416 298 2466 πρὸς
325 2419 373 2467 τῷ
406 2418 568 2453 τελευτᾶν
597 2417 741 2466 γεγονὼς
761 2416 990 2467 κληρονόμους
1020 2416 1079 2465 μὲν

52 2472 129 2516 τοὺς
149 2475 186 2510 ἐκ
206 2476 265 2518 τῆς
282 2474 438 2524 δευτέρας
455 2473 612 2524 γυναικὸς
637 2473 756 2525 γράφει
778 2475 903 2515 παῖδας
918 2504 927 2521 ,
947 2474 1081 2524 ἐπιτρό-

52 2546 134 2572 πους
152 2529 186 2568 δὲ
209 2532 425 2580 Πτολεμαῖον
442 2532 500 2568 καὶ
519 2532 704 2581 Ἀντίγονον
725 2531 782 2568 καὶ
802 2531 858 2568 τὸν
886 2533 993 2580 δῆμον
1013 2534 1079 2568 τῶν

51 2587 246 2631 Βυζαντίων
271 2588 330 2625 καὶ
353 2588 393 2634 δὴ
414 2589 471 2626 καὶ
491 2588 740 2639 Ἡρακλεωτῶν
758 2589 888 2626 καὶτὸν
903 2592 968 2626 τῶν
992 2592 1080 2627 Κια-

54 2648 119 2682 νῶν
147 2646 334 2696 ἐφίστησιν,
367 2647 406 2693 (2)
429 2645 472 2683 ‘O
497 2647 611 2694 μέντοι
631 2643 760 2692 Ζηίλας
781 2646 867 2696 μετὰ
885 2646 1079 2695 δυνάμεως,

54 2703 95 2748 ἣν
109 2704 201 2754 αὐτῷ
215 2705 281 2739 τῶν
297 2704 466 2741 Γαλατῶν
480 2705 509 2740 οἱ
530 2703 792 2753 Τολοστοῧόγιοι
813 2703 955 2754 θάρσους
976 2703 1079 2748 ἐπλή-

55 2777 143 2814 ρουν,
164 2762 219 2799 ἐπὶ
239 2761 300 2807 τὴν
324 2761 501 2812 βασιλείαν
525 2761 657 2813 κατῄει.
680 2761 814 2799 Βιθυνοὶ
833 2762 867 2798 δὲ
890 2761 948 2807 τὴν
968 2761 1079 2812 ἀρχὴν

54 2820 171 2864 σώζειν
193 2822 259 2862 τοῖς
281 2819 413 2864 νηπίοις
430 2819 674 2863 σπουδάζοντες
694 2819 755 2865 τὴν
781 2819 842 2868 μὲν
864 2819 990 2857 τούτων
1014 2836 1081 2867 μη-

53 2877 136 2929 τέρα
167 2879 303 2929 ἀδελφῷ
324 2877 548 2920 συνοικίζουσι
577 2879 626 2928 τῷ
655 2877 889 2926 Νικομήδους,
923 2877 1018 2914 αὐτοὶ
1047 2876 1081 2913 δὲ

54 2935 252 2985 στράτευμα
281 2935 375 2985 παρὰ
403 2937 470 2971 τῶν
499 2933 686 2985 εἰρημένων
707 2935 900 2986 ἐπιτρόπων
919 2934 1083 2976 λαὸόντες

54 2992 221 3041 ὑπέμενον
240 2992 297 3030 τὸν
316 2991 447 3038 Ζηίλαν
460 3007 467 3015 ·
489 2993 629 3043 συχναῖς
647 2990 682 3029 δὲ
702 2992 830 3042 μάχαις
856 2992 914 3029 καὶ
934 2991 1082 3041 μεταὸο·

1140 291 1302 330 producta.
1350 292 1382 322 Ei
1422 293 1505 323 filius
1546 294 1605 324 Bas
1641 294 1781 325 succedit
1815 294 1868 333 qui
1908 293 2001 325 etiam
2037 294 2165 332 Calain,

1140 360 1307 390 Alexandri
1324 361 1485 400 copiarum
1512 363 1714 403 praesectum,
1740 364 1813 395 licet
1834 364 1951 404 optime
1977 364 2016 395 ad
2030 354 2166 404 pugnam

1141 426 1348 466 instructum,
1368 428 1544 467 profligavit
1567 430 1650 468 acie,
1668 432 1699 462 et
1721 433 1755 462 ut
1779 432 1965 463 Macedones
1989 441 2006 462 a
2022 432 2167 471 Bithynia

1141 489 1344 528 abstinerent,
1368 491 1481 523 effecit.
1524 493 1611 523 Vixit
1627 494 1677 524 hic
1690 503 1787 526 annos
1799 496 1994 535 septuaginta
2010 497 2040 527 ct
2054 505 2166 535 unum,

1140 556 1171 585 et
1187 555 1225 585 de
1241 555 1278 586 iis
1293 555 1521 595 quinquaginta
1537 567 1667 595 regnum
1688 560 1799 590 tenuit.
1816 561 1859 599 (3)
1880 562 2097 591 successorem
2112 561 2166 591 ha-

1141 621 1209 651 buit
1231 621 1331 651 silium
1349 622 1489 661 Zipwten
1505 635 1511 654 τ
1528 624 1579 663 qui
1595 625 1698 655 clarus
1724 625 1812 656 bellis
1831 636 1847 656 c
1864 627 2037 665 Lysimachi
2054 630 2166 667 praefc-

1140 687 1197 717 ctis
1209 687 1306 717 alium
1323 688 1435 718 occidit
1445 713 1453 727 ‚
1468 689 1564 719 alium
1579 699 1672 729 quani
1687 693 1863 731 longissime
1880 702 1898 724 a
1912 694 2025 726 finibus
2035 697 2098 727 suis
2111 696 2166 727 (lc-

1141 751 1230 791 pulit.
1263 753 1346 788 Quin
1374 753 1468 783 etiam
1497 754 1562 793 ipso
1587 755 1769 793 Lysimacho
1795 760 1825 788 et
1853 759 1981 797 posthac
2014 761 2168 792 Antiocho

1140 818 1272 855 Seleuci,
1285 820 1339 857 qui
1354 818 1457 849 Asiam
1470 820 1575 849 tamen
1587 822 1618 851 et
1632 822 1817 852 Macedones
1832 824 1960 863 imperio
1969 828 2167 867 coercebant,

1140 879 1281 918 superior
1304 880 1405 910 sactus
1417 879 1528 910 urbem
1543 881 1669 920 condit,
1691 883 1729 913 ad
1752 885 1908 923 Lyperum
1931 889 2088 928 montem,
2109 898 2167 920 no-

1141 944 1224 974 mine
1239 952 1296 974 suo
1318 943 1480 983 insignem.
1505 944 1563 975 Hic
1579 945 1631 976 uhi
1657 947 1753 978 vitam
1773 949 1803 979 in
1832 952 2028 990 septuaginta
2057 962 2110 984 sex
2137 957 2169 985 et

1141 1004 1444 1036 administrationem
1458 1006 1544 1045 regni
1555 1006 1586 1037 in
1603 1007 1806 1047 quadraginta
1819 1012 1890 1042 octo
1908 1021 2005 1044 annos
2022 1015 2169 1046 extende-

1142 1070 1209 1108 rat,
1225 1070 1378 1109 quattuor
1391 1070 1470 1101 tilios
1483 1070 1621 1110 reliquit.
1661 1074 1803 1112 Eumque
1818 1075 1849 1105 in
1874 1084 1967 1115 regno
1985 1078 2170 1111 Nicomedes

1141 1132 1217 1162 natu
1229 1132 1387 1163 maximus
1404 1132 1548 1172 excepit,
1566 1133 1621 1173 qui¹
1635 1134 1782 1166 fratribus
1795 1145 1858 1167 non
1873 1138 1977 1178 frater,
1992 1140 2045 1171 sed
2067 1142 2168 1172 earni-

1143 1194 1194 1223 fex
1213 1194 1290 1224 erat.
1307 1193 1515 1225 confirmavit
1529 1195 1637 1225 tamen
1654 1196 1748 1227 etiam
1765 1196 1816 1228 hic
1837 1198 1991 1238 Bithyniae
2019 1211 2148 1241 regnum
2160 1226 2169 1242 ,

1141 1255 1278 1286 maxime
1294 1264 1349 1294 eo,
1365 1255 1450 1295 quod
1467 1257 1594 1288 Galatas
1611 1257 1700 1288 sedes
1714 1258 1745 1288 in
1759 1258 1864 1290 Asiam
1880 1261 2100 1295 transferentes
2113 1265 2170 1295 ad-

1139 1320 1242 1360 juvit,
1272 1320 1467 1361 urbemque,
1505 1322 1542 1353 ut
1565 1321 1631 1361 jam
1668 1322 1843 1355 indicatum
1868 1326 1933 1365 est,
1961 1327 2009 1357 sui
2037 1329 2173 1360 nominis

1141 1383 1263 1414 eduxit.

1181 1448 1265 1477 XXI.
1285 1445 1457 1485 Interlapso
1471 1445 1545 1477 hinc
1564 1447 1705 1486 tempore
1720 1447 1842 1486 aliquo,
1862 1448 2040 1488 Byzantinis
2055 1450 2172 1483 bellum

1141 1507 1291 1538 adversus
1315 1507 1494 1538 Calatianos
1515 1508 1800 1546 (Heracleotarum
1826 1510 1949 1541 colonia
1974 1512 2041 1543 haec
2057 1514 2174 1553 est)et

1143 1571 1290 1602 Istrianos
1315 1571 1433 1610 erupit,
1455 1573 1582 1610 propter
1598 1572 1709 1603 Tomin
1722 1596 1731 1611 ‚
1749 1574 1924 1613 emporium
1944 1575 2114 1608 Calatianis
2130 1578 2173 1608 vi-

1142 1633 1247 1662 cinum
1260 1656 1268 1671 ,
1292 1632 1376 1672 quod
1391 1633 1608 1672 monopolium
1620 1642 1659 1664 ex
1673 1642 1710 1664 eo
1725 1635 1827 1665 facere
1843 1636 1949 1666 animo
1966 1639 2174 1677 conceperant

1143 1694 1307 1725 Calatiaui.
1342 1696 1509 1734 Propterea
1528 1696 1675 1735 utrinqne
1699 1696 1738 1726 ad
1755 1698 1968 1729 Heraclienses
1983 1700 2022 1731 de
2037 1700 2109 1732 belli
2123 1710 2173 1731 so·

1141 1757 1251 1786 cietate
1270 1756 1406 1787 mittitur
1428 1756 1553 1795 legatio.
1577 1758 1618 1787 At
1646 1757 1677 1787 hi
1695 1758 1798 1788 neutri
1818 1759 1896 1797 parti
1912 1759 2055 1791 bellicam
2082 1770 2173 1800 opem

1142 1817 1301 1856 tribuunt,
1322 1818 1375 1849 sed
1397 1819 1501 1857 legant
1524 1819 1562 1849 ad
1585 1821 1735 1858 utrosque
1748 1843 1755 1857 ‚
1773 1821 1827 1859 qui
1847 1821 1974 1859 pacitice
1989 1825 2172 1854 controver-

1141 1879 1219 1908 siam
1236 1879 1418 1917 transigant.
1438 1882 1556 1910 Tamen
1573 1880 1692 1919 absque
1717 1881 1832 1912 effectu
1861 1882 1921 1912 hoc
1938 1883 2010 1921 ipsis
2035 1884 2173 1914 studium

1141 1941 1252 1971 exivit.
1277 1941 1384 1972 Multis
1397 1942 1490 1980 igitur
1506 1942 1702 1973 detrimentis
1714 1943 1818 1974 affer-ti
1839 1944 1991 1975 Calatidis
2010 1945 2120 1976 incolae
2134 1945 2173 1976 ad

1142 2004 1225 2043 pacis
1238 2004 1368 2035 demum
1388 2006 1582 2036 conditiones
1590 2006 1831 2038 descenderunt.
1846 2009 1909 2038 Nec
1925 2008 2098 2047 quidquam
2110 2010 2173 2040 fere

1140 2066 1179 2097 ab
1193 2067 1250 2097 ista
1263 2067 1441 2098 calamitate
1455 2068 1568 2098 virium
1583 2069 1755 2107 potuerunt
1769 2071 1916 2108 recipere.

1181 2132 1247 2160 Xll.
1268 2132 1331 2161 Nec
1349 2131 1487 2161 multum
1508 2131 1657 2170 temporis
1673 2131 1815 2169 effluxit,
1830 2140 1930 2170 quum
1951 2141 2003 2163 rex
2020 2133 2173 2172 Bithyno-

1142 2209 1211 2230 rum
1225 2200 1408 2231 Nicomedes
1424 2201 1614 2240 (postquam
1628 2209 1644 2231 e
1658 2200 1758 2239 priore
1771 2201 1798 2231 ei
1812 2202 1904 2232 natus
1918 2202 2061 2242 conjugio
2075 2203 2175 2234 Zeilas

1140 2271 1179 2301 ad
1208 2271 1429 2302 Armeniorum
1463 2280 1566 2311 regem
1604 2272 1806 2310 profugisset,
1845 2273 1994 2311 expulsus
2029 2281 2174 2305 novercae

1140 2345 1276 2375 Etazetae
1290 2344 1456 2383 machinis,
1479 2344 1527 2383 cuj
1534 2353 1568 2374 us
1588 2344 1677 2375 liberi
1689 2344 1792 2375 adhuc
1802 2344 1832 2374 in
1846 2346 1950 2375 tenera
1961 2345 2054 2376 aetate
2068 2346 2174 2386 erant)

1140 2419 1314 2458 mortejam
1331 2418 1532 2456 imminente,
1548 2427 1586 2449 ex
1600 2418 1698 2449 altera
1713 2420 1802 2450 natos
1819 2428 1917 2450 uxore
1936 2419 2076 2451 haeredes
2090 2420 2174 2460 regni

1139 2491 1285 2531 scripsit,
1300 2492 1331 2522 et
1345 2492 1507 2522 curatores
1530 2492 1736 2522 Ptolemaeum
1750 2501 1823 2522 cum
1838 2493 1993 2532 Antigono
2010 2494 2041 2524 et
2059 2493 2176 2533 populo

1142 2566 1387 2606 Byzantinorum
1400 2589 1409 2603 ,
1437 2574 1495 2596 nec
1514 2574 1577 2596 non
1600 2565 1849 2596 Heracliensium
1873 2565 2106 2604 Cianorumque
2123 2564 2176 2596 de-

1141 2639 1285 2678 signavit.
1320 2639 1363 2678 (2)
1382 2639 1481 2670 Zeilas
1495 2640 1601 2669 autem
1623 2647 1694 2669 cum
1712 2638 1865 2669 instructa
1884 2647 1977 2669 manu
1989 2661 1998 2677 ,
2013 2639 2063 2669 cni
2076 2647 2093 2670 e
2111 2640 2175 2670 Ga-

1147 2711 1218 2742 latis
1242 2711 1445 2750 Tolistobogii
1473 2710 1596 2741 animos
1612 2709 1787 2749 augebant,
1807 2709 1838 2740 in
1858 2719 1987 2749 regnum
2010 2712 2175 2750 paternum

1141 2784 1232 2815 redit.
1260 2785 1300 2815 At
1322 2783 1467 2823 Bithyni,
1497 2783 1574 2813 dum
1600 2791 1787 2814 conservare
1814 2783 2013 2814 dominatum
2037 2783 2175 2823 parvulis

1141 2857 1304 2896 satagunt,
1321 2858 1455 2887 matrem
1469 2855 1582 2886 horum
1600 2854 1778 2887 Nicomedis
1791 2855 1879 2886 fratri
1893 2855 1924 2885 in
1941 2855 2175 2886 matrimonium

1141 2925 1281 2964 elocant,
1296 2925 1327 2955 et
1352 2924 1409 2963 ipsi
1430 2925 1560 2964 accepto
1572 2932 1590 2954 a
1606 2923 1805 2955 curatoribus
1825 2924 1968 2955 exercitu
1983 2924 2099 2955 Zeilam
2118 2932 2175 2962 op-

1143 2994 1318 3033 periuntur.
1333 2992 1373 3024 Et
1387 2993 1504 3023 crebris
1514 2992 1683 3032 utrobique
1694 2993 1811 3032 proeliis
1821 2994 1852 3024 et
1862 2993 1984 3024 vicibus
1994 2992 2053 3029 usi,
2068 3000 2175 3031 pacem

55 3124 93 3128 --
111 3111 141 3139 3.
160 3107 252 3138 αὐτοῦ
266 3106 468 3147 Λυσιμάχου]
481 3110 517 3138 Α.
531 3118 539 3146 ;
555 3107 645 3138 αὐτὸν
662 3106 844 3146 Λυσίμαχον
858 3108 932 3138 eett.
950 3123 991 3128 —-
1003 3106 1094 3141 κτίζει
1108 3103 1213 3144 πόλιν]
1225 3102 1332 3142 steph.
1350 3103 1423 3141 Byz.
1447 3111 1454 3132 t
1472 3101 1680 3139 Ζιποίτιον,...
1697 3103 1766 3133 πολ,
1787 3102 1922 3137 Βιθυνίας
1933 3126 1940 3140 ,
1959 3102 2018 3132 ἀπὸ
2035 3100 2175 3131 Ζιποίτου

57 3154 216 3192 βασιλέως.

96 3200 180 3230 ΧΧΙ.
207 3197 391 3238 συμμαχίᾳ]
416 3198 611 3236 Stephanns3
627 3197 806 3237 συμμαχίαν
822 3197 902 3228 libri.
915 3213 956 3219 —
974 3197 1031 3227 κᾶν
1048 3195 1139 3236 ἁπρ.]
1153 3198 1178 3227 εἰ
1195 3196 1246 3225 καὶ
1266 3194 1366 3225 voluit
1380 3194 1549 3233 Stephan.;
1564 3194 1615 3223 καὶ
1630 3194 1775 3232 Scaliger.
1790 3205 1799 3231 3
1817 3193 1912 3223 ἀλλοὶΡ
2088 3237 2094 3242 ⁴
2114 3236 2119 3242 ·

97 3246 193 3274 XXll.
213 3248 237 3274 1.
255 3243 417 3284 μητρυιᾶς]
433 3257 446 3269 «
462 3246 577 3274 Veram
590 3245 695 3282 Zeilae,
711 3244 826 3274 Prusiae
839 3246 870 3274 et
887 3244 1003 3275 sororis
1013 3244 1182 3282 Lysandrae
1195 3245 1329 3273 matrem
1351 3243 1543 3280 consumma
1558 3241 1674 3271 Plinius
1687 3243 1725 3271 H.
1743 3243 1780 3271 N.
1796 3242 1883 3277 thl,
1898 3242 1937 3290 49
1952 3238 2003 3289 (cl
2017 3238 2026 3275 )
2039 3262 2046 3275 ,
2059 3238 2174 3288 ⁴Dltize-

58 3289 105 3321 len
123 3292 228 3320 autem
255 3291 392 3329 appellat
417 3292 546 3321 Tzetzes
565 3292 699 3321 mortem
724 3299 790 3328 ejus
809 3290 958 3329 tragicam
976 3299 993 3320 a
1022 3298 1098 3321 cane
1116 3289 1223 3321 rabido
1241 3289 1413 3319 immissam
1431 3288 1568 3318 referens
1594 3296 1634 3318 ex
1657 3287 1779 3317 Arriani
1806 3286 1994 3323 Bithyniacis
2011 3284 2090 3334 Clul.
2112 3284 2173 3319 Ill,

60 3334 128 3365 hist.
148 3339 213 3365 1¹5.
233 3349 247 3362 ν
266 3336 382 3367 Orelli.
402 3336 483 3366 Vide
497 3337 633 3367 Clinton.
651 3338 691 3367 lll
707 3360 713 3374 ,
731 3345 760 3375 p.
782 3338 851 3366 412.
870 3339 1017 3375 Droysen.
1038 3338 1083 3374 ll,
1096 3345 1126 3375 p.
1148 3338 1217 3366 283.
1231 3355 1269 3360 --
1284 3340 1312 3365 ἰ.
1327 3333 1476 3374 Θάρσους]
1493 3342 1603 3365 vocem
1615 3333 1772 3372 Scaligero
1785 3332 1960 3370 suspectam
1974 3339 2062 3360 uncis
2075 3329 2174 3359 iuclu-
