2338 3765
140 233 213 266 (350

136 310 388 361 γιγνώσκοντας
428 307 527 357 λόγον
566 305 739 358 πάνσοφον
780 306 884 349 δεῖξαι
926 306 1169 366 σπεύδυ1ν,ωό1ς

141 371 233 419 μόνω
254 368 293 404 ἂν
311 369 359 417 τῷ
381 368 474 417 σοφῷ
494 364 618 415 πρέποι
638 364 790 415 ἱστορίαν
812 364 1029 416 συγγράφειν.
1082 366 1168 402 Εἶτα

140 426 228 474 μετὰ
250 425 369 475 μικρὸν
391 425 493 465 ἄλλος
514 421 760 472 συλλογισμὸς,
779 415 851 458 εἶτα
874 422 990 464 ἄλλος·
1011 421 1069 458 καὶ
1083 420 1169 463 ὅλως

138 485 172 519 ἐν
200 482 329 519 ἅπαντι
358 481 514 532 σχήματι
545 479 767 531 συνηρώτητο
798 480 892 530 αὐτῷ
913 478 951 516 τὸ
977 479 1166 530 προοίμιον.

137 540 189 577 Τὸ
218 543 277 585 τῆς
303 540 483 582 κολακείας
503 541 534 581 ἐς
554 538 665 588 κόρον,
696 537 754 574 καὶ
779 536 822 575 τὰ
849 536 1004 587 ἐγκώμια
1026 535 1168 588 φορτικὰ

141 599 199 635 καὶ
233 600 357 647 κομιδῆ
395 598 642 649 βωμολοχικὰ,
674 597 735 633 οὐκ
765 595 996 645 ἀσυλλόγιστα
1031 596 1167 644 μέντοι,

137 657 226 693 αλλὰ
243 656 513 706 συνηρωτημένα
530 655 685 693 κάκεῖνα.
715 655 786 693 Καὶ
805 653 872 703 μὴν
893 657 1031 691 κάκεῖνο
1052 669 1166 706 φορτι-

136 715 194 751 κὸν
215 714 308 757 ἔδοξέ
329 729 386 763 μοι
406 712 466 750 καὶ
495 715 589 763 σοφῷ
620 711 716 763 ἀνδρὶ
736 711 794 749 καὶ
815 711 955 760 πώγωνι
976 712 1086 762 πολιῷ
1109 712 1168 748 καὶ

141 775 240 822 ῥαθεῖ
264 772 408 822 πρέπον,
430 773 467 808 τὸ
486 773 518 808 ἐν
537 773 586 822 τῷ
617 770 787 821 προοιμίῳ
807 771 913 807 εἰπεῖν
933 772 978 812 ὡς
999 769 1167 820 ἐξαίρετον

138 834 239 867 τοῦτο
255 830 320 874 ἕξει
346 834 363 868 ὃ
386 830 552 880 ἡμέτερος
576 829 706 880 ἄρχων,
727 823 764 866 οὗ
793 843 832 879 γε
862 828 922 871 τὰς
946 828 1085 880 πράξεις
1111 828 1168 864 καὶ

141 888 320 939 φιλόσοφοι
340 887 406 933 ἤδη
433 886 639 939 συγγράφειν
669 886 817 930 ἀξιοῦσι·
847 885 886 923 τὸ
915 885 981 937 γὰρ
1004 888 1167 929 τοιοῦτον,

137 945 231 996 εἴπερ
254 946 339 997 ἄρα,
372 946 456 995 ἡμῖν
487 945 555 982 ἔδει
585 946 789 982 καταλιπεῖν
814 942 1045 994 λογίζεσθαιῆ
1068 944 1168 980 αὐτὸν

136 1005 256 1042 εἰπεῖν.

189 1061 328 1111 ’Όνομα
349 1063 383 1099 ἐν
402 1063 523 1114 ἀφανεῖ
552 1061 676 1099 κείσθω
696 1066 707 1108 ]
729 1064 932 1100 Hermann.
956 1075 967 1096 .·
991 1079 1005 1092 ι
1026 1063 1093 1097 Vix
1111 1074 1169 1096 me

135 1122 308 1156 aberrare
322 1134 342 1156 a
356 1133 446 1156 vero
458 1122 633 1164 arbitror,
646 1121 744 1155 hunc
758 1121 1023 1167 philosophum
1035 1121 1061 1153 si
1078 1132 1168 1154 eun-

136 1180 221 1214 dem
243 1192 316 1214 esse
334 1180 483 1214 credam
505 1192 588 1214 cum
603 1180 688 1223 illo,
711 1178 814 1224 cujus
833 1180 870 1213 in
886 1179 1060 1213 limem-llo
1077 1191 1168 1224 quo-

136 1249 208 1284 que
230 1250 264 1272 c.
295 1249 338 1270 10
357 1237 501 1271 silentio
519 1236 817 1284 praetereundum
833 1248 906 1272 esse
920 1249 1057 1271 nomen
1079 1248 1169 1271 cen-

136 1296 229 1338 suit3
255 1307 367 1341 quem
391 1296 550 1338 scilicet,
575 1296 648 1329 sive
667 1294 715 1329 ob
747 1295 907 1340 reliquas
937 1294 1014 1340 ejus
1034 1295 1169 1341 ingenii

137 1353 256 1396 dotes,
275 1354 349 1387 sive
365 1352 469 1399 quod
487 1354 514 1386 is
531 1365 661 1399 magna
675 1351 774 1399 apud
794 1364 968 1398 proceres
989 1352 1170 1398 quosdam

138 1410 229 1444 fama
267 1416 302 1443 et
337 1411 557 1444 auctoritate
586 1410 767 1456 polleret,
805 1417 935 1446 notare
970 1411 1007 1444 111
1039 1411 1170 1457 vulgus

137 1468 320 1502 Lucianus
333 1468 460 1504 nollet.
479 1484 492 1498 »
516 1468 680 1502 Stoicum
701 1480 774 1503 esse
791 1475 904 1515 patet.

635 1559 671 1596 5.

190 1646 292 1681 Idem
307 1659 339 1683 c.
361 1646 404 1680 18
427 1658 435 1682 ε
456 1645 525 1683 Καὶ
544 1641 611 1694 μὴν
627 1645 695 1682 οὐδ’
714 1645 844 1681 ἐκείνου
858 1643 949 1681 ὅσιον
965 1645 1168 1692 ἀμνημονῆ-

137 1717 217 1751 σαι,
234 1702 267 1743 ὃς
285 1702 416 1739 τοιάνδε
442 1702 552 1753 ἀρχὴν
570 1702 714 1754 ἤρξατο·
735 1721 749 1737 «
770 1702 950 1753 Ἔρχομαι
972 1701 1074 1753 ἐρέων
1091 1702 1169 1752 περὶ

137 1759 324 1808 Ῥωμαίων
353 1760 410 1796 καὶ
437 1760 599 1811 Περσέων
620 1778 650 1809 n,
672 1761 730 1798 καὶ
751 1761 870 1811 μικρὸν
888 1760 1039 1810 ὕστερον·
1058 1777 1073 1793 «
1098 1758 1169 1797 ἔδεε

137 1817 201 1867 γὰρ
215 1816 370 1867 Πέρσῃσι
387 1817 541 1867 γενέσθαι
554 1820 668 1861 κακῶς
678 1836 708 1868 n,
720 1818 778 1855 καὶ
793 1819 896 1855 πάλιν
907 1833 915 1841 ·
927 1836 943 1851 «
954 1813 995 1863 ἦν
1006 1817 1168 1870 Ὀσρόης,

136 1875 192 1911 τον
211 1877 241 1911 οἱ
258 1874 428 1920 Ἕλληνες
443 1875 610 1927 Ὀξυρόην
625 1876 820 1925 ὀνυμέουσι,
835 1895 848 1909 »
870 1876 929 1913 καὶ
946 1876 1035 1912 ἅλλα
1056 1875 1169 1913 πολλὰ

136 1935 291 1971 τοιαῦτα.
312 1932 436 1984 Ὁρᾷς
459 1934 575 1981 ὅμοιος
596 1934 695 1977 αὐτὸς
717 1935 851 1985 ἐκείνῳ,
871 1935 952 1985 παρ’
973 1933 1050 1971 ὅσον
1069 1937 1086 1972 ὃ
1108 1933 1168 1984 μὲν

133 1990 325 2040 Θουκυδίδῃ
340 2020 349 2036 ,
370 1987 463 2033 οἶτος
480 1991 513 2028 δὲ
534 1991 709 2042 ἹΙροδότῳ
732 1988 768 2028 εὖ
790 1992 885 2040 μάλα
903 1991 1015 2043 ἐῴκει.

813 219 1133 257 SCRIPTORUM
1166 219 1306 256 BELLI
1337 219 1398 257 ΡΑ
1406 219 1502 257 RTH
1512 217 1574 256 lCI

1729 310 1765 346 6.

1284 422 1386 456 Idem
1406 434 1438 458 c.
1463 433 1507 467 ¹9
1527 432 1535 456 :
1564 415 1686 458 Ἄλλος
1711 431 1761 458 τις
1786 415 1937 458 ἀοίδιμος
1958 417 2014 453 ἐπὶ
2033 417 2143 467 λόγων
2161 418 2263 456 δυναί-

1231 494 1288 528 μει
1299 477 1495 526 Θουκυδίδῃ
1508 475 1566 513 καὶ
1579 474 1678 517 αὐτὸς
1693 474 1806 523 ὅμοιος
1821 473 1843 519 ἢ
1861 474 1966 526 ὀλίγῳ
1981 475 2129 525 ἀμείνων
2145 478 2264 527 αὐτοῦ,

1231 537 1345 578 πάσας
1375 536 1489 577 πόλεις
1514 534 1572 571 καὶ
1592 533 1707 570 πάντα
1727 532 1789 584 ὄρη
1812 532 1870 569 καὶ
1897 533 1998 570 πεδία
2016 533 2074 570 καὶ
2090 534 2266 584 ποταμοὺς

1232 593 1448 645 ὁρμηνεύσας
1466 591 1550 642 πρὸς
1568 590 1607 628 τὸ
1635 590 1851 642 σαφέστατον
1879 592 1939 628 καὶ
1962 591 2200 642 ἰσχυρότατον,
2221 596 2265 635 ὡς

1231 652 1335 704 ᾤετο·
1361 651 1399 688 τὸ
1421 648 1456 687 δὲ
1474 651 1506 692 ἐς
1526 651 1656 700 ἐχθρῶν
1685 649 1837 701 κεφαλὰς
1854 651 1871 686 ὃ
1892 648 2090 693 ἀλεξίκακος
2109 650 2174 701 ’τρέ1
2198 666 2243 687 ειε
2257 665 2265 673 ·

1229 710 1379 756 τοσαύτη
1402 708 1577 760 ψυχρότης
1605 709 1682 753 ἐνῆν
1699 707 1786 760 ὑπὲρ
1815 707 1877 753 τὴν
1908 708 2072 746 Κασπίαν
2092 708 2191 759 χιόνα
2206 709 2265 746 καὶ

1229 775 1285 810 τὸν
1305 772 1516 824 κρύσταλλον
1531 771 1587 809 τὸν
1606 770 1784 809 Κελτικόν.
1807 770 1850 809 ‘H
1869 775 1949 820 γοῦν
1967 771 2068 814 ἀσπὶς
2087 775 2107 817 ἡ
2127 776 2184 808 τοῦ
2201 775 2266 809 αὖ·

1229 833 1438 883 τοκράτορας
1457 830 1527 882 ὅλῳ
1558 829 1681 880 βιὲλίῳ
1709 828 1806 878 μόγις
1825 828 2058 880 ἐξηρμηνεύθη
2080 830 2189 881 αὐτῷ,
2207 829 2267 867 καὶ

1232 889 1370 941 Γοργὼν
1394 888 1450 926 ἐπὶ
1480 891 1539 924 τοῦ
1559 888 1716 939 ὀμφαλοῦ
1742 886 1802 923 καὶ
1833 888 1863 924 οἱ
1894 887 2064 940 ὀφθαλμοὶ
2095 889 2200 933 αὐτῆς
2230 890 2268 926 ἐκ

1230 951 1356 986 κυανοῦ
1377 946 1435 984 καὶ
1453 948 1575 983 λευκοῦ
1601 945 1660 983 καὶ
1678 946 1822 995 μέλανος
1841 945 1900 982 καὶ
1924 944 2012 991 ζώνη
2031 946 2188 997 ἰριοειδὴς
2208 947 2268 983 καὶ

1230 1005 1410 1058 δράκοντες
1427 1004 1583 1050 ἑλικηδὸν
1603 1003 1663 1041 καὶ
1681 1003 1930 1055 βοστρυχηδόν.
1950 1003 1992 1042 Ἡ
2015 1003 2076 1053 μὲν
2090 1003 2156 1056 γὰρ
2174 1006 2267 1043 Οὐο-

1230 1064 1371 1114 λογέσου
1388 1063 1546 1114 ἀναξυρὶς
1557 1062 1578 1108 ἢ
1591 1065 1607 1099 ὃ
1623 1062 1763 1113 χαλινὸς
1774 1066 1832 1099 τοῦ
1847 1061 1968 1108 ἵππου,
1983 1062 2024 1100 Ἥ
2032 1062 2267 1114 ράκλεις,ὁ’σαι

1232 1123 1392 1175 μυριάδες
1417 1124 1506 1159 ἐπῶν
1528 1120 1673 1158 ἕκαστον
1696 1120 1840 1169 τούτων,
1859 1120 1917 1158 καὶ
1936 1114 2048 1180 οῗακῆν
2073 1123 2095 1165 ἡ
2119 1120 2268 1173 Ὀσρόου

1230 1182 1342 1229 κόμη,
1373 1179 1560 1222 διανέοντος
1576 1178 1632 1216 τὸν
1653 1179 1809 1230 Τίγρητα
1824 1207 1833 1225 ,
1853 1178 1912 1216 καὶ
1927 1180 1959 1221 ἐς
1978 1182 2046 1216 οἷον
2063 1179 2183 1230 ἄντρον
2203 1194 2268 1216 κα-

1230 1240 1368 1290 τέφυγε,
1381 1241 1495 1275 κιττοῦ
1511 1238 1568 1274 καὶ
1584 1237 1747 1288 μυρρίνης
1758 1238 1816 1274 καὶ
1830 1237 1958 1289 δάφνης
1969 1237 2118 1280 ἔςταύτὸ
2132 1253 2266 1286 συμπε-

1231 1297 1386 1348 φυκότων
1406 1296 1465 1332 καὶ
1483 1296 1621 1333 σύσκιον
1644 1295 1794 1346 ἀκριὸῶς
1813 1293 2000 1332 ποιούντων
2019 1294 2115 1333 αὐτό.
2136 1295 2267 1333 Σκόπει

1231 1358 1276 1398 ὡς
1296 1354 1468 1405 ἀναγκαῖα
1490 1357 1531 1404 τῇ
1548 1354 1681 1405 ἱστορία
1702 1357 1830 1400 ταῦτα,
1850 1347 1897 1390 ὧν
1921 1352 2001 1390 ἄνευ
2028 1355 2088 1390 οὐκ
2116 1352 2157 1390 ἂν
2179 1353 2267 1404 ᾔδει-

1233 1414 1294 1463 μέν
1317 1430 1349 1451 τι
1369 1416 1436 1450 τῶν
1456 1415 1530 1450 ἐκεῖ
1550 1412 1786 1464 πραχθέντων.

1389 1470 1479 1509 Ὑπὸ
1519 1470 1586 1522 γὰρ
1619 1470 1793 1513 ἀσθενείας
1823 1473 1884 1515 τῆς
1919 1472 1953 1508 ἐν
1984 1475 2054 1513 τοῖς
2084 1469 2270 1522 χρησίμοις

1233 1530 1254 1576 ἢ
1273 1529 1409 1579 ἀγνοίας
1425 1531 1493 1566 τῶν
1526 1529 1675 1566 λεκτέων
1696 1529 1751 1566 ἐπὶ
1772 1528 1832 1571 τὰς
1860 1528 2019 1571 τοιαύτας
2043 1531 2111 1565 τῶν
2130 1529 2268 1579 χωρίων

1287 1487 1349 1510 ¹20.

1233 1588 1291 1625 καὶ
1309 1588 1440 1639 ἄντρων
1462 1587 1644 1639 ἐκφράσεις
1662 1587 1866 1636 τρέπονται,
1884 1587 1941 1623 καὶ
1959 1586 2087 1624 ὁπόταν
2109 1589 2140 1629 ἐς
2154 1586 2267 1624 πολλὰ

1232 1647 1290 1684 καὶ
1312 1645 1447 1696 μεγάλα
1462 1645 1654 1696 πράγματα
1669 1645 1879 1694 ἐμπέσωσιν,
1899 1644 2049 1682 ἐοίκασιν
2063 1644 2178 1695 οἰκέτῃ
2196 1659 2269 1682 νεο-

1232 1703 1391 1754 πλούτῳ,
1414 1703 1492 1754 ὀίρτι
1523 1703 1821 1754 κληρονομήσαντι
1844 1707 1904 1740 τοῦ
1936 1703 2119 1750 δεσπότου,
2140 1703 2174 1746 ὃς
2193 1703 2269 1741 οὔτε

1232 1758 1292 1805 τὴν
1312 1762 1439 1807 ἐσθῆτα
1457 1755 1546 1799 οἶδεν
1570 1763 1615 1804 ὡς
1633 1760 1701 1813 χρὴ
1721 1759 1971 1812 περιὸαλέσθαι
1991 1760 2067 1798 οὔτε
2088 1762 2270 1808 δειπνῆσαι

1233 1818 1323 1856 κατὰ
1343 1820 1461 1869 νόμον,
1497 1819 1573 1857 ἀλλ’
1595 1819 1824 1869 ἐμπηδήσας,
1855 1820 2022 1862 πολλάκις
2042 1819 2184 1871 ὀρνίδων
2207 1820 2268 1856 καὶ

1235 1876 1355 1914 συείων
1399 1877 1458 1915 καὶ
1486 1876 1633 1930 λαγῴων
1671 1877 1921 1929 προκειμένων,
1963 1877 2269 1929 ὑπερεμπίπλαται

1234 1934 1345 1978 ἔτνους
1364 1935 1452 1986 τινὸς
1480 1935 1502 1981 ἢ
1535 1935 1722 1987 ταρίχους,
1758 1934 1824 1973 ἔστ’
1856 1935 1897 1973 ἂν
1929 1936 2100 1988 διαρραγῇ
2132 1936 2268 1974 ἐσθίων.

1234 1988 1342 2036 Οῧτος
1360 1994 1389 2030 δ’
1411 1988 1483 2044 οὖν,
1506 1993 1541 2032 δν
1569 1999 1749 2046 προεῖπον,
1779 1993 1839 2032 καὶ
1860 1993 2046 2045 τραύματα
2077 1994 2270 2047 συνέγραψε

135 2100 240 2139 riodo,
262 2102 504 2140 interrogatione
524 2110 684 2141 aggressus
697 2104 744 2132 est
763 2102 896 2132 lectores
915 2110 1006 2140 suos,
1028 2101 1169 2132 studuit-

134 2160 196 2190 que
214 2152 474 2191 sapientissimam
490 2153 644 2183 rationem
667 2152 850 2190 ostendere,
864 2153 967 2183 solum
985 2161 1098 2191 nempe
1119 2160 1170 2183 sa-

136 2203 273 2241 pientem
287 2203 397 2234 decere
411 2204 576 2235 historiam
590 2204 738 2234 scribere.
754 2203 873 2234 Deinde
888 2203 994 2243 paullo
1011 2204 1080 2243 post
1093 2203 1170 2234 alius

133 2254 349 2293 syllogismus,
365 2263 440 2285 mox
454 2255 553 2293 alius;
568 2264 663 2285 omne
680 2254 816 2294 denique
831 2254 996 2285 exordium
1013 2263 1067 2294 per
1083 2263 1171 2294 quae-

134 2305 250 2335 stiones
274 2305 480 2344 syllogisticas
505 2306 537 2336 in
556 2306 642 2336 omni
665 2306 764 2345 figura
783 2305 937 2344 digestum
956 2307 1034 2336 erat.
1052 2305 1168 2336 Adula-

135 2356 210 2386 tioni
228 2364 327 2395 usque
341 2356 378 2386 ad
394 2365 542 2387 nauseam
561 2356 743 2394 studuerat;
760 2356 869 2387 laudes
889 2356 1078 2395 importunae.
1091 2365 1169 2396 qua-

136 2407 245 2445 lesque
270 2415 309 2437 ne
335 2415 474 2437 scurram
499 2407 627 2446 quidem
647 2407 813 2446 decerent;
839 2416 1024 2446 quanquam
1047 2416 1086 2437 ne
1109 2407 1170 2437 illae

134 2457 262 2496 quidem
275 2458 461 2497 syllogismis
475 2461 636 2498 experte&
656 2459 710 2490 sed
727 2459 764 2489 ad
782 2459 1023 2497 argumentandi
1039 2459 1169 2489 conclu-

134 2509 291 2548 dendique
308 2511 390 2548 leges
404 2510 463 2541 rite
476 2512 508 2541 et
522 2511 595 2549 ipsae
609 2511 802 2550 compositae.
819 2513 939 2542 Verum
954 2511 1031 2542 illud
1044 2520 1170 2550 quoque

135 2559 367 2598 putidissimum
392 2561 466 2591 mihi
492 2561 595 2592 visum
618 2563 684 2599 est,
708 2563 739 2592 et
764 2561 849 2601 quod
872 2562 1002 2592 minime
1028 2562 1171 2593 decuerit

136 2611 355 2650 philosophum
382 2613 574 2652 barbamque
598 2622 708 2643 canam
729 2616 761 2643 et
792 2614 999 2652 promissam,
1029 2613 1113 2653 quod
1139 2614 1170 2644 in

135 2661 264 2692 exordio
281 2663 430 2693 eximium
448 2663 522 2693 illud
539 2664 668 2702 principi
683 2666 790 2694 nostro
809 2663 957 2694 accidisse
971 2664 1069 2701 dixit,
1086 2665 1169 2703 quod

137 2722 184 2742 res
202 2713 269 2751 ejus
290 2715 390 2751 gestas
403 2714 468 2752 jam
498 2714 672 2754 philosophi
692 2724 818 2754 quoque
842 2715 1040 2746 conscribere
1062 2715 1169 2755 digna-

137 2767 257 2796 rentur.
284 2766 359 2796 Tale
381 2766 454 2805 quid
477 2767 578 2805 enim,
596 2767 619 2797 si
646 2768 740 2797 modo
763 2776 837 2798 vere
859 2767 919 2797 dici
940 2768 1058 2807 potuit,
1081 2768 1171 2798 nobis

137 2817 240 2855 potius
261 2817 504 2847 existimandum
526 2818 700 2858 relinquere
716 2828 812 2858 quam
829 2819 928 2858 ipsum
951 2818 1055 2850 dicere
1073 2828 1167 2859 opor-

137 2867 233 2898 trbat.

640 2925 674 2955 5.

177 2978 285 3015 Neque
303 2977 383 3007 illius
400 2977 616 3008 immemorem
632 2988 697 3009 esse
716 2979 760 3009 sas
773 2979 833 3018 sit,
856 2980 910 3019 qui
925 2980 978 3010 tali
994 2980 1082 3011 initio
1096 2989 1170 3012 usus

135 3030 183 3057 est
204 3040 209 3058 ι
241 3029 338 3058 renio
364 3028 520 3059 (Ποίαν-115
547 3029 587 3059 (le
617 3032 774 3060 [immanis
800 3033 832 3061 ec
856 3033 982 3070 Persis,
1009 3034 1040 3062 et
1065 3032 1169 3070 paullo

136 3080 205 3117 post
219 3091 225 3108 :
243 3077 386 3109 vehebat
398 3081 487 3109 enim
504 3081 614 3109 Persis
627 3081 715 3110 male
726 3084 871 3117 evenire,
885 3083 915 3112 et
931 3091 1039 3112 rursus
1055 3095 1061 3112 :
1080 3085 1168 3113 Erat

140 3132 270 3165 (λι-νοω,
285 3138 384 3168 quem
403 3132 511 3161 erci
530 3131 708 3169 (llyrhoen
727 3134 886 3169 roc-itant,
904 3135 933 3163 et
952 3133 1012 3163 alia
1029 3133 1056 3163 id
1072 3142 1169 3171 genus

137 3179 246 3209 muita.
267 3179 377 3209 Viden*
392 3181 404 3209 Ρ
418 3181 594 3211 simillimus
610 3181 658 3211 hic
680 3182 720 3211 illi
740 3182 1169 3221 (111·11111151·ς1111111)111111111-

137 3231 321 3267 1·1ιιιιιο.51);
338 3231 393 3260 nisi
409 3231 492 3269 quod
509 3231 770 3271 is'l‘liurydidem,
787 3234 835 3263 hic
849 3237 956 3264 autem
972 3235 1165 3266 llcrodotum

137 3282 371 3320 ‹piaiiimaxime
387 3282 550 3313 rel‘crcbat.

632 3341 664 3369 ti.

177 3389 284 3427 Alius,
309 3390 361 3429 qui
390 3391 469 3420 sauia
494 3391 668 3423 rel-:iuratus
692 3393 769 3422 esi—et
791 3392 831 3421 ⁴*h
854 3392 974 3422 dicendi
1002 3394 1163 3432 peritiam,

1232 2102 1411 2142 Thucydidi
1422 2105 1454 2134 et
1469 2104 1535 2143 ipse
1549 2104 1597 2134 vel
1613 2112 1668 2143 par
1680 2105 1730 2135 vel
1744 2104 1854 2144 paullo
1866 2104 2023 2144 superior,
2038 2103 2152 2144 oppida
2164 2103 2271 2135 omnia

1230 2162 1403 2193 omnesque
1420 2157 1545 2186 montes
1557 2178 1565 2193 ,
1585 2163 1731 2195 campos,
1750 2155 1864 2186 ssuvios
1881 2155 2090 2195 descripserat
2102 2154 2271 2186 accuratis·

1230 2206 1308 2237 sime
1326 2208 1356 2237 et
1370 2207 1573 2247 gravissime,
1589 2209 1625 2239 ut
1640 2208 1699 2239 sibi
1715 2208 1844 2247 quidem
1867 2207 2053 2246 videbatur;
2068 2207 2098 2238 id
2122 2216 2197 2238 vero
2212 2207 2271 2238 ho-

1230 2258 1326 2288 stium
1341 2259 1372 2289 in
1386 2259 1488 2298 capita
1502 2263 1705 2290 Averruncus
1718 2260 1904 2290 convertat!
1921 2260 2048 2290 tantum
2061 2250 2162 2290 inerat
2175 2258 2272 2298 frigus

1230 2309 1360 2348 Caspica
1374 2310 1446 2341 nive
1460 2311 1491 2341 et
1504 2309 1602 2349 glacie
1617 2310 1736 2342 Celtica
1753 2309 1982 2341 vehementius.
2005 2309 2057 2341 Sic
2073 2309 2175 2349 clypei
2199 2311 2269 2341 Veri

1236 2362 1442 2400 Imperatoris
1465 2361 1708 2402 descriptionem
1728 2370 1793 2392 uno
1817 2362 1979 2393 volumine
1998 2362 2053 2393 vix
2072 2362 2268 2400 absolverat,

1230 2412 1334 2451 qualis
1349 2414 1455 2451 Gorgo
1475 2413 1506 2443 in
1525 2413 1677 2444 umbilico
1690 2437 1698 2452 ,
1719 2413 1849 2452 ejusque
1865 2413 1949 2444 oculi
1970 2421 1986 2444 e
2000 2414 2136 2445 caeruleo
2152 2416 2183 2444 et
2199 2413 2271 2444 albo

1230 2464 1381 2503 nigroque
1406 2465 1592 2503 compositi,
1615 2465 1740 2496 balteus
1767 2467 1873 2496 autem
1899 2465 1986 2496 iridis
2014 2465 2119 2496 colore
2144 2465 2272 2505 insignis

1230 2514 1443 2554 draconesque
1461 2524 1515 2555 per
1527 2516 1627 2555 spiras
1643 2518 1674 2547 et
1691 2516 1852 2547 cincinnos
1867 2516 1985 2547 intorti.
2000 2516 2147 2555 Vologesi
2162 2519 2269 2550 autem

1233 2566 1444 2598 Parthorum
1462 2569 1550 2606 reqis
1576 2568 1699 2599 braccae
1722 2568 1835 2608 equive
1860 2568 2003 2607 frenum,
2024 2568 2176 2600 Hercules
2191 2570 2271 2609 quot

1231 2627 1380 2648 versuum
1397 2618 1494 2649 millia
1506 2619 1633 2649 illorum
1647 2619 1901 2658 unumquodque
1914 2619 2098 2659 occupavit!
2117 2621 2149 2650 et
2162 2620 2271 2659 quales

1232 2669 1290 2700 visi
1305 2669 1367 2699 sint
1385 2669 1492 2700 Osrois
1508 2670 1631 2709 capilli,
1658 2679 1760 2709 quum
1783 2670 1888 2708 Tigrin
1912 2670 1964 2701 ille
1986 2672 2218 2710 transnataret,
2237 2673 2270 2703 et

1231 2721 1261 2750 in
1281 2721 1375 2760 quale
1388 2730 1500 2760 specus
1515 2722 1689 2759 contugerit
1710 2721 1823 2752 hedera
1838 2723 2007 2761 myrtoque
2023 2723 2054 2753 et
2077 2721 2165 2753 lauro
2182 2721 2268 2753 obsi-

1230 2773 1299 2802 tum
1311 2796 1318 2808 ‚
1336 2781 1408 2811 quae
1421 2781 1522 2811 quum
1540 2772 1571 2802 in
1586 2781 1683 2802 unum
1698 2772 1909 2810 coaluissent,
1926 2772 2135 2803 umbram-illi
2152 2772 2267 2804 densis·

1229 2823 1341 2852 simam
1359 2822 1554 2853 inducerent.
1575 2825 1647 2853 sam
1672 2823 1747 2853 mihi
1765 2822 1852 2861 ride,
1869 2831 1965 2862 quam
1979 2823 2033 2854 illa
2055 2823 2193 2855 historiae
2215 2832 2267 2855 ne·

1231 2875 1380 2913 cessaria3
1404 2884 1476 2914 quau
1503 2875 1560 2905 11151
1587 2875 1821 2906 accuratissime
1843 2875 2008 2914 descriptae
2033 2877 2161 2914 essent,
2189 2875 2265 2907 nihil

1229 2927 1402 2966 quidquam
1421 2936 1584 2958 nossemus
1597 2937 1707 2958 eorum
1727 2936 1799 2967 quae
1819 2927 1882 2958 illic
1895 2930 1979 2966 gesta
1993 2928 2079 2958 sunt.

1270 2982 1349 3011 Nam
1363 2989 1461 3019 quum
1480 2980 1701 3011 imbecilliores
1715 2980 1796 3018 sint,
1816 2989 1912 3019 quam
1933 2981 1968 3010 ut
1989 2980 2077 3011 utilia
2100 2981 2185 3012 recte
2201 2980 2265 3011 tra-

1229 3034 1314 3062 ctare
1327 3034 1465 3071 queant,
1484 3041 1543 3063 nec
1563 3040 1599 3063 ea
1619 3041 1692 3072 qufss
1715 3033 1860 3072 oporteat
1885 3032 1966 3071 dici,
1981 3032 2104 3071 norint,
2121 3032 2160 3063 ad
2182 3032 2265 3071 eJus-

1230 3084 1313 3115 modi
1337 3093 1402 3115 sese
1427 3085 1548 3115 situum
1572 3087 1799 3124 antrorumque
1816 3084 2041 3124 descriptiones
2057 3085 2262 3116 convertunt.

1229 3139 1289 3172 Qui
1312 3137 1336 3168 si
1354 3137 1482 3176 quando
1508 3137 1539 3168 in
1561 3146 1690 3177 magnas
1708 3146 1757 3168 res
1779 3137 1897 3168 multas
1918 3138 2046 3176 repente
2067 3136 2263 3174 inciderunt,

1228 3190 1344 3221 similes
1358 3200 1390 3221 se,
1408 3191 1559 3229 praestant
1580 3199 1690 3228 servo,
1705 3189 1744 3221 ad
1764 3198 1860 3229 quem
1878 3188 1971 3220 modo
1988 3188 2145 3220 hereditas
2165 3198 2184 3220 a
2209 3188 2264 3220 do-

1229 3241 1314 3271 mino
1329 3241 1438 3279 rediit,
1454 3241 1636 3272 divitiarum
1651 3241 1754 3272 adbuc
1768 3242 1890 3271 insueto
1900 3263 1909 3278 ,
1923 3241 1976 3279 qui
1991 3247 2049 3270 nec
2063 3241 2182 3271 vestem
2205 3247 2262 3270 no-

1231 3292 1271 3322 111
1287 3292 1559 3331 quemadmodum
1574 3292 1702 3330 injicere
1714 3293 1878 3331 oporteat,
1892 3299 1951 3321 nec
1963 3290 2069 3321 cibum
2083 3290 2141 3321 scit
2154 3297 2263 3329 capere

1229 3343 1286 3373 rite
1303 3347 1333 3374 et
1356 3354 1395 3374 ex
1412 3344 1540 3380 ordine,
1555 3344 1607 3373 sed
1625 3353 1726 3382 sirpe,
1752 3343 1868 3374 relictis
1880 3367 1888 3381 ,
1903 3343 1927 3373 si
1942 3352 2013 3382 quae
2027 3343 2175 3382 apposiloe
2188 3341 2261 3373 sunt

1228 3395 1315 3425 alites
1330 3405 1500 3435 carnesque
1517 3396 1617 3426 suilla·
1629 3396 1677 3427 xci
1694 3395 1858 3435 leporinw,
1874 3396 1902 3425 111
1921 3395 2118 3434 pulmentum
2133 3391 2259 3433 aliquod
