2289 3728
914 168 1234 206 FRAGMENTA.
2062 182 2108 213 83

0 248 135 295 justum
156 249 372 294 plerun‘ique
388 249 500 281 secuti
521 248 637 283 51111...
666 247 803 282 Deinde
823 249 850 280 si
872 248 1029 292 Quintus

1 312 123 340 noster
150 306 283 340 Fabius
312 317 428 352 graece
459 306 626 352 scripsit,
656 305 760 339 facilc
793 306 1027 352 perspicitur,

2 376 68 397 cur
86 375 153 410 per
182 363 311 397 talenta
334 360 431 411 (Liv.
454 364 488 407 I,
511 360 578 409 55)
596 364 787 409 pecuniam
813 364 1029 406 numerarit,

1 421 203 466 asseratque
232 432 348 454 annos
376 420 650 466 Olympiadum.
680 421 798 454 Porro
834 421 1031 466 Dionysius

2 478 37 519 I,
58 477 80 510 (i
101 484 268 511 auctores
284 489 367 510 suos
382 477 592 518 nominans,
611 476 675 511 sed
692 488 753 511 005
770 477 1027 519 solummodo,

2 535 66 580 qui
79 535 189 569 latine
201 535 431 580 scripserant,
446 540 633 567 auctorem
647 533 736 567 dicit
748 534 900 568 Fabium
915 534 1026 567 Maxi·

1 605 122 635 mum,
142 605 219 625 non
244 592 424 636 Quintum
444 590 598 625 Fabium
622 592 806 626 Pictorem
826 592 1029 637 semi-grm-

1 662 98 684 011111.
115 649 353 683 Recentiores
366 660 455 682 vero
468 648 592 691 Fabii,
608 649 665 682 vel
685 650 840 683 Pictoris
852 649 907 683 vel
923 649 1027 684 Fabii

2 707 155 741 Pictoris
172 706 374 752 fragmenta
397 705 443 740 ad
466 707 644 750 Quintum
667 706 822 740 Fabium
847 707 1030 741 Pictorem

2 765 123 798 omnia
144 764 366 806 retulerunt,
381 775 455 796 non
477 764 551 797 nlla
571 762 618 797 de
635 776 740 797 causa
757 764 823 798 alia
842 765 909 798 nisi
927 763 1031 809 quod

1 822 78 855 sine
94 821 209 855 dnbio
223 821 473 855 nobilissimus
488 821 547 855 ille
562 821 756 855 historicus
772 821 1033 869 intelligendus

2 886 103 916 esset.
119 881 172 913 Ita
191 891 280 913 vero
297 879 504 913 ratiocinati
522 879 637 912 varias
654 885 688 912 et
708 879 804 913 inter
817 891 890 913 sese
909 879 1031 913 diver-

2 949 55 971 sas
75 936 301 981 conjecturas
314 936 570 982 protulerunt,
587 949 700 970 unum
722 937 922 971 alterumve
938 938 1033 971 testi-

4 994 168 1027 monium
189 1000 356 1027 veterum
377 1000 417 1026 ut
434 993 599 1038 ineptum
612 992 816 1037 rejicientes
827 1021 836 1036 ,
852 995 909 1027 vel
924 995 1033 1028 mira-

4 1050 92 1085 bilia
115 1051 223 1084 etiam
242 1051 288 1084 ‚in
316 1050 434 1084 lucem
462 1050 705 1096 proferentes.
736 1052 784 1085 At
814 1052 894 1096 quis
912 1063 1033 1097 quaeso

5 1115 170 1143 veterum
184 1107 361 1153 Quintum
378 1107 533 1142 Fabium
550 1108 750 1142 Fabiorum
767 1109 1034 1142 nobilissimum

4 1166 221 1212 scriptorem
241 1164 356 1199 dixit?
383 1165 533 1199 Utinam
555 1164 756 1198 nobilitatis
779 1164 889 1209 hujus
920 1178 1034 1213 argu-

4 1229 125 1257 menta
158 1223 379 1257 attulissent!
403 1222 549 1256 Scilicet
577 1222 700 1255 omnia
717 1222 763 1256 ad
792 1223 889 1256 hune
918 1236 1034 1257 unum

4 1279 243 1314 referentibus
271 1279 466 1314 videbatur
492 1291 566 1313 esse
592 1280 807 1326 pernobilis.
841 1280 916 1315 Nec
945 1293 1034 1315 vcro

4 1337 140 1372 Gellius
153 1365 161 1380 ‚
182 1338 245 1384 qui
257 1339 299 1380 V,
320 1341 339 1378 4
357 1337 460 1371 Fabii
476 1337 623 1371 annales
635 1337 742 1371 bonae
762 1345 872 1383 atquc
887 1339 1034 1372 sincerae

6 1396 191 1429 vetustatis
219 1395 334 1428 libros
366 1401 496 1437 vocet,
526 1406 677 1428 movere
706 1407 773 1429 nos
801 1397 939 1441 poterit
952 1423 960 1439 ,
996 1404 1036 1430 ut:

5 1453 183 1498 Quintum
199 1453 354 1487 Fabium
369 1452 659 1498 antiquissimum
675 1454 894 1500 scriptorem
911 1455 1037 1489 intelli-

5 1523 152 1556 gamus,
187 1511 500 1556 clarissimumque
530 1516 719 1557 putemus,
753 1523 869 1557 quum
902 1512 1035 1546 eodem

5 1568 120 1602 ferme
156 1568 307 1602 nomine
342 1568 388 1601 ab
424 1567 556 1602 eodem
588 1575 739 1602 auctore
778 1569 1037 1604 collaudentur

5 1627 160 1670 Quintus
173 1625 346 1660 Claudius
360 1625 442 1672 (IX,
459 1638 472 1659 1
483 1623 516 1673 3)
536 1627 744 1672 Luciusque
760 1627 840 1661 Piso
856 1626 938 1674 (XI,
961 1628 1034 1676 14).

6 1685 179 1719 Similiter
193 1691 311 1719 autem
327 1685 541 1719 recentiores
550 1684 593 1719 de
608 1685 819 1732 fragmentis
830 1698 910 1732 quae
922 1687 1037 1721 Cincii

6 1755 143 1777 nomen
156 1742 312 1785 habent,
331 1742 557 1788 judicarunt.
577 1744 746 1789 Denique
763 1744 838 1777 haee
857 1743 902 1778 de
917 1745 1038 1779 Fabiis

6 1801 184 1834 sententia
202 1807 327 1834 nostra
351 1799 458 1833 valde
477 1812 513 1834 se
534 1799 616 1834 ideo
646 1800 902 1843 commendat,
936 1802 1038 1847 quod

7 1858 123 1903 posita
139 1869 180 1891 ea
198 1857 290 1890 nulli
307 1863 473 1891 veterum
494 1857 700 1891 testimonio
715 1856 805 1891 fides
822 1857 1036 1904 derogatur,

7 1925 75 1948 nec
95 1926 199 1947 11ονεο
224 1921 259 1948 01
282 1913 454 1947 inauditae
473 1926 530 1948 res
555 1914 810 1962 proferuntur.
838 1915 1039 1961 Omnisque

9 1972 159 2005 omnino
173 1972 245 2006 1100
259 1971 374 2005 modo
392 1972 568 2006 dilabitur
586 1970 801 2015 difficultas,
819 1973 887 2007 nisi
902 1973 1039 2019 quibus

8 2028 129 2063 Fabiis
152 2041 270 2075 pauca
288 2028 458 2075 quaedam
477 2029 679 2076 fragmenta
700 2037 799 2064 recte
819 2030 1037 2068 tribuamus.

8 2086 171 2120 Dubium
189 2093 311 2121 tamen
339 2087 430 2120 mihi
452 2099 529 2120 non
551 2094 622 2130 est,
645 2088 735 2133 quin
764 2089 899 2133 Quinto
926 2090 1040 2123 Fabio

10 2145 146 2178 Pictor-1·
161 2156 202 2178 ea
215 2144 285 2178 sint
303 2143 539 2188 vindicanda,
558 2157 638 2190 quae
655 2146 829 2179 exhibent
849 2147 1037 2192 Polybius,

9 2202 150 2246 Livius,
164 2202 378 2248 Dionysius,
396 2203 623 2246 Plutarchus,
640 2203 854 2249 Eutropius,
874 2204 1037 2248 Orosius,

11 2260 157 2294 Solinus
172 2267 208 2295 et
225 2261 414 2307 Syncellus
431 2260 475 2294 de
491 2272 588 2294 anno
608 2261 708 2294 urbis
727 2260 886 2295 conditae
907 2261 1036 2308 dispu—

11 2325 100 2355 tans.
124 2318 183 2353 Ad
212 2318 372 2352 Servium
395 2319 551 2352 Fabium
580 2320 761 2353 Pictorem
790 2318 933 2362 refero,
959 2332 1040 2365 quae

11 2376 208 2410 laudantur
223 2389 243 2411 a
257 2376 525 2421 Quinctiliano,
544 2376 679 2423 Gellio,
694 2376 899 2419 Macrobio,
917 2378 1038 2420 Festo,

11 2435 153 2477 Nonio,
184 2435 311 2469 Servio
341 2434 387 2468 ad
411 2434 547 2480 Georg.
577 2435 612 2477 I,
637 2446 697 2470 21.
725 2436 834 2469 Hunc
863 2434 1042 2482 significat

13 2493 121 2526 etiam
148 2492 276 2526 Cicero
301 2493 354 2526 De
377 2498 526 2526 oratore
545 2492 600 2536 II,
628 2504 670 2526 12
695 2492 771 2535 bis,
793 2499 829 2526 et
859 2494 914 2527 De
945 2494 1039 2540 legg.

12 2551 43 2594 Ι,
66 2561 103 2585 2.
123 2549 341 2595 Quanquam
358 2560 440 2595 (111εο
456 2550 592 2584 Gellius
609 2548 667 2597 (V,
690 2550 730 2597 4)
746 2550 893 2585 exhibet
907 2562 950 2585 ex
967 2554 1043 2585 An-

12 2608 155 2642 nalibus
166 2634 175 2651 ,
190 2620 305 2653 quum
321 2607 475 2642 Fabium
489 2608 703 2653 simpliciter
719 2614 905 2643 auctorem
923 2610 1042 2643 nomi-

14 2672 95 2707 net,
132 2665 237 2699 facile
268 2665 376 2699 etiam
405 2665 452 2699 ad
483 2666 637 2700 Fabium
671 2667 872 2700 Maximum
906 2667 1044 2702 referre

14 2724 139 2769 possis.
156 2724 250 2757 Tum
265 2735 344 2768 quae
364 2722 522 2756 afferunt
537 2724 688 2767 Strabo,
706 2723 913 2767 Diodorus,
932 2726 1043 2759 Nico-

15 2781 92 2815 laus
105 2783 361 2823 Damascenus,
376 2781 524 2823 Plinius,
538 2781 684 2815 Servius
695 2781 733 2814 in
747 2782 832 2818 AEn.
850 2783 935 2822 XII,
956 2782 1043 2826 603,

16 2839 220 2886 Arnobius,
233 2837 381 2884 Suidas,
394 2837 584 2883 Synccllus
594 2838 709 2872 altero
721 2839 819 2881 1000,
841 2845 1043 2885 auctorque

17 2896 101 2930 libri
129 2898 184 2930 De
213 2896 356 2942 origine
383 2895 501 2941 gentis
532 2896 728 2942 Romame,
760 2896 818 2929 eui
848 2897 1044 2931 tribuenda

17 2954 106 2999 sint,
119 2954 208 2987 nolo
221 2953 430 2987 discernere
441 2979 450 2994 ,
466 2954 632 2998 quamvis
642 2954 756 2986 sinon
768 2954 941 2988 omnibus
951 2955 1021 2988 illis
1031 2982 1039 2997 ‚

19 3018 54 3045 at
75 3011 257 3057 plerisque
278 3011 365 3044 locis
384 3010 558 3055 Quintum
580 3011 733 3045 Fabium
762 3011 1043 3058 intelligendum

18 3069 189 3114 suspicer.
202 3070 376 3102 Numerio
393 3068 507 3101 Fabio
526 3068 659 3101 Pictori
675 3080 789 3101 unum
804 3068 926 3101 locum
942 3069 1040 3103 Cice-

18 3127 215 3160 ronianum
231 3126 354 3159 tribuo
369 3127 423 3159 De
441 3126 534 3172 legg.
552 3126 581 3167 Ι,
595 3138 635 3158 21
650 3152 656 3158 .
674 3124 814 3170 Quarto
832 3126 914 3159 loco
931 3127 1043 3170 Qm'n-

21 3192 74 3217 tus
93 3185 127 3217 F
125 3184 228 3217 absus
241 3184 430 3217 [Maximus
445 3183 667 3216 Serviliam&
681 3182 848 3228 pontifex
868 3195 890 3217 a
904 3183 1043 3227 Servio,

518 3295 549 3326 1.

63 3347 155 3384 Quod
173 3348 283 3379 attinet
298 3348 335 3378 ad
355 3348 434 3378 tilios
447 3357 485 3378 ex
513 3348 565 3378 nia
586 3349 692 3386 natos,
712 3348 848 3384 Quintus
868 3348 979 3379 Fabius
995 3351 1048 3388 qui

1092 251 1300 297 Macrobio,
1327 254 1507 288 l’risciano
1526 258 1609 289 satis
1630 256 1762 290 diserte
1783 257 1926 290 citatur.
1955 259 2119 303 Denique

1094 308 1249 341 Fabium
1278 317 1559 352 grmmmusctmt
1584 314 1623 359 (Ρ)
1654 314 1818 360 intelligo
1842 314 1939 360 apud
1961 317 2118 350 Victori-

1091 375 1179 396 num
1203 363 1274 408 (l'r.
1307 365 1564 412 31)...111·51111
1584 378 1624 403 111
1645 371 1843 404 (licendum
1873 372 1913 404 sit
1935 372 1981 405 (lc
2004 373 2119 406 bisto-

1092 420 1156 453 rici
1191 422 1307 455 nostri
1335 427 1565 460 auctoritate.
1599 426 1721 462 Livius
1743 441 1824 463 eum
1856 431 1900 464 ita
1937 431 2118 464 interdum

1092 486 1281 512 auctorem
1310 481 1475 527 exbibet,
1506 491 1541 516 ut
1576 488 1765 531 permagni
1800 487 1916 521 facere
1952 488 2120 522 videatur

1095 534 1161 582 (cf.
1181 535 1226 571 fr.
1249 536 1305 570 16.
1333 538 1407 582 11)).
1426 540 1601 585 Dionysio
1619 548 1703 575 teste
1718 544 1842 588 plures
1858 546 1957 578 illum
1977 547 2119 592 antiqui

1092 592 1256 626 historici
1274 595 1386 627 secuti
1408 603 1492 629 sunt
1506 624 1514 640 ,
1537 599 1599 642 qui
1620 598 1700 632 fidei
1723 603 1871 635 nomine
1891 602 1935 636 ab
1957 603 2040 648 ipsis
2056 616 2122 637 ve-

1095 650 1231 684 teribus
1257 652 1386 697 ssepius
1413 653 1648 688 celebrantur
1683 656 1742 702 (v.
1770 658 1814 693 fr.
1841 657 1894 706 1).
1926 661 2008 705 lpse
2032 673 2119 694 vero

1094 708 1289 754 Dionysius
1309 710 1495 743 interdum
1512 710 1588 754 ejus
1604 711 1713 746 fidem
1733 717 1952 763 exprobrat,
1971 724 2010 750 111
2030 717 2074 752 sr.
2100 718 2121 751 8

1094 771 1129 798 et
1162 777 1180 809 7
1198 793 1207 811 ,
1233 767 1296 800 ubi
1321 768 1560 813 reprehendit
1586 766 1624 802 τὸ
1656 767 1802 819 ῥᾴθυμον
1829 773 1930 807 αὐτοῦ
1960 773 2038 823 περὶ
2061 774 2122 818 τὴν

1095 820 1244 863 ἐξέτασιν
1274 824 1340 858 τῶν
1366 822 1508 873 χρόνων.
1532 827 1619 859 Aliis
1648 833 1769 861 tamen
1800 830 1834 862 111
1860 831 1948 863 loeis
1977 835 2124 866 summis

1096 880 1265 915 laudibus
1281 881 1403 928 effert,
1423 889 1462 916 ut
1478 882 1520 918 sr.
1547 896 1603 917 11.
1624 885 1759 919 Contra
1778 886 1952 932 Polybius
1972 888 2037 937 (fr.
2062 890 2119 924 15.

1101 937 1158 971 16.
1185 938 1247 984 18)
1266 939 1372 973 valde
1392 940 1426 972 in
1445 952 1527 973 cum
1555 941 1753 977 invehitur.
1775 944 2012 979 Recentiorcs
2037 959 2123 979 vero

1096 995 1209 1029 modo
1227 997 1341 1030 Fabio
1362 997 1475 1030 1110110
1500 998 1656 1044 Pulybio
1678 1000 1797 1045 longis
1818 1000 2125 1046 disputationibus

1096 1052 1205 1088 fldem
1236 1054 1480 1101 deroganteS,
1516 1056 1690 1090 vitientur
1720 1058 1808 1091 mihi
1841 1057 1984 1102 fluctus,
2019 1062 2121 1106 quod

1096 1111 1215 1154 aiunt,
1248 1111 1285 1144 in
1308 1113 1466 1158 simpulo
1500 1114 1685 1151 excitasse.
1717 1115 1775 1148 Ab
1804 1127 1933 1149 errore
1963 1118 2059 1150 enim
2091 1131 2127 1152 se

1097 1168 1258 1202 alienum
1279 1182 1352 1204 0550
1375 1183 1483 1205 nemo
1505 1171 1728 1215 contendet3
1748 1173 1924 1219 Polybius
1944 1182 2065 1209 antem
2086 1184 2127 1210 nt

1098 1226 1134 1258 in
1154 1227 1230 1260 aliis
1250 1227 1381 1274 rebus,
1410 1229 1457 1262 ita
1478 1229 1588 1263 ctiam
1608 1230 1644 1263 in
1665 1231 1887 1276 scriptorum
1908 1234 2128 1267 auctoritate

1096 1283 1339 1329 ponderanda
1370 1292 1405 1319 ct
1437 1287 1678 1321 examinanda
1706 1289 1814 1321 nimis
1846 1301 1990 1324 severus
2014 1290 2128 1335 judex

1098 1348 1169 1384 est,
1189 1342 1418 1389 omninoque
1435 1356 1512 1377 non
1537 1345 1612 1379 51110
1633 1345 1759 1392 aliquo
1781 1346 1965 1381 lectorum
1984 1348 2128 1383 fastidio

1098 1399 1136 1431 in
1154 1399 1246 1432 tritis
1264 1411 1304 1433 ac
1324 1401 1539 1446 vulgaribus
1555 1402 1901 1437 ratiocinationibus
1918 1412 1951 1439 et
1968 1407 2131 1440 auctori-

1098 1455 1165 1489 bus
1186 1456 1498 1502 reprehendendis
1528 1461 1752 1494 commorari
1782 1461 1887 1496 solet.
1909 1462 1981 1496 Sed
2010 1470 2131 1498 tamen

1100 1514 1288 1561 omnium,
1320 1527 1412 1560 quos
1442 1514 1530 1550 fidei
1551 1517 1703 1551 nomine
1729 1518 1988 1566 reprehendit,
2016 1521 2130 1555 Fabio

1098 1571 1254 1606 maxime
1273 1573 1452 1619 pepercit.
1476 1574 1567 1608 Nam
1589 1573 1632 1607 fr.
1656 1573 1699 1608 15
1723 1574 1770 1609 de
1791 1576 1905 1610 Fabio
1928 1584 1963 1610 et
1984 1578 2129 1612 Philino

1100 1627 1236 1662 fatetur
1261 1641 1268 1662 :
1292 1627 1429 1670 ἑκόντας
1459 1628 1519 1676 μὲν
1540 1623 1596 1665 οὖν
1625 1631 1786 1680 ἐψεῦσθαι
1814 1630 1891 1673 τοὺς
1918 1632 2040 1683 ἄνδρας
2069 1634 2133 1684 οὐχ

1102 1683 1356 1731 ὑπολαμὸάνω.
1396 1689 1491 1721 Tum
1522 1688 1677 1723 Fabium
1710 1690 1762 1723 ait
1790 1689 1836 1724 de
1866 1691 1962 1728 bello
1992 1694 2132 1727 Punico

1099 1743 1221 1788 primo
1238 1744 1359 1778 videri
1380 1743 1613 1794 ἐμπειρότατα
1638 1747 1819 1793 scripsisse
1833 1775 1842 1791 ,
1866 1761 2035 1795 saepeque
2066 1753 2132 1785 etsi

1100 1812 1176 1833 non
1194 1800 1344 1847 fatetur,
1365 1801 1441 1846 ejus
1458 1804 1691 1849 potissimum
1711 1806 1931 1841 auctoritate
1952 1807 2049 1841 nisus
2066 1816 2130 1844 est.

1100 1857 1318 1903 Negandum
1343 1865 1465 1893 tamen
1487 1873 1562 1894 non
1582 1868 1655 1903 est,
1678 1861 1716 1895 id
1738 1863 1840 1908 quod
1868 1865 2038 1899 Romano
2062 1866 2134 1900 110-

1101 1915 1188 1949 mini
1203 1917 1308 1962 eique
1318 1918 1473 1963 patricio
1486 1931 1561 1952 non
1573 1931 1800 1966 magnopere
1812 1922 1984 1968 imputari
1999 1925 2106 1958 velim
2121 1952 2130 1967 ‚

1101 1985 1227 2008 amore
1241 1985 1326 2007 cuin
1340 1974 1377 2008 in
1390 1976 1588 2021 populares
1609 1977 1762 2011 ductum
1775 1990 1857 2012 cum
1875 1981 2002 2014 ceteris
2016 1981 2131 2015 histo·

1102 2031 1185 2065 ricis
1201 2032 1358 2066 Romani
1377 2034 1509 2079 populi
1529 2034 1622 2069 facta
1638 2042 1859 2081 gentemque
1879 2037 2029 2071 Fabiam
2050 2040 2133 2073 satis

1103 2089 1301 2123 celebrasse
1316 2102 1325 2132 ;
1343 2102 1469 2124 verum
1485 2104 1528 2125 110
1543 2092 1580 2125 in
1595 2092 1775 2136 ejusmodi
1796 2094 1946 2139 quidem
1963 2096 2132 2130 laudibus

1102 2145 1331 2191 injustiorem
1349 2160 1433 2181 eum
1453 2148 1561 2183 fuisse
1574 2177 1582 2193 ‚
1603 2149 1716 2184 fidem
1735 2151 1873 2185 faciunt
1893 2164 1950 2196 ea,
1971 2165 2051 2198 quae
2072 2155 2133 2188 Li-

1102 2204 1162 2237 vio
1184 2211 1272 2239 teste
1301 2203 1368 2252 (fr.
1395 2205 1456 2253 13)
1487 2207 1533 2241 de
1562 2208 1676 2242 Fabio
1705 2210 1878 2243 Rulliano
1909 2220 2132 2248 narraverat.

1105 2261 1349 2296 Luculentum
1371 2276 1461 2298 vero
1481 2263 1567 2299 fidei
1587 2272 1622 2299 et
1639 2267 1868 2301 auctoritatis
1887 2269 2134 2303 testimonium

1103 2327 1177 2366 est,
1201 2321 1305 2366 quod
1319 2322 1469 2368 plurimi
1486 2323 1685 2369 scriptores
1701 2324 1799 2358 hune
1813 2325 1879 2359 sibi
1897 2328 2053 2361 maxime
2071 2339 2136 2361 au—

1103 2385 1241 2413 ctorem
1256 2379 1464 2426 elegerunt,
1481 2381 1573 2414 inter
1591 2393 1685 2427 quos
1701 2389 1753 2416 est
1770 2383 1896 2426 etiam,
1915 2395 2023 2428 quem
2042 2397 2137 2418 non—

1103 2436 1192 2470 dum
1203 2438 1491 2483 nominavimus,
1502 2439 1731 2484 Plutarchus,
1744 2441 1806 2485 qui
1816 2440 1863 2474 ad
1879 2443 2137 2477 auctoritatem

1103 2495 1179 2539 ejus
1204 2503 1386 2541 provocat
1415 2497 1452 2530 in
1481 2498 1645 2531 Romulo
1663 2510 1696 2532 c.
1722 2502 1763 2539 14
1787 2498 1849 2544 (fr.
1879 2496 1952 2546 3.),
1975 2500 2139 2546 dicitque

1103 2552 1250 2588 duobus
1269 2554 1358 2588 locis
1373 2555 1561 2600 prioribus
1579 2555 1717 2604 (Rom.
1738 2568 1769 2592 c.
1790 2555 1808 2589 3
1829 2563 1864 2590 et
1885 2556 1925 2600 83
1946 2570 1980 2592 v.
2002 2559 2138 2592 Dioclis

1104 2610 1146 2644 fr.
1179 2608 1221 2658 2)
1257 2618 1446 2646 auctorem
1480 2620 1609 2647 nostro
1644 2613 1751 2647 fuisse
1779 2614 1947 2647 Dioclem
1977 2616 2138 2660 Pepare—

1105 2669 1233 2704 tbium.
1247 2685 1261 2698 ιι
1284 2671 1368 2703 Haec
1388 2671 1590 2706 Knrwsms.
1607 2671 1658 2705 Cf.
1670 2673 1878 2718 Baumgart.
1894 2674 1948 2706 De
1964 2674 2006 2717 Q.
2021 2673 2138 2708 Fabio

1104 2727 1192 2760 Pict.
1216 2728 1405 2763 Vratislav.
1432 2728 1550 2771 1842.-
1581 2741 1656 2775 quo
1683 2730 1820 2775 scripto
1847 2731 1897 2763 uti
1923 2742 1999 2764 non
2026 2731 2138 2764 licuit.

1262 2868 1305 2912 Q.
1337 2869 1465 2903 FABII
1496 2869 1716 2905 PICTORIS
1747 2872 1978 2907 ANNALES.

1606 2957 1637 2979 1.

1156 3013 1354 3059 Dionysius
1373 3014 1457 3050 Hal.
1481 3016 1565 3050 Ant.
1595 3016 1706 3051 Rom.
1728 3017 1763 3057 I,
1793 3029 1856 3062 79,
1885 3029 1923 3062 p.
1960 3028 2027 3050 201
2056 3017 2100 3052 R.
2127 3029 2136 3050 ε

1108 3066 1194 3116 Περὶ
1214 3065 1249 3103 δὲ
1265 3070 1331 3104 τῶν
1350 3069 1387 3104 ἐκ
1404 3071 1470 3104 τῶν
1488 3068 1591 3112 Ἰλίας
1608 3070 1795 3118 γενομένων
1818 3072 1960 3112 Κόϊντος
1982 3071 2042 3119 μὲν
2057 3071 2137 3108 Φοί-

1108 3124 1178 3166 61ος
1207 3127 1224 3161 ὃ
1246 3125 1386 3176 Πίκτωρ
1407 3126 1601 3176 λεγόμενος,
1631 3121 1658 3178 ᾧ
1688 3127 1830 3169 Λεύκιός
1856 3144 1891 3164 τε
1916 3128 2054 3177 Κίγκιος
2082 3126 2138 3164 καὶ

1109 3183 1233 3220 Κάτων
1252 3183 1398 3234 Πόρκιος
1415 3186 1473 3220 καὶ
1495 3184 1630 3221 Πείσων
1657 3185 1891 3235 Καλπούρνιος
1911 3185 1969 3221 καὶ
1989 3188 2054 3221 τῶν
2076 3185 2137 3220 ἅλ-

1107 3299 1212 3329 Pictor
1229 3302 1358 3330 vocatur
1373 3301 1486 3340 (quem
1503 3301 1617 3331 Lucius
1631 3301 1769 3339 Cincius,
1782 3302 1909 3332 Porcius
1925 3302 2002 3331 Cato
2016 3302 2046 3330 01
2062 3301 2136 3330 Cal·

1109 3350 1237 3388 purnius
1255 3351 1322 3380 Piso
1346 3352 1375 3380 et
1397 3351 1588 3388 reliquorum
1612 3351 1800 3389 scriptorum
1831 3351 1968 3391 plerique
1993 3352 2064 3380 sunt
2088 3359 2135 3381 se-

1998 3410 2024 3432 6.
