2338 3765
143 175 217 207 488

142 254 295 306 γενητόν.
355 252 549 304 Σέσωστρίν
578 267 660 303 φησι
679 251 734 288 τὸν
758 251 944 301 Αἰγύπτιον
964 252 1107 302 βασιλέα
1127 252 1169 289 τὰ

141 313 286 349 πλεῖστα
318 313 385 348 τῶν
415 310 495 360 παρ’
523 307 675 354 (Έλλησι
704 309 1019 360 παραστησάμενον
1052 311 1169 356 ἐθνῶν,

142 368 370 406 ἐπανελθόντα
398 369 443 410 εἷς
461 366 637 417 Ἀἴγυπτον
666 366 901 417 ἐπαγαγέσθαι
924 367 1080 418 τεχνίτας
1093 369 1171 403 ἱκα-

141 426 233 469 νούς·
257 425 312 463 τὸν
339 420 395 462 οὖν
422 424 561 475 Ὄσιριν
581 424 637 461 τὸν
666 424 869 476 προπάτορα
887 423 943 461 τὸν
969 427 1072 462 αὐτοῦ
1091 426 1169 462 δαι-

143 485 308 530 δαλθῆναι
329 484 504 520 ἐκέλευσεν
521 482 620 525 αὐτὸς
640 483 851 524 πολυτελῶς·
874 483 1122 526 κατασκευάζει
1139 482 1174 519 δὲ

144 542 245 579 αὐτὸν
264 539 408 592 Βρύαξις
426 542 443 577 ὅ
460 539 663 590 δημιουργὸς
675 569 684 586 ,
702 540 766 591 οὐχ
782 542 799 577 ὃ
817 539 1007 587 Ἀθηναῖος,
1025 540 1125 582 ἄλλος
1140 539 1175 577 δέ

143 616 192 642 τις
213 599 394 648 ὁμώνυμος
422 597 541 650 ἐκείνῳ
561 600 609 650 τῷ
631 597 809 649 Βρυάξιδι·
826 597 860 641 ὃς
878 597 941 649 ὕλῃ
959 597 1176 648 κατακέχρη-

143 672 200 694 ται
220 658 265 700 εἷς
288 654 510 706 δημιουργίαν
533 657 638 704 μικτῇ
662 655 720 693 καὶ
749 655 905 707 ποικίλῃ.
933 655 1086 705 ζΡίνημα
1106 654 1173 705 γὰρ

146 718 274 766 χρυσοῦ
293 709 333 760 ἦν
355 715 449 765 αὐτῷ
467 714 525 750 καὶ
545 713 714 765 ἀργύρου,
735 715 868 765 χαλκοῦ
888 729 924 750 τε
953 714 1011 750 καὶ
1037 713 1174 763 σιδήρου

145 772 205 809 καὶ
225 771 415 819 μολύὸδου,
435 769 520 822 πρὸς
545 770 580 808 δὲ
600 771 658 808 καὶ
679 771 901 822 κασσιτέρου,
932 772 1034 808 λίθων
1055 770 1090 807 δὲ
1111 771 1177 808 Αἷ-

145 829 296 880 γυπτίων
313 829 416 866 ἐνέδει
435 829 511 866 οὐδὲ
529 823 586 875 εἷς,
605 828 794 881 σαπφείρου
809 829 868 866 καὶ
885 829 1067 878 αἱματίτου
1082 827 1178 878 θραύ·

146 903 263 937 σματα
281 887 483 938 σμαράγδου
502 903 557 933 τε,
579 887 668 925 ἀλλὰ
688 888 746 925 καὶ
765 887 941 930 τοπαζίου.
964 886 1100 928 Λεάνας
1119 879 1176 922 οἶν

146 945 190 982 τὰ
208 945 320 982 πάντα
350 944 409 983 καὶ
439 945 606 994 ἀναμίξας
632 945 764 996 ἔχρωσε
785 945 919 997 κυάνῳ,
949 939 986 982 οὗ
1016 943 1056 989 δὴ
1078 943 1178 994 χάριν

149 1003 353 1055 μελάντερον
374 1003 412 1040 τὸ
441 1006 569 1055 χρῶμα
589 1007 646 1041 τοῦ
667 1004 888 1052 ἀγάλματος,
908 1003 966 1040 καὶ
995 1004 1044 1053 τῷ
1063 1004 1101 1039 ἐκ
1119 1004 1178 1047 τῆς

148 1060 321 1113 Ὀσίριδος
341 1061 401 1098 καὶ
419 1066 478 1099 τοῦ
498 1060 617 1104 Ἄπιος
636 1061 774 1107 κηδείας
794 1060 1073 1111 ὑπολελειμμένῳ
1093 1075 1179 1118 φαρ;

149 1119 251 1171 μάκῳ
271 1119 424 1171 φυράσας
443 1118 486 1156 τὰ
513 1119 628 1156 πάντα
649 1119 830 1156 διέπλασεν
855 1118 911 1155 τὸν
935 1118 1111 1168 Σάραπιν·
1142 1120 1179 1154 οὑ

148 1177 207 1214 καὶ
223 1177 374 1226 τοῦνομα
394 1177 580 1215 αἰνίττεται
608 1177 669 1223 τὴν
691 1176 866 1215 κοινωνίαν
884 1179 944 1221 τ’ἧς
966 1175 1103 1221 κηδείας
1121 1175 1180 1212 καὶ

147 1234 209 1281 τὴν
229 1237 268 1272 ἐκ
294 1238 354 1280 τ’ἦς
374 1238 481 1287 ταφῆς
501 1234 740 1286 δημιουργίαν,
761 1234 916 1272 σύνθετον
935 1234 1003 1270 ἀπό
1023 1249 1058 1270 τε
1082 1232 1180 1271 Ὀσί-

150 1293 236 1344 ριδος
261 1293 320 1329 καὶ
343 1292 462 1336 Ἄπιος
483 1293 663 1342 γενόμενον
684 1292 879 1343 Ὀσίραπις.
913 1294 967 1331 Cf,
993 1293 1177 1329 Plutarch.

152 1354 208 1388 De
227 1354 271 1387 Is.
292 1360 328 1388 et
349 1352 410 1389 Os.
434 1365 466 1387 c.
491 1352 539 1388 28
559 1365 640 1399 sqq.

633 1431 698 1479 (4.)

204 1510 411 1544 Eustathius
431 1510 477 1544 ad
496 1511 649 1557 Dionys.
672 1523 705 1547 v.
732 1510 804 1545 215
840 1524 847 1545 :
877 1509 1078 1554 Γαιτοῦλοι,
1094 1508 1184 1550 ἔθνος

151 1617 266 1648 Osirim
281 1617 405 1655 itaque,
426 1626 443 1648 a
463 1626 526 1656 quo
545 1625 642 1656 genus
657 1616 808 1654 duxerat,
822 1617 912 1654 Jussit
929 1616 1093 1654 magnifice
1107 1616 1183 1646 assa-

155 1669 272 1707 hreque
287 1667 442 1698 variatum
461 1668 577 1706 el'lingi.
596 1669 674 1698 Eum
694 1669 801 1698 autem
824 1669 963 1706 Bryaxes
986 1667 1059 1698 fecit
1080 1667 1184 1705 opifex

155 1727 217 1749 non
232 1717 430 1749 Atheniensis
444 1718 496 1748 ille
509 1718 573 1757 (de
587 1727 651 1758 quo
665 1720 861 1749 Pausanias
878 1720 981 1757 1,40,6
994 1719 1017 1756 ),
1033 1717 1087 1749 sed
1108 1718 1187 1749 alius

153 1768 282 1808 quidam
299 1769 366 1808 ejus
377 1768 514 1799 nominis
525 1792 534 1807 ,
549 1769 603 1808 qui
617 1769 654 1799 ad
678 1778 758 1808 opus
775 1768 953 1800 faciendum
977 1769 1076 1799 mixta
1091 1770 1122 1799 et
1135 1777 1186 1800 va-

154 1822 198 1852 ria
216 1829 292 1852 usus
315 1822 362 1852 est
382 1821 522 1852 materia.
541 1821 683 1852 Habebat
701 1821 785 1852 enim
807 1822 984 1852 ramentum
1006 1821 1074 1851 auri
1097 1822 1128 1852 et
1143 1829 1188 1851 ar-

154 1872 237 1911 genti
264 1874 295 1903 et
318 1871 389 1903 aeris
411 1874 442 1903 et
465 1873 537 1903 ferri
558 1874 589 1904 et
608 1872 750 1912 plumbi,
767 1872 870 1903 stanni
895 1872 1030 1911 (lenique
1058 1885 1064 1902 :
1082 1880 1140 1903 nec
1162 1872 1188 1902 ei

155 1924 240 1955 ullus
268 1925 346 1964 lapis
370 1924 478 1955 deerat
501 1926 682 1965 AEgyptius,
712 1934 771 1956 nec
800 1925 937 1965 sapphiri
965 1927 996 1956 et
1022 1925 1190 1955 haematitis

156 1977 330 2015 fragmenta
343 1983 444 2016 neque
457 1977 612 2017 smaragdi
626 1986 726 2016 neque
737 1977 872 2017 denique
883 1976 1008 2016 topazii.
1027 1978 1102 2008 Haec
1116 1985 1189 2016 ergo

155 2028 261 2057 omnia
275 2027 408 2066 levigata
423 2028 560 2068 tritaque
575 2037 612 2058 ac
625 2029 798 2059 commixta
811 2028 927 2059 caerulo
944 2027 1059 2058 imbuit
1073 2028 1185 2058 colore.

156 2079 226 2114 Qua
242 2078 281 2109 (le
306 2087 398 2109 causa
417 2079 533 2118 nigrior
551 2081 596 2110 est
616 2079 703 2110 color
727 2079 900 2111 simulacri.
918 2081 1035 2110 Totum
1056 2079 1190 2118 denique

156 2129 328 2168 pharmaco
344 2138 384 2160 ex
405 2130 566 2169 sepultura
592 2130 722 2162 Osiridis
743 2132 775 2162 et
796 2131 870 2170 Apis
898 2130 1006 2161 relicto
1025 2130 1189 2169 oblinivit,

157 2182 253 2220 atque
278 2181 322 2211 sie
339 2181 430 2212 tinxit
450 2182 608 2221 Sarapim,
631 2182 722 2220 cujus
744 2191 858 2213 nomen
882 2182 1034 2221 siguificat
1058 2183 1088 2213 et
1104 2182 1190 2213 suue-

158 2231 199 2261 ris
225 2231 424 2271 societatem,
453 2234 583 2272 etopus
608 2233 692 2273 quod
723 2234 840 2265 l'uetum
876 2235 921 2264 est
944 2242 981 2264 ex
1009 2232 1187 2272 sepullura;

713 163 1034 202 ATHENODORI
1065 163 1339 203 TARSENSIS
1371 163 1692 203 FRAGMENTA.

2316 227 2326 251 α’
2320 211 2325 214 ι
2303 0 2327 193 ωιμςᾶνάιθω

1234 251 1392 301 μέγιστον
1427 251 1589 289 Αιὸυκόν·
1623 250 1760 292 τούτους
1788 249 2014 301 Ἀθηνόδωρος
2047 251 2263 294 Γαιτουλίους

1232 310 1337 360 λέγει.
1356 311 1410 348 Cf.
1432 311 1637 358 Stephanus
1657 311 1739 356 Byz.
1759 320 1767 345 ε
1787 309 1991 358 Γαιτοῦλοι,
2010 307 2100 351 ἔθνος
2120 308 2264 354 Λιῦύης.
2320 250 2328 359 ¹

1234 366 1478 418 Ἀρτεμίδωρος
1515 364 1714 407 Γαιτυλίους
1746 365 1868 407 αὐτούς
1906 381 2003 417 φησι.
2039 368 2265 403 Artemidori

1234 436 1371 460 nomen
1381 425 1638 473 reponendum
1652 437 1721 460 esse
1735 425 1835 472 apud
1846 426 2092 470 Eustathium‚
2109 427 2173 472 qui
2187 427 2247 461 Ste
2261 447 2268 452 ·

1234 485 1397 531 phanum
1419 483 1626 519 exscribere
1645 483 1753 528 solet,
1779 483 1839 517 vix
1861 482 2029 517 dubium.

1737 591 1771 627 5.

1292 701 1425 736 Strabo
1448 702 1485 744 Ι,
1503 713 1542 747 p.
1572 701 1593 735 6
1618 713 1625 734 :
1654 698 1779 747 <Ημεῖς
1806 698 1841 735 δὲ
1869 697 1924 735 τὸν
1955 698 2016 746 μὲν
2037 699 2145 735 πλείω
2171 698 2269 749 λόγον

1238 755 1316 806 περὶ
1332 759 1390 792 τοῦ
1406 755 1576 793 Ὠκεανοῦ
1595 755 1654 793 καὶ
1673 758 1739 792 τῶν
1759 755 2012 807 πλημμυρίδων
2034 757 2078 798 εἷς
2094 756 2271 794 Ποσειδώ-

1239 830 1307 851 νιον
1335 813 1601 862 ἀναὸα).λόμεθα
1630 813 1688 850 καὶ
1717 813 2016 864 Ἀθηνόδωρον,
2042 815 2167 857 ἱκανῶς
2198 815 2270 851 δια-

1238 872 1476 920 κρατήσαντας
1489 871 1546 908 τὸν
1561 870 1640 922 περὶ
1656 869 1784 908 τούτων
1803 870 1904 920 λόγον
1921 873 2109 919 (Posidon.
2128 873 2174 908 fr.
2190 873 2270 920 93).

1293 931 1397 966 Idem
1414 933 1450 975 1,
1472 944 1509 978 p.
1537 930 1583 966 55
1609 944 1616 966 :
1638 929 1725 980 Περὶ
1755 928 1816 977 μὲν
1844 923 1900 966 οὖν
1930 931 1996 966 τῶν
2017 929 2271 980 πλημμυρίδων

1239 988 1297 1025 καὶ
1318 990 1386 1024 τῶν
1412 989 1605 1036 ἀμπώτεων
1635 987 1811 1038 εἰρήκασιν
1837 989 1962 1031 ἱκανῶς
1989 987 2216 1031 Ποσειδώνιός
2237 1003 2272 1024 τε

1239 1046 1297 1084 καὶ
1315 1046 1552 1097 Ἀθηνόδωρος.

1293 1106 1393 1141 Idem
1426 1107 1500 1148 111,
1525 1118 1564 1153 p.
1598 1104 1667 1151 173
1695 1116 1703 1142 :
1735 1103 1873 1154 ‘'steri-*ep
1900 1103 2126 1155 Ἀθηνόδωρός
2156 1118 2273 1155 φησιν,

1241 1163 1379 1211 εἷσπνοῇ
1402 1177 1437 1198 τε
1465 1161 1523 1198 καὶ
1547 1162 1671 1212 ε’κπνοῇ
1692 1161 1730 1199 τὸ
1751 1162 1939 1210 συμὸαῖνον
1965 1161 2043 1212 περὶ
2069 1159 2130 1203 τὰς
2155 1162 2274 1210 πλημ-

1243 1220 1387 1270 μυρίδας
1403 1219 1461 1256 καὶ
1479 1218 1557 1270 περὶ
1574 1219 1635 1262 τὰς
1653 1219 1828 1267 ἀμπώτεις
1844 1218 1967 1257 ἔοικεν.

1296 1281 1501 1314 Potuerunt
1519 1279 1595 1313 haec
1616 1279 1662 1313 ab
1682 1279 1927 1314 Athenodoro
1946 1279 2093 1314 tractari
2112 1279 2151 1312 in
2167 1290 2278 1325 opere

1242 1338 1514 1385 geographic03
1549 1349 1759 1383 quanquam
1795 1337 2028 1372 verisimilius
2071 1344 2124 1371 est
2163 1337 2277 1383 petitu

1244 1407 1318 1430 esse
1345 1408 1387 1430 ex
1406 1396 1543 1441 scripto
1570 1394 1618 1429 ad
1645 1396 1833 1442 physicam
1854 1396 2063 1442 pertinente
2093 1395 2279 1441 similique

1245 1453 1368 1500 operis
1381 1452 1485 1500 quod
1501 1449 1588 1502 Περὶ
1605 1450 1756 1487 ὠκεανοῦ
1774 1452 1994 1487 Posidonius
2009 1453 2178 1500 magister
2190 1453 2278 1488 scri-

1244 1517 1380 1558 pserat.

1247 1617 1456 1656 compositum
1473 1618 1520 1648 est
1533 1625 1648 1648 nomen
1664 1625 1703 1648 ex
1718 1616 1839 1648 Osiride
1858 1618 1889 1648 et
1903 1617 1978 1656 Api,
1998 1616 2080 1648 uude
2098 1617 2215 1648 sactum
2233 1619 2281 1647 est

1247 1667 1396 1707 Osirapis.

1693 1750 1697 1756 ,
1740 1712 1773 1742 4.

1290 1764 1423 1804 Gaetuli,
1457 1764 1565 1803 Libyae
1593 1763 1726 1803 populus
1756 1764 1932 1802 maximus;
1975 1763 2033 1795 hos
2060 1760 2282 1796 Athenodorus

1250 1817 1290 1855 (l.
1312 1816 1563 1855 Artemidorus)
1575 1816 1727 1848 Gaetulios
1744 1816 1831 1847 (licit.

1291 1927 1354 1957 Nos
1376 1925 1528 1964 maj0rem
1549 1924 1736 1967 quaestionis
1758 1926 1879 1964 partem
1903 1921 1942 1955 de
1959 1932 2077 1955 oceano
2096 1925 2126 1955 et
2148 1925 2226 1954 aestu
2244 1923 2282 1954 ad
2337 1920 2338 1964 l

1250 1977 1451 2008 Posidonium
1465 1977 1560 2016 atque
1574 1975 1810 2007 Athenodorum
1825 1975 1984 2015 rejicimus
1996 1999 2004 2014 ,
2021 1975 2074 2015 qui
2092 1975 2131 2006 de
2148 1975 2195 2005 his
2208 1975 2285 2006 satis
2337 1970 2338 1975 ¹

1250 2028 1374 2067 copiose
1393 2027 1606 2067 disputarunt.

1290 2081 1336 2109 De
1349 2078 1444 2109 maris
1460 2077 1646 2109 {estuatione
1658 2077 1814 2117 reciproca
1825 2077 1986 2108 sufficiunt
1999 2086 2070 2117 quze
2083 2085 2101 2107 a
2118 2075 2283 2108 Posidonio
2337 2078 2338 2127 l

1249 2130 1323 2160 sunt
1341 2130 1372 2160 et
1390 2128 1592 2160 Athenodoro
1605 2128 1701 2160 dicta.
2337 2138 2338 2177 γ

1291 2182 1332 2212 Ut
1350 2180 1569 2212 Athenodorus
1592 2179 1687 2218 dicit,
1712 2179 1922 2219 inspirationis
1947 2181 1977 2210 et
1994 2178 2213 2218 exspirationis
2236 2178 2280 2209 si-

1252 2232 1324 2263 mile
1338 2231 1497 2272 quippiam
1522 2231 1615 2262 habet
1629 2231 1723 2263 maris
1736 2231 1872 2262 anluxus
1887 2232 1920 2262 et
1936 2230 2086 2261 refluxus.
