2289 3728
924 153 1247 193 FRAGMENTA.
2073 170 2139 200 115

31 248 89 275 tur
107 241 364 286 aestimatione,
395 252 475 286 quae
496 240 571 274 laus
592 238 844 273 florentissima
865 245 942 272 erat
964 247 1057 273 tem-

29 299 183 345 poribus
206 297 373 344 Didymi,
404 298 614 339 Strabonis,
642 296 846 338 Plutarchi,
875 297 1058 341 Athenaei,

31 356 92 402 qui
104 356 309 389 testimonia
322 355 397 401 ejus
406 355 598 401 saepissime
608 354 798 388 adhibent.
817 353 1059 389 Inferioribus

31 413 262 459 temporibus
295 425 408 458 opera
437 412 644 447 Polemonis
674 423 749 444 non
775 411 932 457 amplius
964 424 1059 445 curze

29 471 134 504 fuisse
164 470 349 513 videntur,
377 477 417 503 ut
440 481 527 503 mox
552 467 822 502 interciderint.
844 469 935 502 Nam
957 469 1060 514 quod

30 529 65 561 in
92 534 300 562 ceterorum
332 537 482 572 quoque
510 524 673 570 ejusdem
700 526 811 559 aetatis
837 527 1059 572 scriptorum

30 586 234 632 permultos
253 582 370 626 cadit,
401 583 447 617 de
472 577 607 628 quibus
626 594 725 616 1111111·
752 584 897 617 1101111151
916 596 959 618 ex
984 584 1058 618 sra—

28 643 184 689 gmentis
198 641 401 687 judicatur,
416 639 515 674 idem
533 640 629 674 valet
644 639 690 673 de
707 640 1058 677 PolemonmAccu·

29 701 202 734 ratissime
218 700 254 733 hi
270 706 305 732 ct
320 698 528 733 doctissime
543 704 584 730 ut
601 709 663 731 sua
680 704 784 732 aetate
800 710 889 744 quas
904 700 1060 745 quisque

29 764 245 792 tractaverat
265 768 321 790 res
341 755 634 802 explicaveraut,
653 766 782 788 verum
796 757 976 790 succrevit
992 757 1059 791 alia

29 815 191 859 soboles,
215 826 295 861 quae
312 812 440 847 eadem
456 811 574 846 studia
596 812 711 845 coluit
729 813 865 858 partim
885 813 932 847 ad
952 826 1057 847 usum

29 872 343 906 accommodatius
357 897 365 913 ,
394 870 529 917 partim
551 870 661 904 etiam
681 869 827 904 doctius
853 883 894 905 ac
915 871 1056 906 melius.

28 931 82 965 Ita
107 931 244 965 factum
263 929 439 971 arbitror,
458 935 499 961 ut
517 927 728 962 Polemonis
743 929 877 974 scripta
897 929 1058 975 primum

29 1002 46 1022 a
65 989 243 1031 litteratis,
260 986 395 1022 deinde
414 998 433 1020 a
452 985 611 1019 librariis
626 985 790 1032 neglecta
804 986 885 1030 sint,
901 985 1061 1033 denique

30 1039 210 1080 oblivioni
242 1044 503 1089 objicerentur.
540 1043 782 1088 Antiquiores
812 1055 901 1077 vero
933 1046 1061 1090 quanti

29 1116 113 1138 cum
129 1103 283 1138 fecerint
302 1108 379 1135 tum
396 1113 439 1135 ex
455 1100 599 1134 disertiS
619 1101 887 1137 nonnullorum
904 1102 1062 1136 testimo-

28 1163 96 1196 niis
109 1190 119 1209 ,
139 1169 216 1195 tum
234 1160 320 1194 inde
336 1159 567 1205 intelligitur,
587 1157 691 1204 quod
715 1157 946 1192 doctissimus
964 1161 1061 1205 quis—

28 1231 100 1266 que
119 1218 195 1265 ejus
217 1217 359 1264 scriptis
382 1228 466 1250 usus
488 1221 553 1250 est.
580 1215 803 1249 Testimonia
823 1222 957 1262 praesto
979 1224 1062 1251 sunt

27 1278 188 1324 primum
204 1274 409 1317 Plutarchi,
425 1273 556 1320 optimi
570 1273 698 1307 talium
715 1285 840 1307 rerum
857 1274 1059 1309 aestimato-

28 1336 95 1378 ris,
114 1335 178 1380 qui
197 1335 234 1367 in
253 1334 420 1379 Sympos.
440 1330 590 1376 Quaestt.
614 1331 655 1374 V,
677 1341 697 1363 2
722 1330 793 1377 (fr.
817 1328 908 1379 27),
925 1332 1007 1372 Τοῖς
1024 1330 1058 1367 δὲ

30 1389 252 1439 Πολέμωνος,
270 1390 389 1436 inquit
401 1417 411 1434 ,
429 1390 487 1424 τοῦ
501 1386 680 1431 Ἀθηναίου
695 1386 774 1438 περὶ
789 1388 855 1423 τῶν
871 1388 904 1423 ἐν
920 1389 1062 1439 Δελφοῖς

28 1450 207 1500 θησαυρῶν
230 1440 328 1495 οἶμαι
342 1445 393 1481 ὅτι
409 1445 547 1486 πολλοῖς
563 1445 656 1493 ὑμῶν
673 1444 889 1495 ἐντυγχάνειν
905 1446 1063 1495 ἐπιμελές

28 1510 118 1551 ἐστι,
142 1505 201 1543 καὶ
219 1502 308 1555 χρὴ,
334 1503 604 1551 πολυμαθοῦς
624 1501 697 1538 καὶ
715 1504 758 1538 οὐ
788 1502 1062 1547 νυστάζοντος

27 1566 66 1600 ἐν
83 1568 169 1604 τοῖς
187 1562 457 1606 Ἑλληνικοῖς
476 1559 743 1610 πράγμασιν
764 1559 926 1611 ἀνδρός.
952 1564 1059 1597 Simi-

28 1626 109 1658 liter
124 1622 266 1668 judicat
289 1620 495 1666 Stephanus
513 1621 707 1666 Byzantius
723 1647 732 1663 ,
752 1621 815 1666 qui
837 1633 881 1654 eo
904 1621 986 1655 loco
1007 1634 1063 1655 se—

28 1682 154 1728 quitur
174 1678 372 1715 Aristidem
391 1677 573 1711 Milesium
588 1704 597 1721 ,
625 1677 671 1711 dc
689 1690 764 1724 quo
788 1679 969 1724 scriptore
986 1679 1061 1713 dixi

27 1738 74 1772 ad
93 1738 139 1774 fr.
163 1737 230 1780 303
252 1749 289 1772 v.
309 1735 433 1781 Steph.
466 1736 506 1770 B.
536 1747 572 1769 v.
604 1732 771 1778 Δωδώνη·
792 1756 836 1760 —-
861 1734 1062 1784 προσθετέον

26 1788 82 1831 οὖν
92 1795 140 1844 τῷ
153 1793 344 1842 περιηγητῇ
363 1789 544 1838 Πολέμωνι
559 1789 744 1841 ἀκριῧῶς
760 1790 833 1835 τὴν
849 1791 1034 1837 Δωδώνη
1046 1809 1062 1829 ν

28 1848 310 1898 ἐπισταμένῳ.
328 1869 375 1876 —=·
391 1850 428 1884 Si
447 1861 510 1883 eos
530 1850 684 1896 quaeris,
701 1850 766 1895 qui
790 1850 992 1885 Polemone
1008 1852 1062 1886 usi

27 1912 97 1945 sint
111 1909 261 1956 ejusque
281 1907 455 1953 reliquias
475 1905 521 1940 ad
541 1912 705 1941 nostram
720 1914 860 1941 aetatem
879 1919 1063 1955 propaga-

28 1969 168 2012 verint,
198 1964 379 2001 mittenda
418 1971 503 1999 sunt
539 1965 691 1998 nomina
722 1965 872 1998 illorum
886 1992 896 2011 ,
930 1966 1063 2011 quibus

29 2038 126 2060 nunc
146 2025 307 2072 plurima
325 2022 618 2069 fragmentorum
633 2033 719 2068 pars
733 2021 902 2066 debetur,
923 2023 1059 2057 lexico·

28 2083 275 2129 grapliorum,
299 2080 598 2122 scholiastarum‚
623 2080 789 2113 Athenaei
811 2092 819 2113 t
841 2081 903 2125 qui
924 2082 1062 2115 rivulos

28 2153 112 2175 suos
130 2140 317 2174 duxerunt
333 2150 377 2172 ex
398 2138 477 2171 laeta
493 2137 661 2171 ubertate
681 2138 938 2183 antiquiorum
959 2152 1060 2173 com-

29 2198 315 2240 mentariorum,
341 2195 534 2230 lectissima
555 2195 643 2229 olim
668 2195 839 2230 doctrina
866 2196 1057 2231 refertissi-

28 2268 175 2290 morum
186 2283 194 2299 ,
217 2267 315 2289 nunc
330 2259 466 2300 praeter
481 2253 659 2299 pauculas
675 2253 850 2299 reliquias
863 2256 1059 2289 exstincto-

28 2327 123 2348 rum.
142 2315 244 2348 Inter
264 2324 358 2358 quos
375 2311 590 2357 cumprimis
612 2311 860 2347 nominandus
880 2313 1061 2360 Didymus

30 2371 319 2414 Alexandrinus,
342 2369 542 2404 Aristarchi
560 2368 774 2415 discipulus.
807 2371 840 2404 Is
858 2372 966 2405 toties
992 2385 1059 2406 no-

30 2436 144 2464 strum
161 2428 367 2464 adhibuisse
387 2427 545 2470 videtur,
572 2433 611 2461 ut
631 2427 847 2474 plurimam,
875 2437 1061 2477 quotquot

30 2499 127 2521 nunc
144 2492 304 2529 exstant,
320 2485 612 2532 fragmentorum
626 2492 767 2532 partem
785 2498 828 2520 ex
840 2486 947 2532 hujus
965 2501 1061 2523 com-

30 2546 235 2587 mentariis,
255 2544 388 2589 quibus
408 2554 534 2577 omnes
554 2542 668 2576 ferme
687 2544 884 2590 scriptores
903 2545 1060 2581 adorna-

29 2608 130 2636 verat
143 2629 152 2645 ,
188 2601 428 2648 repetendam
461 2607 612 2647 putem3
643 2601 771 2635 saltem
803 2602 840 2635 in
867 2607 1061 2648 permultis

30 2666 128 2693 certa
154 2659 305 2706 Didymi
333 2659 485 2705 vestigia
511 2658 855 2704 deprehenduntnr,
882 2672 917 2694 v.
949 2661 994 2696 fr.
1025 2676 1058 2697 2.

31 2720 66 2756 [1.
104 2728 166 2750 22.
200 2716 262 2751 36.
299 2715 358 2750 86.
391 2727 454 2763 92.
500 2727 562 2761 99.
590 2726 673 2750 101.
703 2717 756 2749 Ac
777 2717 887 2751 semel
909 2720 1059 2764 quidem

30 2773 210 2820 Didymus
236 2773 384 2807 dissidet
415 2785 435 2807 a
471 2772 672 2807 Polemone
705 2779 741 2806 et
771 2773 945 2810 adversus
976 2790 1058 2812 eum

29 2830 189 2877 disputat
216 2830 284 2877 (cf.
310 2830 355 2867 fr.
381 2827 466 2877 86),
490 2830 658 2876 plurimis
683 2837 803 2865 tamen
827 2832 915 2867 locis
939 2835 977 2868 in
997 2842 1057 2869 te-

28 2890 206 2923 stimoniis
237 2889 352 2922 nostri
385 2890 431 2922 ita
457 2888 674 2933 acquiescit,
705 2895 745 2921 ut
771 2891 952 2935 optimum
983 2893 1059 2938 ejus

30 2946 76 2980 de
91 2947 301 2981 Polemonis
314 2945 387 2980 fide
400 2958 440 2980 ac
456 2945 626 2979 doctrina
637 2944 817 2990 judicium
831 2947 936 2983 fuisse
951 2962 1058 2996 opor-

29 3009 112 3037 teat.
142 3003 302 3050 Didymo
328 3003 423 3037 adde
452 3004 721 3044 Aristonicum,
747 3005 810 3050 qui
842 3005 893 3039 illi
920 3019 1059 3054 suppar

29 3068 124 3103 crat,
150 3061 208 3094 cui
240 3060 415 3095 debemus
436 3060 481 3094 fr.
512 3061 572 3094 26.
606 3062 683 3095 Hos
702 3068 823 3096 autem
851 3071 991 3099 constat
1014 3079 1055 3100 cx

31 3118 228 3152 Aristarchi
263 3119 387 3152 schola
426 3118 550 3161 fuisse,
587 3131 661 3164 qno
693 3127 911 3166 argumento
948 3135 1056 3169 supra

30 3187 113 3209 usus
131 3188 209 3210 sum
231 3184 358 3210 contra
378 3178 640 3223 lVegenerum.
663 3179 797 3211 Verum
826 3179 904 3213 talis
932 3189 1057 3216 noster

29 3239 123 3274 crat,
152 3237 192 3265 ut
219 3231 294 3277 ejus
322 3232 491 3268 doctrina
522 3241 558 3268 et
584 3236 807 3270 Aristarchei
837 3243 872 3269 et
900 3237 1054 3272 Cratetei

26 3288 126 3334 juxta
147 3296 313 3335 egerent,
339 3292 443 3325 sicuti
463 3293 572 3326 etiam
594 3293 819 3326 Herodicum
847 3293 1053 3329 Cratetcum

1120 241 1195 285 cjns
1216 245 1435 278 mentionem
1463 247 1607 290 injicere
1624 246 1790 281 vidimus.
1817 248 2035 282 Nominandi
2055 261 2145 295 pra·-

1121 304 1175 331 ter
1194 299 1260 333 hos
1285 301 1474 335 Diodorus
1491 304 1636 350 Magnes
1658 305 1713 349 (v.
1738 305 1781 338 l'r.
1801 304 1833 338 5.
1854 305 1899 349 (57
1917 306 2036 353 sqq.),
2058 310 2147 341 Am—

1121 356 1266 389 monius
1287 358 1304 390 ὁ
1333 358 1557 405 Λαμπτρεύς,
1591 363 1653 406 qui
1683 363 1873 408 scripserat
1907 361 1991 411 Περὶ
2020 365 2146 411 β1ι1μῶν

1124 410 1181 445 καὶ
1206 414 1327 447 θυσιῶν
1349 413 1409 460 (fr.
1435 416 1480 448 88
1496 415 1524 462 >,
1561 419 1771 453 tim—aclides
1803 421 2003 466 ,11111150111115
2023 428 2057 455 ct
2076 428 2146 456 As—

1121 470 1305 515 clepiades
1342 473 1566 518 tityi-teanum
1604 488 1762 520 quorum
1797 479 1960 511 omnium
2000 487 2082 513 a·tas
2113 481 2146 513 iu

1122 525 1218 559 idem
1241 525 1333 561 illud
1356 530 1525 563 saeculum
1555 532 1719 566 incidisse
1741 534 1898 575 videtur,
1930 543 2012 569 autc
2039 537 2146 571 Chri⁴

1120 590 1215 616 stum
1245 591 1372 618 natum
1405 588 1635 630 proximum,
1669 602 1742 633 quo
1776 592 1900 625 landes
1942 594 2148 627 Polemonis

1122 653 1260 674 summe
1281 640 1476 678 florebant.
1501 646 1551 677 De
1572 646 1704 689 quibus·
1724 650 1949 692 potissimum
1980 651 2088 684 rebus
2113 653 2146 685 111

1121 699 1319 745 scriptores
1336 712 1418 733 cum
1448 702 1697 736 consuluerint
1727 717 1839 748 quum
1863 718 1904 739 cx
1941 707 2150 752 fragmentis

1122 763 1242 801 patet,
1273 764 1350 790 tum
1375 770 1417 791 ex
1439 759 1538 790 omni
1565 770 1688 791 carum
1712 760 1931 805 litterarum,
1960 765 1992 797 111
2015 766 2149 810 quibus

1124 814 1274 847 Polemo
1300 815 1492 856 excelluit,
1522 816 1662 849 ratione
1690 818 1883 853 existimari
1915 828 2040 866 potest.
2068 825 2149 857 κ’,ιικἶ

1122 870 1204 905 dem
1238 871 1409 905 videlicet
1437 884 1493 905 res
1523 873 1580 906 hic
1604 873 1672 906 illis
1696 875 1782 907 viris
1807 877 2082 923 suppeditabat,
2104 881 2149 913 (11·

1122 928 1258 973 1111111115
1277 941 1344 962 11115
1363 928 1540 962 adhibere
1557 929 1715 963 solemus
1738 932 1961 967 Pausaniam.
1984 957 2032 961 -—-
2051 938 2151 971 Intcr

1122 997 1184 1019 cos
1204 987 1402 1032 scriptores
1426 998 1586 1032 quorum
1615 999 1728 1032 opera
1758 989 1966 1024 etiamnunc
1991 1001 2147 1035 exstant,

1123 1044 1256 1078 Strabo
1283 1050 1318 1078 et
1345 1044 1561 1077 Plutarchus
1590 1051 1755 1078 nostrum
1789 1053 1820 1079 et
1842 1049 2045 1083 ·nominant
2071 1052 2152 1096 plus

1122 1102 1232 1135 semel
1270 1114 1391 1148 neque
1426 1115 1503 1135 non
1538 1103 1615 1136 aliis
1655 1104 1763 1148 locis,
1799 1104 1861 1137 ubi
1905 1118 2040 1140 nomen
2077 1109 2152 1153 ejus

1121 1159 1260 1202 siletur,
1284 1172 1367 1194 cuin
1391 1172 1580 1206 usurpasse
1601 1160 1788 1196 videntur.
1815 1164 1867 1196 l)c
1891 1163 2073 1198 Strabone
2101 1168 2147 1202 ct,

1122 1224 1200 1251 not.
1226 1217 1272 1251 ad
1293 1217 1339 1252 sr.
1370 1217 1430 1251 30.
1456 1218 1516 1260 81,
1539 1217 1585 1251 de
1606 1218 1804 1251 Plutarcho
1825 1218 1871 1254 fr.
1908 1232 1961 1263 ¹7-
1995 1220 2053 1256 ⁷38,
2084 1223 2151 1263 (1(1,

1123 1282 1157 1309 et
1187 1276 1250 1308 11111
1277 1275 1323 1310 de
1351 1277 1475 1309 statuis
1498 1275 1734 1322 donariisquc
1765 1277 1950 1323 Delphicis
1977 1290 2150 1314 memorat

1123 1344 1203 1378 quae
1218 1334 1440 1380 pcricgetam
1456 1333 1643 1375 redolent,
1660 1335 1713 1367 De
1726 1334 1812 1369 aud.
1832 1342 1934 1379 poet.
1954 1336 1986 1374 3,
2005 1338 2151 1381 Quaestt.

1123 1390 1249 1436 Symp.
1284 1392 1324 1433 V,
1361 1404 1371 1423 1
1392 1418 1400 1431 ,
1426 1392 1479 1425 Dc
1508 1391 1613 1436 Pyih.
1642 1403 1742 1427 orac,
1775 1404 1809 1427 2.
1847 1392 2005 1427 Plurima
2035 1402 2154 1428 taincn

1123 1449 1326 1495 fragmenta
1353 1449 1510 1483 servavit
1541 1449 1733 1482 Athcnfeus
1762 1451 1989 1491 Naucratim„
2021 1455 2082 1498 qui
2119 1462 2150 1487 ct

1124 1504 1198 1550 ipse
1219 1505 1369 1540 forsitan
1401 1507 1608 1540 Polemonis
1627 1507 1744 1542 libros
1763 1509 1933 1554 inspexit,
1957 1511 2017 1543 scd
2040 1514 2154 1545 11111111-

1124 1574 1219 1596 mam
1239 1572 1380 1610 partem
1396 1593 1405 1610 ‚
1438 1577 1517 1610 quac
1545 1565 1621 1609 ejus
1643 1566 1874 1599 consuetudo
1899 1574 1970 1609 cst,
1994 1581 2035 1601 cx
2064 1572 2154 1603 anti-

1124 1621 1297 1665 quiorum
1339 1623 1513 1669 operibus
1549 1624 1830 1669 transcripsisse
1855 1624 2015 1659 videtur.
2054 1627 2153 1661 Idem

1125 1678 1221 1712 cadit
1242 1681 1277 1712 in
1294 1680 1517 1715 Clementem
1538 1681 1849 1726 Alexandrinum,
1868 1683 1970 1727 cujus
1986 1684 2154 1719 doctrina

1124 1736 1348 1781 antiquaria,
1376 1750 1486 1783 quam
1511 1745 1666 1771 ostentat
1700 1739 1866 1784 inprimis
1887 1741 2152 1787 Protrepticus,

1122 1793 1259 1827 bonam
1273 1802 1416 1840 partem
1432 1808 1473 1829 ex
1492 1802 1618 1828 nostro
1635 1795 1793 1829 deducta
1812 1796 1958 1830 videtur
1973 1813 1981 1840 3
1998 1811 2032 1834 v.
2051 1802 2152 1845 pra—l.

1123 1852 1285 1896 epistola·
1307 1852 1353 1885 ad
1380 1853 1543 1886 Attalum
1569 1853 1735 1898 scriptae,
1758 1853 1920 1899 itemque
1948 1856 1983 1888 111
2007 1857 2155 1905 Harpo-

1123 1910 1323 1943 crationem
1337 1936 1345 1951 ,
1368 1908 1605 1956 llesychium,
1626 1915 1780 1945 ceteros,

1180 1983 1192 1994 κ
1215 1968 1384 2013 Denique
1402 1980 1518 2014 pauca
1540 1967 1699 2013 adjicere
1714 1967 1859 2013 juvabit
1880 1969 1925 2003 de
1947 1970 2092 2005 dicendi
2115 1986 2155 2006 ac

1124 2022 1325 2058 disserendi
1357 2037 1515 2071 genere,
1547 2025 1650 2071 quod
1676 2027 1844 2071 sequitur
1874 2028 2039 2064 Polemo,
2070 2030 2155 2063 Erat

1124 2081 1181 2115 illa
1213 2089 1294 2116 aetas
1321 2084 1474 2116 omnino
1496 2084 1605 2117 rebus
1631 2095 1740 2128 quam
1766 2085 1925 2117 orationi
1949 2086 2152 2133 intentior3

1123 2150 1197 2183 quo
1229 2141 1370 2175 accedit
1412 2142 1515 2187 quod
1547 2150 1802 2188 argumentum
1839 2144 1950 2176 nostri
1981 2144 2154 2190 frigidum

1122 2198 1342 2245 plerumque
1370 2212 1410 2232 ac
1432 2201 1581 2234 minime
1602 2212 1715 2246 capax
1736 2201 1914 2235 facundiae
1935 2209 2024 2238 erat.
2049 2204 2154 2237 Inso-

1124 2256 1257 2290 lentior
1276 2258 1395 2291 l'uisset
1409 2286 1417 2302 ,
1437 2259 1461 2291 si
1480 2259 1637 2292 nitorem
1653 2266 1688 2292 et
1705 2259 1919 2305 elegantiam
1936 2260 2155 2296 elocutionis

1124 2322 1310 2360 captasset.
1330 2317 1505 2350 Praetoroa
1521 2316 1766 2362 reputandum
1784 2317 1885 2362 quod
1901 2321 2152 2353 commentarii

1124 2371 1202 2420 ejus
1237 2386 1279 2407 ex
1316 2374 1587 2420 impeditissima
1622 2374 1925 2415 adnotationum,
1966 2388 2054 2420 quas
2087 2377 2152 2410 sihi

1122 2432 1466 2478 pcregrinabundus
1495 2433 1743 2478 undecunque
1772 2433 2059 2478 constipaverat,
2092 2447 2153 2467 su-

1121 2490 1304 2536 pellectile
1333 2491 1548 2525 elaborandi
1570 2497 1686 2524 erant.
1707 2490 1891 2535 Quocirca
1912 2502 1967 2524 res
1995 2492 2030 2524 in
2053 2492 2152 2525 libris

1122 2547 1198 2592 ejus
1211 2549 1324 2593 magis
1339 2547 1384 2581 ad
1400 2548 1511 2581 instar
1528 2548 1821 2582 adversariorum
1838 2555 2026 2595 congestas
2045 2561 2148 2594 quam

1122 2605 1166 2639 ad
1188 2607 1273 2639 artis
1294 2605 1474 2639 rationem
1492 2605 1647 2652 digestas
1667 2605 1771 2639 fnisse
1789 2605 2033 2649 crediderim,
2056 2614 2153 2640 certe

1122 2663 1201 2696 talis
1231 2663 1522 2709 fragmentorum
1555 2663 1697 2697 indoles
1725 2670 1787 2698 est.
1812 2663 2033 2709 Plerumque
2059 2675 2151 2710 opus.

1120 2733 1224 2754 suum
1253 2722 1299 2754 ita
1329 2720 1553 2767 aggreditur,
1584 2728 1624 2754 ut
1649 2720 1751 2766 quod
1780 2720 1921 2755 viderat
1942 2721 2152 2755 audieratve

1121 2778 1282 2812 breviter
1311 2790 1350 2811 ac
1382 2777 1480 2812 nude
1511 2785 1657 2812 enarret.
1691 2777 1753 2825 (fr,
1780 2777 1869 2825 85),
1903 2778 2055 2812 donaria
2084 2792 2151 2825 1111,

1122 2836 1296 2869 tissimum
1339 2834 1348 2881 (
1373 2835 1414 2869 l'r.
1456 2847 1500 2869 22
1529 2836 1539 2882 )
1579 2844 1615 2869 et
1657 2836 1885 2882 picturarum

1123 2891 1190 2939 (l'r.

1119 2951 1273 2997 parique
1294 2949 1407 2983 modo
1435 2950 1648 2998 defungitur
1673 2953 1905 2986 enarratione
1926 2959 2146 2995 statuarum,

1120 3014 1447 3041 monumentorum
1462 3009 1642 3051 omnium,
1662 3010 1940 3055 inscriptionum
1953 3038 1960 3051 ,
1975 3016 2013 3041 ut
2031 3010 2145 3042 solent

1935 2846 2146 2881 argumenta

1240 2891 1301 2925 60.
1346 2890 1415 2939 (53)
1453 2893 1497 2925 ad
1538 2893 1667 2927 indicis
1698 2896 1897 2929 siccitatem
1935 2894 2146 2932 adumbrw

1119 3077 1243 3100 rerum
1260 3066 1458 3111 plenissimi
1475 3066 1677 3100 verborum
1691 3068 1892 3113 parcissimi
1911 3078 1995 3099 esse.
2015 3066 2147 3099 Multus

1119 3130 1171 3157 est
1191 3124 1229 3157 in
1249 3123 1405 3157 aliorum
1433 3124 1648 3157 testimoniis
1673 3124 1925 3170 apponendis,
1955 3135 2024 3168 qua
2051 3123 2085 3155 in
2107 3134 2146 3154 re

1117 3181 1282 3226 sequitur
1301 3193 1371 3214 suas
1389 3182 1501 3215 aetatis
1517 3194 1656 3215 morem
1671 3209 1679 3224 ,
1706 3195 1780 3227 quo
1799 3181 1844 3214 ad
1865 3180 2008 3214 taedium
2033 3190 2144 3223 usque

1118 3237 1315 3285 legentium
1330 3239 1403 3284 jam
1419 3239 1642 3284 Chrysippus
1657 3240 1788 3273 abusus
1802 3245 1890 3271 erat.
1908 3238 2019 3271 Suum
2035 3238 2143 3280 ipsius

1114 3295 1294 3340 judicium
1318 3309 1400 3330 raro
1419 3304 1453 3329 et
1478 3298 1603 3341 paucis·
1620 3296 1821 3329 admodum
1840 3295 1957 3327 verbis
1980 3295 2141 3337 interpo-

1976 3362 2001 3384 s,
