2289 3728
115 154 162 184 78

111 233 130 268 ’7

128 264 132 277 ¹
947 229 1144 280 πάσχουσι,

156 232 239 284 πρὸς
264 232 367 283 ὀργὴν
398 232 603 282 πράττοντες
624 233 733 266 ὁτιοῦν
764 231 919 271 ἐπιεικῶς

112 290 275 327 συνέπεσε
305 293 424 326 παθεῖν
449 288 506 324 τὸν
535 287 727 335 Ἀμούλιον.
757 286 882 338 Ἄνδρα
904 286 969 337 γὰρ
999 288 1086 339 ἄλλῃ
1111 303 1147 324 τε

110 348 261 398 χρηστὸν
279 348 336 384 καὶ
353 350 410 383 τοῦ
429 346 630 396 Νομήτορος
650 345 746 396 φίλον
762 346 827 381 ὑπὸ
844 346 996 390 σπουδῆς
1013 345 1145 397 ἔπεμψε

111 406 335 443 διαπυθέσθαι
346 408 404 441 τοῦ
428 403 627 454 Νομήτορος
649 402 830 448 κελεύσας,
845 402 876 440 εἴ
890 419 940 445 τις
954 403 1033 448 ἥκοι
1049 403 1147 453 λόγος

111 465 156 506 εἷς
174 465 272 501 αὐτὸν
283 463 366 512 ὑπὲρ
383 465 449 499 τῶν
465 463 598 499 παίδων
612 464 657 506 ὡς
670 461 952 513 περιγενομένων.
970 462 1147 515 Ἀφικόμε·

110 538 163 564 νος
192 516 248 558 οὖν
281 524 298 558 ὃ
323 521 498 571 ἅνθρωπος
526 520 585 558 καὶ
617 521 827 571 θεασάμενος
856 520 933 558 ὅσον
965 521 1061 558 οὔπω
1091 522 1146 559 τὸν

111 580 249 628 Ῥῶμον
270 581 303 616 ἐν
324 579 523 629 περιὸολαῖς
541 577 599 616 καὶ
621 579 883 631 φιλοφροσύναις
903 583 961 616 τοῦ
980 579 1146 628 Χομῆτο-

112 653 185 688 ρος,
215 637 277 682 τήν
295 652 332 674 τε
351 637 465 674 πίστιν
490 636 635 688 ἰσχυρὰν
660 638 800 684 ἐποίησε
820 640 880 683 τῆς
905 638 1061 684 ἐλπίδος,
1088 638 1147 674 καὶ

109 694 388 747 παρεκελεύσατο
419 698 486 732 τῶν
517 695 733 747 πραγμάτων
762 695 862 739 ὀξέως
893 695 1146 745 ἀντιλαμῗάνε-

110 756 207 789 σθαι·
238 752 296 789 καὶ
324 756 427 799 συνῆν
450 757 562 796 αὐτοῖς
591 754 657 800 ἤδη
683 755 742 791 καὶ
771 754 1015 805 συνέπραττεν.
1040 753 1081 790 Ὁ
1112 753 1146 790 δὲ

108 809 226 861 καιρὸς
245 810 319 847 οὐδὲ
340 811 557 861 βουλομένοις
577 813 686 848 ὀκνεῖν
704 817 884 862 παρεῖχεν,
907 811 948 849 Ὁ
970 811 1035 862 γὰρ
1054 811 1144 849 Ῥω-

110 868 214 916 μύλος
229 868 326 918 ἐγγὺς
346 863 473 915 ἦνῆδη
486 899 496 919 ,
516 870 575 906 καὶ
595 869 679 920 πρὸς
697 870 798 906 αὐτὸν
818 869 944 912 ἐξέθεον
963 871 1022 906 οὐκ
1040 869 1147 915 ὀλίγοι

108 929 176 963 τῶν
195 927 344 964 πολιτῶν·
364 927 458 977 μίσει
472 928 530 965 καὶ
547 928 644 979 φόέῳ
659 932 719 965 τοῦ
737 928 929 976 Ἀμουλίου.
950 927 1091 972 Πολλὴν
1112 927 1146 964 δὲ

109 985 167 1022 καὶ
185 984 245 1022 σὺν
266 988 362 1037 αὑτῷ
380 987 523 1034 δύναμιν
544 981 605 1036 ἦγε
626 986 940 1036 συλλεὶιοχισμέν-ην
965 987 1009 1028 εἷς
1027 988 1146 1022 ἑκατο-

108 1042 230 1086 στύας·
242 1043 390 1089 ἑκοίστης
405 1044 440 1081 δὲ
456 1044 541 1095 ἀνὴρ
557 1046 721 1096 ἀφηγεῖτο
735 1045 859 1096 χόρτου
874 1044 932 1081 καὶ
947 1043 1029 1090 ὕλης
1044 1046 1148 1093 ἀγκα-

108 1101 186 1138 λίδα
220 1104 330 1152 κοντῶ
362 1101 603 1154 περικειμένην
635 1102 779 1152 ἀνέχων.
815 1101 986 1139 Μανίπλα
1018 1102 1146 1144 ταύτας

109 1164 251 1197 Λατῖνοι
268 1161 444 1198 καλοῦσιν.
466 1160 538 1198 Ἀπ’
553 1159 680 1197 ἐκείνου
698 1159 732 1196 δὲ
752 1159 810 1196 καὶ
830 1164 888 1197 ν’ὔν
905 1163 938 1197 ἐν
955 1165 1023 1202 τοῖς
1041 1175 1144 1212 στρα-

111 1218 261 1268 τεύμασι
279 1218 415 1260 τούτους
447 1219 696 1269 μανιπλαρίους
722 1219 961 1268 ὀνομάζουσιν.
983 1217 1078 1268 Ἅμα
1104 1218 1145 1264 δὴ

107 1280 166 1314 τοῦ
187 1275 247 1326 μὲν
268 1276 408 1326 Ρώμου
425 1292 501 1320 τους
518 1293 608 1319 εντος
633 1276 860 1329 ἀφιστάντος,
879 1281 937 1314 τοῦ
958 1276 993 1314 δὲ
1007 1275 1147 1324 εΡωμύ-

107 1337 168 1373 λου
185 1350 414 1387 προσαγοντος
431 1335 570 1381 ἔξωθεν,
591 1334 667 1372 οὔτε
687 1334 820 1387 πράξας
836 1336 931 1373 οὐδὲν
952 1338 969 1372 ὁ
986 1336 1146 1387 τύραννος

108 1394 186 1431 οὔτε
217 1394 404 1445 βουλεύσας
434 1394 602 1443 σωτήριον
635 1397 746 1446 ἑαυτῷ
778 1395 834 1431 διὰ
859 1395 897 1432 τὸ
923 1397 1063 1446 ἀπορεῖν
1087 1394 1146 1431 καὶ

108 1453 339 1504 ταράττεσθαι
369 1453 602 1504 καταληφθεὶς
625 1454 806 1490 ἀπέθανεν.
830 1447 901 1491 {stit
930 1453 973 1490 τὰ
998 1454 1145 1490 πλεῖστα

108 1511 167 1547 καὶ
181 1510 321 1549 Φαὸίου
338 1510 495 1560 λέγοντος
506 1510 564 1548 καὶ
575 1514 634 1547 τοῦ
652 1510 875 1563 Πεπαρηθίου
890 1511 1093 1560 Διοκλέους,
1112 1511 1146 1554 ὃς

108 1571 200 1606 δοκεῖ
216 1571 349 1620 πρῶτος
363 1569 519 1606 ἐκδοῦναι
535 1567 674 1619 Ῥώμη
685 1585 699 1611 ς
723 1569 868 1606 κτίσιν
880 1599 890 1617 ,
908 1569 1061 1607 ὕποπτον
1083 1569 1144 1619 μὲν

107 1628 203 1670 ἐνίοις
220 1627 292 1665 ἐστὶ
311 1627 349 1664 τὸ
370 1627 583 1679 δραματικὸν
604 1627 663 1665 καὶ
681 1629 952 1676 πλασματῶδες·
973 1629 1010 1665 οὐ
1033 1629 1082 1665 δεῖ
1110 1627 1145 1665 δὲ

108 1689 284 1732 άπιστεῖν,
315 1685 377 1732 τὴν
410 1685 521 1736 τύχην
553 1688 721 1737 ὁρῶντας,
749 1684 828 1723 οἵων
857 1686 1062 1735 ποιημάτων
1085 1687 1145 1732 δη-

108 1744 266 1795 μιουργός
286 1745 376 1790 ἐστι,
395 1744 454 1781 καὶ
477 1743 520 1781 τὰ
545 1743 730 1791 Ῥωμαίων
751 1744 942 1795 πράγματα
963 1745 1145 1794 λογιζομέ-

106 1819 200 1852 νους,
218 1804 263 1845 ὡς
293 1803 355 1839 οὐκ
380 1801 420 1839 ἂν
439 1804 584 1839 ἐνταῦθα
601 1802 736 1854 προῦὅη
758 1803 955 1852 δυνάμεως,
980 1803 1028 1852 μὴ
1051 1803 1143 1840 θείαν

106 1860 182 1899 τινὰ
200 1859 309 1912 ἀρχὴν
326 1861 495 1904 λαὸόντα,
523 1861 581 1898 καὶ
602 1862 708 1910 μηδὲν
728 1862 818 1912 μέγα
846 1860 933 1910 μηδὲ
952 1861 1145 1912 παράδοξον

105 1920 264 1971 ἔχουσαν.

612 2015 643 2052 3.

158 2108 434 2155 JosephusAnt.
453 2108 538 2144 Jud.
557 2109 606 2152 X,
626 2110 672 2153 11,
696 2121 709 2142 1
733 2106 981 2157 ;Μεγασθε’νης
1000 2107 1065 2158 (fr.
1085 2105 1144 2154 24)
1174 2087 1180 2154 Ι

106 2218 175 2246 tum
194 2217 309 2248 accidit
323 2217 461 2248 Amulio.
486 2217 598 2248 Virum
623 2216 708 2247 enim
734 2218 765 2247 et
779 2216 941 2255 ceteroqui
956 2215 1093 2255 probum
1113 2216 1145 2246 et

106 2268 280 2299 Numitoris
292 2268 431 2299 amicum
445 2269 590 2299 festinato
607 2267 647 2298 ad
661 2276 734 2298 eum
749 2268 831 2299 misit
845 2268 1014 2306 quaesitum
1033 2266 1146 2305 ecquid

105 2320 145 2350 «le
160 2320 379 2352 incolumitate
401 2330 575 2360 puerorum
594 2320 811 2352 intellexisset.
839 2320 895 2351 llle
920 2318 1092 2361 accedens,
1111 2320 1146 2349 ut

107 2380 196 2410 'nene
212 2372 384 2403 haercntem
397 2373 462 2412 iam
478 2374 613 2404 Remum
629 2373 661 2403 in
675 2371 892 2411 complexibus
908 2372 939 2402 et
952 2370 1068 2402 osculis
1083 2364 1145 2401 Nu-

106 2422 228 2453 mitoris
244 2423 343 2462 vidit,
358 2425 390 2455 et
407 2423 472 2463 spei
486 2423 636 2454 fiduciam
654 2422 794 2461 addidit,
814 2424 845 2453 et
859 2424 895 2453 ut
914 2431 982 2453 rem
1004 2421 1146 2461 gnaviter

106 2473 339 2513 aggrederetur,
356 2476 468 2506 auctor
482 2474 559 2514 suit;
573 2475 733 2514 simulque
746 2483 778 2505 se
792 2474 852 2504 illis
870 2473 1015 2512 adjunxit
1030 2480 1146 2512 eosque

106 2525 241 2563 adJuvit.
285 2528 349 2557 Nec
367 2528 492 2566 tempus
501 2526 599 2557 ullam
611 2526 804 2557 concedebat
818 2526 866 2556 vel
877 2524 1055 2556 volentibus
1070 2532 1144 2564 pro—

106 2576 255 2607 lationem
275 2586 367 2608 :nam
380 2578 534 2609 Romulus
545 2578 609 2618 jam
623 2578 748 2616 aderat,
764 2577 802 2607 ad
816 2586 911 2617 quem
923 2576 995 2607 odio
1009 2577 1040 2607 et
1057 2577 1144 2607 metu

106 2628 222 2659 Amulii
241 2629 332 2668 copia
345 2638 378 2660 se
397 2630 553 2661 effuderat
569 2631 697 2661 civium.
723 2632 851 2661 Manum
870 2629 964 2660 etiam
988 2638 1051 2659 non
1068 2638 1144 2659 con-

107 2683 310 2712 temnendam
325 2690 396 2713 secu
403 2692 432 2713 m
443 2683 507 2722 ipse
523 2682 701 2714 adducebat
714 2684 745 2714 in
757 2683 914 2714 centurias
929 2682 1143 2713 distributam.

107 2731 251 2771 Singulas
267 2741 350 2763 unus
379 2733 532 2772 ducebat,
549 2734 698 2773 graminis
719 2736 750 2765 et
770 2734 921 2765 fruticum
948 2733 1144 2772 manipulum

108 2785 204 2814 conto
217 2783 380 2822 alligatum
395 2793 521 2815 sursum
545 2786 666 2816 tenens.
688 2784 864 2825 Manipulos
879 2784 977 2816 Latini
1002 2786 1117 2815 vocant
1136 2797 1143 2815 t

107 2837 203 2874 atquc
231 2835 303 2866 inde
321 2837 428 2866 manet
452 2836 484 2866 in
509 2836 696 2867 hodiernum
721 2837 826 2876 diem,
850 2837 932 2867 utin
955 2837 1146 2868 exercitibus

109 2886 165 2917 hos
185 2886 395 2926 manipulares
407 2887 574 2926 appellent.
592 2887 691 2918 Simul
711 2888 807 2928 igitur
823 2891 938 2919 Remus
956 2897 1056 2928 quum
1072 2897 1143 2928 eos,

107 2937 161 2976 qui
175 2937 260 2968 intus
283 2939 390 2976 erant,
405 2937 444 2968 ad
460 2946 493 2968 se
511 2938 671 2977 traheret,
692 2940 846 2970 Romulus
871 2948 947 2970 vero
968 2939 1144 2971 adoriretur

109 2988 201 3027 t'oris,
239 2988 380 3028 trepidus
404 2990 558 3028 tyrannus
591 2992 622 3020 ct
651 2991 821 3029 attonitus,
847 2991 921 3021 nihil
956 2993 1002 3021 cst
1033 2992 1142 3022 contra

108 3039 254 3078 molitus,
274 3048 332 3071 nec
345 3043 516 3080 quicquam
534 3040 668 3072 salubris
688 3041 809 3071 consilii
830 3042 913 3081 cepit
930 3054 936 3072 ε
961 3042 1067 3081 itaque
1086 3042 1142 3072 de-

110 3091 284 3130 prehensus
312 3092 533 3123 obtruncatur.
563 3094 683 3123 Horum
714 3093 865 3132 pleraque
900 3102 1083 3134 quanquam
1112 3098 1144 3126 et

108 3142 222 3174 Fabius
233 3144 328 3174 refert
340 3145 371 3175 et
392 3144 595 3183 peparethius
611 3144 732 3175 Diocles
744 3168 752 3183 ‚
776 3144 830 3184 qui
848 3144 886 3175 de
900 3144 1026 3175 condita
1043 3147 1142 3177 Roma

108 3195 228 3234 primus
244 3196 406 3227 memoriae
422 3196 587 3227 mandasse
613 3196 748 3235 videtur,
766 3199 911 3236 suspecta
936 3196 1064 3236 quidam
1092 3199 1141 3229 ha-

108 3246 182 3277 bent
196 3247 236 3278 ob
258 3248 395 3287 speciem
413 3247 624 3278 dramaticam
650 3248 681 3278 et
703 3247 875 3278 commenti
901 3247 1036 3278 similem
1058 3261 1064 3278 2
1089 3249 1141 3279 scd

108 3307 207 3336 quum
224 3307 391 3329 cernamus
409 3300 602 3338 quantarum
618 3307 723 3328 rerum
738 3298 843 3337 opifex
862 3298 899 3328 sit
919 3298 1042 3328 fortuna
1054 3323 1062 3337 ,
1082 3308 1141 3329 non

108 3350 176 3382 deb«
188 3360 256 3381 mus
272 3352 297 3381 ri
322 3351 414 3381 tidem
430 3351 593 3390 ‹lei-ugare,
615 3352 793 3390 reputantes
806 3350 927 3388 animo,
945 3359 1008 3380 rem
1027 3352 1141 3381 Roma-

1175 231 1181 254 Ι
1216 232 1224 244 3

920 144 1113 181 DlOCLlS
1145 144 1448 183 PEPARETun

1211 246 1244 266 εν
1264 234 1306 283 τῇ
1337 232 1484 283 τετάρτῃ
1510 234 1577 268 τῶν
1613 232 1761 269 Ἰνδικῶν
1855 232 2055 281 ἀποφαίνειν
2087 239 2246 283 πειρᾶται

1209 292 1326 326 τοῦτον
1358 289 1414 326 τὸν
1449 289 1593 339 βασιλέα
1625 291 1696 339 (sc.
1725 288 2094 341 Ναῧουχοδονόσορον)
2123 294 2164 342 τῇ
2189 294 2246 331 ἀν-

1210 347 1303 398 δρείᾳ
1325 347 1383 384 καὶ
1409 349 1458 399 τῷ
1480 347 1615 398 μεγέθει
1635 350 1701 384 τῶν
1726 346 1884 398 πράξεων
1904 348 2169 399 ὑπερὸεὸηκότα
2190 349 2247 386 τὸν

1211 405 1409 456 Ἡρακλέα·
1442 406 1746 457 καταστρέψασθαι
1777 405 1843 457 γὰρ
1873 405 1972 442 αὐτόν
2004 421 2087 457 φησι
2118 407 2250 454 Λιὸύης

1209 463 1270 508 τὴν
1291 463 1421 508 πολλὴν
1442 463 1500 501 καὶ
1519 463 1688 514 Ἰτῗηρίαν.
1712 463 1781 501 Καὶ
1807 464 1955 508 Διοκλῆς
1984 463 2019 500 δὲ
2047 466 2080 501 ἐν
2102 468 2143 516 τῇ
2170 466 2248 502 δευ-

1209 522 1290 573 τέρα
1322 524 1389 558 τῶν
1426 524 1606 573 Περσικῶν
1632 521 1854 571 (Ἀποικιῶν)
1886 521 2094 571 μνημονεύει
2126 523 2246 560 τούτου

1210 583 1267 616 τοῦ
1294 579 1477 629 βασιλέως.

1265 639 1466 689 Περσικῶν]
1488 642 1598 675 Juxta
1615 641 1865 687 Epiphanium
1883 639 1916 675 ἓν
1939 638 1969 689 β’
1987 641 2053 676 τῶν
2074 640 2253 685 ἀποικιῶν,

1210 698 1458 734 HAVERKAMP.
1492 714 1506 728 «
1534 698 1648 744 Apud
1677 697 1858 732 Rufinum
1878 699 2024 733 Diocles
2043 702 2080 733 in
2096 700 2253 734 secundo

1209 756 1431 790 coloniarum
1441 782 1449 798 ,
1475 755 1669 802 quomodo
1683 768 1761 790 non
1774 756 1895 789 solum
1913 756 1951 791 in
1968 756 2076 791 editis
2090 757 2252 804 reperio,

1208 812 1397 846 sedetiam
1420 814 1459 846 in
1481 811 1619 846 Rufino
1639 825 1720 847 meo
1743 820 1854 849 msto.
1885 828 1899 843 »
1922 815 2031 849 Voss.
2066 815 2159 850 Hist.
2183 814 2248 852 Gr.

1208 882 1246 916 p.
1286 875 1374 917 429.
1415 871 1702 905 Insolentiorem
1737 871 1858 917 operis
1878 859 2048 905 vtitulum
2081 869 2254 908 Ἀποικίαι

1208 929 1340 963 abiisse
1366 928 1504 963 dixeris
1521 930 1559 962 in
1582 929 1811 963 notissimam
1830 929 2037 963 multorum
2066 929 2253 966 librorum

1208 988 1502 1034 inscriptionem,
1519 985 1691 1037 Περσικά.
1708 986 1849 1032 Quodsi
1866 993 1932 1030 est,
1950 988 2144 1035 suspiceris
2155 989 2255 1024 hunc

1207 1046 1378 1080 Dioclem
1391 1058 1462 1081 esse
1476 1046 1756 1093 Peparethium‚
1774 1052 1886 1091 atque
1901 1057 1940 1080 ea
1957 1057 2038 1092 quae
2058 1045 2102 1081 de
2120 1048 2250 1082 Romae

1209 1104 1415 1151 originibus
1444 1117 1488 1139 ex
1517 1116 1562 1139 eo
1590 1103 1818 1151 produntur,
1841 1115 1887 1138 ex
1914 1103 2047 1138 eodem
2074 1102 2255 1141 Ἀποικιῶν

1207 1162 1282 1196 sive
1304 1159 1462 1198 Κτίσεων
1495 1175 1609 1209 opere
1640 1161 1749 1197 fuisse
1777 1162 2015 1208 deprompta.
2037 1162 2208 1198 Ceterum
2226 1165 2255 1199 si

1207 1220 1321 1254 altera
1341 1221 1452 1255 lectio
1473 1221 1632 1268 genuina
1652 1228 1724 1264 est,
1744 1220 1924 1267 quaeritur
1943 1232 1990 1254 an
2005 1232 2083 1255 non
2104 1222 2254 1258 Diocles

1206 1279 1267 1313 hic
1288 1278 1389 1313 idem
1408 1280 1454 1313 sit
1473 1291 1558 1313 cum
1573 1280 1741 1326 Diogene
1760 1278 1942 1327 Περσικῶν
1964 1286 2132 1324 auctore,
2154 1279 2256 1326 cujus

1208 1338 1375 1372 meminit
1410 1338 1524 1373 Clem.
1559 1338 1665 1374 Alex.
1711 1338 1834 1372 Protr.
1876 1349 1915 1383 p.
1955 1350 2000 1385 ¹9
2015 1365 2023 1380 ‚
2063 1350 2105 1372 21
2148 1339 2250 1385 Sylb.

1212 1394 1265 1442 (v.
1290 1396 1447 1443 Diogen.
1468 1394 1554 1441 (23¹2.
1576 1395 1622 1431 fr.
1643 1392 1696 1443 lt).

1720 1481 1755 1519 4.

1561 1563 1675 1599 mem
1712 1563 1898 1616 ΗΡῼΩΝ.

1261 1642 1446 1675 Plutarch.
1475 1641 1547 1686 Qu.
1578 1641 1643 1675 Gr.
1667 1654 1700 1674 c.
1735 1644 1782 1681 [40
1807 1653 1815 1674 ;
1840 1657 1855 1672 ιι
1885 1639 1948 1681 Τίς
1969 1640 2139 1683 Εὔνοστος
2159 1639 2251 1692 ἥρως

1207 1699 1241 1734 ἐν
1262 1696 1452 1749 ’1αναγρα;
1466 1712 1525 1734 και
1543 1695 1598 1733 διὰ
1615 1696 1692 1733 τίνα
1712 1697 1824 1733 αἰτίαν
1841 1697 1879 1734 τὸ
1894 1697 1996 1740 ἄλσος
2016 1699 2119 1736 αὐτου
2136 1714 2252 1746 γυναι·

1208 1755 1254 1798 ξὶν
1276 1753 1502 1804 ἀνέμδατόν
1477 1769 1602 1812 εστιν;
1627 1773 1641 1787 >1
1656 1754 1795 1797 Ἐλιέως
1812 1758 1869 1792 τοῦ
1889 1758 2048 1807 Κηφισου
2066 1755 2125 1794 καὶ
2142 1757 2252 1795 Σκιά-

1208 1814 1262 1855 δος
1284 1812 1454 1854 Ευνοστος
1476 1815 1517 1857 ἠν
1536 1811 1627 1860 υἱὸς,
1650 1815 1677 1864 ῳ
1703 1827 1806 1863 φασιν
1827 1812 1892 1849 υπὸ
1917 1812 2053 1865 νύμφης
2074 1813 2252 1856 Εὐνόστας

1208 1870 1414 1923 ἐκτραφέντι
1443 1885 1543 1907 τουτο
1562 1870 1720 1920 γενεσθαι
1745 1869 1911 1920 τοῦνομα.
1943 1871 2059 1914 Καλὸς
2076 1869 2148 1909 δὲ*
2128 1887 2175 1909 ων
2193 1887 2252 1909 και

1208 1929 1335 1972 δίκαιος
1349 1959 1358 1976 ,
1379 1929 1444 1979 οὐχ
1465 1934 1568 1974 ἧττον
1588 1931 1629 1974 ἠν
1649 1927 1795 1980 σώφρων
1820 1928 1879 1966 καὶ
1898 1928 2081 1981 αὐστηρός·
2103 1930 2254 1982 ἐρασθῆ-

1207 2003 1263 2024 ναι
1297 1985 1331 2024 δὲ
1353 2002 1457 2024 αυτου
1489 1985 1646 2045 λεγουσιν
1677 1984 1837 2036 ''O-sym,
1871 1986 1954 2057 μίαν
1984 1990 2053 2024 τῶν
2087 1988 2252 2026 Κολωνου

1208 2044 1401 2096 θυγατέρων
1423 2042 1564 2096 ἀνεψιὰν
1585 2047 1704 2082 οὖσαν.
1730 2044 1865 2082 Ἐπει
1848 2043 1883 2081 οὲ
1905 2046 2080 2095 πειρῶσαν
2101 2047 2118 2082 ὁ
2140 2043 2250 2082 Εὔνο-

1209 2120 1285 2146 στος
1317 2103 1553 2154 ἀπετρέψατο,
1588 2118 1646 2139 και
1677 2102 1881 2154 λοιδορησας
1918 2105 2068 2148 ἀπηλΟεν
2097 2105 2143 2146 εἷς
2173 2119 2250 2146 τους

1206 2222 1280 2245 nam
1294 2213 1361 2244 sine
1385 2213 1493 2244 divino
1517 2214 1623 2252 aliquo
1644 2213 1785 2252 auspicio
1810 2215 1840 2243 et
1867 2223 1983 2252 magno
2010 2214 2163 2245 miraculo
2187 2223 2250 2244 non

1207 2265 1300 2295 ruisse
1316 2273 1352 2294 eo
1362 2264 1512 2304 potentiae
1527 2272 1771 2303 progressuram.

1709 2322 1740 2350 3.

1248 2375 1462 2414 Megasthenes
1475 2374 1506 2404 in
1520 2373 1599 2404 libro
1609 2376 1724 2414 quarto
1736 2383 1840 2405 rerum
1853 2375 2071 2406 Indicarum...
2084 2375 2249 2407 ostendere

1206 2427 1339 2456 conatur
1355 2424 1443 2464 quod
1459 2424 1510 2454 hic
1535 2433 1591 2455 rex
1612 2425 1656 2462 (N
1662 2424 1964 2456 abuchodonosorus
1979 2425 1988 2463 )
2014 2425 2200 2457 tortitudine
2215 2428 2247 2457 et

1207 2485 1314 2507 rerum
1339 2477 1499 2516 gestarum
1523 2475 1738 2515 magnitudine
1757 2476 1848 2515 longe
1872 2476 2043 2508 Herculem
2065 2476 2221 2517 superarit
2237 2485 2254 2506 :.

1206 2537 1277 2559 eum
1294 2527 1378 2559 enim
1394 2528 1533 2558 vastasse
1543 2526 1619 2558 dicit
1634 2535 1780 2567 magnam
1797 2528 1904 2567 Libyae
1920 2529 2042 2568 partem
2055 2529 2088 2559 et
2100 2527 2245 2560 iberiam.

1210 2583 1306 2611 Porro
1323 2580 1448 2611 Diocles
1464 2579 1496 2610 in
1513 2579 1654 2610 secundo
1672 2582 1718 2610 De
1738 2580 1830 2611 rebus
1850 2580 1979 2611 Persicis
1997 2581 2007 2619 (
2024 2582 2071 2612 De
2093 2580 2246 2619 coloniis)

1208 2633 1302 2672 lmjuis
1313 2632 1392 2671 regis
1407 2632 1602 2662 mentionem
1621 2632 1704 2663 fecit.

1560 2702 1625 2739 DE
1657 2701 1901 2740 SACELLIS.

1707 2780 1742 2810 4.

1251 2837 1330 2871 Quis
1349 2836 1398 2865 esc
1412 2836 1585 2866 Eunostus
1596 2833 1693 2866 heros
1713 2835 1880 2873 Tanayroe
1891 2855 1901 2869 ,
1918 2835 1950 2865 ec
1964 2841 2026 2865 cur
2042 2833 2159 2865 lucum
2171 2834 2244 2871 ejus

1207 2891 1343 2921 intrare
1368 2887 1570 2919 mulieribus
1599 2886 1697 2925 nefas
1716 2888 1792 2918 esc?
1810 2886 1916 2917 Elieus
1931 2886 2055 2926 Cephisi
2072 2888 2104 2917 et
2128 2885 2246 2917 Sciadis

1205 2941 1290 2972 tilius
1306 2943 1394 2980 pater
1410 2939 1543 2971 Eunosti
1561 2939 1619 2970 fuit
1631 2963 1639 2978 ,
1654 2938 1705 2969 cui
1718 2947 1834 2969 nornen
1855 2938 2038 2978 impositum
2051 2938 2092 2969 ab
2103 2939 2243 2969 Eunosta

1204 2993 1345 3033 nympha
1360 3001 1433 3033 quae
1446 3001 1520 3024 eum
1534 2992 1745 3030 enutriverat,
1759 2991 1859 3022 aiunt.
1875 2991 1933 3022 Hic
1942 2991 2121 3030 Eunostus,
2135 2991 2170 3021 ut
2185 2989 2243 3021 ho—

1203 3046 1311 3076 nestus
1321 3045 1352 3075 ct
1362 3044 1467 3083 justus
1479 3067 1488 3081 ,
1502 3044 1546 3074 ita
1560 3042 1693 3082 pudicus
1704 3042 1800 3074 etiam
1816 3041 1875 3072 fuit
1886 3042 1983 3081 atque
1996 3043 2151 3072 austerus.
2167 3040 2244 3080 Ejus

1203 3105 1311 3127 amore
1336 3098 1461 3135 captam
1490 3095 1595 3125 serunt
1612 3094 1756 3126 ochnam
1781 3101 1878 3123 unam
1901 3093 1942 3123 de
1961 3091 2074 3124 Coloni
2099 3091 2242 3130 filiabus,

1203 3148 1423 3179 consobrinam
1437 3155 1526 3178 suam
1545 3158 1552 3177 z
1568 3154 1586 3177 a
1597 3154 1661 3186 qua
1669 3145 1855 3177 sollicitatus
1864 3143 1904 3175 ad
1914 3143 2118 3175 concubitum
2130 3166 2139 3182 ,
2155 3151 2244 3174 aver-

1203 3199 1290 3230 satus
1303 3199 1469 3229 mulierem
1484 3199 1515 3229 et
1529 3197 1674 3228 convicio
1687 3196 1879 3234 insectatus,
1896 3195 1937 3226 ad
1953 3195 2066 3226 fratres
2082 3194 2149 3234 ejus
2166 3193 2242 3225 abiit

1204 3252 1364 3290 querelam
1379 3250 1418 3281 de
1434 3249 1500 3289 ipsa
1519 3248 1737 3289 propositurus
1756 3261 1762 3279 :
1779 3247 1833 3278 sed
1849 3247 1959 3278 Ochna
1983 3247 2161 3278 Eunostum
2185 3253 2240 3277 oc-

1204 3302 1332 3340 cupavit
1349 3301 1432 3340 apud
1448 3302 1558 3332 fratres
1570 3308 1718 3331 accusare
1730 3324 1738 3337 ‚
1760 3300 1854 3338 vique
1873 3307 1905 3330 se
1919 3299 1959 3330 ab
1972 3307 2010 3329 eo
2029 3305 2240 3337 compressam

1207 3353 1331 3382 mentiri
1352 3366 1356 3382 :
1374 3352 1574 3391 obtinuitque
1594 3353 1626 3381 ut
1644 3351 1813 3385 Echemus,
1839 3352 1916 3387 Leo,
1938 3350 2073 3381 Bucolus
2087 3349 2137 3387 (hi
2156 3347 2240 3379 enim
