<?xml version="1.0" encoding="UTF-8"?>
<!DOCTYPE html PUBLIC "-//W3C//DTD XHTML 1.0 Transitional//EN"
    "http://www.w3.org/TR/xhtml1/DTD/xhtml1-transitional.dtd">
<html xmlns="http://www.w3.org/1999/xhtml" xml:lang="en" lang="en">
 <head>
  <title>
</title>
<meta http-equiv="Content-Type" content="text/html;charset=utf-8" />
  <meta name='ocr-system' content='tesseract 3.04.00' />
  <meta name='ocr-capabilities' content='ocr_page ocr_carea ocr_par ocr_line ocrx_word'/>
</head>
<body>
  <div class='ocr_page' id='page_1' title='image "./fragmentahistori03mueluoft_0663.png"; bbox 0 0 2338 3765; ppageno 0'>
   <div class='ocr_carea' id='block_1_1' title="bbox 936 188 1264 226">
    <p class='ocr_par' dir='ltr' id='par_1_1' title="bbox 936 188 1264 226">
     <span class='ocr_line' id='line_1_1' title="bbox 936 188 1264 226; baseline 0.003 -1"><span class='ocrx_word' id='word_1_1' title='bbox 936 188 1264 226; x_wconf 81' lang='lat' dir='ltr'><strong>FRAGMENTA.</strong></span> 
     </span>
    </p>
   </div>
   <div class='ocr_carea' id='block_1_2' title="bbox 36 269 1072 1191">
    <p class='ocr_par' dir='ltr' id='par_1_2' title="bbox 36 269 1072 1191">
     <span class='ocr_line' id='line_1_2' title="bbox 96 269 1069 326; baseline -0.004 -13"><span class='ocrx_word' id='word_1_2' title='bbox 96 279 140 319; x_wconf 84' lang='grc' dir='ltr'>ὡς</span> <span class='ocrx_word' id='word_1_3' title='bbox 161 275 332 326; x_wconf 75' lang='grc' dir='ltr'>Ἀφράνιον</span> <span class='ocrx_word' id='word_1_4' title='bbox 355 274 440 316; x_wconf 77' lang='grc' dir='ltr'>εἰκὸς</span> <span class='ocrx_word' id='word_1_5' title='bbox 462 269 524 323; x_wconf 68' lang='grc' dir='ltr'>ἦν]</span> <span class='ocrx_word' id='word_1_6' title='bbox 543 292 556 307; x_wconf 73' lang='grc' dir='ltr'>«ι</span> <span class='ocrx_word' id='word_1_7' title='bbox 580 277 640 310; x_wconf 83' lang='grc'>1115</span> <span class='ocrx_word' id='word_1_8' title='bbox 654 276 774 310; x_wconf 67' lang='lat' dir='ltr'>verbis</span> <span class='ocrx_word' id='word_1_9' title='bbox 788 276 970 310; x_wconf 79' lang='lat' dir='ltr'>Lucianus</span> <span class='ocrx_word' id='word_1_10' title='bbox 984 288 1069 322; x_wconf 80' lang='lat' dir='ltr'>pcr-</span> 
     </span>
     <span class='ocr_line' id='line_1_3' title="bbox 42 334 1071 383; baseline -0.006 -12"><span class='ocrx_word' id='word_1_11' title='bbox 42 336 185 383; x_wconf 82' lang='lat' dir='ltr'>stringit</span> <span class='ocrx_word' id='word_1_12' title='bbox 205 335 368 369; x_wconf 73' lang='lat' dir='ltr'>historici</span> <span class='ocrx_word' id='word_1_13' title='bbox 399 335 493 368; x_wconf 86' lang='lat' dir='ltr'>illius</span> <span class='ocrx_word' id='word_1_14' title='bbox 522 334 779 380; x_wconf 84' lang='lat' dir='ltr'>insipientiam,</span> <span class='ocrx_word' id='word_1_15' title='bbox 802 334 864 379; x_wconf 86' lang='lat' dir='ltr'>qui</span> <span class='ocrx_word' id='word_1_16' title='bbox 892 345 1007 379; x_wconf 85' lang='lat' dir='ltr'>quum</span> <span class='ocrx_word' id='word_1_17' title='bbox 1035 334 1071 366; x_wconf 92' lang='lat' dir='ltr'>in</span> 
     </span>
     <span class='ocr_line' id='line_1_4' title="bbox 42 391 1072 441; baseline -0.004 -13"><span class='ocrx_word' id='word_1_18' title='bbox 42 396 124 441; x_wconf 88' lang='lat' dir='ltr'>ipso</span> <span class='ocrx_word' id='word_1_19' title='bbox 166 393 259 427; x_wconf 85' lang='lat' dir='ltr'>duce</span> <span class='ocrx_word' id='word_1_20' title='bbox 294 391 503 426; x_wconf 79' lang='lat' dir='ltr'>occidendo</span> <span class='ocrx_word' id='word_1_21' title='bbox 534 393 663 426; x_wconf 79' lang='lat' dir='ltr'>mortis</span> <span class='ocrx_word' id='word_1_22' title='bbox 700 403 833 438; x_wconf 76' lang='lat' dir='ltr'>genere</span> <span class='ocrx_word' id='word_1_23' title='bbox 864 403 948 424; x_wconf 87' lang='lat' dir='ltr'>usus</span> <span class='ocrx_word' id='word_1_24' title='bbox 982 397 1072 425; x_wconf 80' lang='lat' dir='ltr'>essct</span> 
     </span>
     <span class='ocr_line' id='line_1_5' title="bbox 43 448 1070 495; baseline -0.004 -11"><span class='ocrx_word' id='word_1_25' title='bbox 43 450 195 484; x_wconf 87' lang='lat' dir='ltr'>omnino</span> <span class='ocrx_word' id='word_1_26' title='bbox 215 449 354 484; x_wconf 85' lang='lat' dir='ltr'>absono</span> <span class='ocrx_word' id='word_1_27' title='bbox 370 456 405 483; x_wconf 79' lang='lat' dir='ltr'>ct</span> <span class='ocrx_word' id='word_1_28' title='bbox 421 448 588 495; x_wconf 71' lang='lat' dir='ltr'>indigno,</span> <span class='ocrx_word' id='word_1_29' title='bbox 603 448 677 494; x_wconf 86' lang='lat' dir='ltr'>jam</span> <span class='ocrx_word' id='word_1_30' title='bbox 693 448 893 482; x_wconf 78' lang='lat' dir='ltr'>obscurum</span> <span class='ocrx_word' id='word_1_31' title='bbox 909 448 1070 493; x_wconf 81' lang='lat' dir='ltr'>aliquem</span> 
     </span>
     <span class='ocr_line' id='line_1_6' title="bbox 41 504 1071 553; baseline -0.004 -11"><span class='ocrx_word' id='word_1_32' title='bbox 41 509 228 542; x_wconf 84' lang='lat' dir='ltr'>hominem</span> <span class='ocrx_word' id='word_1_33' title='bbox 245 519 289 541; x_wconf 83' lang='lat' dir='ltr'>ex</span> <span class='ocrx_word' id='word_1_34' title='bbox 309 507 386 553; x_wconf 88' lang='lat' dir='ltr'>ipsa</span> <span class='ocrx_word' id='word_1_35' title='bbox 409 507 569 540; x_wconf 88' lang='lat' dir='ltr'>militum</span> <span class='ocrx_word' id='word_1_36' title='bbox 592 506 702 541; x_wconf 85' lang='lat' dir='ltr'>turba</span> <span class='ocrx_word' id='word_1_37' title='bbox 720 512 880 540; x_wconf 88' lang='lat' dir='ltr'>mortem</span> <span class='ocrx_word' id='word_1_38' title='bbox 908 504 1071 539; x_wconf 81' lang='lat' dir='ltr'>finxisset</span> 
     </span>
     <span class='ocr_line' id='line_1_7' title="bbox 42 562 1070 612; baseline -0.004 -13"><span class='ocrx_word' id='word_1_39' title='bbox 42 571 280 612; x_wconf 88' lang='lat' dir='ltr'>oppetenlem</span> <span class='ocrx_word' id='word_1_40' title='bbox 299 576 386 598; x_wconf 78' lang='lat' dir='ltr'>vere</span> <span class='ocrx_word' id='word_1_41' title='bbox 414 564 607 598; x_wconf 74' lang='lat' dir='ltr'>honestam</span> <span class='ocrx_word' id='word_1_42' title='bbox 639 571 675 598; x_wconf 85' lang='lat' dir='ltr'>et</span> <span class='ocrx_word' id='word_1_43' title='bbox 690 564 771 597; x_wconf 85' lang='lat' dir='ltr'>viro</span> <span class='ocrx_word' id='word_1_44' title='bbox 792 563 879 597; x_wconf 88' lang='lat' dir='ltr'>forti</span> <span class='ocrx_word' id='word_1_45' title='bbox 899 562 1070 610; x_wconf 88' lang='lat' dir='ltr'>dignissi-</span> 
     </span>
     <span class='ocr_line' id='line_1_8' title="bbox 42 621 1070 667; baseline -0.004 -10"><span class='ocrx_word' id='word_1_46' title='bbox 42 635 151 657; x_wconf 86' lang='lat' dir='ltr'>mam.</span> <span class='ocrx_word' id='word_1_47' title='bbox 167 624 212 656; x_wconf 89' lang='lat' dir='ltr'>Et</span> <span class='ocrx_word' id='word_1_48' title='bbox 227 623 296 656; x_wconf 87' lang='lat' dir='ltr'>hac</span> <span class='ocrx_word' id='word_1_49' title='bbox 326 628 468 656; x_wconf 86' lang='lat' dir='ltr'>tantum</span> <span class='ocrx_word' id='word_1_50' title='bbox 489 622 634 655; x_wconf 88' lang='lat' dir='ltr'>ratione</span> <span class='ocrx_word' id='word_1_51' title='bbox 657 622 821 655; x_wconf 83' lang='lat' dir='ltr'>excusari</span> <span class='ocrx_word' id='word_1_52' title='bbox 851 627 972 667; x_wconf 84' lang='lat' dir='ltr'>potest</span> <span class='ocrx_word' id='word_1_53' title='bbox 990 621 1070 655; x_wconf 84' lang='lat' dir='ltr'>Lu-</span> 
     </span>
     <span class='ocr_line' id='line_1_9' title="bbox 40 678 1069 725; baseline -0.004 -10"><span class='ocrx_word' id='word_1_54' title='bbox 40 680 132 715; x_wconf 81' lang='lat' dir='ltr'>ciani</span> <span class='ocrx_word' id='word_1_55' title='bbox 155 680 358 722; x_wconf 78' lang='lat' dir='ltr'>cavillatio,</span> <span class='ocrx_word' id='word_1_56' title='bbox 383 691 493 725; x_wconf 87' lang='lat' dir='ltr'>quem</span> <span class='ocrx_word' id='word_1_57' title='bbox 511 680 623 714; x_wconf 79' lang='lat' dir='ltr'>latere</span> <span class='ocrx_word' id='word_1_58' title='bbox 658 692 735 713; x_wconf 87' lang='grc'>11011</span> <span class='ocrx_word' id='word_1_59' title='bbox 754 679 946 725; x_wconf 83' lang='lat' dir='ltr'>potuerint</span> <span class='ocrx_word' id='word_1_60' title='bbox 973 678 1069 723; x_wconf 87' lang='lat' dir='ltr'>ejus-</span> 
     </span>
     <span class='ocr_line' id='line_1_10' title="bbox 39 736 1070 785; baseline -0.002 -12"><span class='ocrx_word' id='word_1_61' title='bbox 39 738 141 773; x_wconf 86' lang='lat' dir='ltr'>modi</span> <span class='ocrx_word' id='word_1_62' title='bbox 169 738 377 773; x_wconf 85' lang='lat' dir='ltr'>devotionis</span> <span class='ocrx_word' id='word_1_63' title='bbox 411 739 542 785; x_wconf 84' lang='lat' dir='ltr'>passim</span> <span class='ocrx_word' id='word_1_64' title='bbox 566 750 586 772; x_wconf 89' lang='lat' dir='ltr'>a</span> <span class='ocrx_word' id='word_1_65' title='bbox 628 740 801 772; x_wconf 84' lang='lat' dir='ltr'>Romano</span> <span class='ocrx_word' id='word_1_66' title='bbox 830 738 946 771; x_wconf 82' lang='lat' dir='ltr'>milite</span> <span class='ocrx_word' id='word_1_67' title='bbox 972 736 1070 771; x_wconf 88' lang='lat' dir='ltr'>edita</span> 
     </span>
     <span class='ocr_line' id='line_1_11' title="bbox 40 794 1070 843; baseline -0.003 -12"><span class='ocrx_word' id='word_1_68' title='bbox 40 797 218 843; x_wconf 79' lang='lat' dir='ltr'>exempla.</span> <span class='ocrx_word' id='word_1_69' title='bbox 241 797 299 831; x_wconf 89' lang='lat' dir='ltr'>Sic</span> <span class='ocrx_word' id='word_1_70' title='bbox 316 809 349 830; x_wconf 88' lang='lat' dir='ltr'>v.</span> <span class='ocrx_word' id='word_1_71' title='bbox 374 809 404 831; x_wconf 87' lang='grc'>0.</span> <span class='ocrx_word' id='word_1_72' title='bbox 420 795 525 841; x_wconf 84' lang='lat' dir='ltr'>juxta</span> <span class='ocrx_word' id='word_1_73' title='bbox 561 797 716 831; x_wconf 90' lang='lat' dir='ltr'>Othonis</span> <span class='ocrx_word' id='word_1_74' title='bbox 735 808 868 843; x_wconf 80' lang='lat' dir='ltr'>rogum</span> <span class='ocrx_word' id='word_1_75' title='bbox 889 794 1070 842; x_wconf 86' lang='lat' dir='ltr'>quosdam</span> 
     </span>
     <span class='ocr_line' id='line_1_12' title="bbox 39 853 1066 899; baseline -0.002 -11"><span class='ocrx_word' id='word_1_76' title='bbox 39 855 195 888; x_wconf 89' lang='lat' dir='ltr'>militum</span> <span class='ocrx_word' id='word_1_77' title='bbox 212 853 434 888; x_wconf 81' lang='lat' dir='ltr'>interfecisse</span> <span class='ocrx_word' id='word_1_78' title='bbox 451 866 487 888; x_wconf 88' lang='lat' dir='ltr'>se</span> <span class='ocrx_word' id='word_1_79' title='bbox 504 861 630 888; x_wconf 89' lang='lat' dir='ltr'>narrat</span> <span class='ocrx_word' id='word_1_80' title='bbox 646 854 791 888; x_wconf 84' lang='lat' dir='ltr'>Tacitus</span> <span class='ocrx_word' id='word_1_81' title='bbox 812 854 905 887; x_wconf 83' lang='lat' dir='ltr'>Hist.</span> <span class='ocrx_word' id='word_1_82' title='bbox 927 853 982 897; x_wconf 92' lang='lat' dir='ltr'>II,</span> <span class='ocrx_word' id='word_1_83' title='bbox 1005 856 1066 899; x_wconf 67' lang='lat'>493</span> 
     </span>
     <span class='ocr_line' id='line_1_13' title="bbox 37 911 1069 958; baseline -0.002 -12"><span class='ocrx_word' id='word_1_84' title='bbox 37 924 158 958; x_wconf 90' lang='lat' dir='ltr'>neque</span> <span class='ocrx_word' id='word_1_85' title='bbox 181 912 230 945; x_wconf 90' lang='lat' dir='ltr'>ob</span> <span class='ocrx_word' id='word_1_86' title='bbox 248 917 405 956; x_wconf 84' lang='lat' dir='ltr'>metum,</span> <span class='ocrx_word' id='word_1_87' title='bbox 429 911 493 946; x_wconf 90' lang='lat' dir='ltr'>sed</span> <span class='ocrx_word' id='word_1_88' title='bbox 513 912 746 946; x_wconf 81' lang='lat' dir='ltr'>aemulatione</span> <span class='ocrx_word' id='word_1_89' title='bbox 772 911 919 945; x_wconf 86' lang='lat' dir='ltr'>decoris</span> <span class='ocrx_word' id='word_1_90' title='bbox 945 917 981 945; x_wconf 88' lang='lat' dir='ltr'>et</span> <span class='ocrx_word' id='word_1_91' title='bbox 1010 922 1069 945; x_wconf 87' lang='lat' dir='ltr'>ca-</span> 
     </span>
     <span class='ocr_line' id='line_1_14' title="bbox 37 968 1070 1016; baseline -0.002 -12"><span class='ocrx_word' id='word_1_92' title='bbox 37 971 144 1004; x_wconf 87' lang='lat' dir='ltr'>ritate</span> <span class='ocrx_word' id='word_1_93' title='bbox 176 970 366 1016; x_wconf 90' lang='lat' dir='ltr'>principis.</span> <span class='ocrx_word' id='word_1_94' title='bbox 404 970 567 1004; x_wconf 89' lang='lat' dir='ltr'>Omnino</span> <span class='ocrx_word' id='word_1_95' title='bbox 598 970 712 1016; x_wconf 77' lang='lat' dir='ltr'>igitur</span> <span class='ocrx_word' id='word_1_96' title='bbox 741 968 962 1012; x_wconf 89' lang='lat' dir='ltr'>tenendum,</span> <span class='ocrx_word' id='word_1_97' title='bbox 992 981 1070 1002; x_wconf 88' lang='grc'>11011</span> 
     </span>
     <span class='ocr_line' id='line_1_15' title="bbox 40 1028 1069 1071; baseline -0.002 -8"><span class='ocrx_word' id='word_1_98' title='bbox 40 1029 298 1063; x_wconf 85' lang='lat' dir='ltr'>centurionem</span> <span class='ocrx_word' id='word_1_99' title='bbox 318 1028 422 1062; x_wconf 90' lang='lat' dir='ltr'>illum</span> <span class='ocrx_word' id='word_1_100' title='bbox 437 1055 446 1071; x_wconf 91' lang='lat'>,</span> <span class='ocrx_word' id='word_1_101' title='bbox 468 1028 532 1062; x_wconf 88' lang='lat' dir='ltr'>sed</span> <span class='ocrx_word' id='word_1_102' title='bbox 554 1028 774 1062; x_wconf 88' lang='lat' dir='ltr'>historicum</span> <span class='ocrx_word' id='word_1_103' title='bbox 790 1040 810 1061; x_wconf 87' lang='lat' dir='ltr'>a</span> <span class='ocrx_word' id='word_1_104' title='bbox 826 1028 991 1062; x_wconf 87' lang='lat' dir='ltr'>Luciano</span> <span class='ocrx_word' id='word_1_105' title='bbox 1011 1028 1069 1061; x_wconf 87' lang='lat' dir='ltr'>ir—</span> 
     </span>
     <span class='ocr_line' id='line_1_16' title="bbox 38 1085 1068 1133; baseline -0.001 -13"><span class='ocrx_word' id='word_1_106' title='bbox 38 1085 173 1129; x_wconf 87' lang='lat' dir='ltr'>rideri,</span> <span class='ocrx_word' id='word_1_107' title='bbox 203 1087 267 1131; x_wconf 91' lang='lat' dir='ltr'>qui</span> <span class='ocrx_word' id='word_1_108' title='bbox 286 1085 332 1120; x_wconf 91' lang='lat' dir='ltr'>de</span> <span class='ocrx_word' id='word_1_109' title='bbox 363 1086 491 1133; x_wconf 86' lang='lat' dir='ltr'>ignoto</span> <span class='ocrx_word' id='word_1_110' title='bbox 509 1085 662 1121; x_wconf 91' lang='lat' dir='ltr'>homine</span> <span class='ocrx_word' id='word_1_111' title='bbox 691 1098 733 1121; x_wconf 86' lang='lat' dir='ltr'>ea</span> <span class='ocrx_word' id='word_1_112' title='bbox 755 1092 791 1120; x_wconf 89' lang='lat' dir='ltr'>et</span> <span class='ocrx_word' id='word_1_113' title='bbox 807 1085 905 1120; x_wconf 87' lang='lat' dir='ltr'>dicta</span> <span class='ocrx_word' id='word_1_114' title='bbox 922 1092 958 1120; x_wconf 91' lang='lat' dir='ltr'>et</span> <span class='ocrx_word' id='word_1_115' title='bbox 976 1085 1068 1120; x_wconf 87' lang='lat' dir='ltr'>facta</span> 
     </span>
     <span class='ocr_line' id='line_1_17' title="bbox 36 1144 1069 1191; baseline 0 -14"><span class='ocrx_word' id='word_1_116' title='bbox 36 1144 208 1178; x_wconf 88' lang='lat' dir='ltr'>mentitus</span> <span class='ocrx_word' id='word_1_117' title='bbox 221 1150 324 1190; x_wconf 87' lang='lat' dir='ltr'>esset,</span> <span class='ocrx_word' id='word_1_118' title='bbox 341 1156 421 1190; x_wconf 87' lang='lat' dir='ltr'>quae</span> <span class='ocrx_word' id='word_1_119' title='bbox 438 1145 483 1178; x_wconf 90' lang='lat' dir='ltr'>ab</span> <span class='ocrx_word' id='word_1_120' title='bbox 498 1144 574 1190; x_wconf 86' lang='lat' dir='ltr'>ejus</span> <span class='ocrx_word' id='word_1_121' title='bbox 590 1156 746 1191; x_wconf 85' lang='lat' dir='ltr'>persona</span> <span class='ocrx_word' id='word_1_122' title='bbox 764 1156 916 1190; x_wconf 88' lang='lat' dir='ltr'>prorsus</span> <span class='ocrx_word' id='word_1_123' title='bbox 931 1144 1069 1178; x_wconf 87' lang='lat' dir='ltr'>abhor-</span> 
     </span>
    </p>
   </div>
   <div class='ocr_carea' id='block_1_3' title="bbox 36 1203 591 1290">
    <p class='ocr_par' dir='ltr' id='par_1_3' title="bbox 36 1203 591 1290">
     <span class='ocr_line' id='line_1_18' title="bbox 36 1203 355 1236; baseline 0.003 -1"><span class='ocrx_word' id='word_1_124' title='bbox 36 1208 173 1236; x_wconf 88' lang='lat' dir='ltr'>rerent.</span> <span class='ocrx_word' id='word_1_125' title='bbox 192 1217 205 1231; x_wconf 87' lang='lat'>»</span> <span class='ocrx_word' id='word_1_126' title='bbox 229 1203 355 1236; x_wconf 78' lang='lat' dir='ltr'>HEnM.</span> 
     </span>
     <span class='ocr_line' id='line_1_19' title="bbox 532 1266 591 1290; baseline 0.034 -3"><span class='ocrx_word' id='word_1_127' title='bbox 532 1266 545 1288; x_wconf 92' lang='lat'>1</span> <span class='ocrx_word' id='word_1_128' title='bbox 559 1267 571 1287; x_wconf 96' lang='lat'>1</span> <span class='ocrx_word' id='word_1_129' title='bbox 582 1280 591 1290; x_wconf 94' lang='lat'><strong><em>.</em></strong></span> 
     </span>
    </p>
   </div>
   <div class='ocr_carea' id='block_1_4' title="bbox 34 1327 1068 2423">
    <p class='ocr_par' dir='ltr' id='par_1_4' title="bbox 36 1327 1067 1489">
     <span class='ocr_line' id='line_1_20' title="bbox 87 1327 1067 1375; baseline 0 -13"><span class='ocrx_word' id='word_1_130' title='bbox 87 1328 180 1362; x_wconf 84' lang='lat' dir='ltr'>Sunt</span> <span class='ocrx_word' id='word_1_131' title='bbox 194 1328 302 1362; x_wconf 87' lang='lat' dir='ltr'>etiam</span> <span class='ocrx_word' id='word_1_132' title='bbox 322 1328 385 1374; x_wconf 89' lang='lat' dir='ltr'>qui</span> <span class='ocrx_word' id='word_1_133' title='bbox 401 1340 534 1375; x_wconf 82' lang='lat' dir='ltr'>magna</span> <span class='ocrx_word' id='word_1_134' title='bbox 549 1329 697 1375; x_wconf 80' lang='lat' dir='ltr'>negotia</span> <span class='ocrx_word' id='word_1_135' title='bbox 725 1334 761 1362; x_wconf 85' lang='lat' dir='ltr'>et</span> <span class='ocrx_word' id='word_1_136' title='bbox 779 1334 989 1362; x_wconf 86' lang='lat' dir='ltr'>memoratu</span> <span class='ocrx_word' id='word_1_137' title='bbox 1009 1327 1067 1362; x_wconf 87' lang='lat' dir='ltr'>di—</span> 
     </span>
     <span class='ocr_line' id='line_1_21' title="bbox 36 1385 1067 1433; baseline 0.001 -14"><span class='ocrx_word' id='word_1_138' title='bbox 36 1397 107 1433; x_wconf 86' lang='lat' dir='ltr'>gna</span> <span class='ocrx_word' id='word_1_139' title='bbox 115 1386 395 1432; x_wconf 76' lang='lat' dir='ltr'>praetermittant</span> <span class='ocrx_word' id='word_1_140' title='bbox 406 1392 467 1420; x_wconf 83' lang='lat' dir='ltr'>aut</span> <span class='ocrx_word' id='word_1_141' title='bbox 483 1385 603 1420; x_wconf 87' lang='lat' dir='ltr'>obiter</span> <span class='ocrx_word' id='word_1_142' title='bbox 621 1392 784 1432; x_wconf 77' lang='lat' dir='ltr'>tangant,</span> <span class='ocrx_word' id='word_1_143' title='bbox 800 1386 952 1420; x_wconf 88' lang='lat' dir='ltr'>minima</span> <span class='ocrx_word' id='word_1_144' title='bbox 969 1398 1067 1432; x_wconf 77' lang='lat' dir='ltr'>quac·</span> 
     </span>
     <span class='ocr_line' id='line_1_22' title="bbox 37 1443 825 1489; baseline 0 -12"><span class='ocrx_word' id='word_1_145' title='bbox 37 1455 108 1489; x_wconf 91' lang='lat' dir='ltr'>que</span> <span class='ocrx_word' id='word_1_146' title='bbox 125 1444 275 1489; x_wconf 89' lang='lat' dir='ltr'>copiosa</span> <span class='ocrx_word' id='word_1_147' title='bbox 302 1443 517 1477; x_wconf 83' lang='lat' dir='ltr'>narratione</span> <span class='ocrx_word' id='word_1_148' title='bbox 536 1451 825 1489; x_wconf 78' lang='lat' dir='ltr'>prosequantur.</span> 
     </span>
    </p>

    <p class='ocr_par' dir='ltr' id='par_1_5' title="bbox 34 1497 1068 2423">
     <span class='ocr_line' id='line_1_23' title="bbox 87 1497 1065 1548; baseline 0 -12"><span class='ocrx_word' id='word_1_149' title='bbox 87 1501 128 1537; x_wconf 88' lang='lat' dir='ltr'>C.</span> <span class='ocrx_word' id='word_1_150' title='bbox 157 1500 204 1535; x_wconf 82' lang='lat'>28</span> <span class='ocrx_word' id='word_1_151' title='bbox 223 1512 232 1536; x_wconf 91' lang='lat'>:</span> <span class='ocrx_word' id='word_1_152' title='bbox 250 1497 345 1548; x_wconf 85' lang='grc' dir='ltr'>Ἐγὼ</span> <span class='ocrx_word' id='word_1_153' title='bbox 359 1502 437 1546; x_wconf 80' lang='grc' dir='ltr'>γοῦν</span> <span class='ocrx_word' id='word_1_154' title='bbox 468 1498 600 1544; x_wconf 80' lang='grc' dir='ltr'>ἤκουσά</span> <span class='ocrx_word' id='word_1_155' title='bbox 632 1514 719 1541; x_wconf 84' lang='grc' dir='ltr'>τινος</span> <span class='ocrx_word' id='word_1_156' title='bbox 735 1499 795 1544; x_wconf 79' lang='grc' dir='ltr'>τὴν</span> <span class='ocrx_word' id='word_1_157' title='bbox 827 1499 888 1548; x_wconf 80' lang='grc' dir='ltr'>μὲν</span> <span class='ocrx_word' id='word_1_158' title='bbox 917 1501 970 1536; x_wconf 80' lang='grc' dir='ltr'>ἐπ’</span> <span class='ocrx_word' id='word_1_159' title='bbox 998 1501 1065 1538; x_wconf 80' lang='grc' dir='ltr'>Εὐ-</span> 
     </span>
     <span class='ocr_line' id='line_1_24' title="bbox 37 1555 1064 1608; baseline 0 -15"><span class='ocrx_word' id='word_1_160' title='bbox 37 1556 139 1608; x_wconf 79' lang='grc' dir='ltr'>ρώπῳ</span> <span class='ocrx_word' id='word_1_161' title='bbox 157 1557 274 1607; x_wconf 72' lang='grc' dir='ltr'>μάχην</span> <span class='ocrx_word' id='word_1_162' title='bbox 293 1559 325 1594; x_wconf 81' lang='grc' dir='ltr'>ἐν</span> <span class='ocrx_word' id='word_1_163' title='bbox 341 1556 410 1593; x_wconf 75' lang='grc' dir='ltr'>οὐδ’</span> <span class='ocrx_word' id='word_1_164' title='bbox 429 1555 518 1599; x_wconf 77' lang='grc' dir='ltr'>δ’λοις</span> <span class='ocrx_word' id='word_1_165' title='bbox 536 1556 622 1593; x_wconf 77' lang='grc' dir='ltr'>ἑπτὰ</span> <span class='ocrx_word' id='word_1_166' title='bbox 643 1556 740 1593; x_wconf 81' lang='grc' dir='ltr'>ἔπεσι</span> <span class='ocrx_word' id='word_1_167' title='bbox 764 1557 1064 1608; x_wconf 72' lang='grc' dir='ltr'>παραδραμόντος,</span> 
     </span>
     <span class='ocr_line' id='line_1_25' title="bbox 35 1613 1065 1666; baseline -0.002 -14"><span class='ocrx_word' id='word_1_168' title='bbox 35 1614 142 1652; x_wconf 84' lang='grc' dir='ltr'>εἴκοσι</span> <span class='ocrx_word' id='word_1_169' title='bbox 163 1615 198 1652; x_wconf 82' lang='grc' dir='ltr'>δὲ</span> <span class='ocrx_word' id='word_1_170' title='bbox 218 1615 327 1666; x_wconf 84' lang='grc' dir='ltr'>μέτρα</span> <span class='ocrx_word' id='word_1_171' title='bbox 347 1613 368 1660; x_wconf 84' lang='grc' dir='ltr'>ἢ</span> <span class='ocrx_word' id='word_1_172' title='bbox 390 1614 439 1651; x_wconf 80' lang='grc' dir='ltr'>ἔτι</span> <span class='ocrx_word' id='word_1_173' title='bbox 458 1614 565 1652; x_wconf 86' lang='grc' dir='ltr'>πλείω</span> <span class='ocrx_word' id='word_1_174' title='bbox 580 1614 701 1657; x_wconf 73' lang='grc' dir='ltr'>ὕδατος</span> <span class='ocrx_word' id='word_1_175' title='bbox 718 1615 933 1657; x_wconf 79' lang='grc' dir='ltr'>ἀναλωκότος</span> <span class='ocrx_word' id='word_1_176' title='bbox 956 1617 987 1657; x_wconf 82' lang='grc' dir='ltr'>ἐς</span> <span class='ocrx_word' id='word_1_177' title='bbox 1001 1618 1065 1666; x_wconf 74' lang='grc' dir='ltr'>ψυ·</span> 
     </span>
     <span class='ocr_line' id='line_1_26' title="bbox 34 1673 1068 1743; baseline 0 -33"><span class='ocrx_word' id='word_1_178' title='bbox 34 1673 121 1743; x_wconf 74' lang='grc' dir='ltr'>χρόιν</span> <span class='ocrx_word' id='word_1_179' title='bbox 143 1673 202 1711; x_wconf 74' lang='grc' dir='ltr'>καὶ</span> <span class='ocrx_word' id='word_1_180' title='bbox 219 1674 314 1711; x_wconf 80' lang='grc' dir='ltr'>οὐδὲν</span> <span class='ocrx_word' id='word_1_181' title='bbox 336 1674 420 1722; x_wconf 77' lang='grc' dir='ltr'>ἡμῖν</span> <span class='ocrx_word' id='word_1_182' title='bbox 441 1674 683 1725; x_wconf 75' lang='grc' dir='ltr'>προσήκουσαν</span> <span class='ocrx_word' id='word_1_183' title='bbox 707 1674 876 1724; x_wconf 79' lang='grc' dir='ltr'>διήγησιν,</span> <span class='ocrx_word' id='word_1_184' title='bbox 893 1677 937 1716; x_wconf 78' lang='grc' dir='ltr'>ὡς</span> <span class='ocrx_word' id='word_1_185' title='bbox 962 1677 1068 1712; x_wconf 75' lang='grc' dir='ltr'>Μαῦ-</span> 
     </span>
     <span class='ocr_line' id='line_1_27' title="bbox 36 1731 1065 1803; baseline 0 -35"><span class='ocrx_word' id='word_1_186' title='bbox 36 1732 88 1783; x_wconf 87' lang='grc' dir='ltr'>ρός</span> <span class='ocrx_word' id='word_1_187' title='bbox 108 1748 156 1774; x_wconf 91' lang='grc' dir='ltr'>τις</span> <span class='ocrx_word' id='word_1_188' title='bbox 181 1732 305 1774; x_wconf 78' lang='grc' dir='ltr'>ἱππευς</span> <span class='ocrx_word' id='word_1_189' title='bbox 320 1731 517 1774; x_wconf 80' lang='grc' dir='ltr'>Μαυσάκας</span> <span class='ocrx_word' id='word_1_190' title='bbox 533 1731 682 1803; x_wconf 80' lang='grc' dir='ltr'>τοῦνομα</span> <span class='ocrx_word' id='word_1_191' title='bbox 703 1732 768 1769; x_wconf 81' lang='grc' dir='ltr'>ὑπὸ</span> <span class='ocrx_word' id='word_1_192' title='bbox 793 1732 906 1783; x_wconf 57' lang='lat' dir='ltr'>&amp;luove</span> <span class='ocrx_word' id='word_1_193' title='bbox 923 1731 1065 1769; x_wconf 74' lang='grc' dir='ltr'>πλανω-</span> 
     </span>
     <span class='ocr_line' id='line_1_28' title="bbox 36 1790 1064 1841; baseline 0.002 -15"><span class='ocrx_word' id='word_1_194' title='bbox 36 1806 134 1839; x_wconf 85' lang='grc' dir='ltr'>μενος</span> <span class='ocrx_word' id='word_1_195' title='bbox 155 1790 219 1826; x_wconf 87' lang='grc' dir='ltr'>ανὰ</span> <span class='ocrx_word' id='word_1_196' title='bbox 242 1806 284 1826; x_wconf 88' lang='grc' dir='ltr'>τα</span> <span class='ocrx_word' id='word_1_197' title='bbox 305 1790 365 1840; x_wconf 82' lang='grc' dir='ltr'>ὄρη</span> <span class='ocrx_word' id='word_1_198' title='bbox 382 1790 624 1827; x_wconf 70' lang='grc' dir='ltr'>καταλάὸοι</span> <span class='ocrx_word' id='word_1_199' title='bbox 597 1790 727 1841; x_wconf 79' lang='grc' dir='ltr'>..ύρους</span> <span class='ocrx_word' id='word_1_200' title='bbox 746 1790 838 1832; x_wconf 82' lang='grc' dir='ltr'>τινὰς</span> <span class='ocrx_word' id='word_1_201' title='bbox 864 1793 930 1827; x_wconf 77' lang='grc' dir='ltr'>τῶν</span> <span class='ocrx_word' id='word_1_202' title='bbox 950 1793 969 1827; x_wconf 79' lang='grc' dir='ltr'>ἀ</span> <span class='ocrx_word' id='word_1_203' title='bbox 973 1791 1064 1840; x_wconf 58' lang='lat' dir='ltr'>ypot-</span> 
     </span>
     <span class='ocr_line' id='line_1_29' title="bbox 34 1847 1065 1900; baseline 0.001 -15"><span class='ocrx_word' id='word_1_204' title='bbox 34 1864 116 1893; x_wconf 76' lang='grc' dir='ltr'>κων,</span> <span class='ocrx_word' id='word_1_205' title='bbox 139 1848 276 1899; x_wconf 79' lang='grc' dir='ltr'>ἄριστον</span> <span class='ocrx_word' id='word_1_206' title='bbox 293 1848 608 1899; x_wconf 75' lang='grc' dir='ltr'>παρατιθεμένους,</span> <span class='ocrx_word' id='word_1_207' title='bbox 638 1849 697 1885; x_wconf 84' lang='grc' dir='ltr'>καὶ</span> <span class='ocrx_word' id='word_1_208' title='bbox 717 1847 767 1886; x_wconf 74' lang='grc' dir='ltr'>ότι</span> <span class='ocrx_word' id='word_1_209' title='bbox 793 1849 836 1885; x_wconf 85' lang='grc' dir='ltr'>τὰ</span> <span class='ocrx_word' id='word_1_210' title='bbox 864 1848 905 1898; x_wconf 79' lang='grc' dir='ltr'>μὲ</span> <span class='ocrx_word' id='word_1_211' title='bbox 908 1866 924 1886; x_wconf 88' lang='grc' dir='ltr'>ν</span> <span class='ocrx_word' id='word_1_212' title='bbox 946 1852 1065 1900; x_wconf 75' lang='grc' dir='ltr'>πρῶτα</span> 
     </span>
     <span class='ocr_line' id='line_1_30' title="bbox 34 1901 1066 1958; baseline 0.002 -16"><span class='ocrx_word' id='word_1_213' title='bbox 34 1906 159 1943; x_wconf 82' lang='grc' dir='ltr'>ἐκεῖνοι</span> <span class='ocrx_word' id='word_1_214' title='bbox 181 1906 362 1958; x_wconf 66' lang='grc' dir='ltr'>φοῧηθεῖεν</span> <span class='ocrx_word' id='word_1_215' title='bbox 386 1906 500 1953; x_wconf 73' lang='grc' dir='ltr'>αὖτὸν,</span> <span class='ocrx_word' id='word_1_216' title='bbox 522 1901 594 1944; x_wconf 67' lang='grc' dir='ltr'>εἶτα</span> <span class='ocrx_word' id='word_1_217' title='bbox 614 1906 728 1956; x_wconf 75' lang='grc' dir='ltr'>μέντοι</span> <span class='ocrx_word' id='word_1_218' title='bbox 759 1907 921 1956; x_wconf 76' lang='grc' dir='ltr'>μαθόντες</span> <span class='ocrx_word' id='word_1_219' title='bbox 940 1910 984 1949; x_wconf 79' lang='grc' dir='ltr'>ὡς</span> <span class='ocrx_word' id='word_1_220' title='bbox 1001 1911 1066 1944; x_wconf 75' lang='grc' dir='ltr'>τῶν</span> 
     </span>
     <span class='ocr_line' id='line_1_31' title="bbox 36 1963 1065 2017; baseline 0.002 -17"><span class='ocrx_word' id='word_1_221' title='bbox 36 1963 140 2014; x_wconf 84' lang='grc' dir='ltr'>φίλων</span> <span class='ocrx_word' id='word_1_222' title='bbox 171 1964 223 2009; x_wconf 88' lang='grc' dir='ltr'>εἴη</span> <span class='ocrx_word' id='word_1_223' title='bbox 258 1963 483 2008; x_wconf 75' lang='grc' dir='ltr'>κατεδέξαντο</span> <span class='ocrx_word' id='word_1_224' title='bbox 503 1965 560 2001; x_wconf 73' lang='grc' dir='ltr'>καὶ</span> <span class='ocrx_word' id='word_1_225' title='bbox 589 1965 787 2002; x_wconf 77' lang='grc' dir='ltr'>εἱστίασαν·</span> <span class='ocrx_word' id='word_1_226' title='bbox 824 1965 881 2002; x_wconf 82' lang='grc' dir='ltr'>καὶ</span> <span class='ocrx_word' id='word_1_227' title='bbox 906 1966 971 2017; x_wconf 80' lang='grc' dir='ltr'>γάρ</span> <span class='ocrx_word' id='word_1_228' title='bbox 991 1982 1065 2002; x_wconf 81' lang='grc' dir='ltr'>τινα</span> 
     </span>
     <span class='ocr_line' id='line_1_32' title="bbox 35 2022 1066 2072; baseline 0.002 -15"><span class='ocrx_word' id='word_1_229' title='bbox 35 2022 150 2071; x_wconf 74' lang='grc' dir='ltr'>τυχεῖν</span> <span class='ocrx_word' id='word_1_230' title='bbox 181 2023 292 2058; x_wconf 80' lang='grc' dir='ltr'>αὐτῶν</span> <span class='ocrx_word' id='word_1_231' title='bbox 312 2023 604 2072; x_wconf 79' lang='grc' dir='ltr'>ἀποδεδημηκότα</span> <span class='ocrx_word' id='word_1_232' title='bbox 629 2023 686 2060; x_wconf 79' lang='grc' dir='ltr'>καὶ</span> <span class='ocrx_word' id='word_1_233' title='bbox 709 2023 808 2060; x_wconf 72' lang='grc' dir='ltr'>αὐτὸν</span> <span class='ocrx_word' id='word_1_234' title='bbox 834 2025 879 2066; x_wconf 82' lang='grc' dir='ltr'>εἷς</span> <span class='ocrx_word' id='word_1_235' title='bbox 910 2024 970 2068; x_wconf 78' lang='grc' dir='ltr'>τὴν</span> <span class='ocrx_word' id='word_1_236' title='bbox 1001 2026 1066 2059; x_wconf 79' lang='grc' dir='ltr'>τῶν</span> 
     </span>
     <span class='ocr_line' id='line_1_33' title="bbox 35 2079 1067 2132; baseline 0.001 -17"><span class='ocrx_word' id='word_1_237' title='bbox 35 2079 207 2129; x_wconf 80' lang='grc' dir='ltr'>Μαύρων,</span> <span class='ocrx_word' id='word_1_238' title='bbox 229 2080 376 2131; x_wconf 65' lang='grc' dir='ltr'>ἀδελφοῦ</span> <span class='ocrx_word' id='word_1_239' title='bbox 391 2081 485 2132; x_wconf 79' lang='grc' dir='ltr'>αὐτῷ</span> <span class='ocrx_word' id='word_1_240' title='bbox 507 2082 540 2117; x_wconf 84' lang='grc' dir='ltr'>ἐν</span> <span class='ocrx_word' id='word_1_241' title='bbox 559 2083 600 2131; x_wconf 75' lang='grc' dir='ltr'>τῇ</span> <span class='ocrx_word' id='word_1_242' title='bbox 620 2084 661 2130; x_wconf 75' lang='grc' dir='ltr'>γῇ</span> <span class='ocrx_word' id='word_1_243' title='bbox 680 2080 966 2132; x_wconf 77' lang='grc' dir='ltr'>στρατευομένου.</span> <span class='ocrx_word' id='word_1_244' title='bbox 984 2082 1067 2118; x_wconf 71' lang='grc' dir='ltr'>Μῦ-</span> 
     </span>
     <span class='ocr_line' id='line_1_34' title="bbox 35 2136 1065 2189; baseline 0.001 -17"><span class='ocrx_word' id='word_1_245' title='bbox 35 2140 84 2172; x_wconf 88' lang='grc' dir='ltr'>θοι</span> <span class='ocrx_word' id='word_1_246' title='bbox 106 2136 139 2173; x_wconf 79' lang='grc' dir='ltr'>δὲ</span> <span class='ocrx_word' id='word_1_247' title='bbox 159 2137 246 2186; x_wconf 85' lang='grc' dir='ltr'>μετὰ</span> <span class='ocrx_word' id='word_1_248' title='bbox 263 2141 363 2174; x_wconf 73' lang='grc' dir='ltr'>τοῦτο</span> <span class='ocrx_word' id='word_1_249' title='bbox 380 2137 505 2189; x_wconf 72' lang='grc' dir='ltr'>μακροὶ</span> <span class='ocrx_word' id='word_1_250' title='bbox 525 2138 583 2175; x_wconf 82' lang='grc' dir='ltr'>καὶ</span> <span class='ocrx_word' id='word_1_251' title='bbox 602 2139 775 2188; x_wconf 80' lang='grc' dir='ltr'>διηγήσεις</span> <span class='ocrx_word' id='word_1_252' title='bbox 788 2168 796 2184; x_wconf 86' lang='grc'>,</span> <span class='ocrx_word' id='word_1_253' title='bbox 823 2141 866 2180; x_wconf 80' lang='grc' dir='ltr'>ὡς</span> <span class='ocrx_word' id='word_1_254' title='bbox 890 2137 1065 2188; x_wconf 81' lang='grc' dir='ltr'>Θηράσειεν</span> 
     </span>
     <span class='ocr_line' id='line_1_35' title="bbox 35 2195 1066 2247; baseline 0.002 -17"><span class='ocrx_word' id='word_1_255' title='bbox 35 2195 133 2237; x_wconf 83' lang='grc' dir='ltr'>αὐτὸς</span> <span class='ocrx_word' id='word_1_256' title='bbox 153 2197 186 2231; x_wconf 79' lang='grc' dir='ltr'>ἐν</span> <span class='ocrx_word' id='word_1_257' title='bbox 213 2198 255 2246; x_wconf 77' lang='grc' dir='ltr'>τῇ</span> <span class='ocrx_word' id='word_1_258' title='bbox 280 2196 484 2246; x_wconf 75' lang='grc' dir='ltr'>Μαυρουσίᾳ</span> <span class='ocrx_word' id='word_1_259' title='bbox 520 2196 578 2233; x_wconf 81' lang='grc' dir='ltr'>καὶ</span> <span class='ocrx_word' id='word_1_260' title='bbox 606 2198 651 2238; x_wconf 77' lang='grc' dir='ltr'>ὡς</span> <span class='ocrx_word' id='word_1_261' title='bbox 671 2196 737 2234; x_wconf 83' lang='grc' dir='ltr'>ἴδοι</span> <span class='ocrx_word' id='word_1_262' title='bbox 768 2196 845 2239; x_wconf 71' lang='grc' dir='ltr'>τοὺς</span> <span class='ocrx_word' id='word_1_263' title='bbox 881 2195 1066 2247; x_wconf 71' lang='grc' dir='ltr'>ἐλέφαντας</span> 
     </span>
     <span class='ocr_line' id='line_1_36' title="bbox 34 2252 1066 2304; baseline 0.002 -15"><span class='ocrx_word' id='word_1_264' title='bbox 34 2252 181 2295; x_wconf 75' lang='grc' dir='ltr'>πολλοὺς</span> <span class='ocrx_word' id='word_1_265' title='bbox 195 2255 228 2289; x_wconf 81' lang='grc' dir='ltr'>ἐν</span> <span class='ocrx_word' id='word_1_266' title='bbox 246 2256 294 2304; x_wconf 76' lang='grc' dir='ltr'>τῷ</span> <span class='ocrx_word' id='word_1_267' title='bbox 313 2256 406 2304; x_wconf 81' lang='grc' dir='ltr'>αὐτῷ</span> <span class='ocrx_word' id='word_1_268' title='bbox 422 2254 691 2304; x_wconf 80' lang='grc' dir='ltr'>συννεμομένους</span> <span class='ocrx_word' id='word_1_269' title='bbox 711 2254 767 2292; x_wconf 83' lang='grc' dir='ltr'>καὶ</span> <span class='ocrx_word' id='word_1_270' title='bbox 784 2258 829 2297; x_wconf 75' lang='grc' dir='ltr'>ὡς</span> <span class='ocrx_word' id='word_1_271' title='bbox 843 2255 909 2291; x_wconf 75' lang='grc' dir='ltr'>ὑπὸ</span> <span class='ocrx_word' id='word_1_272' title='bbox 932 2254 1066 2296; x_wconf 78' lang='grc' dir='ltr'>λέοντος</span> 
     </span>
     <span class='ocr_line' id='line_1_37' title="bbox 34 2311 1065 2364; baseline 0.001 -17"><span class='ocrx_word' id='word_1_273' title='bbox 34 2311 148 2361; x_wconf 77' lang='grc' dir='ltr'>ὀλίγου</span> <span class='ocrx_word' id='word_1_274' title='bbox 171 2313 238 2348; x_wconf 84' lang='grc' dir='ltr'>δεῖν</span> <span class='ocrx_word' id='word_1_275' title='bbox 266 2311 504 2363; x_wconf 63' lang='grc' dir='ltr'>καταέρωθείη</span> <span class='ocrx_word' id='word_1_276' title='bbox 520 2342 530 2361; x_wconf 93' lang='grc'>,</span> <span class='ocrx_word' id='word_1_277' title='bbox 563 2312 622 2349; x_wconf 80' lang='grc' dir='ltr'>καὶ</span> <span class='ocrx_word' id='word_1_278' title='bbox 641 2313 781 2358; x_wconf 85' lang='grc' dir='ltr'>ἡλίκους</span> <span class='ocrx_word' id='word_1_279' title='bbox 810 2315 904 2364; x_wconf 69' lang='grc' dir='ltr'>ἰχθῦς</span> <span class='ocrx_word' id='word_1_280' title='bbox 925 2312 1065 2364; x_wconf 81' lang='grc' dir='ltr'>ἐπρίατο</span> 
     </span>
     <span class='ocr_line' id='line_1_38' title="bbox 35 2370 1065 2423; baseline 0 -17"><span class='ocrx_word' id='word_1_281' title='bbox 35 2371 68 2406; x_wconf 81' lang='grc' dir='ltr'>ἐν</span> <span class='ocrx_word' id='word_1_282' title='bbox 92 2370 306 2421; x_wconf 84' lang='grc' dir='ltr'>Καισαρείᾳ·</span> <span class='ocrx_word' id='word_1_283' title='bbox 327 2370 385 2407; x_wconf 83' lang='grc' dir='ltr'>καὶ</span> <span class='ocrx_word' id='word_1_284' title='bbox 410 2373 426 2406; x_wconf 87' lang='grc' dir='ltr'>ὁ</span> <span class='ocrx_word' id='word_1_285' title='bbox 445 2371 641 2418; x_wconf 80' lang='grc' dir='ltr'>θαυμαστὸς</span> <span class='ocrx_word' id='word_1_286' title='bbox 666 2371 878 2423; x_wconf 71' lang='grc' dir='ltr'>συγγραφεὺς</span> <span class='ocrx_word' id='word_1_287' title='bbox 895 2370 990 2423; x_wconf 68' lang='grc' dir='ltr'>ἀφεὶς</span> <span class='ocrx_word' id='word_1_288' title='bbox 1006 2370 1065 2413; x_wconf 72' lang='grc' dir='ltr'>τὰς</span> 
     </span>
    </p>
   </div>
   <div class='ocr_carea' id='block_1_5' title="bbox 35 2479 1070 3393">
    <p class='ocr_par' dir='ltr' id='par_1_6' title="bbox 525 2479 579 2510">
     <span class='ocr_line' id='line_1_39' title="bbox 525 2479 579 2510; baseline 0.019 -1"><span class='ocrx_word' id='word_1_289' title='bbox 525 2479 536 2509; x_wconf 86' lang='lat'>1</span> <span class='ocrx_word' id='word_1_290' title='bbox 551 2479 579 2510; x_wconf 86' lang='lat'>1.</span> 
     </span>
    </p>

    <p class='ocr_par' dir='ltr' id='par_1_7' title="bbox 35 2531 1070 3393">
     <span class='ocr_line' id='line_1_40' title="bbox 76 2531 1068 2573; baseline 0.002 -11"><span class='ocrx_word' id='word_1_291' title='bbox 76 2531 127 2562; x_wconf 88' lang='lat' dir='ltr'>Sic</span> <span class='ocrx_word' id='word_1_292' title='bbox 145 2531 249 2562; x_wconf 89' lang='lat' dir='ltr'>audivi</span> <span class='ocrx_word' id='word_1_293' title='bbox 269 2541 368 2562; x_wconf 92' lang='lat' dir='ltr'>unum</span> <span class='ocrx_word' id='word_1_294' title='bbox 383 2533 540 2572; x_wconf 83' lang='lat' dir='ltr'>aliquem,</span> <span class='ocrx_word' id='word_1_295' title='bbox 558 2533 611 2572; x_wconf 87' lang='lat' dir='ltr'>qui</span> <span class='ocrx_word' id='word_1_296' title='bbox 631 2534 733 2565; x_wconf 88' lang='lat' dir='ltr'>totum</span> <span class='ocrx_word' id='word_1_297' title='bbox 751 2534 829 2565; x_wconf 88' lang='lat' dir='ltr'>illud</span> <span class='ocrx_word' id='word_1_298' title='bbox 848 2534 887 2565; x_wconf 88' lang='lat' dir='ltr'>ad</span> <span class='ocrx_word' id='word_1_299' title='bbox 906 2536 1068 2573; x_wconf 87' lang='lat' dir='ltr'>Europum</span> 
     </span>
     <span class='ocr_line' id='line_1_41' title="bbox 36 2582 1067 2625; baseline 0.004 -13"><span class='ocrx_word' id='word_1_300' title='bbox 36 2582 181 2621; x_wconf 87' lang='lat' dir='ltr'>proelium</span> <span class='ocrx_word' id='word_1_301' title='bbox 203 2584 406 2614; x_wconf 81' lang='lat' dir='ltr'>commissum</span> <span class='ocrx_word' id='word_1_302' title='bbox 426 2584 479 2614; x_wconf 78' lang='lat' dir='ltr'>vix</span> <span class='ocrx_word' id='word_1_303' title='bbox 492 2586 611 2623; x_wconf 84' lang='lat' dir='ltr'>septem</span> <span class='ocrx_word' id='word_1_304' title='bbox 626 2585 768 2616; x_wconf 84' lang='lat' dir='ltr'>versibus</span> <span class='ocrx_word' id='word_1_305' title='bbox 787 2587 818 2616; x_wconf 90' lang='lat' dir='ltr'>et</span> <span class='ocrx_word' id='word_1_306' title='bbox 832 2594 871 2616; x_wconf 88' lang='grc'>110</span> <span class='ocrx_word' id='word_1_307' title='bbox 881 2585 923 2617; x_wconf 86' lang='lat' dir='ltr'>¹iis</span> <span class='ocrx_word' id='word_1_308' title='bbox 939 2585 1067 2625; x_wconf 83' lang='lat' dir='ltr'>quidem</span> 
     </span>
     <span class='ocr_line' id='line_1_42' title="bbox 35 2633 1068 2677; baseline 0.004 -13"><span class='ocrx_word' id='word_1_309' title='bbox 35 2633 161 2673; x_wconf 85' lang='lat' dir='ltr'>integris</span> <span class='ocrx_word' id='word_1_310' title='bbox 179 2635 383 2674; x_wconf 75' lang='lat' dir='ltr'>perstrinxit,</span> <span class='ocrx_word' id='word_1_311' title='bbox 400 2636 511 2674; x_wconf 81' lang='lat' dir='ltr'>viginti</span> <span class='ocrx_word' id='word_1_312' title='bbox 533 2638 639 2667; x_wconf 86' lang='lat' dir='ltr'>autem</span> <span class='ocrx_word' id='word_1_313' title='bbox 657 2637 706 2667; x_wconf 88' lang='lat' dir='ltr'>vel</span> <span class='ocrx_word' id='word_1_314' title='bbox 721 2637 799 2668; x_wconf 80' lang='lat' dir='ltr'>adeo</span> <span class='ocrx_word' id='word_1_315' title='bbox 822 2638 927 2676; x_wconf 87' lang='lat' dir='ltr'>plures</span> <span class='ocrx_word' id='word_1_316' title='bbox 949 2638 1068 2677; x_wconf 82' lang='lat' dir='ltr'>clepsy-</span> 
     </span>
     <span class='ocr_line' id='line_1_43' title="bbox 35 2683 1068 2726; baseline 0.004 -12"><span class='ocrx_word' id='word_1_317' title='bbox 35 2683 106 2714; x_wconf 87' lang='lat' dir='ltr'>dras</span> <span class='ocrx_word' id='word_1_318' title='bbox 123 2685 275 2724; x_wconf 83' lang='lat' dir='ltr'>impendit</span> <span class='ocrx_word' id='word_1_319' title='bbox 288 2686 319 2716; x_wconf 89' lang='lat' dir='ltr'>in</span> <span class='ocrx_word' id='word_1_320' title='bbox 333 2686 543 2717; x_wconf 80' lang='lat' dir='ltr'>narrationem</span> <span class='ocrx_word' id='word_1_321' title='bbox 559 2686 702 2726; x_wconf 80' lang='lat' dir='ltr'>frigidam</span> <span class='ocrx_word' id='word_1_322' title='bbox 718 2689 749 2718; x_wconf 89' lang='lat' dir='ltr'>et</span> <span class='ocrx_word' id='word_1_323' title='bbox 762 2697 834 2726; x_wconf 75' lang='lat' dir='ltr'>quoe</span> <span class='ocrx_word' id='word_1_324' title='bbox 851 2688 927 2718; x_wconf 87' lang='grc'>1111111</span> <span class='ocrx_word' id='word_1_325' title='bbox 948 2688 987 2718; x_wconf 89' lang='lat' dir='ltr'>ad</span> <span class='ocrx_word' id='word_1_326' title='bbox 1011 2697 1068 2718; x_wconf 84' lang='lat' dir='ltr'>nos</span> 
     </span>
     <span class='ocr_line' id='line_1_44' title="bbox 36 2736 1067 2777; baseline 0.004 -12"><span class='ocrx_word' id='word_1_327' title='bbox 36 2736 207 2774; x_wconf 75' lang='lat' dir='ltr'>pertineat,</span> <span class='ocrx_word' id='word_1_328' title='bbox 238 2738 272 2767; x_wconf 91' lang='lat' dir='ltr'>ut</span> <span class='ocrx_word' id='word_1_329' title='bbox 298 2739 427 2767; x_wconf 87' lang='lat' dir='ltr'>Maurus</span> <span class='ocrx_word' id='word_1_330' title='bbox 451 2737 562 2776; x_wconf 86' lang='lat' dir='ltr'>aliquis</span> <span class='ocrx_word' id='word_1_331' title='bbox 590 2746 703 2776; x_wconf 80' lang='lat' dir='ltr'>eques,</span> <span class='ocrx_word' id='word_1_332' title='bbox 732 2739 859 2769; x_wconf 88' lang='lat' dir='ltr'>nomine</span> <span class='ocrx_word' id='word_1_333' title='bbox 886 2741 1067 2777; x_wconf 82' lang='lat' dir='ltr'>Mausacas,</span> 
     </span>
     <span class='ocr_line' id='line_1_45' title="bbox 36 2787 1067 2829; baseline 0.004 -13"><span class='ocrx_word' id='word_1_334' title='bbox 36 2795 135 2825; x_wconf 89' lang='lat' dir='ltr'>quum</span> <span class='ocrx_word' id='word_1_335' title='bbox 154 2787 261 2818; x_wconf 85' lang='lat' dir='ltr'>sitiens</span> <span class='ocrx_word' id='word_1_336' title='bbox 276 2789 399 2818; x_wconf 82' lang='lat' dir='ltr'>montes</span> <span class='ocrx_word' id='word_1_337' title='bbox 415 2789 600 2827; x_wconf 78' lang='lat' dir='ltr'>pererraret,</span> <span class='ocrx_word' id='word_1_338' title='bbox 618 2788 751 2820; x_wconf 86' lang='lat' dir='ltr'>rusticos</span> <span class='ocrx_word' id='word_1_339' title='bbox 763 2789 884 2828; x_wconf 84' lang='lat' dir='ltr'>aliquot</span> <span class='ocrx_word' id='word_1_340' title='bbox 900 2792 994 2829; x_wconf 81' lang='lat' dir='ltr'>Syros</span> <span class='ocrx_word' id='word_1_341' title='bbox 1011 2790 1067 2820; x_wconf 87' lang='lat' dir='ltr'>dc-</span> 
     </span>
     <span class='ocr_line' id='line_1_46' title="bbox 36 2837 1068 2880; baseline 0.004 -13"><span class='ocrx_word' id='word_1_342' title='bbox 36 2837 235 2875; x_wconf 83' lang='lat' dir='ltr'>prehenderit</span> <span class='ocrx_word' id='word_1_343' title='bbox 248 2861 255 2875; x_wconf 94' lang='lat'>,</span> <span class='ocrx_word' id='word_1_344' title='bbox 271 2838 325 2877; x_wconf 90' lang='lat' dir='ltr'>qui</span> <span class='ocrx_word' id='word_1_345' title='bbox 339 2839 506 2877; x_wconf 86' lang='lat' dir='ltr'>prandium</span> <span class='ocrx_word' id='word_1_346' title='bbox 517 2839 574 2869; x_wconf 86' lang='lat' dir='ltr'>sibi</span> <span class='ocrx_word' id='word_1_347' title='bbox 588 2841 788 2878; x_wconf 74' lang='lat' dir='ltr'>appar-assent</span> <span class='ocrx_word' id='word_1_348' title='bbox 798 2863 806 2878; x_wconf 88' lang='lat'><strong><em>‚</em></strong></span> <span class='ocrx_word' id='word_1_349' title='bbox 818 2841 917 2880; x_wconf 88' lang='lat' dir='ltr'>utque</span> <span class='ocrx_word' id='word_1_350' title='bbox 930 2841 1068 2880; x_wconf 88' lang='lat' dir='ltr'>primum</span> 
     </span>
     <span class='ocr_line' id='line_1_47' title="bbox 38 2888 1068 2929; baseline 0.004 -11"><span class='ocrx_word' id='word_1_351' title='bbox 38 2888 163 2926; x_wconf 86' lang='lat' dir='ltr'>quidem</span> <span class='ocrx_word' id='word_1_352' title='bbox 179 2889 223 2919; x_wconf 92' lang='lat' dir='ltr'>illi</span> <span class='ocrx_word' id='word_1_353' title='bbox 245 2889 409 2920; x_wconf 83' lang='lat' dir='ltr'>timuerint</span> <span class='ocrx_word' id='word_1_354' title='bbox 428 2890 549 2929; x_wconf 88' lang='lat' dir='ltr'>ipsmn,</span> <span class='ocrx_word' id='word_1_355' title='bbox 571 2890 683 2921; x_wconf 91' lang='lat' dir='ltr'>deinde</span> <span class='ocrx_word' id='word_1_356' title='bbox 705 2891 831 2929; x_wconf 88' lang='lat' dir='ltr'>autem,</span> <span class='ocrx_word' id='word_1_357' title='bbox 859 2891 912 2921; x_wconf 90' lang='lat' dir='ltr'>ubi</span> <span class='ocrx_word' id='word_1_358' title='bbox 929 2892 1068 2922; x_wconf 86' lang='lat' dir='ltr'>amicum</span> 
     </span>
     <span class='ocr_line' id='line_1_48' title="bbox 37 2940 1069 2981; baseline 0.004 -12"><span class='ocrx_word' id='word_1_359' title='bbox 37 2946 103 2969; x_wconf 85' lang='lat' dir='ltr'>esse</span> <span class='ocrx_word' id='word_1_360' title='bbox 118 2940 353 2979; x_wconf 78' lang='lat' dir='ltr'>cognovissent,</span> <span class='ocrx_word' id='word_1_361' title='bbox 371 2940 506 2980; x_wconf 89' lang='lat' dir='ltr'>hospitio</span> <span class='ocrx_word' id='word_1_362' title='bbox 516 2942 682 2980; x_wconf 86' lang='lat' dir='ltr'>acceptum</span> <span class='ocrx_word' id='word_1_363' title='bbox 696 2942 828 2981; x_wconf 89' lang='lat' dir='ltr'>prandio</span> <span class='ocrx_word' id='word_1_364' title='bbox 847 2951 903 2973; x_wconf 89' lang='lat' dir='ltr'>suo</span> <span class='ocrx_word' id='word_1_365' title='bbox 920 2942 1069 2974; x_wconf 85' lang='lat' dir='ltr'>adhibue-</span> 
     </span>
     <span class='ocr_line' id='line_1_49' title="bbox 36 2988 1068 3032; baseline 0.005 -13"><span class='ocrx_word' id='word_1_366' title='bbox 36 2988 120 3027; x_wconf 85' lang='lat' dir='ltr'>rint;</span> <span class='ocrx_word' id='word_1_367' title='bbox 135 2990 215 3021; x_wconf 84' lang='lat' dir='ltr'>sorte</span> <span class='ocrx_word' id='word_1_368' title='bbox 231 2990 357 3021; x_wconf 82' lang='lat' dir='ltr'>fortuna</span> <span class='ocrx_word' id='word_1_369' title='bbox 376 2992 458 3021; x_wconf 91' lang='lat' dir='ltr'>enim</span> <span class='ocrx_word' id='word_1_370' title='bbox 473 3000 571 3022; x_wconf 87' lang='lat' dir='ltr'>unum</span> <span class='ocrx_word' id='word_1_371' title='bbox 593 3001 633 3022; x_wconf 88' lang='lat' dir='ltr'>ex</span> <span class='ocrx_word' id='word_1_372' title='bbox 654 2992 714 3023; x_wconf 90' lang='lat' dir='ltr'>illis</span> <span class='ocrx_word' id='word_1_373' title='bbox 730 2994 762 3023; x_wconf 92' lang='lat' dir='ltr'>et</span> <span class='ocrx_word' id='word_1_374' title='bbox 784 2992 888 3031; x_wconf 89' lang='lat' dir='ltr'>ipsum</span> <span class='ocrx_word' id='word_1_375' title='bbox 905 2994 1068 3032; x_wconf 87' lang='lat' dir='ltr'>quondam</span> 
     </span>
     <span class='ocr_line' id='line_1_50' title="bbox 37 3038 1070 3082; baseline 0.005 -12"><span class='ocrx_word' id='word_1_376' title='bbox 37 3038 95 3070; x_wconf 81' lang='lat' dir='ltr'>iter</span> <span class='ocrx_word' id='word_1_377' title='bbox 107 3040 215 3072; x_wconf 85' lang='lat' dir='ltr'>secisse</span> <span class='ocrx_word' id='word_1_378' title='bbox 228 3041 261 3071; x_wconf 90' lang='lat' dir='ltr'>in</span> <span class='ocrx_word' id='word_1_379' title='bbox 276 3042 496 3072; x_wconf 80' lang='lat' dir='ltr'>Mauritaniam</span> <span class='ocrx_word' id='word_1_380' title='bbox 507 3067 515 3081; x_wconf 97' lang='lat'>,</span> <span class='ocrx_word' id='word_1_381' title='bbox 530 3051 630 3081; x_wconf 89' lang='lat' dir='ltr'>quum</span> <span class='ocrx_word' id='word_1_382' title='bbox 645 3043 739 3074; x_wconf 78' lang='lat' dir='ltr'>frater</span> <span class='ocrx_word' id='word_1_383' title='bbox 752 3043 849 3082; x_wconf 88' lang='lat' dir='ltr'>ipsius</span> <span class='ocrx_word' id='word_1_384' title='bbox 862 3043 892 3074; x_wconf 90' lang='lat' dir='ltr'>in</span> <span class='ocrx_word' id='word_1_385' title='bbox 908 3044 968 3075; x_wconf 90' lang='lat' dir='ltr'>illis</span> <span class='ocrx_word' id='word_1_386' title='bbox 979 3045 1070 3075; x_wconf 90' lang='lat' dir='ltr'>terris</span> 
     </span>
     <span class='ocr_line' id='line_1_51' title="bbox 36 3091 1067 3136; baseline 0.005 -14"><span class='ocrx_word' id='word_1_387' title='bbox 36 3091 191 3131; x_wconf 85' lang='lat' dir='ltr'>stipendia</span> <span class='ocrx_word' id='word_1_388' title='bbox 208 3095 352 3124; x_wconf 86' lang='lat' dir='ltr'>mereret.</span> <span class='ocrx_word' id='word_1_389' title='bbox 373 3094 448 3125; x_wconf 88' lang='lat' dir='ltr'>Inde</span> <span class='ocrx_word' id='word_1_390' title='bbox 460 3094 573 3125; x_wconf 81' lang='lat' dir='ltr'>fabulae</span> <span class='ocrx_word' id='word_1_391' title='bbox 585 3095 685 3134; x_wconf 85' lang='lat' dir='ltr'>longae</span> <span class='ocrx_word' id='word_1_392' title='bbox 699 3096 973 3135; x_wconf 84' lang='lat' dir='ltr'>narrationesque,</span> <span class='ocrx_word' id='word_1_393' title='bbox 988 3106 1067 3136; x_wconf 87' lang='lat' dir='ltr'>quo-</span> 
     </span>
     <span class='ocr_line' id='line_1_52' title="bbox 36 3143 1068 3187; baseline 0.006 -14"><span class='ocrx_word' id='word_1_394' title='bbox 36 3143 132 3173; x_wconf 89' lang='lat' dir='ltr'>modo</span> <span class='ocrx_word' id='word_1_395' title='bbox 146 3144 210 3183; x_wconf 90' lang='lat' dir='ltr'>ipse</span> <span class='ocrx_word' id='word_1_396' title='bbox 223 3145 382 3176; x_wconf 86' lang='lat' dir='ltr'>venationi</span> <span class='ocrx_word' id='word_1_397' title='bbox 396 3153 524 3185; x_wconf 82' lang='lat' dir='ltr'>operam</span> <span class='ocrx_word' id='word_1_398' title='bbox 547 3145 668 3177; x_wconf 85' lang='lat' dir='ltr'>dederit</span> <span class='ocrx_word' id='word_1_399' title='bbox 684 3146 716 3176; x_wconf 91' lang='lat' dir='ltr'>in</span> <span class='ocrx_word' id='word_1_400' title='bbox 737 3147 928 3178; x_wconf 78' lang='lat' dir='ltr'>Mauritania</span> <span class='ocrx_word' id='word_1_401' title='bbox 941 3171 948 3185; x_wconf 92' lang='lat'>,</span> <span class='ocrx_word' id='word_1_402' title='bbox 971 3150 1068 3187; x_wconf 84' lang='lat' dir='ltr'>utque</span> 
     </span>
     <span class='ocr_line' id='line_1_53' title="bbox 37 3195 1068 3239; baseline 0.006 -14"><span class='ocrx_word' id='word_1_403' title='bbox 37 3195 150 3236; x_wconf 71' lang='lat' dir='ltr'>viderit</span> <span class='ocrx_word' id='word_1_404' title='bbox 174 3205 237 3227; x_wconf 86' lang='lat' dir='ltr'>nna</span> <span class='ocrx_word' id='word_1_405' title='bbox 254 3199 417 3236; x_wconf 85' lang='lat' dir='ltr'>pascentes</span> <span class='ocrx_word' id='word_1_406' title='bbox 444 3198 626 3237; x_wconf 82' lang='lat' dir='ltr'>elephantos</span> <span class='ocrx_word' id='word_1_407' title='bbox 647 3200 783 3238; x_wconf 77' lang='lat' dir='ltr'>multOS,</span> <span class='ocrx_word' id='word_1_408' title='bbox 810 3209 986 3239; x_wconf 87' lang='lat' dir='ltr'>parumque</span> <span class='ocrx_word' id='word_1_409' title='bbox 1011 3201 1068 3231; x_wconf 87' lang='lat' dir='ltr'>ab·</span> 
     </span>
     <span class='ocr_line' id='line_1_54' title="bbox 38 3248 1069 3291; baseline 0.006 -13"><span class='ocrx_word' id='word_1_410' title='bbox 38 3248 130 3278; x_wconf 83' lang='lat' dir='ltr'>suerit</span> <span class='ocrx_word' id='word_1_411' title='bbox 143 3249 178 3278; x_wconf 87' lang='lat' dir='ltr'>ut</span> <span class='ocrx_word' id='word_1_412' title='bbox 192 3257 208 3278; x_wconf 88' lang='lat' dir='ltr'>a</span> <span class='ocrx_word' id='word_1_413' title='bbox 222 3249 311 3280; x_wconf 84' lang='lat' dir='ltr'>leone</span> <span class='ocrx_word' id='word_1_414' title='bbox 327 3250 552 3288; x_wconf 86' lang='lat' dir='ltr'>devoraretur;</span> <span class='ocrx_word' id='word_1_415' title='bbox 570 3253 601 3281; x_wconf 85' lang='lat' dir='ltr'>et</span> <span class='ocrx_word' id='word_1_416' title='bbox 618 3260 713 3290; x_wconf 89' lang='lat' dir='ltr'>quam</span> <span class='ocrx_word' id='word_1_417' title='bbox 736 3253 824 3283; x_wconf 81' lang='lat' dir='ltr'>mirae</span> <span class='ocrx_word' id='word_1_418' title='bbox 844 3253 1069 3291; x_wconf 82' lang='lat' dir='ltr'>magnitudinis</span> 
     </span>
     <span class='ocr_line' id='line_1_55' title="bbox 39 3297 1069 3342; baseline 0.008 -15"><span class='ocrx_word' id='word_1_419' title='bbox 39 3297 134 3335; x_wconf 78' lang='lat' dir='ltr'>pisces</span> <span class='ocrx_word' id='word_1_420' title='bbox 155 3299 266 3329; x_wconf 83' lang='lat' dir='ltr'>emerit</span> <span class='ocrx_word' id='word_1_421' title='bbox 284 3302 448 3331; x_wconf 76' lang='lat' dir='ltr'>Caesareae.</span> <span class='ocrx_word' id='word_1_422' title='bbox 468 3301 672 3341; x_wconf 77' lang='lat' dir='ltr'>Eximiusque</span> <span class='ocrx_word' id='word_1_423' title='bbox 691 3302 742 3333; x_wconf 89' lang='lat' dir='ltr'>ille</span> <span class='ocrx_word' id='word_1_424' title='bbox 760 3303 943 3342; x_wconf 81' lang='lat' dir='ltr'>historicus,</span> <span class='ocrx_word' id='word_1_425' title='bbox 968 3304 1069 3335; x_wconf 82' lang='lat' dir='ltr'>missis</span> 
     </span>
     <span class='ocr_line' id='line_1_56' title="bbox 40 3347 1066 3393; baseline 0.009 -16"><span class='ocrx_word' id='word_1_426' title='bbox 40 3347 231 3380; x_wconf 81' lang='lat' dir='ltr'>immanibus</span> <span class='ocrx_word' id='word_1_427' title='bbox 254 3350 331 3388; x_wconf 72' lang='grc'>11115,</span> <span class='ocrx_word' id='word_1_428' title='bbox 354 3360 426 3390; x_wconf 59' lang='lat' dir='ltr'>qua*</span> <span class='ocrx_word' id='word_1_429' title='bbox 444 3351 482 3381; x_wconf 86' lang='lat' dir='ltr'>ad</span> <span class='ocrx_word' id='word_1_430' title='bbox 503 3355 663 3392; x_wconf 88' lang='lat' dir='ltr'>Europum</span> <span class='ocrx_word' id='word_1_431' title='bbox 682 3353 798 3385; x_wconf 79' lang='lat' dir='ltr'>interca</span> <span class='ocrx_word' id='word_1_432' title='bbox 820 3354 934 3385; x_wconf 82' lang='lat' dir='ltr'>fiebant</span> <span class='ocrx_word' id='word_1_433' title='bbox 947 3379 954 3393; x_wconf 92' lang='lat'>,</span> <span class='ocrx_word' id='word_1_434' title='bbox 973 3355 1066 3386; x_wconf 80' lang='lat' dir='ltr'>caedi-</span> 
     </span>
    </p>
   </div>
   <div class='ocr_carea' id='block_1_6' title="bbox 2088 198 2160 228">
    <p class='ocr_par' dir='ltr' id='par_1_8' title="bbox 2088 198 2160 228">
     <span class='ocr_line' id='line_1_57' title="bbox 2088 198 2160 228; baseline 0.042 -4"><span class='ocrx_word' id='word_1_435' title='bbox 2088 198 2134 228; x_wconf 71' lang='grc'>65</span> <span class='ocrx_word' id='word_1_436' title='bbox 2144 198 2160 227; x_wconf 70' lang='lat' dir='ltr'>i&#39;»</span> 
     </span>
    </p>
   </div>
   <div class='ocr_carea' id='block_1_7' title="bbox 1128 272 2166 2173">
    <p class='ocr_par' dir='ltr' id='par_1_9' title="bbox 1128 272 2166 1191">
     <span class='ocr_line' id='line_1_58' title="bbox 1136 272 2163 325; baseline 0.003 -16"><span class='ocrx_word' id='word_1_437' title='bbox 1136 274 1170 309; x_wconf 79' lang='grc' dir='ltr'>ἐν</span> <span class='ocrx_word' id='word_1_438' title='bbox 1192 273 1350 325; x_wconf 80' lang='grc' dir='ltr'>Εὐρώπῳ</span> <span class='ocrx_word' id='word_1_439' title='bbox 1367 273 1567 323; x_wconf 82' lang='grc' dir='ltr'>γιγνομένας</span> <span class='ocrx_word' id='word_1_440' title='bbox 1585 272 1717 325; x_wconf 73' lang='grc' dir='ltr'>σφαγὰς</span> <span class='ocrx_word' id='word_1_441' title='bbox 1730 275 1896 317; x_wconf 74' lang='grc' dir='ltr'>τοσαύτας</span> <span class='ocrx_word' id='word_1_442' title='bbox 1913 275 1969 312; x_wconf 83' lang='grc' dir='ltr'>καὶ</span> <span class='ocrx_word' id='word_1_443' title='bbox 1987 276 2163 318; x_wconf 78' lang='grc' dir='ltr'>ἐπελάσεις</span> 
     </span>
     <span class='ocr_line' id='line_1_59' title="bbox 1132 329 2162 385; baseline 0.005 -19"><span class='ocrx_word' id='word_1_444' title='bbox 1132 329 1191 366; x_wconf 86' lang='grc' dir='ltr'>καὶ</span> <span class='ocrx_word' id='word_1_445' title='bbox 1212 330 1358 373; x_wconf 68' lang='grc' dir='ltr'>σπονδὰς</span> <span class='ocrx_word' id='word_1_446' title='bbox 1375 330 1565 380; x_wconf 82' lang='grc' dir='ltr'>ἀναγκαίας</span> <span class='ocrx_word' id='word_1_447' title='bbox 1583 331 1642 367; x_wconf 84' lang='grc' dir='ltr'>καὶ</span> <span class='ocrx_word' id='word_1_448' title='bbox 1660 331 1814 383; x_wconf 66' lang='grc' dir='ltr'>φυλακὰς</span> <span class='ocrx_word' id='word_1_449' title='bbox 1832 332 1891 369; x_wconf 77' lang='grc' dir='ltr'>καὶ</span> <span class='ocrx_word' id='word_1_450' title='bbox 1911 333 2162 385; x_wconf 70' lang='grc' dir='ltr'>ἀντιφυλακὰς,</span> 
     </span>
     <span class='ocr_line' id='line_1_60' title="bbox 1132 387 2162 442; baseline 0.004 -18"><span class='ocrx_word' id='word_1_451' title='bbox 1132 387 1214 438; x_wconf 69' lang='grc' dir='ltr'>ἄχρι</span> <span class='ocrx_word' id='word_1_452' title='bbox 1233 389 1372 437; x_wconf 74' lang='grc' dir='ltr'>βαθείας</span> <span class='ocrx_word' id='word_1_453' title='bbox 1390 388 1535 438; x_wconf 78' lang='grc' dir='ltr'>ἑσπέρας</span> <span class='ocrx_word' id='word_1_454' title='bbox 1564 389 1760 440; x_wconf 73' lang='grc' dir='ltr'>ἐφειστήκει</span> <span class='ocrx_word' id='word_1_455' title='bbox 1781 394 1867 440; x_wconf 81' lang='grc' dir='ltr'>ὁρῶν</span> <span class='ocrx_word' id='word_1_456' title='bbox 1891 392 2088 442; x_wconf 62' lang='grc' dir='ltr'>Μαλχίωνα</span> <span class='ocrx_word' id='word_1_457' title='bbox 2106 392 2162 428; x_wconf 79' lang='grc' dir='ltr'>τὸν</span> 
     </span>
     <span class='ocr_line' id='line_1_61' title="bbox 1132 444 2164 499; baseline 0.004 -17"><span class='ocrx_word' id='word_1_458' title='bbox 1132 444 1243 496; x_wconf 76' lang='grc' dir='ltr'>Σύρον</span> <span class='ocrx_word' id='word_1_459' title='bbox 1261 449 1294 483; x_wconf 80' lang='grc' dir='ltr'>ἐν</span> <span class='ocrx_word' id='word_1_460' title='bbox 1316 447 1510 498; x_wconf 72' lang='grc' dir='ltr'>Καισαρείᾳ</span> <span class='ocrx_word' id='word_1_461' title='bbox 1526 447 1671 498; x_wconf 79' lang='grc' dir='ltr'>σκάρους</span> <span class='ocrx_word' id='word_1_462' title='bbox 1690 449 1922 499; x_wconf 74' lang='grc' dir='ltr'>παμμεγέθεις</span> <span class='ocrx_word' id='word_1_463' title='bbox 1938 449 2046 493; x_wconf 79' lang='grc' dir='ltr'>ἀξίους</span> <span class='ocrx_word' id='word_1_464' title='bbox 2057 450 2164 487; x_wconf 81' lang='grc' dir='ltr'>ὠνού-</span> 
     </span>
     <span class='ocr_line' id='line_1_62' title="bbox 1131 504 2166 557; baseline 0.004 -17"><span class='ocrx_word' id='word_1_465' title='bbox 1131 518 1249 551; x_wconf 81' lang='grc' dir='ltr'>μενον·</span> <span class='ocrx_word' id='word_1_466' title='bbox 1281 506 1309 541; x_wconf 83' lang='grc' dir='ltr'>εἷ</span> <span class='ocrx_word' id='word_1_467' title='bbox 1342 504 1377 541; x_wconf 79' lang='grc' dir='ltr'>δὲ</span> <span class='ocrx_word' id='word_1_468' title='bbox 1405 505 1452 553; x_wconf 83' lang='grc' dir='ltr'>μὴ</span> <span class='ocrx_word' id='word_1_469' title='bbox 1483 505 1539 548; x_wconf 81' lang='grc' dir='ltr'>νὺξ</span> <span class='ocrx_word' id='word_1_470' title='bbox 1560 504 1754 552; x_wconf 65' lang='grc' dir='ltr'>κατέλαὸε,</span> <span class='ocrx_word' id='word_1_471' title='bbox 1775 507 1854 557; x_wconf 77' lang='grc' dir='ltr'>τάχ’</span> <span class='ocrx_word' id='word_1_472' title='bbox 1872 506 1912 543; x_wconf 75' lang='grc' dir='ltr'>ἂν</span> <span class='ocrx_word' id='word_1_473' title='bbox 1931 507 1989 544; x_wconf 81' lang='grc' dir='ltr'>καὶ</span> <span class='ocrx_word' id='word_1_474' title='bbox 2015 507 2166 545; x_wconf 84' lang='grc' dir='ltr'>συνεδεί-</span> 
     </span>
     <span class='ocr_line' id='line_1_63' title="bbox 1131 561 2162 616; baseline 0.004 -19"><span class='ocrx_word' id='word_1_475' title='bbox 1131 576 1207 598; x_wconf 88' lang='grc' dir='ltr'>πνει</span> <span class='ocrx_word' id='word_1_476' title='bbox 1227 561 1300 610; x_wconf 86' lang='grc' dir='ltr'>μετ’</span> <span class='ocrx_word' id='word_1_477' title='bbox 1315 578 1419 599; x_wconf 87' lang='grc' dir='ltr'>αυτου</span> <span class='ocrx_word' id='word_1_478' title='bbox 1436 563 1501 609; x_wconf 79' lang='grc' dir='ltr'>ἤδη</span> <span class='ocrx_word' id='word_1_479' title='bbox 1520 566 1587 600; x_wconf 82' lang='grc' dir='ltr'>τῶν</span> <span class='ocrx_word' id='word_1_480' title='bbox 1608 563 1745 614; x_wconf 80' lang='grc' dir='ltr'>σκάρων</span> <span class='ocrx_word' id='word_1_481' title='bbox 1763 564 2038 615; x_wconf 82' lang='grc' dir='ltr'>ἐσκευασμένων.</span> <span class='ocrx_word' id='word_1_482' title='bbox 2053 565 2162 616; x_wconf 83' lang='grc' dir='ltr'>Ἅπερ</span> 
     </span>
     <span class='ocr_line' id='line_1_64' title="bbox 1130 620 2163 673; baseline 0.004 -18"><span class='ocrx_word' id='word_1_483' title='bbox 1130 620 1159 655; x_wconf 88' lang='grc' dir='ltr'>εἰ</span> <span class='ocrx_word' id='word_1_484' title='bbox 1185 620 1233 668; x_wconf 85' lang='grc' dir='ltr'>μὴ</span> <span class='ocrx_word' id='word_1_485' title='bbox 1252 620 1480 671; x_wconf 84' lang='grc' dir='ltr'>ενεγέγραπτο</span> <span class='ocrx_word' id='word_1_486' title='bbox 1508 622 1678 670; x_wconf 80' lang='grc' dir='ltr'>ἐπιμελῶς</span> <span class='ocrx_word' id='word_1_487' title='bbox 1708 638 1750 673; x_wconf 80' lang='grc' dir='ltr'>τῃ</span> <span class='ocrx_word' id='word_1_488' title='bbox 1771 623 1925 673; x_wconf 81' lang='grc' dir='ltr'>ἱστορίᾳ,</span> <span class='ocrx_word' id='word_1_489' title='bbox 1955 623 2090 672; x_wconf 81' lang='grc' dir='ltr'>μεγάλα</span> <span class='ocrx_word' id='word_1_490' title='bbox 2122 623 2163 659; x_wconf 79' lang='grc' dir='ltr'>ἂν</span> 
     </span>
     <span class='ocr_line' id='line_1_65' title="bbox 1132 677 2164 747; baseline 0.005 -35"><span class='ocrx_word' id='word_1_491' title='bbox 1132 677 1230 724; x_wconf 85' lang='grc' dir='ltr'>ἡμεις</span> <span class='ocrx_word' id='word_1_492' title='bbox 1258 678 1464 747; x_wconf 75' lang='grc' dir='ltr'>ἠγνοηκότες</span> <span class='ocrx_word' id='word_1_493' title='bbox 1494 683 1594 726; x_wconf 78' lang='grc' dir='ltr'>ἦμεν,</span> <span class='ocrx_word' id='word_1_494' title='bbox 1625 694 1682 715; x_wconf 88' lang='grc' dir='ltr'>και</span> <span class='ocrx_word' id='word_1_495' title='bbox 1706 682 1727 725; x_wconf 83' lang='grc' dir='ltr'>ἡ</span> <span class='ocrx_word' id='word_1_496' title='bbox 1749 679 1854 728; x_wconf 81' lang='grc' dir='ltr'>ζημία</span> <span class='ocrx_word' id='word_1_497' title='bbox 1876 680 2099 729; x_wconf 83' lang='grc' dir='ltr'>Ρωμαίοις</span> <span class='ocrx_word' id='word_1_498' title='bbox 2081 681 2164 732; x_wconf 76' lang='grc' dir='ltr'>αφό-</span> 
     </span>
     <span class='ocr_line' id='line_1_66' title="bbox 1131 735 2162 807; baseline 0.005 -37"><span class='ocrx_word' id='word_1_499' title='bbox 1131 748 1250 784; x_wconf 88' lang='grc' dir='ltr'>ρη,τος</span> <span class='ocrx_word' id='word_1_500' title='bbox 1269 736 1297 771; x_wconf 84' lang='grc' dir='ltr'>εἰ</span> <span class='ocrx_word' id='word_1_501' title='bbox 1319 735 1548 779; x_wconf 86' lang='grc' dir='ltr'>Μαυσακας</span> <span class='ocrx_word' id='word_1_502' title='bbox 1535 752 1552 773; x_wconf 91' lang='grc' dir='ltr'>ο</span> <span class='ocrx_word' id='word_1_503' title='bbox 1582 738 1722 807; x_wconf 76' lang='grc' dir='ltr'>Μαῦρος</span> <span class='ocrx_word' id='word_1_504' title='bbox 1744 739 1849 789; x_wconf 59' lang='grc' dir='ltr'>διψῶν</span> <span class='ocrx_word' id='word_1_505' title='bbox 1885 737 1933 805; x_wconf 79' lang='grc' dir='ltr'>μὴ</span> <span class='ocrx_word' id='word_1_506' title='bbox 1957 742 2030 789; x_wconf 79' lang='grc' dir='ltr'>εὗρε</span> <span class='ocrx_word' id='word_1_507' title='bbox 2057 741 2162 788; x_wconf 82' lang='grc' dir='ltr'>πιεῖν,</span> 
     </span>
     <span class='ocr_line' id='line_1_67' title="bbox 1130 791 2164 846; baseline 0.005 -19"><span class='ocrx_word' id='word_1_508' title='bbox 1130 792 1207 827; x_wconf 88' lang='grc' dir='ltr'>ἀλλ’</span> <span class='ocrx_word' id='word_1_509' title='bbox 1227 791 1384 834; x_wconf 85' lang='grc' dir='ltr'>αδειπνος</span> <span class='ocrx_word' id='word_1_510' title='bbox 1413 794 1603 838; x_wconf 74' lang='grc' dir='ltr'>ἐπανῆλθεν</span> <span class='ocrx_word' id='word_1_511' title='bbox 1632 810 1687 830; x_wconf 88' lang='grc' dir='ltr'>επι</span> <span class='ocrx_word' id='word_1_512' title='bbox 1708 794 1746 831; x_wconf 82' lang='grc' dir='ltr'>τὸ</span> <span class='ocrx_word' id='word_1_513' title='bbox 1775 795 2018 846; x_wconf 84' lang='grc' dir='ltr'>στρατόπεδον.</span> <span class='ocrx_word' id='word_1_514' title='bbox 2041 796 2164 834; x_wconf 65' lang='grc' dir='ltr'>Καίτοι</span> 
     </span>
     <span class='ocr_line' id='line_1_68' title="bbox 1129 848 2163 903; baseline 0.004 -18"><span class='ocrx_word' id='word_1_515' title='bbox 1129 848 1222 886; x_wconf 87' lang='grc' dir='ltr'>πόσα</span> <span class='ocrx_word' id='word_1_516' title='bbox 1256 849 1346 886; x_wconf 81' lang='grc' dir='ltr'>ἄλλα</span> <span class='ocrx_word' id='word_1_517' title='bbox 1377 853 1501 901; x_wconf 83' lang='grc' dir='ltr'>μακρῷ</span> <span class='ocrx_word' id='word_1_518' title='bbox 1523 851 1774 903; x_wconf 86' lang='grc' dir='ltr'>ἀναγκαιότερα</span> <span class='ocrx_word' id='word_1_519' title='bbox 1807 852 1892 889; x_wconf 80' lang='grc' dir='ltr'>ἑκὼν</span> <span class='ocrx_word' id='word_1_520' title='bbox 1917 852 1983 903; x_wconf 83' lang='grc' dir='ltr'>ἐγὼ</span> <span class='ocrx_word' id='word_1_521' title='bbox 2005 856 2063 889; x_wconf 75' lang='grc' dir='ltr'>νῦν</span> <span class='ocrx_word' id='word_1_522' title='bbox 2091 869 2163 889; x_wconf 82' lang='grc' dir='ltr'>πα-</span> 
     </span>
     <span class='ocr_line' id='line_1_69' title="bbox 1130 904 2165 959; baseline 0.004 -17"><span class='ocrx_word' id='word_1_523' title='bbox 1130 906 1250 958; x_wconf 83' lang='grc' dir='ltr'>ρίημι;</span> <span class='ocrx_word' id='word_1_524' title='bbox 1285 909 1328 949; x_wconf 79' lang='grc' dir='ltr'>ὡς</span> <span class='ocrx_word' id='word_1_525' title='bbox 1359 907 1418 944; x_wconf 82' lang='grc' dir='ltr'>καὶ</span> <span class='ocrx_word' id='word_1_526' title='bbox 1444 909 1606 959; x_wconf 78' lang='grc' dir='ltr'>αὐλητρὶς</span> <span class='ocrx_word' id='word_1_527' title='bbox 1628 904 1709 954; x_wconf 64' lang='grc' dir='ltr'>ἧκεν</span> <span class='ocrx_word' id='word_1_528' title='bbox 1730 911 1768 946; x_wconf 80' lang='grc' dir='ltr'>ἐκ</span> <span class='ocrx_word' id='word_1_529' title='bbox 1792 913 1852 955; x_wconf 69' lang='grc' dir='ltr'>τῆς</span> <span class='ocrx_word' id='word_1_530' title='bbox 1879 910 2024 955; x_wconf 88' lang='grc' dir='ltr'>πλησίον</span> <span class='ocrx_word' id='word_1_531' title='bbox 2044 909 2165 958; x_wconf 82' lang='grc' dir='ltr'>κώμης</span> 
     </span>
     <span class='ocr_line' id='line_1_70' title="bbox 1129 964 2164 1019; baseline 0.003 -18"><span class='ocrx_word' id='word_1_532' title='bbox 1129 964 1331 1011; x_wconf 74' lang='grc' dir='ltr'>αὐτοῖς,καὶ</span> <span class='ocrx_word' id='word_1_533' title='bbox 1350 968 1393 1007; x_wconf 81' lang='grc' dir='ltr'>ὡς</span> <span class='ocrx_word' id='word_1_534' title='bbox 1410 967 1502 1017; x_wconf 79' lang='grc' dir='ltr'>δῶρα</span> <span class='ocrx_word' id='word_1_535' title='bbox 1521 967 1681 1011; x_wconf 77' lang='grc' dir='ltr'>ἀλλήλοις</span> <span class='ocrx_word' id='word_1_536' title='bbox 1693 967 1891 1016; x_wconf 77' lang='grc' dir='ltr'>ἀντέδοσαν,</span> <span class='ocrx_word' id='word_1_537' title='bbox 1913 971 1930 1005; x_wconf 86' lang='grc' dir='ltr'>ὁ</span> <span class='ocrx_word' id='word_1_538' title='bbox 1947 970 2087 1019; x_wconf 77' lang='grc' dir='ltr'>Μαῦρος</span> <span class='ocrx_word' id='word_1_539' title='bbox 2102 968 2164 1018; x_wconf 80' lang='grc' dir='ltr'>μὲν</span> 
     </span>
     <span class='ocr_line' id='line_1_71' title="bbox 1128 1023 2164 1077; baseline 0.004 -18"><span class='ocrx_word' id='word_1_540' title='bbox 1128 1025 1177 1074; x_wconf 74' lang='grc' dir='ltr'>τῷ</span> <span class='ocrx_word' id='word_1_541' title='bbox 1200 1023 1383 1073; x_wconf 79' lang='grc' dir='ltr'>Μαλχίωνι</span> <span class='ocrx_word' id='word_1_542' title='bbox 1398 1024 1548 1074; x_wconf 66' lang='grc' dir='ltr'>λόγχην,</span> <span class='ocrx_word' id='word_1_543' title='bbox 1570 1027 1586 1061; x_wconf 82' lang='grc' dir='ltr'>ὃ</span> <span class='ocrx_word' id='word_1_544' title='bbox 1607 1025 1641 1061; x_wconf 81' lang='grc' dir='ltr'>δὲ</span> <span class='ocrx_word' id='word_1_545' title='bbox 1665 1028 1713 1074; x_wconf 75' lang='grc' dir='ltr'>τῷ</span> <span class='ocrx_word' id='word_1_546' title='bbox 1734 1026 1913 1077; x_wconf 79' lang='grc' dir='ltr'>Μαυσάκᾳ</span> <span class='ocrx_word' id='word_1_547' title='bbox 1935 1026 2084 1075; x_wconf 83' lang='grc' dir='ltr'>πόρπην,</span> <span class='ocrx_word' id='word_1_548' title='bbox 2104 1027 2164 1063; x_wconf 86' lang='grc' dir='ltr'>καὶ</span> 
     </span>
     <span class='ocr_line' id='line_1_72' title="bbox 1130 1081 2163 1135; baseline 0.002 -17"><span class='ocrx_word' id='word_1_549' title='bbox 1130 1081 1219 1119; x_wconf 79' lang='grc' dir='ltr'>ἄλλα</span> <span class='ocrx_word' id='word_1_550' title='bbox 1249 1081 1362 1119; x_wconf 80' lang='grc' dir='ltr'>πολλὰ</span> <span class='ocrx_word' id='word_1_551' title='bbox 1384 1086 1527 1119; x_wconf 79' lang='grc' dir='ltr'>τοιαῦτα</span> <span class='ocrx_word' id='word_1_552' title='bbox 1548 1085 1607 1127; x_wconf 73' lang='grc' dir='ltr'>τῆς</span> <span class='ocrx_word' id='word_1_553' title='bbox 1628 1082 1681 1119; x_wconf 79' lang='grc' dir='ltr'>ἐπ’</span> <span class='ocrx_word' id='word_1_554' title='bbox 1701 1083 1860 1135; x_wconf 80' lang='grc' dir='ltr'>Εὐρώπῳ</span> <span class='ocrx_word' id='word_1_555' title='bbox 1882 1083 1997 1134; x_wconf 70' lang='grc' dir='ltr'>μάχης</span> <span class='ocrx_word' id='word_1_556' title='bbox 2017 1082 2105 1121; x_wconf 75' lang='grc' dir='ltr'>αὐτὰ</span> <span class='ocrx_word' id='word_1_557' title='bbox 2122 1084 2163 1129; x_wconf 80' lang='grc' dir='ltr'>δὴ</span> 
     </span>
     <span class='ocr_line' id='line_1_73' title="bbox 1128 1140 1373 1191; baseline -0.004 -15"><span class='ocrx_word' id='word_1_558' title='bbox 1128 1140 1171 1176; x_wconf 85' lang='grc' dir='ltr'>τὰ</span> <span class='ocrx_word' id='word_1_559' title='bbox 1188 1140 1373 1191; x_wconf 76' lang='grc' dir='ltr'>κεφάλαια,</span> 
     </span>
    </p>

    <p class='ocr_par' dir='ltr' id='par_1_10' title="bbox 1128 1197 2166 2173">
     <span class='ocr_line' id='line_1_74' title="bbox 1181 1197 2164 1250; baseline 0.001 -15"><span class='ocrx_word' id='word_1_560' title='bbox 1181 1197 1241 1240; x_wconf 85' lang='grc' dir='ltr'>τὰς</span> <span class='ocrx_word' id='word_1_561' title='bbox 1258 1199 1291 1235; x_wconf 81' lang='grc' dir='ltr'>ἓν</span> <span class='ocrx_word' id='word_1_562' title='bbox 1307 1197 1465 1250; x_wconf 82' lang='grc' dir='ltr'>Εὐρώπῳ</span> <span class='ocrx_word' id='word_1_563' title='bbox 1487 1200 1565 1236; x_wconf 87' lang='grc' dir='ltr'>κτλ.</span> <span class='ocrx_word' id='word_1_564' title='bbox 1580 1199 1593 1249; x_wconf 85' lang='grc'>]</span> <span class='ocrx_word' id='word_1_565' title='bbox 1609 1216 1623 1232; x_wconf 87' lang='lat'>«</span> <span class='ocrx_word' id='word_1_566' title='bbox 1642 1201 1743 1246; x_wconf 84' lang='lat' dir='ltr'>Nihil</span> <span class='ocrx_word' id='word_1_567' title='bbox 1761 1208 1940 1248; x_wconf 76' lang='lat' dir='ltr'>praeterea</span> <span class='ocrx_word' id='word_1_568' title='bbox 1957 1209 2100 1236; x_wconf 84' lang='lat' dir='ltr'>constat</span> <span class='ocrx_word' id='word_1_569' title='bbox 2117 1202 2164 1237; x_wconf 90' lang='lat' dir='ltr'>de</span> 
     </span>
     <span class='ocr_line' id='line_1_75' title="bbox 1129 1259 2164 1305; baseline 0.001 -13"><span class='ocrx_word' id='word_1_570' title='bbox 1129 1259 1200 1293; x_wconf 88' lang='lat' dir='ltr'>hoc</span> <span class='ocrx_word' id='word_1_571' title='bbox 1217 1259 1352 1305; x_wconf 85' lang='lat' dir='ltr'>proelio</span> <span class='ocrx_word' id='word_1_572' title='bbox 1364 1259 1411 1293; x_wconf 87' lang='lat' dir='ltr'>ad</span> <span class='ocrx_word' id='word_1_573' title='bbox 1423 1260 1619 1305; x_wconf 88' lang='lat' dir='ltr'>Europum</span> <span class='ocrx_word' id='word_1_574' title='bbox 1632 1259 1840 1303; x_wconf 85' lang='lat' dir='ltr'>commisso,</span> <span class='ocrx_word' id='word_1_575' title='bbox 1853 1260 2019 1305; x_wconf 86' lang='lat' dir='ltr'>quamvis</span> <span class='ocrx_word' id='word_1_576' title='bbox 2034 1272 2164 1294; x_wconf 84' lang='lat' dir='ltr'>cruen-</span> 
     </span>
     <span class='ocr_line' id='line_1_76' title="bbox 1130 1317 2164 1364; baseline 0 -14"><span class='ocrx_word' id='word_1_577' title='bbox 1130 1323 1209 1350; x_wconf 84' lang='lat' dir='ltr'>tum</span> <span class='ocrx_word' id='word_1_578' title='bbox 1242 1317 1542 1363; x_wconf 86' lang='lat' dir='ltr'>acerrimumque</span> <span class='ocrx_word' id='word_1_579' title='bbox 1576 1317 1684 1351; x_wconf 89' lang='lat' dir='ltr'>fuisse</span> <span class='ocrx_word' id='word_1_580' title='bbox 1712 1317 1785 1351; x_wconf 90' lang='lat' dir='ltr'>hoc</span> <span class='ocrx_word' id='word_1_581' title='bbox 1819 1328 1863 1350; x_wconf 82' lang='lat' dir='ltr'>ex</span> <span class='ocrx_word' id='word_1_582' title='bbox 1884 1317 1969 1350; x_wconf 92' lang='grc'>1000</span> <span class='ocrx_word' id='word_1_583' title='bbox 1990 1317 2164 1364; x_wconf 80' lang='lat' dir='ltr'>colligere</span> 
     </span>
     <span class='ocr_line' id='line_1_77' title="bbox 1128 1374 2161 1421; baseline 0.003 -14"><span class='ocrx_word' id='word_1_584' title='bbox 1128 1374 1249 1408; x_wconf 89' lang='lat' dir='ltr'>liceat.</span> <span class='ocrx_word' id='word_1_585' title='bbox 1271 1375 1438 1409; x_wconf 88' lang='lat' dir='ltr'>Victores</span> <span class='ocrx_word' id='word_1_586' title='bbox 1458 1386 1500 1409; x_wconf 82' lang='lat' dir='ltr'>ex</span> <span class='ocrx_word' id='word_1_587' title='bbox 1515 1375 1592 1409; x_wconf 84' lang='lat' dir='ltr'>acie</span> <span class='ocrx_word' id='word_1_588' title='bbox 1610 1375 1779 1409; x_wconf 87' lang='lat' dir='ltr'>recessise</span> <span class='ocrx_word' id='word_1_589' title='bbox 1792 1386 1809 1408; x_wconf 92' lang='lat' dir='ltr'>e</span> <span class='ocrx_word' id='word_1_590' title='bbox 1824 1386 1905 1421; x_wconf 89' lang='lat' dir='ltr'>cap.</span> <span class='ocrx_word' id='word_1_591' title='bbox 1923 1386 1971 1408; x_wconf 85' lang='lat'>20</span> <span class='ocrx_word' id='word_1_592' title='bbox 1993 1382 2161 1421; x_wconf 87' lang='lat' dir='ltr'>apparet.</span> 
     </span>
     <span class='ocr_line' id='line_1_78' title="bbox 1130 1432 2165 1478; baseline 0 -12"><span class='ocrx_word' id='word_1_593' title='bbox 1130 1432 1254 1477; x_wconf 86' lang='lat' dir='ltr'>Quum</span> <span class='ocrx_word' id='word_1_594' title='bbox 1272 1433 1355 1466; x_wconf 86' lang='lat' dir='ltr'>loca</span> <span class='ocrx_word' id='word_1_595' title='bbox 1374 1433 1452 1478; x_wconf 88' lang='lat' dir='ltr'>ipsa</span> <span class='ocrx_word' id='word_1_596' title='bbox 1487 1432 1685 1467; x_wconf 81' lang='lat' dir='ltr'>considero</span> <span class='ocrx_word' id='word_1_597' title='bbox 1701 1459 1710 1475; x_wconf 91' lang='lat'>‚</span> <span class='ocrx_word' id='word_1_598' title='bbox 1744 1432 2058 1467; x_wconf 83' lang='lat' dir='ltr'>verisimillimum</span> <span class='ocrx_word' id='word_1_599' title='bbox 2074 1433 2165 1466; x_wconf 84' lang='grc'>1111111</span> 
     </span>
     <span class='ocr_line' id='line_1_79' title="bbox 1131 1490 2161 1537; baseline 0 -13"><span class='ocrx_word' id='word_1_600' title='bbox 1131 1490 1193 1534; x_wconf 83' lang='grc'>111,</span> <span class='ocrx_word' id='word_1_601' title='bbox 1209 1491 1277 1525; x_wconf 84' lang='lat' dir='ltr'>hac</span> <span class='ocrx_word' id='word_1_602' title='bbox 1302 1503 1429 1537; x_wconf 79' lang='lat' dir='ltr'>pugna</span> <span class='ocrx_word' id='word_1_603' title='bbox 1454 1490 1547 1525; x_wconf 91' lang='lat' dir='ltr'>illud</span> <span class='ocrx_word' id='word_1_604' title='bbox 1568 1491 1743 1525; x_wconf 83' lang='lat' dir='ltr'>effectum</span> <span class='ocrx_word' id='word_1_605' title='bbox 1769 1502 1867 1533; x_wconf 84' lang='lat' dir='ltr'>esse,</span> <span class='ocrx_word' id='word_1_606' title='bbox 1899 1496 1940 1524; x_wconf 87' lang='lat' dir='ltr'>ut</span> <span class='ocrx_word' id='word_1_607' title='bbox 1964 1491 2161 1534; x_wconf 83' lang='lat' dir='ltr'>Romanis,</span> 
     </span>
     <span class='ocr_line' id='line_1_80' title="bbox 1129 1548 2166 1595; baseline 0.002 -13"><span class='ocrx_word' id='word_1_608' title='bbox 1129 1549 1319 1595; x_wconf 87' lang='lat' dir='ltr'>Euphrate</span> <span class='ocrx_word' id='word_1_609' title='bbox 1340 1556 1535 1595; x_wconf 83' lang='lat' dir='ltr'>superato,</span> <span class='ocrx_word' id='word_1_610' title='bbox 1557 1548 1864 1595; x_wconf 84' lang='lat' dir='ltr'>Mesopotamiam</span> <span class='ocrx_word' id='word_1_611' title='bbox 1884 1548 2061 1583; x_wconf 87' lang='lat' dir='ltr'>invadere</span> <span class='ocrx_word' id='word_1_612' title='bbox 2077 1549 2166 1584; x_wconf 65' lang='lat' dir='ltr'>lice&lt;</span> 
     </span>
     <span class='ocr_line' id='line_1_81' title="bbox 1128 1605 2164 1653; baseline 0.001 -14"><span class='ocrx_word' id='word_1_613' title='bbox 1128 1613 1199 1642; x_wconf 86' lang='lat' dir='ltr'>ret.</span> <span class='ocrx_word' id='word_1_614' title='bbox 1218 1607 1364 1653; x_wconf 81' lang='lat' dir='ltr'>Exiguo</span> <span class='ocrx_word' id='word_1_615' title='bbox 1388 1607 1486 1640; x_wconf 82' lang='lat' dir='ltr'>enim</span> <span class='ocrx_word' id='word_1_616' title='bbox 1505 1607 1700 1640; x_wconf 83' lang='lat' dir='ltr'>intervallo</span> <span class='ocrx_word' id='word_1_617' title='bbox 1720 1606 1766 1640; x_wconf 90' lang='lat' dir='ltr'>ab</span> <span class='ocrx_word' id='word_1_618' title='bbox 1784 1607 1938 1652; x_wconf 88' lang='lat' dir='ltr'>Europo</span> <span class='ocrx_word' id='word_1_619' title='bbox 1967 1605 2075 1640; x_wconf 84' lang='lat' dir='ltr'>distat</span> <span class='ocrx_word' id='word_1_620' title='bbox 2095 1619 2164 1652; x_wconf 88' lang='lat' dir='ltr'>op-</span> 
     </span>
     <span class='ocr_line' id='line_1_82' title="bbox 1128 1663 2163 1711; baseline 0.002 -15"><span class='ocrx_word' id='word_1_621' title='bbox 1128 1663 1260 1709; x_wconf 88' lang='lat' dir='ltr'>pidum</span> <span class='ocrx_word' id='word_1_622' title='bbox 1278 1665 1452 1711; x_wconf 75' lang='lat' dir='ltr'>Zeugma,</span> <span class='ocrx_word' id='word_1_623' title='bbox 1473 1664 1576 1710; x_wconf 87' lang='lat' dir='ltr'>quod</span> <span class='ocrx_word' id='word_1_624' title='bbox 1591 1676 1729 1698; x_wconf 89' lang='lat' dir='ltr'>nomen</span> <span class='ocrx_word' id='word_1_625' title='bbox 1742 1664 1886 1709; x_wconf 85' lang='lat' dir='ltr'>accepit</span> <span class='ocrx_word' id='word_1_626' title='bbox 1900 1675 1919 1697; x_wconf 87' lang='lat' dir='ltr'>a</span> <span class='ocrx_word' id='word_1_627' title='bbox 1938 1670 2071 1709; x_wconf 88' lang='lat' dir='ltr'>ponte,</span> <span class='ocrx_word' id='word_1_628' title='bbox 2088 1676 2163 1710; x_wconf 88' lang='lat' dir='ltr'>quo</span> 
     </span>
     <span class='ocr_line' id='line_1_83' title="bbox 1129 1720 2161 1767; baseline 0.004 -13"><span class='ocrx_word' id='word_1_629' title='bbox 1129 1721 1179 1754; x_wconf 89' lang='lat' dir='ltr'>ibi</span> <span class='ocrx_word' id='word_1_630' title='bbox 1196 1720 1346 1766; x_wconf 86' lang='lat' dir='ltr'>junctus</span> <span class='ocrx_word' id='word_1_631' title='bbox 1366 1728 1418 1755; x_wconf 89' lang='lat' dir='ltr'>est</span> <span class='ocrx_word' id='word_1_632' title='bbox 1437 1722 1580 1756; x_wconf 81' lang='lat' dir='ltr'>Seleuci</span> <span class='ocrx_word' id='word_1_633' title='bbox 1600 1722 1785 1755; x_wconf 84' lang='lat' dir='ltr'>Nicatoris</span> <span class='ocrx_word' id='word_1_634' title='bbox 1811 1720 1914 1766; x_wconf 81' lang='lat' dir='ltr'>jussu</span> <span class='ocrx_word' id='word_1_635' title='bbox 1943 1722 2161 1767; x_wconf 85' lang='lat' dir='ltr'>EuphrateS.</span> 
     </span>
     <span class='ocr_line' id='line_1_84' title="bbox 1128 1778 2164 1824; baseline 0.001 -13"><span class='ocrx_word' id='word_1_636' title='bbox 1128 1778 1211 1822; x_wconf 88' lang='lat' dir='ltr'>Quo</span> <span class='ocrx_word' id='word_1_637' title='bbox 1246 1785 1359 1824; x_wconf 87' lang='lat' dir='ltr'>ponte</span> <span class='ocrx_word' id='word_1_638' title='bbox 1407 1779 1605 1823; x_wconf 88' lang='lat' dir='ltr'>quominus</span> <span class='ocrx_word' id='word_1_639' title='bbox 1656 1779 1816 1812; x_wconf 88' lang='lat' dir='ltr'>Romani</span> <span class='ocrx_word' id='word_1_640' title='bbox 1849 1785 2058 1821; x_wconf 88' lang='lat' dir='ltr'>uterentur,</span> <span class='ocrx_word' id='word_1_641' title='bbox 2092 1778 2164 1812; x_wconf 89' lang='grc'>1100</span> 
     </span>
     <span class='ocr_line' id='line_1_85' title="bbox 1128 1836 2162 1882; baseline 0.001 -13"><span class='ocrx_word' id='word_1_642' title='bbox 1128 1836 1261 1882; x_wconf 86' lang='lat' dir='ltr'>proelio</span> <span class='ocrx_word' id='word_1_643' title='bbox 1282 1836 1462 1882; x_wconf 88' lang='lat' dir='ltr'>impedire</span> <span class='ocrx_word' id='word_1_644' title='bbox 1478 1837 1636 1871; x_wconf 86' lang='lat' dir='ltr'>voluisse</span> <span class='ocrx_word' id='word_1_645' title='bbox 1658 1837 1813 1871; x_wconf 84' lang='lat' dir='ltr'>Parthos</span> <span class='ocrx_word' id='word_1_646' title='bbox 1834 1837 2019 1879; x_wconf 81' lang='lat' dir='ltr'>existimo3</span> <span class='ocrx_word' id='word_1_647' title='bbox 2042 1836 2162 1870; x_wconf 76' lang='lat' dir='ltr'>victos</span> 
     </span>
     <span class='ocr_line' id='line_1_86' title="bbox 1129 1894 2163 1938; baseline -0.001 -9"><span class='ocrx_word' id='word_1_648' title='bbox 1129 1902 1251 1929; x_wconf 82' lang='lat' dir='ltr'>autem</span> <span class='ocrx_word' id='word_1_649' title='bbox 1272 1894 1318 1928; x_wconf 88' lang='lat' dir='ltr'>ad</span> <span class='ocrx_word' id='word_1_650' title='bbox 1340 1894 1505 1928; x_wconf 84' lang='lat' dir='ltr'>inducias</span> <span class='ocrx_word' id='word_1_651' title='bbox 1522 1894 1706 1929; x_wconf 75' lang='lat' dir='ltr'>faciendas</span> <span class='ocrx_word' id='word_1_652' title='bbox 1721 1901 1870 1928; x_wconf 86' lang='lat' dir='ltr'>coactos</span> <span class='ocrx_word' id='word_1_653' title='bbox 1881 1906 1966 1938; x_wconf 85' lang='lat' dir='ltr'>esse,</span> <span class='ocrx_word' id='word_1_654' title='bbox 1986 1894 2163 1928; x_wconf 87' lang='lat' dir='ltr'>nimirum</span> 
     </span>
     <span class='ocr_line' id='line_1_87' title="bbox 1128 1952 2163 1999; baseline 0.001 -14"><span class='ocrx_word' id='word_1_655' title='bbox 1128 1959 1170 1986; x_wconf 88' lang='lat' dir='ltr'>ut</span> <span class='ocrx_word' id='word_1_656' title='bbox 1190 1953 1257 1999; x_wconf 85' lang='lat' dir='ltr'>ipsi</span> <span class='ocrx_word' id='word_1_657' title='bbox 1277 1953 1483 1986; x_wconf 86' lang='lat' dir='ltr'>incolumes</span> <span class='ocrx_word' id='word_1_658' title='bbox 1503 1959 1601 1987; x_wconf 85' lang='lat' dir='ltr'>trans</span> <span class='ocrx_word' id='word_1_659' title='bbox 1623 1952 1778 1986; x_wconf 88' lang='lat' dir='ltr'>fluvium</span> <span class='ocrx_word' id='word_1_660' title='bbox 1794 1953 1962 1999; x_wconf 86' lang='lat' dir='ltr'>recipere</span> <span class='ocrx_word' id='word_1_661' title='bbox 1982 1964 2053 1986; x_wconf 90' lang='lat' dir='ltr'>sese</span> <span class='ocrx_word' id='word_1_662' title='bbox 2072 1964 2163 1998; x_wconf 75' lang='lat' dir='ltr'>pos-</span> 
     </span>
     <span class='ocr_line' id='line_1_88' title="bbox 1130 2007 2165 2058; baseline 0 -14"><span class='ocrx_word' id='word_1_663' title='bbox 1130 2017 1208 2044; x_wconf 85' lang='lat' dir='ltr'>sent</span> <span class='ocrx_word' id='word_1_664' title='bbox 1220 2030 1270 2035; x_wconf 95' lang='lat'>——</span> <span class='ocrx_word' id='word_1_665' title='bbox 1281 2022 1366 2043; x_wconf 79' lang='lat' dir='ltr'>nam</span> <span class='ocrx_word' id='word_1_666' title='bbox 1379 2009 1423 2044; x_wconf 89' lang='lat' dir='ltr'>de</span> <span class='ocrx_word' id='word_1_667' title='bbox 1434 2014 1563 2058; x_wconf 82' lang='grc' dir='ltr'>νεκροῖς</span> <span class='ocrx_word' id='word_1_668' title='bbox 1577 2007 1798 2050; x_wconf 73' lang='grc' dir='ltr'>ὑποσπόνδοις</span> <span class='ocrx_word' id='word_1_669' title='bbox 1807 2010 1842 2045; x_wconf 90' lang='grc'>11.</span> <span class='ocrx_word' id='word_1_670' title='bbox 1855 2011 1878 2044; x_wconf 88' lang='lat' dir='ltr'>l.</span> <span class='ocrx_word' id='word_1_671' title='bbox 1892 2010 2054 2057; x_wconf 72' lang='lat' dir='ltr'>cogitare</span> <span class='ocrx_word' id='word_1_672' title='bbox 2070 2011 2165 2044; x_wconf 90' lang='lat' dir='ltr'>nolis</span> 
     </span>
     <span class='ocr_line' id='line_1_89' title="bbox 1130 2067 2165 2115; baseline 0.001 -14"><span class='ocrx_word' id='word_1_673' title='bbox 1130 2089 1179 2094; x_wconf 93' lang='lat'>-—</span> <span class='ocrx_word' id='word_1_674' title='bbox 1197 2076 1307 2114; x_wconf 87' lang='lat' dir='ltr'>atque</span> <span class='ocrx_word' id='word_1_675' title='bbox 1334 2068 1421 2102; x_wconf 88' lang='lat' dir='ltr'>inde</span> <span class='ocrx_word' id='word_1_676' title='bbox 1453 2068 1621 2114; x_wconf 78' lang='lat' dir='ltr'>praesidia</span> <span class='ocrx_word' id='word_1_677' title='bbox 1651 2069 1689 2102; x_wconf 91' lang='lat' dir='ltr'>iu</span> <span class='ocrx_word' id='word_1_678' title='bbox 1708 2075 1889 2115; x_wconf 80' lang='lat' dir='ltr'>utraque,</span> <span class='ocrx_word' id='word_1_679' title='bbox 1913 2076 2006 2115; x_wconf 91' lang='lat' dir='ltr'>puto</span> <span class='ocrx_word' id='word_1_680' title='bbox 2022 2096 2030 2111; x_wconf 95' lang='lat'>,</span> <span class='ocrx_word' id='word_1_681' title='bbox 2061 2067 2165 2102; x_wconf 83' lang='lat' dir='ltr'>fluvii</span> 
     </span>
     <span class='ocr_line' id='line_1_90' title="bbox 1129 2126 2065 2173; baseline 0.002 -13"><span class='ocrx_word' id='word_1_682' title='bbox 1129 2127 1208 2172; x_wconf 85' lang='lat' dir='ltr'>ripa</span> <span class='ocrx_word' id='word_1_683' title='bbox 1227 2126 1402 2173; x_wconf 87' lang='lat' dir='ltr'>disposita</span> <span class='ocrx_word' id='word_1_684' title='bbox 1421 2133 1548 2160; x_wconf 88' lang='lat' dir='ltr'>nostro</span> <span class='ocrx_word' id='word_1_685' title='bbox 1567 2139 1611 2160; x_wconf 83' lang='lat' dir='ltr'>ex</span> <span class='ocrx_word' id='word_1_686' title='bbox 1627 2126 1712 2160; x_wconf 90' lang='grc'>1000</span> <span class='ocrx_word' id='word_1_687' title='bbox 1728 2133 1882 2161; x_wconf 84' lang='lat' dir='ltr'>constat.</span> <span class='ocrx_word' id='word_1_688' title='bbox 1904 2142 1918 2156; x_wconf 73' lang='grc' dir='ltr'><strong>υ</strong></span> <span class='ocrx_word' id='word_1_689' title='bbox 1938 2127 2065 2162; x_wconf 68' lang='lat' dir='ltr'>Herm.</span> 
     </span>
    </p>
   </div>
   <div class='ocr_carea' id='block_1_8' title="bbox 1343 2219 1950 2254">
    <p class='ocr_par' dir='ltr' id='par_1_11' title="bbox 1343 2219 1950 2254">
     <span class='ocr_line' id='line_1_91' title="bbox 1343 2219 1950 2254; baseline -0.003 -1"><span class='ocrx_word' id='word_1_690' title='bbox 1343 2219 1607 2253; x_wconf 70' lang='lat' dir='ltr'>ANONYMUS</span> <span class='ocrx_word' id='word_1_691' title='bbox 1643 2220 1950 2254; x_wconf 76' lang='lat' dir='ltr'><strong>CORINTHIUS.</strong></span> 
     </span>
    </p>
   </div>
   <div class='ocr_carea' id='block_1_9' title="bbox 1615 2314 1673 2337">
    <p class='ocr_par' dir='ltr' id='par_1_12' title="bbox 1615 2314 1673 2337">
     <span class='ocr_line' id='line_1_92' title="bbox 1615 2314 1673 2337; baseline 0.034 -2"><span class='ocrx_word' id='word_1_692' title='bbox 1615 2314 1673 2337; x_wconf 81' lang='lat'>12.</span> 
     </span>
    </p>
   </div>
   <div class='ocr_carea' id='block_1_10' title="bbox 1180 2364 2164 2419">
    <p class='ocr_par' dir='ltr' id='par_1_13' title="bbox 1180 2364 2164 2419">
     <span class='ocr_line' id='line_1_93' title="bbox 1180 2364 2164 2419; baseline 0 -14"><span class='ocrx_word' id='word_1_693' title='bbox 1180 2371 1268 2417; x_wconf 79' lang='lat' dir='ltr'>Cap.</span> <span class='ocrx_word' id='word_1_694' title='bbox 1293 2383 1340 2417; x_wconf 81' lang='lat'>29</span> <span class='ocrx_word' id='word_1_695' title='bbox 1366 2383 1373 2404; x_wconf 73' lang='grc' dir='ltr'>ε</span> <span class='ocrx_word' id='word_1_696' title='bbox 1397 2365 1538 2415; x_wconf 78' lang='grc' dir='ltr'>Ἄλλος,</span> <span class='ocrx_word' id='word_1_697' title='bbox 1567 2369 1663 2418; x_wconf 79' lang='grc' dir='ltr'>μάλα</span> <span class='ocrx_word' id='word_1_698' title='bbox 1686 2369 1745 2405; x_wconf 72' lang='grc' dir='ltr'>καὶ</span> <span class='ocrx_word' id='word_1_699' title='bbox 1776 2364 1871 2412; x_wconf 64' lang='grc' dir='ltr'>οἶτος</span> <span class='ocrx_word' id='word_1_700' title='bbox 1899 2372 2049 2419; x_wconf 79' lang='grc' dir='ltr'>γελοῖος,</span> <span class='ocrx_word' id='word_1_701' title='bbox 2089 2369 2164 2405; x_wconf 75' lang='grc' dir='ltr'>οὐδὲ</span> 
     </span>
    </p>
   </div>
   <div class='ocr_carea' id='block_1_11' title="bbox 1127 2472 2166 3311">
    <p class='ocr_par' dir='ltr' id='par_1_14' title="bbox 1127 2472 2166 3231">
     <span class='ocr_line' id='line_1_94' title="bbox 1128 2472 2166 2512; baseline -0.001 -9"><span class='ocrx_word' id='word_1_702' title='bbox 1128 2473 1188 2503; x_wconf 83' lang='lat' dir='ltr'>bus</span> <span class='ocrx_word' id='word_1_703' title='bbox 1198 2496 1206 2510; x_wconf 92' lang='lat'>‚</span> <span class='ocrx_word' id='word_1_704' title='bbox 1219 2472 1512 2512; x_wconf 77' lang='lat' dir='ltr'>incursionibusque</span> <span class='ocrx_word' id='word_1_705' title='bbox 1525 2475 1556 2504; x_wconf 89' lang='lat' dir='ltr'>et</span> <span class='ocrx_word' id='word_1_706' title='bbox 1570 2473 1704 2504; x_wconf 86' lang='lat' dir='ltr'>induciis</span> <span class='ocrx_word' id='word_1_707' title='bbox 1718 2474 1901 2504; x_wconf 81' lang='lat' dir='ltr'>necessitate</span> <span class='ocrx_word' id='word_1_708' title='bbox 1914 2473 2045 2511; x_wconf 87' lang='lat' dir='ltr'>coactis,</span> <span class='ocrx_word' id='word_1_709' title='bbox 2060 2473 2166 2512; x_wconf 76' lang='lat' dir='ltr'>praesi-</span> 
     </span>
     <span class='ocr_line' id='line_1_95' title="bbox 1129 2523 2165 2563; baseline 0 -10"><span class='ocrx_word' id='word_1_710' title='bbox 1129 2524 1252 2562; x_wconf 87' lang='lat' dir='ltr'>diisque</span> <span class='ocrx_word' id='word_1_711' title='bbox 1269 2523 1307 2553; x_wconf 84' lang='lat' dir='ltr'>ab</span> <span class='ocrx_word' id='word_1_712' title='bbox 1322 2526 1458 2563; x_wconf 82' lang='lat' dir='ltr'>utraque</span> <span class='ocrx_word' id='word_1_713' title='bbox 1471 2525 1557 2563; x_wconf 83' lang='lat' dir='ltr'>parte</span> <span class='ocrx_word' id='word_1_714' title='bbox 1571 2523 1744 2563; x_wconf 85' lang='lat' dir='ltr'>dispositis,</span> <span class='ocrx_word' id='word_1_715' title='bbox 1762 2524 1802 2554; x_wconf 91' lang='lat' dir='ltr'>ad</span> <span class='ocrx_word' id='word_1_716' title='bbox 1818 2533 1919 2555; x_wconf 86' lang='lat' dir='ltr'>seram</span> <span class='ocrx_word' id='word_1_717' title='bbox 1933 2533 2037 2563; x_wconf 87' lang='lat' dir='ltr'>usque</span> <span class='ocrx_word' id='word_1_718' title='bbox 2054 2533 2165 2563; x_wconf 80' lang='lat' dir='ltr'>vespe-</span> 
     </span>
     <span class='ocr_line' id='line_1_96' title="bbox 1129 2574 2166 2614; baseline 0 -10"><span class='ocrx_word' id='word_1_719' title='bbox 1129 2583 1196 2605; x_wconf 86' lang='lat' dir='ltr'>ram</span> <span class='ocrx_word' id='word_1_720' title='bbox 1215 2574 1384 2605; x_wconf 82' lang='lat' dir='ltr'>Malcliioni</span> <span class='ocrx_word' id='word_1_721' title='bbox 1399 2579 1494 2614; x_wconf 77' lang='lat' dir='ltr'>Syro,</span> <span class='ocrx_word' id='word_1_722' title='bbox 1512 2574 1589 2605; x_wconf 91' lang='lat' dir='ltr'>dum</span> <span class='ocrx_word' id='word_1_723' title='bbox 1608 2577 1761 2606; x_wconf 59' lang='lat' dir='ltr'>Caesareae</span> <span class='ocrx_word' id='word_1_724' title='bbox 1778 2583 1885 2605; x_wconf 89' lang='lat' dir='ltr'>scaros</span> <span class='ocrx_word' id='word_1_725' title='bbox 1900 2575 2040 2614; x_wconf 82' lang='lat' dir='ltr'>ingentes</span> <span class='ocrx_word' id='word_1_726' title='bbox 2053 2575 2166 2614; x_wconf 78' lang='lat' dir='ltr'>exiguo</span> 
     </span>
     <span class='ocr_line' id='line_1_97' title="bbox 1128 2627 2165 2667; baseline -0.004 -7"><span class='ocrx_word' id='word_1_727' title='bbox 1128 2627 1230 2667; x_wconf 78' lang='lat' dir='ltr'>pretio</span> <span class='ocrx_word' id='word_1_728' title='bbox 1254 2628 1387 2667; x_wconf 85' lang='lat' dir='ltr'>coemit,</span> <span class='ocrx_word' id='word_1_729' title='bbox 1410 2628 1568 2666; x_wconf 84' lang='lat' dir='ltr'>spectator</span> <span class='ocrx_word' id='word_1_730' title='bbox 1589 2627 1726 2666; x_wconf 83' lang='lat' dir='ltr'>adstitit3</span> <span class='ocrx_word' id='word_1_731' title='bbox 1748 2627 1885 2665; x_wconf 84' lang='lat' dir='ltr'>scilicet,</span> <span class='ocrx_word' id='word_1_732' title='bbox 1903 2627 1960 2658; x_wconf 89' lang='lat' dir='ltr'>nisi</span> <span class='ocrx_word' id='word_1_733' title='bbox 1986 2636 2049 2657; x_wconf 84' lang='lat' dir='ltr'>nox</span> <span class='ocrx_word' id='word_1_734' title='bbox 2074 2635 2165 2657; x_wconf 82' lang='lat' dir='ltr'>occu-</span> 
     </span>
     <span class='ocr_line' id='line_1_98' title="bbox 1129 2679 2165 2719; baseline 0 -9"><span class='ocrx_word' id='word_1_735' title='bbox 1129 2683 1250 2719; x_wconf 83' lang='lat' dir='ltr'>passet,</span> <span class='ocrx_word' id='word_1_736' title='bbox 1279 2688 1403 2711; x_wconf 77' lang='lat' dir='ltr'>coenare</span> <span class='ocrx_word' id='word_1_737' title='bbox 1424 2680 1520 2710; x_wconf 86' lang='lat' dir='ltr'>etiam</span> <span class='ocrx_word' id='word_1_738' title='bbox 1543 2689 1616 2710; x_wconf 83' lang='lat' dir='ltr'>cuin</span> <span class='ocrx_word' id='word_1_739' title='bbox 1640 2679 1692 2710; x_wconf 92' lang='lat' dir='ltr'>illo</span> <span class='ocrx_word' id='word_1_740' title='bbox 1716 2681 1866 2719; x_wconf 87' lang='lat' dir='ltr'>paratus:</span> <span class='ocrx_word' id='word_1_741' title='bbox 1891 2679 1956 2718; x_wconf 84' lang='lat' dir='ltr'>J&#39;am</span> <span class='ocrx_word' id='word_1_742' title='bbox 1973 2680 2057 2710; x_wconf 87' lang='lat' dir='ltr'>enim</span> <span class='ocrx_word' id='word_1_743' title='bbox 2083 2679 2165 2710; x_wconf 75' lang='lat' dir='ltr'>cocti</span> 
     </span>
     <span class='ocr_line' id='line_1_99' title="bbox 1128 2732 2164 2771; baseline -0.002 -8"><span class='ocrx_word' id='word_1_744' title='bbox 1128 2734 1218 2763; x_wconf 81' lang='lat' dir='ltr'>erant</span> <span class='ocrx_word' id='word_1_745' title='bbox 1242 2733 1334 2763; x_wconf 88' lang='lat' dir='ltr'>scari.</span> <span class='ocrx_word' id='word_1_746' title='bbox 1357 2735 1437 2769; x_wconf 81' lang='lat' dir='ltr'>Quae</span> <span class='ocrx_word' id='word_1_747' title='bbox 1459 2733 1516 2763; x_wconf 89' lang='lat' dir='ltr'>nisi</span> <span class='ocrx_word' id='word_1_748' title='bbox 1538 2732 1773 2763; x_wconf 81' lang='lat' dir='ltr'>accuratissime</span> <span class='ocrx_word' id='word_1_749' title='bbox 1799 2732 1828 2762; x_wconf 88' lang='lat' dir='ltr'>in</span> <span class='ocrx_word' id='word_1_750' title='bbox 1848 2732 1987 2763; x_wconf 67' lang='lat' dir='ltr'>historiae</span> <span class='ocrx_word' id='word_1_751' title='bbox 2009 2740 2089 2771; x_wconf 84' lang='lat' dir='ltr'>opus</span> <span class='ocrx_word' id='word_1_752' title='bbox 2116 2740 2164 2761; x_wconf 77' lang='lat' dir='ltr'>re-</span> 
     </span>
     <span class='ocr_line' id='line_1_100' title="bbox 1128 2782 2165 2823; baseline -0.003 -8"><span class='ocrx_word' id='word_1_753' title='bbox 1128 2786 1217 2823; x_wconf 81' lang='lat' dir='ltr'>cepta</span> <span class='ocrx_word' id='word_1_754' title='bbox 1233 2785 1347 2822; x_wconf 86' lang='lat' dir='ltr'>essent,</span> <span class='ocrx_word' id='word_1_755' title='bbox 1363 2783 1469 2822; x_wconf 76' lang='lat' dir='ltr'>gravia</span> <span class='ocrx_word' id='word_1_756' title='bbox 1483 2792 1558 2814; x_wconf 91' lang='lat' dir='ltr'>sane</span> <span class='ocrx_word' id='word_1_757' title='bbox 1568 2792 1625 2814; x_wconf 88' lang='lat' dir='ltr'>nos</span> <span class='ocrx_word' id='word_1_758' title='bbox 1638 2783 1803 2821; x_wconf 73' lang='lat' dir='ltr'>fugissent3</span> <span class='ocrx_word' id='word_1_759' title='bbox 1818 2783 1911 2813; x_wconf 86' lang='lat' dir='ltr'>simul</span> <span class='ocrx_word' id='word_1_760' title='bbox 1923 2784 2029 2814; x_wconf 87' lang='lat' dir='ltr'>autem</span> <span class='ocrx_word' id='word_1_761' title='bbox 2041 2782 2165 2821; x_wconf 80' lang='lat' dir='ltr'>jactura</span> 
     </span>
     <span class='ocr_line' id='line_1_101' title="bbox 1128 2834 2165 2872; baseline -0.002 -7"><span class='ocrx_word' id='word_1_762' title='bbox 1128 2835 1277 2865; x_wconf 85' lang='lat' dir='ltr'>Romanis</span> <span class='ocrx_word' id='word_1_763' title='bbox 1294 2835 1402 2865; x_wconf 81' lang='lat' dir='ltr'>fuisset</span> <span class='ocrx_word' id='word_1_764' title='bbox 1425 2834 1647 2872; x_wconf 86' lang='lat' dir='ltr'>intolerabilis,</span> <span class='ocrx_word' id='word_1_765' title='bbox 1674 2834 1699 2865; x_wconf 92' lang='lat' dir='ltr'>si</span> <span class='ocrx_word' id='word_1_766' title='bbox 1715 2836 1843 2865; x_wconf 86' lang='lat' dir='ltr'>Maurus</span> <span class='ocrx_word' id='word_1_767' title='bbox 1867 2834 1920 2865; x_wconf 89' lang='lat' dir='ltr'>ille</span> <span class='ocrx_word' id='word_1_768' title='bbox 1939 2836 2100 2864; x_wconf 85' lang='lat' dir='ltr'>Mausacas</span> <span class='ocrx_word' id='word_1_769' title='bbox 2126 2834 2165 2863; x_wconf 86' lang='lat' dir='ltr'>si-</span> 
     </span>
     <span class='ocr_line' id='line_1_102' title="bbox 1127 2884 2164 2925; baseline -0.002 -9"><span class='ocrx_word' id='word_1_770' title='bbox 1127 2885 1225 2923; x_wconf 82' lang='lat' dir='ltr'>tiens,</span> <span class='ocrx_word' id='word_1_771' title='bbox 1244 2885 1330 2925; x_wconf 88' lang='lat' dir='ltr'>quod</span> <span class='ocrx_word' id='word_1_772' title='bbox 1349 2885 1471 2916; x_wconf 81' lang='lat' dir='ltr'>biberet</span> <span class='ocrx_word' id='word_1_773' title='bbox 1488 2894 1549 2915; x_wconf 91' lang='lat' dir='ltr'>non</span> <span class='ocrx_word' id='word_1_774' title='bbox 1566 2885 1734 2916; x_wconf 84' lang='lat' dir='ltr'>invenisset</span> <span class='ocrx_word' id='word_1_775' title='bbox 1757 2886 1997 2924; x_wconf 77' lang='lat' dir='ltr'>incoenatusque</span> <span class='ocrx_word' id='word_1_776' title='bbox 2009 2884 2048 2915; x_wconf 85' lang='lat' dir='ltr'>ad</span> <span class='ocrx_word' id='word_1_777' title='bbox 2062 2886 2164 2915; x_wconf 78' lang='lat' dir='ltr'>castra</span> 
     </span>
     <span class='ocr_line' id='line_1_103' title="bbox 1128 2936 2164 2975; baseline -0.001 -9"><span class='ocrx_word' id='word_1_778' title='bbox 1128 2936 1281 2967; x_wconf 86' lang='lat' dir='ltr'>rediisset.</span> <span class='ocrx_word' id='word_1_779' title='bbox 1318 2938 1508 2975; x_wconf 88' lang='lat' dir='ltr'>Quanquam</span> <span class='ocrx_word' id='word_1_780' title='bbox 1538 2937 1617 2974; x_wconf 88' lang='lat' dir='ltr'>quot</span> <span class='ocrx_word' id='word_1_781' title='bbox 1650 2936 1710 2966; x_wconf 83' lang='lat' dir='ltr'>alia</span> <span class='ocrx_word' id='word_1_782' title='bbox 1739 2936 1836 2975; x_wconf 83' lang='lat' dir='ltr'>magis</span> <span class='ocrx_word' id='word_1_783' title='bbox 1867 2936 1961 2967; x_wconf 84' lang='lat' dir='ltr'>etiam</span> <span class='ocrx_word' id='word_1_784' title='bbox 1992 2936 2164 2966; x_wconf 80' lang='lat' dir='ltr'>necessaria</span> 
     </span>
     <span class='ocr_line' id='line_1_104' title="bbox 1127 2986 2163 3026; baseline -0.001 -9"><span class='ocrx_word' id='word_1_785' title='bbox 1127 2987 1228 3018; x_wconf 87' lang='lat' dir='ltr'>sciens</span> <span class='ocrx_word' id='word_1_786' title='bbox 1243 2995 1328 3017; x_wconf 89' lang='lat' dir='ltr'>nunc</span> <span class='ocrx_word' id='word_1_787' title='bbox 1347 2987 1476 3017; x_wconf 80' lang='lat' dir='ltr'>omitto!</span> <span class='ocrx_word' id='word_1_788' title='bbox 1496 2996 1526 3017; x_wconf 88' lang='lat' dir='ltr'>v.</span> <span class='ocrx_word' id='word_1_789' title='bbox 1544 2996 1571 3017; x_wconf 88' lang='grc'>0.</span> <span class='ocrx_word' id='word_1_790' title='bbox 1593 2986 1754 3026; x_wconf 88' lang='lat' dir='ltr'>quomodo</span> <span class='ocrx_word' id='word_1_791' title='bbox 1768 2988 1864 3017; x_wconf 86' lang='lat' dir='ltr'>etiam</span> <span class='ocrx_word' id='word_1_792' title='bbox 1882 2986 2010 3017; x_wconf 84' lang='lat' dir='ltr'>tibicina</span> <span class='ocrx_word' id='word_1_793' title='bbox 2028 2986 2066 3016; x_wconf 86' lang='lat' dir='ltr'>ad</span> <span class='ocrx_word' id='word_1_794' title='bbox 2081 2986 2163 3024; x_wconf 76' lang='lat' dir='ltr'>ipsos</span> 
     </span>
     <span class='ocr_line' id='line_1_105' title="bbox 1128 3037 2164 3077; baseline -0.001 -9"><span class='ocrx_word' id='word_1_795' title='bbox 1128 3038 1250 3068; x_wconf 83' lang='lat' dir='ltr'>venerIt</span> <span class='ocrx_word' id='word_1_796' title='bbox 1266 3038 1410 3077; x_wconf 81' lang='lat' dir='ltr'>proximo</span> <span class='ocrx_word' id='word_1_797' title='bbox 1427 3046 1466 3068; x_wconf 85' lang='lat' dir='ltr'>ex</span> <span class='ocrx_word' id='word_1_798' title='bbox 1481 3046 1576 3077; x_wconf 80' lang='lat' dir='ltr'>pago,</span> <span class='ocrx_word' id='word_1_799' title='bbox 1601 3039 1700 3077; x_wconf 77' lang='lat' dir='ltr'>utque</span> <span class='ocrx_word' id='word_1_800' title='bbox 1723 3047 1856 3068; x_wconf 88' lang='lat' dir='ltr'>munera</span> <span class='ocrx_word' id='word_1_801' title='bbox 1871 3038 1929 3068; x_wconf 89' lang='lat' dir='ltr'>sibi</span> <span class='ocrx_word' id='word_1_802' title='bbox 1952 3037 2086 3067; x_wconf 86' lang='lat' dir='ltr'>invicem</span> <span class='ocrx_word' id='word_1_803' title='bbox 2109 3037 2164 3067; x_wconf 82' lang='lat' dir='ltr'>‹le-</span> 
     </span>
     <span class='ocr_line' id='line_1_106' title="bbox 1128 3089 2162 3127; baseline -0.002 -8"><span class='ocrx_word' id='word_1_804' title='bbox 1128 3089 1232 3120; x_wconf 87' lang='lat' dir='ltr'>derint</span> <span class='ocrx_word' id='word_1_805' title='bbox 1245 3113 1253 3127; x_wconf 96' lang='lat'>‚</span> <span class='ocrx_word' id='word_1_806' title='bbox 1271 3091 1401 3119; x_wconf 77' lang='lat' dir='ltr'>Maurus</span> <span class='ocrx_word' id='word_1_807' title='bbox 1414 3089 1563 3119; x_wconf 88' lang='lat' dir='ltr'>nimirum</span> <span class='ocrx_word' id='word_1_808' title='bbox 1578 3089 1747 3120; x_wconf 89' lang='lat' dir='ltr'>Malchioni</span> <span class='ocrx_word' id='word_1_809' title='bbox 1762 3089 1883 3119; x_wconf 87' lang='lat' dir='ltr'>hastam</span> <span class='ocrx_word' id='word_1_810' title='bbox 1894 3112 1902 3126; x_wconf 91' lang='lat'>,</span> <span class='ocrx_word' id='word_1_811' title='bbox 1917 3090 1942 3119; x_wconf 88' lang='lat' dir='ltr'>is</span> <span class='ocrx_word' id='word_1_812' title='bbox 1954 3089 2060 3118; x_wconf 89' lang='lat' dir='ltr'>autem</span> <span class='ocrx_word' id='word_1_813' title='bbox 2075 3089 2162 3118; x_wconf 86' lang='lat' dir='ltr'>Mau-</span> 
     </span>
     <span class='ocr_line' id='line_1_107' title="bbox 1128 3140 2161 3180; baseline -0.001 -10"><span class='ocrx_word' id='word_1_814' title='bbox 1128 3149 1209 3171; x_wconf 86' lang='lat' dir='ltr'>sacae</span> <span class='ocrx_word' id='word_1_815' title='bbox 1224 3140 1376 3179; x_wconf 83' lang='lat' dir='ltr'>fibulam,</span> <span class='ocrx_word' id='word_1_816' title='bbox 1393 3141 1516 3180; x_wconf 89' lang='lat' dir='ltr'>aliaque</span> <span class='ocrx_word' id='word_1_817' title='bbox 1536 3141 1565 3171; x_wconf 88' lang='lat' dir='ltr'>id</span> <span class='ocrx_word' id='word_1_818' title='bbox 1580 3149 1678 3179; x_wconf 82' lang='lat' dir='ltr'>genus</span> <span class='ocrx_word' id='word_1_819' title='bbox 1697 3141 1799 3171; x_wconf 85' lang='lat' dir='ltr'>multa</span> <span class='ocrx_word' id='word_1_820' title='bbox 1812 3165 1820 3179; x_wconf 96' lang='lat'>‚</span> <span class='ocrx_word' id='word_1_821' title='bbox 1846 3141 1942 3180; x_wconf 85' lang='lat' dir='ltr'>ipsam</span> <span class='ocrx_word' id='word_1_822' title='bbox 1963 3140 2083 3171; x_wconf 88' lang='lat' dir='ltr'>scilicet</span> <span class='ocrx_word' id='word_1_823' title='bbox 2102 3148 2161 3178; x_wconf 89' lang='lat' dir='ltr'>pu-</span> 
     </span>
     <span class='ocr_line' id='line_1_108' title="bbox 1127 3191 1802 3231; baseline 0 -9"><span class='ocrx_word' id='word_1_824' title='bbox 1127 3200 1195 3231; x_wconf 79' lang='lat' dir='ltr'>gnae</span> <span class='ocrx_word' id='word_1_825' title='bbox 1208 3191 1246 3222; x_wconf 80' lang='lat' dir='ltr'>ad</span> <span class='ocrx_word' id='word_1_826' title='bbox 1261 3193 1421 3231; x_wconf 84' lang='lat' dir='ltr'>Europum</span> <span class='ocrx_word' id='word_1_827' title='bbox 1443 3192 1619 3222; x_wconf 81' lang='lat' dir='ltr'>commissae</span> <span class='ocrx_word' id='word_1_828' title='bbox 1632 3200 1802 3222; x_wconf 82' lang='lat' dir='ltr'>summam.</span> 
     </span>
    </p>

    <p class='ocr_par' dir='ltr' id='par_1_15' title="bbox 1616 3281 1655 3311">
     <span class='ocr_line' id='line_1_109' title="bbox 1616 3281 1655 3311; baseline 0 -7"><span class='ocrx_word' id='word_1_829' title='bbox 1616 3281 1655 3311; x_wconf 66' lang='lat'>1⁹</span> 
     </span>
    </p>
   </div>
   <div class='ocr_carea' id='block_1_12' title="bbox 1636 3302 1669 3311">
    <p class='ocr_par' dir='ltr' id='par_1_16' title="bbox 1636 3302 1669 3311">
     <span class='ocr_line' id='line_1_110' title="bbox 1636 3302 1669 3311; baseline 0 0"><span class='ocrx_word' id='word_1_830' title='bbox 1636 3302 1669 3311; x_wconf 51' lang='lat' dir='ltr'>A.</span> 
     </span>
    </p>
   </div>
   <div class='ocr_carea' id='block_1_13' title="bbox 1170 3355 2161 3396">
    <p class='ocr_par' dir='ltr' id='par_1_17' title="bbox 1170 3355 2161 3396">
     <span class='ocr_line' id='line_1_111' title="bbox 1170 3355 2161 3396; baseline 0 -10"><span class='ocrx_word' id='word_1_831' title='bbox 1170 3356 1271 3393; x_wconf 69' lang='lat' dir='ltr'>Alius,</span> <span class='ocrx_word' id='word_1_832' title='bbox 1287 3357 1424 3387; x_wconf 81' lang='lat' dir='ltr'>multum</span> <span class='ocrx_word' id='word_1_833' title='bbox 1443 3357 1467 3387; x_wconf 83' lang='lat' dir='ltr'>is</span> <span class='ocrx_word' id='word_1_834' title='bbox 1489 3358 1519 3388; x_wconf 90' lang='lat' dir='ltr'>et</span> <span class='ocrx_word' id='word_1_835' title='bbox 1535 3357 1599 3396; x_wconf 84' lang='lat' dir='ltr'>ipse</span> <span class='ocrx_word' id='word_1_836' title='bbox 1614 3356 1779 3395; x_wconf 80' lang='lat' dir='ltr'>ridendus,</span> <span class='ocrx_word' id='word_1_837' title='bbox 1795 3356 1848 3395; x_wconf 86' lang='lat' dir='ltr'>qui</span> <span class='ocrx_word' id='word_1_838' title='bbox 1864 3365 1901 3387; x_wconf 77' lang='lat' dir='ltr'>nc</span> <span class='ocrx_word' id='word_1_839' title='bbox 1919 3356 2017 3386; x_wconf 71' lang='lat' dir='ltr'>altero</span> <span class='ocrx_word' id='word_1_840' title='bbox 2034 3355 2161 3394; x_wconf 68' lang='lat' dir='ltr'>quidem</span> 
     </span>
    </p>
   </div>
  </div>
 </body>
</html>
