2289 3728
928 153 1252 191 FRAGMENTA.

80 243 123 293 β’.
156 245 241 294 Περ.
260 244 327 279 τῶν
347 242 380 278 ἐν
404 243 472 283 τοῖς
494 240 726 291 Προπυλαίοις
745 239 923 286 πινάκων,
946 240 992 276 fr.
1017 239 1053 275 6.

79 301 126 350 γ’.
158 298 354 352 Ἀναγραφὴ
379 301 445 336 τῶν
465 297 658 347 ἐπωνύμων
674 299 739 333 τῶν
758 295 878 345 δήμων
898 295 955 332 καὶ
984 310 1055 345 ‘pv--

27 358 118 406 λῶν,
140 358 188 396 fr.
211 371 350 404 7—10.

80 417 124 456 δ’.
157 418 244 468 Περὶ
262 420 320 463 τῆς
340 418 430 467 ἱερᾶς
446 416 522 452 ὁδοῦ
541 414 686 466 βιὸλίον.

264 498 301 534 b.
334 497 525 542 Argolica,
554 495 600 532 fr.
628 494 791 531 11-13,

263 603 282 625 c
289 618 296 626 .
327 590 533 635 Sicyonica.

81 677 128 718 α’.
160 679 248 730 Περὶ
266 681 327 724 τῆς
352 677 516 723 Ποικίλης
536 683 639 720 στοᾶς
661 679 720 722 τ’ἧς
747 677 781 713 ἐν
812 677 988 723 Σικυῶνι,
1012 678 1056 714 fr.

34 737 198 781 14—15.

407 794 434 815 v

82 794 128 846 β’.
160 793 247 846 Περὶ
265 796 331 831 τῶν
354 794 386 830 ἐν
406 794 555 831 Αικυῶνι
576 792 744 839 πινάκων,
767 795 810 830 fr.
839 794 1000 838 16—17.

268 888 306 926 d.
336 889 531 925 Laconica.

82 971 130 1008 α’.
162 971 250 1021 Περὶ
284 973 351 1008 τῶν
383 972 416 1008 ἐν
455 971 688 1021 Λακεδαίμονι
727 970 977 1020 ἀναθημάτων,
1013 972 1057 1006 sr.

34 1030 198 1068 18—20.

83 1086 129 1138 β’.
163 1086 250 1137 Περὶ
269 1088 336 1123 ’τῶν
358 1088 391 1124 ἒν
413 1086 646 1136 Λακεδαίμονι
665 1085 812 1123 πόλεων.

265 1193 297 1218 e.
329 1182 482 1225 Eliaca,
502 1181 548 1215 fr.
567 1180 731 1215 21—23.

266 1257 291 1292 f.
323 1258 526 1302 Arcadica,
545 1256 590 1291 fr.
619 1261 681 1298 24.

267 1344 302 1380 g.
332 1334 516 1377 Boeotica,
535 1332 582 1366 fr.
616 1330 680 1368 25.

84 1405 130 1445 α’.
162 1407 249 1457 Περὶ
265 1408 333 1443 τῶν
356 1405 518 1452 Θήὸησιν
539 1406 775 1458 εΗρακλιείων,
795 1408 840 1444 sr.
866 1408 928 1443 26.

270 1501 308 1535 h.
340 1501 511 1535 Phocica.

87 1590 134 1630 α’.
169 1591 307 1633 Κτίσεις
334 1593 401 1629 τῶν
430 1593 463 1628 ἔν
484 1592 621 1629 Φωκίδι
652 1592 785 1628 πόλεων
818 1592 876 1629 καὶ
899 1591 976 1643 περὶ
1006 1595 1065 1637 τῆς

33 1649 116 1701 πρὸς
134 1649 331 1695 Ἀθηναίους
349 1649 546 1700 συγγενείας
571 1651 697 1689 αὐτῶν.

87 1707 134 1758 β’.
166 1707 253 1758 Περὶ
272 1710 338 1744 τῶν
363 1709 396 1744 ἐν
416 1709 558 1759 Δελφοῖς
578 1710 775 1760 θησαυρῶν,
796 1710 842 1744 fr.
861 1722 1029 1756 27—29.

275 1802 298 1837 i.
329 1802 532 1848 Epirotica.

270 1884 316 1924 α’.
350 1885 436 1937 Περὶ
454 1885 645 1936 Δωδώνης,
673 1887 716 1923 fr.
737 1887 783 1922 30

65 2005 101 2029 2.
128 1998 377 2030 ΠΕΡΙΗΓΗΣΙΣ
407 1998 522 2028 mor
543 1992 576 2027 ἐν
600 1991 693 2042 βιὸλ.
715 1991 769 2041 γ’,
800 1993 845 2027 fr.
873 1993 1039 2028 3ι-33,

76 2065 112 2101 3.
144 2079 193 2101 DE
221 2077 379 2101 URBIBUS
408 2077 599 2110 PONTIOIS,
629 2079 677 2100 DE
707 2078 836 2111 CARIA,
866 2079 1011 2102 INSUIJS

91 2139 138 2178 α’.
169 2137 306 2181 Κτίσεις
332 2140 396 2175 τῶν
414 2140 448 2175 ἐν
468 2138 591 2189 Πόντῳ
611 2139 756 2177 πόλεων.

93 2196 137 2248 β’.
170 2199 317 2241 Carica,
347 2198 394 2234 fr.
414 2197 460 2239 34
476 2225 485 2241 ,
507 2197 569 2235 35.

101 2256 147 2306 γ’.
178 2255 267 2306 Περὶ
285 2253 534 2306 Σαμοθρᾴκης,
551 2256 594 2291 fr.
616 2255 677 2293 36.

162 2336 196 2374 ι’..
226 2345 275 2366 ms
304 2344 540 2368 CIVITATIBUS
569 2345 697 2366 rrum
725 2345 770 2367 ΕΤ
800 2345 952 2368 ειαηηῑ.

90 2407 133 2444 α’.
166 2405 309 2449 Κτίσεις
335 2406 514 2444 Ἰταλικῶν
536 2406 595 2443 καὶ
619 2407 828 2453 Σικελικῶν,
857 2409 899 2443 fr.
926 2408 987 2455 37,
1012 2408 1071 2444 ⁴38.

438 2513 649 2527 “000oe—

349 2589 398 2627 ll.
432 2589 765 2626 ΑΝΤΙΓΡΑΦΛῘ.

94 2684 120 2710 1.
152 2670 208 2708 Τὰ
235 2671 317 2722 πρὸς
340 2672 511 2722 Τίμαιον,
538 2676 605 2712 lib.
621 2676 713 2710 min.
740 2677 836 2722 XII,
858 2676 902 2710 fr.
929 2675 1071 2722 39-46.

92 2742 122 2766 2.
157 2728 244 2780 Περὶ
272 2732 332 2774 τ’ἧς
366 2729 544 2776 Ἀθήνησιν
572 2731 839 2782 Ἐρατοσθένους
871 2733 1074 2781 ἐπιδημίας,

42 2788 107 2823 lib.
126 2789 218 2825 min.
239 2790 297 2835 ΙΙ,
315 2789 361 2825 fr.
381 2788 548 2834 47—52.

95 2858 125 2882 3.
159 2844 251 2896 Πρὸς
274 2844 429 2890 Νεάνθην
451 2845 680 2898 ἀντιγραφαί,
702 2847 747 2884 fr.
769 2847 828 2883 53.

93 2915 121 2939 4.
140 2905 319 2938 Adversus
342 2906 475 2939 Istrum
483 2932 492 2948 ,
519 2905 563 2941 fr.
584 2904 647 2949 54,
667 2904 731 2941 55.

45 3017 62 3051 f
99 2972 128 2996 5.
161 2959 254 3010 Πρὸς
283 2959 413 2997 Ἀδαῖον
447 2960 506 2998 καὶ
539 2960 748 3010 Ἀντίγονον,
782 2964 847 3000 lib.
879 2965 970 2999 min.
1002 2965 1074 3006 VI,

60 3030 91 3055 r.
113 3018 249 3066 56—69.

370 3106 437 3143 Ill.
463 3106 752 3144 ΕΠΙΣΤΟΛΑΙ.

100 3191 125 3216 1.
157 3179 249 3230 Πρὸς
265 3179 429 3218 Ἄτταλον
447 3180 629 3227 ἐπιστολή,
651 3182 697 3218 fr.
725 3195 856 3228 70-72.

99 3248 128 3272 2.
163 3236 255 3288 Πρὸς
279 3237 438 3288 Διόφιλον
455 3238 533 3289 περὶ
553 3241 612 3275 τοῦ
629 3237 814 3290 Μορύχου,
835 3240 881 3275 fr.
903 3240 1038 3286 73—75.

100 3306 126 3330 ³.
157 3293 251 3346 Πρὸς
269 3295 455 3345 Ἀράνθιον,
476 3298 520 3332 fr.
545 3297 605 3333 86.

1170 253 1198 276 ιι.
1235 240 1323 290 Πρὸς
1341 241 1606 290 Ἀλεξανδρίδην,
1625 244 1668 279 fr.
1688 244 1734 277 80
1751 256 1782 279 a.

1170 311 1195 332 5.
1229 297 1314 346 Περὶ
1332 298 1457 340 ἀδόξων
1478 299 1666 347 ὀνομάτοω,
1690 301 1735 336 fr.
1758 300 1819 344 87.
1847 299 1910 336 88.

1266 389 1324 422 lv.
1356 390 1451 423 COM
1461 391 1735 425 MENTA'HON
1743 392 1795 424 1⁴38
1826 390 2001 425 VARIAE.

1176 472 1199 495 1·
1232 459 1317 508 Περὶ
1334 463 1399 497 τῶν
1420 462 1507 498 κατὰ
1522 463 1636 504 πόλεις
1651 464 1936 514 ἐπιγραμμάτιον,
1958 465 2001 500 fr.
2019 467 2147 513 79,8‹›.

1174 530 1204 554 2.
1240 516 1325 567 Περὶ
1348 521 1526 565 ποταμῶν.
1555 520 1639 568 Περὶ
1660 523 1724 556 τῶν
1749 522 1782 556 ἐν
1810 520 1950 571 Σικελία
1969 523 2146 570 ποταμῶν.

1124 573 1208 623 Περὶ
1247 575 1313 609 τῶν
1351 576 1384 610 ἐν
1420 575 1561 625 ,Σικελίᾳ
1593 579 1858 625 θαυμαζομένιιω
1892 580 2066 626 ποταμῶν,
2106 580 2147 613 fr.

1123 632 1260 668 81-83.

1175 702 1204 727 3.
1239 688 1325 740 Περὶ
1343 688 1558 737 θαυμασίων,
1581 692 1627 728 sr.
1652 692 1712 733 84.

1136 775 1140 779 .
1174 760 1201 784 4.
1233 747 1321 798 Περὶ
1336 749 1401 783 τῶν
1425 748 1457 783 ἐν
1486 747 1681 797 Καρχηδόνι
1700 748 1853 795 πέπλων,
1875 752 1920 787 fr.
1942 752 2004 788 85.

1175 820 1202 843 5.
1236 805 1322 856 Περὶ
1339 808 1397 842 τοῦ
1419 803 1514 856 παρὰ
1535 807 1730 856 Ξενοφῶντι
1752 807 1959 857 καννάθρου,
1982 810 2026 845 fr.
2051 809 2109 845 86.

1175 876 1203 901 6.
1238 862 1324 913 Περὶ
1345 865 1402 898 τοῦ
1424 862 1501 904 Διὸς
1518 862 1659 913 κῳδίου,
1678 865 1723 900 fr.
1749 866 1876 909 87‚88.

1176 933 1204 958 7.
1240 919 1326 970 Περὶ
1345 918 1488 970 Ἄρτου,
1507 920 1548 955 fr.
1572 921 1631 967 89.

1175 992 1203 1017 8.
1233 980 1343 1014 Varia
1362 979 1509 1013 incertae
1526 978 1638 1024 sedis,
1662 978 1706 1012 fr.
1729 991 1891 1025 gio—102.

1175 1051 1276 1084 Inter
1296 1049 1420 1082 titulos
1439 1048 1553 1082 modo
1570 1049 1768 1082 recensitos
1792 1048 1866 1082 duo
1892 1051 2048 1084 maxime
2073 1058 2155 1084 sunt

1124 1109 1187 1154 qui
1206 1108 1245 1141 in
1267 1106 1571 1153 disceptationem
1584 1107 1733 1140 veniant
1750 1119 1757 1140 z
1778 1104 1989 1154 Περιήγησις
2007 1108 2152 1155 κοσμική

1124 1173 1159 1200 et
1179 1162 1398 1204 (Ελλαδικός.
1423 1165 1590 1198 Priorem
1610 1165 1757 1198 nonnisi
1783 1176 1802 1198 e
1825 1163 1939 1198 Suida
1964 1167 2154 1211 nox—imus,

1124 1224 1188 1269 qui
1206 1230 1404 1269 postquam
1428 1223 1570 1269 singula
1595 1222 1762 1268 quaedam
1785 1223 1995 1256 Polemonis
2025 1225 2157 1270 scripta

1125 1283 1263 1324 attulit,
1286 1280 1435 1325 subjicit
1453 1293 1460 1314 :
1486 1279 1556 1316 Καὶ
1573 1278 1661 1315 ἄλλα
1678 1279 1822 1315 πλεῖστα
1848 1280 1856 1331 (
1873 1278 1996 1329 ἔγραψε
2009 1281 2018 1329 )
2033 1309 2041 1324 ,
2065 1283 2097 1316 ἐν
2113 1275 2158 1321 εἷς

1125 1339 1183 1375 καὶ
1204 1336 1384 1386 Κοσμικὴν
1400 1336 1602 1387 περιήγησιν
1619 1337 1695 1382 ἤτοι
1715 1337 1946 1387 γεωγραςρίοιν.
1962 1341 2015 1373 De
2036 1340 2092 1373 his
2111 1341 2158 1375 ita

1125 1398 1249 1431 statuit
1267 1397 1449 1430 Prellerus
1467 1409 1506 1442 p.
1532 1408 1579 1430 22
1601 1409 1608 1430 z
1637 1412 1651 1426 «
1676 1395 1788 1441 Quod
1808 1395 1958 1429 additur
1978 1393 2052 1439 ἤτοι
2072 1410 2160 1443 γει.)-

1126 1452 1285 1504 γροιιρίαν,
1303 1461 1404 1501 patet
1431 1454 1523 1487 nihil
1555 1466 1628 1488 esse
1648 1454 1716 1487 nisi
1736 1454 1913 1500 glossema
1934 1453 2074 1497 Suidae‚
2097 1455 2159 1499 qui

1127 1525 1171 1547 ex
1190 1525 1261 1547 suae
1291 1513 1403 1546 aetatis
1423 1524 1527 1546 more
1557 1511 1804 1546 confunderet
1832 1508 2035 1559 περιήγησιν
2062 1513 2159 1545 3ωὸ-

1128 1571 1295 1617 quariam
1308 1576 1343 1604 et
1355 1570 1655 1617 geographicam.
1669 1571 1762 1604 Nam
1779 1570 1854 1616 ipse
1866 1570 2019 1603 Polemo
2034 1582 2159 1615 quam·

1128 1642 1238 1676 quam
1262 1629 1393 1662 multas
1413 1635 1527 1662 terras
1546 1628 1640 1661 obiit
1667 1627 1874 1673 multasque
1899 1634 2023 1674 gentes
2047 1627 2158 1669 vidit,

1127 1695 1251 1722 tamen
1269 1687 1316 1721 ad
1336 1686 1578 1721 excolendam
1598 1686 1863 1733 geographiam
1882 1697 1960 1721 non
1974 1686 2056 1731 plus
2072 1697 2160 1720 con-

1128 1746 1250 1780 tulisse
1265 1744 1414 1778 videtur
1431 1756 1541 1790 quam
1559 1744 1622 1789 qui
1637 1751 1673 1777 et
1687 1744 1763 1789 ipse
1782 1743 1989 1789 periegesin
2003 1755 2160 1790 compo—

1129 1804 1220 1845 suit,
1240 1803 1449 1837 Pausanias.
1470 1802 1702 1847 Scripserunt
1720 1801 1773 1834 illi
1794 1800 1839 1844 de
1853 1799 2069 1835 fluminibus
2084 1802 2161 1835 sin—

1129 1861 1239 1908 gulis,
1254 1860 1454 1902 montibus,
1466 1859 1640 1901 urbibus3
1658 1859 1923 1905 geographiam
1934 1866 2066 1903 tamen,
2081 1871 2161 1905 quae

1129 1919 1282 1965 proprie
1308 1918 1524 1960 vocabatur,
1544 1917 1695 1951 minime
1714 1917 1926 1963 attigerunt.
1948 1917 2093 1952 Deinde
2111 1918 2162 1951 si-

1130 1977 1255 2011 milem
1272 1976 1552 2021 usurpationem
1572 1974 1743 2018 adjectivi
1763 1972 1946 2020 κοσμικός,
1975 1981 2016 2008 ut
2038 1973 2161 2024 περιή-

1130 2047 1229 2081 γησις
1254 2030 1403 2080 κοσμικὴ
1427 2033 1571 2067 dicatur
1591 2032 1822 2075 universalis,
1841 2031 2015 2078 equidem
2041 2033 2163 2079 legere

1131 2105 1207 2126 non
1220 2092 1372 2125 memini
1386 2091 1453 2124 nisi
1469 2090 1569 2136 apud
1582 2090 1802 2135 Byzantinos
1813 2117 1821 2133 ‚
1836 2090 1936 2123 velut
1950 2089 2048 2135 apud
2066 2091 2164 2125 Pho-

1133 2151 1223 2183 tium
1240 2149 1338 2183 Bibl.
1355 2148 1438 2183 cod.
1457 2148 1505 2194 69
1522 2158 1530 2183 ζ
1549 2145 1757 2194 Ἀνεγνώσθη
1774 2159 1830 2192 μοι
1848 2143 1979 2194 βιὸλίον
1994 2146 2163 2196 ἱστορικὸν

1133 2207 1177 2247 ὣς
1207 2206 1240 2241 ἐν
1275 2203 1413 2256 συνόψει
1442 2206 1609 2251 κοσμικῆς
1637 2202 1804 2252 ἱστορίας,
1839 2205 1856 2238 ὃ
1888 2201 1922 2238 δὲ
1955 2203 2165 2254 συγγραφεὺς

1134 2262 1299 2312 Ἡσύχιος
1317 2264 1333 2298 ὃ
1352 2261 1589 2311 Ἶλλούστριος.
1612 2264 1767 2308 Propter
1781 2262 1933 2304 similes,
1954 2262 2081 2306 credo,
2102 2276 2166 2298 ra-

1134 2323 1251 2356 tiones
1278 2320 1494 2366 Bernhardy
1526 2320 1571 2354 ad
1606 2320 1760 2366 Dionys.
1797 2320 1938 2366 Perieg,
1974 2332 2011 2366 p.
2047 2319 2121 2367 519
2155 2333 2162 2355 :

1140 2396 1153 2410 α
1171 2381 1328 2414 Tantum
1344 2378 1459 2421 addo,
1475 2379 1608 2423 inquit,
1626 2377 1746 2411 Suidae
1764 2377 1923 2422 quadam
1941 2378 2164 2418 narratione,

1136 2438 1200 2484 qui
1220 2437 1407 2483 reliquisse
1428 2448 1511 2470 eum
1540 2433 1720 2481 Κοσμικὴν
1743 2432 1945 2481 περιήγησιν
1975 2432 2049 2477 ἤτοι
2077 2449 2166 2483 γεω-

1135 2493 1284 2544 γραφίαν
1309 2495 1410 2529 nulla
1431 2494 1600 2540 profecto
1622 2506 1707 2527 cum
1726 2491 1798 2527 fide
1826 2492 2013 2539 prodidit,
2039 2493 2168 2529 Uker-

1136 2561 1232 2596 tum,
1265 2552 1370 2599 quod
1407 2552 1568 2595 mireris,
1601 2552 1639 2584 in
1671 2562 1837 2584 errorem
1870 2562 1942 2584 esse
1976 2550 2165 2585 inductum

1135 2612 1271 2659 Geogr.
1294 2612 1328 2653 I,
1360 2623 1392 2653 1,
1411 2622 1447 2656 p.
1473 2613 1557 2650 141.
1590 2625 1602 2639 >1
1621 2610 1749 2655 Neque
1777 2615 1899 2642 tamen
1916 2620 2063 2654 prorsus
2078 2610 2167 2643 mihi

1136 2669 1182 2703 de
1203 2669 1269 2703 hac
1287 2668 1525 2714 inscriptione
1543 2666 1814 2713 desperandum
1829 2665 1991 2712 videtur,
2008 2666 2071 2700 sed
2089 2678 2163 2700 cre·

1137 2726 1296 2760 diderim
1317 2725 1463 2759 subesse
1483 2725 1610 2767 aliam,
1632 2724 1734 2758 velut
1753 2735 1852 2765 earn,
1876 2735 1955 2768 quae
1982 2724 2169 2769 antiquio-

1136 2783 1239 2817 ribus
1250 2782 1349 2817 idem
1359 2781 1601 2829 significabat,
1616 2779 1820 2830 περιήγησιν
1832 2778 2043 2827 οἰκουμένης,
2057 2793 2167 2826 quam

1138 2841 1185 2875 ad
1203 2852 1277 2875 suae
1306 2841 1417 2874 aetatis
1441 2852 1648 2874 sermonem
1670 2851 1787 2886 graece
1809 2837 2000 2872 refluxerit
2019 2838 2166 2884 suidas,

1136 2899 1248 2932 latine
1269 2898 1307 2931 in
1328 2897 1400 2931 alio
1423 2898 1604 2944 scriptore
1621 2896 1787 2931 reddidit
1806 2896 1834 2929 is
1854 2897 1917 2941 qui
1934 2897 2077 2942 scripsit
2091 2897 2166 2929 Ex-

1131 2959 1347 3004 positionem
1363 2958 1466 2988 totius
1484 2956 1611 2989 mundi
1625 2955 1670 2989 ab
1695 2953 1874 2988 Hudsono
1890 2954 1927 2987 in
1946 2954 2169 3000 Geographis

1136 3013 1345 3047 minoribus
1366 3019 1456 3048 tom.
1480 3014 1535 3047 III
1554 3013 1703 3047 editam.
1724 3012 1829 3045 Certe
1857 3011 1995 3045 etiarnsi
2016 3011 2167 3044 Polemo

1138 3083 1215 3104 non
1236 3081 1363 3104 omnes
1382 3071 1485 3113 illos,
1509 3081 1602 3115 quos
1629 3069 1674 3103 ad
1694 3069 1850 3115 primam
1877 3068 2023 3101 classem
2040 3066 2166 3105 retuli,

1138 3134 1312 3162 tractatus
1332 3139 1403 3160 una
1422 3126 1626 3172 cademque
1643 3126 1806 3160 editione
1824 3124 2067 3171 publicaverit
2093 3122 2169 3169 (se—

1138 3185 1293 3232 paratim
1316 3185 1436 3218 editos
1454 3185 1612 3218 maxime
1630 3195 1692 3217 eos
1713 3183 1863 3223 dixeris,
1883 3182 1945 3226 qui
1961 3181 2096 3214 habent
2113 3179 2167 3211 di-

1138 3243 1316 3276 visionem
1334 3242 1516 3275 librorum
1529 3268 1539 3287 ,
1557 3241 1659 3275 velut
1678 3247 1854 3286 quattuor
1874 3238 1987 3271 libros
2008 3233 2093 3283 Περὶ
2110 3236 2168 3276 τῆς

1140 3298 1317 3343 Ἀθήνησιν
1332 3298 1561 3348 ἀκροπόλεως,
1572 3299 1688 3332 libros
1708 3305 1778 3331 tres
1789 3293 2031 3344 Περιηγήσεως
2046 3291 2146 3327 Ἰλίου
2159 3320 2167 3336 ,
