2289 3728
662 172 1043 210 ALEXANDRIDAE
1072 173 1255 211 DELPHI
1284 176 1608 213 FRAGMENTA.

79 271 184 304 μητος
196 271 203 279 ·
221 259 241 301 ἠ
264 255 299 293 δὲ
316 256 408 294 αἷτία
423 256 564 302 τοιαύτη
580 256 664 295 ἐστί.
685 256 834 304 Βάττος,
849 255 935 292 ὁκαὶ
954 255 1104 307 Ἀριστο-

78 313 196 360 τέλης,
216 314 315 351 πόλιν
340 317 374 352 ἐν
395 314 508 366 Λιὸύῃ
536 313 699 366 Κυρήνην
728 313 970 364 [λεγομένην]
998 313 1109 350 ἔκτισε

78 370 166 408 κατὰ
185 371 242 409 τὸν
258 373 395 409 δοθέντα
413 374 506 424 αὐτῷ
522 373 617 424 παρὰ
634 376 692 409 τοῦ
713 371 924 413 Ἀπόλλωνος
940 371 1109 422 χρησμόν·

78 429 136 466 καὶ
148 431 178 466 οἱ
189 431 330 467 πολῖται
347 433 377 468 οἱ
393 433 584 481 Κυρηναῖοι
602 429 829 466 ἀνταπόδοσιν
843 432 903 474 τ’ἧς
919 429 1111 480 εὐεργεσίας

80 487 280 537 βουλόμενοι
292 487 504 538 χαρίσασθαι
517 489 565 538 τῷ
579 488 727 536 βασιλεῖ,
741 486 907 531 ἐποίησαν
919 485 1111 532 δακτύλιον,

77 546 111 581 ἐν
129 539 157 597 ᾧ
184 548 204 591 ἡ
228 545 324 588 πόλις
344 547 455 582 αὐτῶν
479 544 664 596 προσφέρει
684 546 732 596 τῷ
755 546 889 595 βασιλεῖ
908 543 946 580 τὸ
966 543 1110 592 σίλφιον.

80 601 153 640 Καὶ
172 602 210 639 τὸ
226 602 351 654 φύλλον
367 601 401 639 δὲ
423 604 524 639 αὐτοῦ
544 601 602 639 καὶ
621 605 638 639 ὁ
656 601 785 651 καρπὸς
803 601 860 638 καὶ
877 603 894 637 ὁ
913 600 1038 643 καυλὸς
1054 601 1113 637 καὶ

77 662 95 696 ὃ
118 659 200 702 ὄπὸς
230 659 288 697 καὶ
319 660 436 702 ἁπλῶς
455 659 494 696 τὸ
519 665 587 696 πᾶν
620 661 721 696 αὐτοῦ
746 660 875 704 πολλῆς
895 660 997 707 τιμῆς
1022 657 1111 700 ἄξιόν

77 720 184 755 ἐστιν.
208 717 280 756 Καὶ
300 720 330 754 οἱ
352 718 584 767 Ἀμπελιῶται
610 716 644 754 δὲ
667 717 757 759 ἔθνος
774 716 924 762 Areum,
954 717 998 757 εἷς
1019 717 1114 754 Δελ-

80 773 160 825 φοὺς
178 774 341 812 ἀνέθεσαν
357 774 482 812 καυλὸν
501 774 652 827 σιλφίου,
667 773 711 817 ὥς
729 790 830 827 φησιν
848 773 1112 825 Ἀλεξανδρίδης.

80 833 134 870 Cf.
156 835 406 871 Hemsterhus.
427 835 474 870 ad
493 835 531 871 h.
552 835 577 872 1.
601 834 663 883 (p.
687 833 759 882 592
777 834 835 870 ed.
855 833 1006 881 Paris).

578 903 615 940 5.

129 973 252 1010 Schol.
275 976 364 1011 Eur.
387 975 520 1011 Alcest.
543 986 557 1008 1
579 970 860 1022 εἏλεξανδρίδης
883 971 990 1021 (libri
1008 971 1110 1008 Ἀνα-

78 1027 275 1079 ξανδρίόης)
292 1031 309 1065 ὁ
330 1029 459 1080 Δελφός
480 1044 562 1079 φησι
583 1032 744 1074 θητεῦσαι
766 1028 866 1065 αὐτὸν
891 1028 970 1077 (τὸν
989 1028 1114 1066 Ἀπόλ-

78 1087 195 1136 λωνα)
218 1085 302 1123 διότι
326 1086 382 1123 τὸν
406 1086 517 1123 Πυθοῖ
535 1086 705 1137 δράκοντα
726 1087 867 1123 ἀνεῖλεν.
898 1090 940 1124 V.
962 1088 1112 1122 Mulier.

76 1146 170 1181 Dor.
193 1147 229 1193 Ι,
251 1159 291 1192 p.
316 1145 403 1181 322.

573 1198 609 1235 6.

130 1269 318 1303 Plutarch.
335 1270 408 1314 Qu,
425 1268 488 1306 Gr.
505 1280 537 1302 c.
553 1281 576 1315 9
591 1281 598 1302 :
616 1266 677 1308 Τίς
691 1269 706 1303 ὃ
721 1266 816 1317 παρὰ
830 1267 971 1316 Δελφοῖς
986 1265 1116 1303 ‘Ocim—

79 1321 141 1374 τὴρ
157 1323 215 1360 καὶ
234 1323 289 1360 διὰ
302 1323 334 1360 τί
352 1322 476 1361 Βύσιον
493 1323 551 1360 ἕνα
566 1325 632 1360 τῶν
655 1326 771 1373 μηνῶν
790 1325 970 1370 καλοῦσιν;
989 1323 1116 1361 ‘Osteo-

84 1380 173 1432 τ’ἧρα
203 1381 265 1430 μὲν
290 1383 434 1419 καλοῦσι
462 1381 500 1418 τὸ
532 1381 695 1431 θυόμενον
719 1383 854 1433 ἱερεῖον,
885 1380 966 1419 ὅταν
995 1380 1116 1424 εὈσιος

80 1440 283 1489 ἀποδειχθῇ.
320 1439 430 1477 Πέντε
458 1438 495 1477 δέ
524 1441 607 1476 εἶσιν
634 1438 754 1478 σΟσιοι
785 1439 839 1476 διὰ
864 1440 961 1490 βίου,
995 1440 1054 1477 καὶ
1076 1439 1115 1477 τὰ

80 1497 194 1534 πολλὰ
224 1496 312 1546 μετὰ
330 1500 396 1534 τῶν
422 1500 608 1550 προφητῶν
638 1500 761 1549 δρῶσιν
781 1493 892 1544 οὗτοι,
923 1498 981 1535 καὶ
1003 1514 1114 1535 συνιε-

81 1559 290 1605 ρουργοῦσιν,
308 1555 367 1593 ἅτε
387 1556 563 1607 γεγονέναι
581 1557 756 1599 δοκοῦντες
777 1557 845 1593 ἀπὸ
864 1557 1113 1599 Δευκαλίωνος.

81 1613 126 1651 ‘O
147 1612 182 1650 δὲ
202 1613 325 1656 Βύσιος
347 1613 426 1664 μὴν,
447 1618 492 1657 ὡς
510 1614 571 1664 μὲν
590 1617 619 1652 οἱ
640 1615 762 1652 πολλοὶ
780 1616 974 1664 νομίζουσι,
1000 1615 1117 1668 φύσιός

80 1673 190 1709 ἐστιν·
207 1671 304 1723 ἔαρος
316 1672 382 1724 γὰρ
399 1673 515 1724 ἄρχει,
528 1673 587 1710 καὶ
603 1673 648 1710 τὰ
663 1673 776 1711 πολλὰ
791 1673 910 1725 φύεται
927 1677 1115 1720 τηνικαῦτα

79 1728 139 1765 καὶ
155 1728 413 1767 διαὸλαστάνει·
431 1730 469 1767 τὸ
488 1731 516 1767 δ’
535 1731 657 1777 ἀληθὲς
674 1733 733 1768 οὐκ
750 1730 822 1780 ἔχει
842 1729 959 1772 οὕτως.
977 1732 1029 1768 Οὐ
1047 1730 1113 1781 γὰρ

82 1786 157 1823 ἀντὶ
174 1790 232 1823 τοῦ
248 1801 271 1838 φ
286 1790 335 1838 τῷ
354 1790 373 1838 β
389 1790 542 1838 χρῶνται
560 1787 708 1839 Δελφοὶ,
728 1788 884 1837 καθάπερ
900 1788 1115 1832 Μακεδόνες,

83 1844 254 1881 Βίλιππον
273 1844 332 1881 καὶ
358 1845 541 1896 Βαλακρὸν
559 1845 618 1883 καὶ
642 1846 830 1896 Βερονίκην
849 1844 1020 1894 λέγοντες·
1039 1847 1116 1882 ἀλλ’

83 1902 159 1939 ἀντὶ
177 1905 236 1938 τοῦ
255 1917 282 1938 π
294 1917 302 1925 ·
319 1902 378 1939 καὶ
395 1902 461 1954 γὰρ
477 1903 515 1940 τὸ
539 1905 673 1950 πατεῖν,
698 1906 826 1955 βατεῖν,
847 1903 905 1939 καὶ
921 1903 959 1941 τὸ
979 1904 1115 1953 πικρὸν,

85 1959 200 2011 βικρὸν
217 1961 376 2003 ἐπιεικῶς
389 1963 567 2001 καλοῦσιν.
588 1959 714 2000 ’Ἔστιν
732 1956 788 1999 οὖν
804 1961 934 2004 ΙΙύσιος
951 1964 967 1998 ὁ
984 1961 1117 2008 Βύσιος,

83 2019 118 2055 ἐν
139 2011 166 2069 ᾧ
198 2019 410 2055 πυστιῶνται
437 2018 496 2056 καὶ
522 2019 750 2056 πυνθάνονται
770 2023 827 2056 τοῦ
856 2022 946 2057 θεοῦ.
970 2018 1022 2057 Τὸ
1052 2019 1118 2070 γὰρ

83 2076 206 2112 ἐννοεῖν
223 2075 281 2111 καὶ
312 2075 469 2127 πάτριον.
488 2076 552 2114 Ἐν
568 2078 616 2127 τῷ
637 2076 720 2125 μηνὶ
745 2074 812 2127 γὰρ
832 2075 941 2128 τούτῳ
960 2077 1118 2128 χρηστή-

85 2148 154 2184 ριον
172 2132 340 2183 ἐγίγνετο,
357 2133 416 2170 καὶ
441 2133 592 2183 ἑὸδόμην
610 2133 739 2181 ταύτην
764 2134 942 2183 νομίζουσι
962 2139 1021 2172 τοῦ
1045 2138 1119 2172 θεοῦ

83 2190 268 2241 γενέθλιον,
287 2191 346 2228 καὶ
361 2190 552 2243 πολύφθοον
571 2191 808 2241 ὀνομάζουσιν,
838 2194 874 2229 οὐ
898 2191 953 2228 διὰ
973 2193 1012 2229 τὸ
1037 2192 1118 2229 πέτ-

85 2302 196 2333 Battus
207 2328 218 2343 ,
232 2311 328 2342 quem
342 2302 438 2334 etiam
451 2302 651 2334 Aristotelem
664 2304 797 2343 vocant,
814 2302 847 2333 in
861 2302 957 2342 Libya
973 2304 1119 2342 Cyrenen

86 2353 199 2384 urbem
216 2353 356 2385 condidit
369 2354 461 2393 jussu
477 2354 617 2393 oraculi,
632 2354 719 2394 quod
732 2354 772 2384 ab
785 2354 929 2393 Apolline
945 2355 1119 2393 acceperat.

87 2406 186 2445 cujus
198 2406 342 2438 beneficii
355 2407 488 2446 gratiam
505 2407 622 2438 referre
636 2407 700 2446 regi
710 2407 852 2437 volentes
869 2407 1012 2446 Cyrenaei
1034 2407 1121 2438 cives

86 2457 242 2488 annulum
261 2457 440 2488 faciendum
463 2459 635 2497 curarunt,
652 2458 684 2489 in
708 2467 773 2497 quo
795 2458 871 2489 urbs
886 2458 1033 2497 silphium
1058 2458 1120 2497 regi

86 2508 222 2539 offerens
240 2508 414 2540 visebatur.
438 2509 526 2540 Folia
545 2509 641 2548 hujus
656 2510 773 2549 plantae
791 2510 822 2540 et
838 2510 961 2540 fructus
977 2511 1008 2540 et
1026 2509 1121 2549 stirps

87 2561 118 2590 et
131 2568 245 2591 succus
257 2561 289 2591 et
301 2560 430 2591 omnino
445 2561 511 2595 tota
524 2561 629 2600 planta
642 2560 673 2591 in
688 2569 801 2600 magno
818 2561 920 2600 pretio
933 2562 991 2592 est.
1009 2564 1117 2600 Ampe-

88 2610 172 2641 liotae
198 2618 274 2641 vero
297 2610 404 2650 Libyae
428 2619 504 2650 gens
525 2611 628 2651 silphii
653 2613 782 2651 stirpem
807 2612 944 2651 Delphos
968 2613 1122 2643 miserunt

88 2661 254 2692 donarium
266 2685 274 2699 ,
293 2664 329 2691 ut
348 2661 572 2693 Alexandrides
588 2664 706 2693 narrat.

594 2731 628 2761 5.

133 2801 363 2832 Alexandrides
381 2801 521 2840 Delphus
540 2802 715 2841 Apollinem
733 2811 789 2841 pro
806 2803 961 2842 mancipio
980 2803 1123 2835 serviisse

90 2851 134 2883 ait
150 2852 315 2892 propterea
329 2851 414 2891 quod
427 2851 597 2882 draconem
612 2852 781 2891 Pythicum
795 2853 1009 2885 interfecisset.

599 2916 633 2947 6.

139 2989 220 3025 Quis
249 2989 297 3018 esc
322 2986 415 3027 apud
442 2987 588 3027 Delphos
611 2989 779 3025 Hostoter,
815 2990 848 3019 et
878 2997 939 3020 cur
968 2991 1125 3021 unumde

93 3037 261 3069 mensibus
287 3038 469 3078 appellant
485 3039 653 3077 Bysium?
668 3038 812 3069 Hosioter
834 3041 879 3070 est
903 3040 1031 3071 victima
1053 3050 1124 3081 qnae

94 3089 275 3121 immolatur
298 3098 395 3128 quum
418 3090 543 3120 creatur
570 3089 684 3120 Hosius
715 3090 798 3127 (vox
823 3092 983 3122 sanctum
1003 3093 1123 3131 notat).

96 3139 244 3181 Quinque
256 3142 363 3172 autem
375 3142 451 3172 sunt
464 3143 559 3172 Hosti
572 3146 628 3181 per
640 3150 766 3173 omnem
780 3142 891 3181 vitam,
906 3144 1076 3184 multisque
1095 3146 1125 3176 in

96 3189 190 3221 rebus
203 3191 318 3222 adsunt
333 3192 472 3232 vatibus,
490 3193 586 3232 atque
601 3201 665 3223 una
677 3193 772 3223 etiam
794 3194 971 3225 sacrificant
988 3207 995 3226 z
1011 3195 1126 3235 quippe

96 3250 114 3271 a
129 3242 319 3273 Deucalione
330 3251 427 3282 genus
437 3243 547 3274 crediti
561 3244 693 3274 trahere.
736 3246 861 3284 Bysz'us
875 3245 990 3276 mensis
1000 3270 1007 3284 ‚
1019 3248 1054 3276 ut
1066 3247 1127 3285 ple·

96 3293 186 3330 rique
202 3294 324 3331 putant,
343 3293 488 3332 Plzystus
499 3295 564 3333 est,
578 3303 595 3324 a
609 3294 766 3325 nascendo
779 3295 823 3325 sie
836 3295 939 3326 dictus
959 3309 965 3326 ε
981 3297 1027 3327 est
1043 3297 1126 3328 enim

98 3343 180 3373 veris
192 3343 292 3381 initio,
307 3352 371 3382 quo
382 3346 522 3381 tempore
531 3345 679 3384 pleraque
696 3347 869 3376 nascuntur
883 3348 913 3377 et
928 3347 1101 3385 germinant
1119 3358 1124 3377 :

2125 182 2192 211 107

1169 262 1287 295 τεσθαι
1325 261 1434 311 φθόϊς,
1474 261 1562 298 ἀλλὰ
1592 262 1789 305 πολυπευθῆ
1821 259 1879 297 καὶ
1917 260 2199 309 πολυμάντευτον

1170 310 1287 354 οὖσαν.
1307 317 1394 368 Ὀψὲ
1408 318 1473 370 γὰρ
1492 318 1674 365 ἀνείθησαν
1692 321 1725 355 αἱ
1743 317 1833 355 κατὰ
1851 321 1944 367 μῆνα
1960 324 2120 368 μαντεῖαι
2136 320 2203 360 τοῖς

1171 373 1356 421 δεομένοις·
1370 376 1533 426 πρότερον
1555 376 1589 412 δὲ
1614 376 1705 419 ἅπαξ
1728 376 1941 425 ἐθεμίστευεν
1966 379 1987 421 ἠ
2007 375 2122 414 Πυθία
2142 380 2201 413 τοῦ

1171 432 1324 467 ἐνιαυτοῦ
1354 432 1443 468 κατὰ
1475 433 1602 478 ταύτην
1628 432 1688 478 τὴν
1719 433 1863 484 ἡμέραν,
1893 436 1937 476 ὡς
1971 433 2205 480 Καλλισθένης

1174 490 1240 535 (sr.
1269 491 1308 538 l.)
1337 489 1396 526 καὶ
1412 490 1664 541 Ἀλεξανδρίδης
1687 492 1780 541 (vgo
1801 491 2081 544 Ἀναξανδρίδης)
2103 494 2200 529 ἱστο-

1173 546 1311 598 ρήκασμ

1466 624 1581 659 ΠΕΡΙ
1614 625 1914 663 ΛΥΚΩΡΕΙΑΣ.

1458 712 1485 745 E
1514 712 1660 746 LIBRO
1690 714 1924 749 SECUNDO.

1678 799 1697 809 Η

1683 811 1710 830 s.

1228 862 1402 907 Stephan.
1414 862 1499 907 Byz.
1518 862 1595 897 :Ao
1607 859 1662 896 κώ
1673 875 1688 910 ρ
1698 875 1712 896 ε
1723 875 1731 895 ι
1741 876 1774 905 α,
1784 860 1884 910 κώμη
1897 864 1929 898 ἐν
1942 866 2094 913 Δελφοῖς.
2111 867 2208 903 Καλ-

1175 916 1324 967 λίμαχος
1341 916 1458 968 τρίτῳ.
1475 916 1556 953 Ἀπὸ
1569 917 1758 967 Λυκωρέως
1778 923 1836 954 τοῦ
1854 921 2030 968 βασιλέως,
2051 923 2093 960 ‘O
2110 923 2207 960 πολί-

1175 991 1235 1020 της
1246 974 1427 1025 Λυκωρεὺς
1441 974 1500 1011 καὶ
1520 975 1695 1026 Λυκώριος
1709 976 1767 1012 καὶ
1782 978 2013 1027 Αυκωρείτης,
2026 978 2131 1018 ’'Em-t
2150 980 2210 1017 καὶ

1176 1032 1369 1084 Λυκώρειος
1390 1032 1474 1074 Ζεὺς
1493 1033 1551 1069 καὶ
1572 1032 1767 1084 Λυκώρείον
1788 1034 1841 1070 διὰ
1860 1036 2050 1086 διφθόγγόυ.

1230 1092 1359 1137 Λύλη,
1378 1092 1476 1134 πόλις
1495 1091 1685 1143 Ἀρκαδίας.
1704 1091 1920 1143 Ἀλέξανδρος
1953 1095 2097 1147 δευτέρῳ
2122 1097 2209 1148 Περὶ

1177 1149 1389 1201 Λυκιορείας.

1230 1211 1266 1245 Si
1287 1217 1386 1245 recte
1405 1222 1480 1244 sese
1497 1210 1638 1244 liabent
1658 1211 1725 1245 ista
1740 1208 1818 1259 περὶ
1840 1209 2055 1260 Λυκωρείας,
2071 1213 2212 1259 proba-

1176 1269 1300 1303 biliter
1328 1269 1412 1302 loco
1433 1280 1500 1302 suo
1526 1275 1627 1302 mota
1654 1275 1756 1313 sunt,
1786 1281 1909 1315 neque
1938 1270 2147 1305 Alexander
2167 1273 2212 1306 ab

1175 1333 1303 1361 nostro
1332 1326 1581 1361 Alexandride
1610 1326 1786 1363 dlversus.
1813 1328 1942 1373 Neque
1967 1327 2215 1373 improbabile

1178 1383 1468 1419 Alexandridem
1493 1384 1539 1418 de
1566 1386 1752 1430 Lycorea,
1776 1397 1856 1431 quae
1877 1384 1923 1419 ad
1948 1386 2106 1431 priscam
2125 1388 2213 1421 Del·

1177 1443 1278 1489 phici
1309 1443 1450 1477 oraculi
1479 1443 1673 1477 historiam
1703 1443 1896 1491 permagni
1924 1445 2105 1478 momenti
2140 1452 2210 1488 est,

1177 1502 1366 1547 peculiare
1388 1514 1480 1547 opus
1498 1502 1762 1547 composuisse.

1230 1560 1396 1594 Fortasse
1428 1559 1689 1593 Alexandridae
1720 1571 1859 1593 nomen
1887 1560 2148 1606 reponendum
2177 1561 2215 1594 in

1177 1617 1358 1653 Provcrb.
1378 1617 1550 1664 Append.
1571 1618 1634 1660 IV,
1661 1629 1706 1662 77
1732 1616 1791 1667 (p.
1815 1616 1887 1658 453
1909 1617 1967 1653 ed.
1987 1615 2181 1665 Leutsch.)
2205 1631 2212 1652 :

1184 1675 1239 1711 Συ
1250 1673 1418 1722 μέιαλού
1431 1688 1569 1721 μενος·
1591 1673 1668 1709 κατ’
1696 1672 1845 1725 ἔλλειψιν
1880 1673 1938 1710 καὶ
1973 1673 2072 1719 αὕτη.
2101 1674 2216 1712 Ἔνδεῖ

1178 1731 1243 1781 γὰρ
1260 1732 1304 1773 εἷς
1320 1730 1442 1781 ἔρωτα.
1461 1730 1649 1779 Μέμνηται
1663 1731 1788 1777 ταύτης
1808 1732 1890 1780 (τῆς
1900 1730 2102 1782 παροιμίας)
2122 1732 2215 1769 Ἀλέ-

1182 1789 1331 1839 ξανδρος.
1351 1791 1410 1825 Ibi
1436 1788 1694 1839 Ἀναξανδρίδης
1718 1792 1916 1838 proposuit
1945 1792 2162 1839 Bernhardy
2177 1793 2214 1826 in

1178 1848 1313 1885 Jahrb.
1331 1847 1371 1894 f.
1390 1852 1486 1884 wiss.
1511 1849 1634 1883 Kritik
1656 1849 1751 1894 1837
1769 1862 1809 1896 p.
1834 1850 1919 1895 178,
1938 1857 2088 1886 notante
2102 1853 2216 1887 Leut-

1179 1907 1293 1942 scliio.
1308 1908 1426 1941 Porro
1441 1908 1712 1941 Alexandrides
1726 1908 1965 1954 reponendus
1979 1921 2052 1943 esse
2066 1910 2215 1945 videtur

1180 1977 1240 2012 ap.
1258 1965 1392 2002 Athen.
1409 1977 1449 2011 p.
1472 1977 1559 2008 210,
1577 1966 1618 2009 Β,
1637 1965 1703 1999 ubi
1721 1965 1819 2000 dere
1831 1966 2009 2013 Delphica
2019 1974 2215 2013 postquam

1181 2022 1349 2057 laudatus
1368 2029 1445 2056 erat
1465 2019 1703 2072 Ἡγήσανδρος
1723 2023 1739 2058 ὁ
1759 2021 1887 2073 Δελφὸς
1904 2024 1937 2058 ἐν
1958 2025 2006 2074 τῷ
2027 2024 2214 2075 ἐπιγραφο-

1183 2076 1275 2129 μένῳ
1296 2077 1521 2127 ὑπομνήματι
1542 2078 1751 2129 ἀνδριάντων
1772 2079 1830 2116 καὶ
1852 2081 2076 2130 ἀγαλμάτων,
2096 2083 2215 2128 subji—

1183 2139 1280 2172 citur
1296 2135 1355 2172 καὶ
1375 2138 1391 2172 ὃ
1409 2135 1643 2187 Ἡγήσανδρος
1661 2137 1771 2174 ταυτὰ
1789 2137 1882 2188 λέγει
1905 2140 1962 2187 (ν.
1986 2141 2216 2188 Hegesandri

1183 2195 1227 2232 fr.
1252 2194 1298 2237 [15
1312 2195 1338 2243 ).

1187 2304 1241 2334 sed
1256 2313 1304 2335 res
1318 2304 1361 2334 ita
1387 2313 1449 2334 non
1467 2304 1571 2335 hahet.
1617 2307 1686 2336 Non
1700 2306 1783 2336 enim
1806 2307 1917 2346 Delphi
1936 2308 1958 2337 B
1973 2307 2075 2340 littera
2099 2316 2156 2347 pro
2171 2308 2216 2339 Ph

1183 2357 1328 2395 utuntur,
1344 2358 1379 2387 ut
1394 2357 1579 2388 Macedones
1591 2381 1599 2396 ‚
1617 2359 1670 2397 qni
1686 2359 1873 2398 Bilippum‚
1894 2360 2098 2398 Balacrum,
2119 2363 2215 2391 Bero-

1184 2409 1299 2438 meam
1316 2407 1427 2439 dicunt
1441 2408 1530 2447 (quae
1546 2410 1621 2439 sunt
1642 2409 1846 2450 Philippus,
1862 2410 2074 2450 Phalacrus,
2092 2411 2216 2442 Phero-

1183 2461 1286 2499 m'ce)‚
1299 2460 1352 2491 sed
1366 2462 1436 2492 loco
1446 2462 1560 2492 litterae
1574 2464 1610 2500 P,
1625 2462 1705 2493 soliti
1719 2463 1831 2493 helein
1843 2462 1947 2493 dicere
1960 2465 1991 2494 et
2006 2463 2133 2501 bic-ron,
2143 2472 2215 2503 quae

1183 2513 1256 2542 sunt
1271 2514 1388 2551 palem
1397 2514 1427 2543 et
1434 2515 1568 2552 [πει-οη.
1585 2514 1638 2544 Est
1653 2522 1725 2553 ergo
1739 2515 1862 2553 By.3izcs
1876 2513 1995 2546 dictum
2010 2523 2066 2554 pro
2084 2517 2214 2553 pystus,

1183 2563 1268 2603 quod
1284 2573 1322 2595 eo
1338 2573 1445 2595 mense
1458 2565 1553 2596 deum
1575 2566 1740 2597 scitantur.
1759 2567 1863 2606 Atque
1879 2567 1947 2597 haec
1962 2567 2116 2598 sententia
2142 2576 2216 2599 con-

1184 2615 1269 2645 venit
1282 2624 1355 2645 cum
1363 2616 1501 2657 antiquis
1516 2617 1710 2656 Delphorum
1719 2617 2002 2648 observationibus.
2015 2620 2122 2649 Mense
2135 2618 2217 2649 enim

1184 2666 1243 2696 isto
1260 2667 1424 2697 oraculum
1444 2667 1546 2707 pruno
1560 2668 1697 2707 exstitit,
1713 2670 1743 2699 et
1761 2668 1968 2708 septimanam
1984 2669 2075 2699 istam
2087 2669 2145 2699 deo
2160 2678 2217 2700 na-

1183 2718 1316 2749 talitiam
1329 2721 1452 2758 putant,
1464 2720 1775 2760 polypkchoumque
1783 2720 1947 2751 nominant
1959 2745 1967 2759 ‚
1978 2729 2040 2751 non
2051 2730 2068 2751 a
2079 2730 2218 2760 coquen-

1183 2768 1231 2800 dis
1254 2769 1456 2809 plzthotbus,
1471 2771 1556 2810 quod
1580 2772 1627 2802 est
1640 2772 1794 2811 placentae
1810 2781 1924 2811 genus,
1939 2772 1992 2803 sed
2014 2771 2099 2811 quod
2118 2772 2218 2803 multa

1183 2821 1253 2850 tum
1265 2829 1412 2859 responsa
1427 2821 1504 2853 deus
1520 2822 1602 2853 edat.
1621 2825 1696 2854 Sero
1710 2823 1792 2854 enim
1810 2823 1905 2862 coepit
1917 2823 2045 2862 singulis
2061 2823 2219 2854 mensibus

1185 2872 1312 2902 oracula
1336 2872 1568 2911 requirentibus
1584 2874 1771 2913 respondere
1792 2874 1992 2913 :antiquitus
2015 2874 2111 2905 semel
2134 2874 2216 2904 dun-

1185 2924 1273 2953 taxat
1289 2922 1320 2953 in
1338 2932 1421 2953 anno
1440 2924 1670 2955 vaticinabatur
1685 2926 1813 2964 Pythia,
1831 2925 1924 2964 idque
1943 2925 2002 2956 ista
2018 2925 2085 2965 die,
2102 2926 2138 2956 ut
2148 2925 2216 2956 Cal-

1185 2975 1332 3006 listhenes
1351 2977 1381 3005 et
1397 2976 1625 3007 Alexandridas
1642 2977 1848 3008 tradiderunt.

1528 3054 1594 3090 DE
1625 3053 1870 3090 LYCOREA.

1690 3131 1724 3161 7.

1230 3195 1384 3233 Lycorea,
1400 3195 1489 3225 vicus
1514 3195 1694 3234 Delphicus.
1715 3194 1927 3225 Callimachus
1952 3193 2029 3223 libro
2056 3191 2159 3223 tertio.
2186 3196 2209 3223 A

1187 3247 1326 3284 Lycoreo
1349 3255 1420 3286 rege
1438 3256 1553 3277 nomen
1575 3247 1681 3278 habet.
1707 3247 1790 3278 Civis
1808 3245 1991 3285 Lycorensis
2012 3246 2042 3275 et
2061 3243 2211 3283 Lycorius

1187 3299 1219 3328 et
1242 3299 1410 3337 Lycorites.
1427 3300 1482 3329 Est
1497 3299 1590 3329 etiam
1616 3299 1760 3338 Juppiter
1779 3301 1951 3336 LycoreuS,
1976 3298 2006 3327 et
2022 3299 2207 3335 Lycoreum‚

1188 3350 1267 3390 teste
1286 3349 1464 3380 Alexandro
1480 3349 1509 3379 in
1527 3349 1664 3380 secundo
1683 3352 1725 3379 De
1739 3351 1886 3386 Lycorea.
