2289 3728
692 150 888 188 DIOCLIS
920 150 1225 186 PEPARETHII
1256 150 1582 187 FRAGMENTA.
2147 153 2191 184 75

79 235 256 284 Ἀμουλίου
294 234 328 272 δὲ
360 235 535 284 νείμαντος
575 234 617 271 τὰ
649 234 762 271 πάντα
795 235 875 284 δίχα
908 238 949 285 τῇ
975 251 1009 271 τε
1040 238 1102 284 βα-

78 293 188 346 σιλεία
219 293 261 330 τὰ
296 293 462 344 χρήματα
492 293 550 330 καὶ
581 293 637 330 τὸν
670 294 708 329 ἐκ
739 292 866 343 Τροίας
899 293 1104 341 κομισθέντα

76 351 204 402 χρυσὸν
222 353 430 397 ἀντιθέντος,
450 349 558 388 εἵλετο
585 349 647 396 τὴν
670 349 847 400 βασιλείαν
875 353 892 386 ὁ
914 349 1101 401 Νομήτωρ.

77 409 199 461 Ἔχων
218 405 274 448 οῦν
292 413 308 447 ὁ
326 409 502 458 Ἀμούλιος
518 408 561 446 τὰ
580 409 744 459 χρήματα
765 408 824 445 καὶ
843 407 945 445 πλέον
964 408 1021 445 ἀπ’
1039 411 1104 445 αὐ-

76 471 143 506 τῶν
161 468 345 517 δυνάμενος
362 471 420 504 τοῦ
446 466 643 517 Νομήτορος
659 465 721 510 τήν
740 480 776 502 τε
805 466 982 516 βασιλείαν
1008 466 1103 514 ἀφεί-

75 527 153 563 λετο
183 527 321 577 ῥαδίως,
342 541 399 562 και
428 524 634 577 φοὸούμενος
665 525 703 560 ἐκ
721 539 781 568 της
809 523 971 574 θυγατρος
1003 525 1105 560 αὐτοῦ

75 584 230 633 γενέσθαι
245 585 370 625 παῖδας
390 599 417 619 ιε
403 582 513 634 ’ρειαν
530 598 589 628 της
603 581 744 623 ίΕστίας
759 580 932 624 ἀπέδειξεν
944 581 1104 630 ,ἄγαμον

75 641 134 679 καὶ
161 640 327 691 παρθένον
346 641 397 677 ἀεὶ
420 640 644 692 βιωσομένην.
666 638 808 684 Ταύτην
833 641 862 677 οἱ
890 655 950 688 μεν
978 639 1104 688 Ἰλίαν

75 702 105 736 οἱ
124 698 158 736 δὲ
186 698 307 744 Ῥέαν,
328 700 359 735 οἱ
387 698 421 735 δὲ
451 697 613 736 Σιλουίαν
634 696 848 745 ὀνομάζουσι.
872 697 1042 747 Φωρᾶται
1070 696 1105 734 δὲ

75 758 149 805 μετ’
169 758 206 794 οὐ
225 756 330 793 πολὺν
349 755 470 807 χρόνον
485 759 614 792 κυοῦσα
631 754 726 825 παρὰ
743 755 798 791 τὸν
816 757 1017 791 καθεστῶτα
1032 756 1104 797 ταῖς

74 814 234 852 Ἑστιάσι
254 814 370 862 νόμον.
394 814 464 852 Καὶ
484 813 521 850 τὸ
543 813 604 862 μὲν
633 812 804 857 ἀνήκεστα
826 811 873 858 μὴ
897 814 1016 848 παθεῖν
1037 813 1102 848 αὖ-

187 875 208 917 ἠ
244 875 301 908 τοῦ
339 870 506 922 βασιλέως
539 871 692 920 θυγάτηρ
721 868 826 907 Ανθιι)
857 884 1102 920 παρητησατο,

530 928 647 979 είργθη
681 927 733 974 δὲ,
765 943 823 963 και
855 926 986 963 δίαιταν
1014 931 1102 977 εἰγεν

73 872 155 917 τὴν,

73 930 230 975 δεηθεῖσα
260 933 317 965 τοῦ
348 929 494 978 πατρός·

72 986 314 1035 ἀνεπίμικτον,
343 984 433 1028 ὅπως
464 986 512 1034 μὴ
540 986 627 1035 λάθῃ
659 988 803 1021 τεκοῦσα
824 983 880 1020 τὸν
910 983 1100 1033 Ἀμούλιον.

71 1043 195 1082 ’livens
217 1043 252 1080 δὲ
273 1043 332 1081 δύο
360 1045 485 1085 παῖδας
513 1045 692 1094 ὑπερφυεῖς
721 1041 853 1090 μεγέθει
881 1042 939 1078 καὶ
967 1043 1100 1081 κάλλει.

71 1104 124 1139 Δι’
140 1101 157 1139 ὃ
171 1102 229 1138 καὶ
247 1103 377 1151 μᾶλλον
395 1104 412 1138 ὁ
430 1101 602 1149 Ἀμούλιος
619 1099 776 1150 φοὲηθεὶς
791 1099 966 1136 ἐκέλευσεν
982 1100 1103 1143 αὐτοὺς

71 1161 243 1212 ὑπηρέτην
274 1159 426 1196 λαὸόντα
467 1160 574 1211 ῥῖψαι.
611 1160 742 1196 Τοῦτον
775 1157 853 1194 ἔνιοι
896 1158 1102 1195 Φαυστύλον

71 1216 295 1264 ὀνομάζεσθαι
314 1217 487 1267 λέγουσιν,
509 1218 537 1253 οἳ
560 1217 588 1252 δ’
618 1217 655 1252 οὗ
681 1219 815 1260 τοῦτον,
835 1213 923 1250 ἀλλὰ
943 1214 998 1251 τὸν
1020 1217 1098 1252 ἀνε-

250 1274 450 1323 Ἐνθέιιενος
469 1269 525 1311 οῦν
545 1275 590 1317 εἷς
611 1273 745 1324 σκάφην
770 1274 812 1309 τὰ
835 1272 941 1323 βρέφη
969 1273 1101 1320 κατέδη

71 1333 131 1381 ιιὲν
150 1349 204 1369 επι
221 1333 276 1370 τὸν
292 1332 446 1370 ποταυὸν
461 1349 505 1375 (ος
521 1333 552 1384 ῥί
554 1335 643 1384 {auur
660 1331 739 1368 ἰδὼν
754 1330 788 1367 δε
805 1329 967 1367 κατιόντα
985 1333 1102 1382 πολλῷ

71 1388 215 1442 ῥεύματι
236 1406 295 1427 και
315 1390 564 1441 τραχυνόμενον
586 1390 693 1427 ἔδεισε
711 1390 928 1439 προσελθεῖν·
950 1388 1048 1438 ἐγγὺς
1068 1388 1101 1426 δὲ

69 1274 226 1323 λόμενον.

69 1450 130 1493 τ’ἧς
149 1447 251 1498 ὄχθης
271 1448 428 1491 καταθεὶς
445 1448 702 1494 ἀπηλλάσσετο.
725 1450 795 1485 Τοῦ
814 1446 849 1483 δὲ
868 1451 1025 1496 ποταμοῦ
1042 1463 1102 1484 κα-

69 1505 292 1549 τακλύζοντος
312 1509 332 1551 ἡ
350 1506 546 1557 πλήμμυρα
564 1505 626 1551 τὴν
646 1505 784 1557 σκάφην
803 1504 1024 1542 ὑπολαὸοῦσα
1044 1506 1102 1542 καὶ

71 1563 309 1614 μετεωρίσασα
336 1565 453 1616 πράως
482 1564 688 1614 κατήνεγκεν
718 1565 762 1605 εἷς
796 1563 920 1614 χωρίον
947 1564 1103 1607 ἐπιεικῶς

71 1621 264 1669 μαλθακὸν,
282 1622 299 1658 ὃ
320 1626 375 1658 νῦν
399 1622 581 1674 Κερμαλον
601 1624 762 1666 καλοῦσι,
781 1621 889 1658 πάλαι
911 1620 944 1658 8=
969 1624 1102 1673 Γερμα-

70 1678 145 1726 νὸν,
167 1681 211 1721 ὡς
233 1678 358 1728 ἔοικεν,
388 1678 438 1717 ὅτι
455 1696 512 1718 και
537 1679 613 1723 τους
631 1679 795 1731 ἀοελφους
815 1695 1003 1730 γερμανους
1024 1682 1101 1717 ὄνο-

72 1736 250 1784 μάζουσιν

122 1788 194 1832 Ην
226 1794 260 1831 δὲ
299 1795 445 1840 πλησίον
486 1810 630 1846 ερινεος,
670 1794 706 1832 ὃν
746 1794 975 1843 ίιΡωμινοίλιον
1019 1795 1100 1831 ἐκοί-

70 1851 204 1898 λουν,
186 1869 208 1897 η
236 1852 289 1888 διὰ
318 1868 374 1889 τον
400 1852 599 1901 Ρωυύλον,
619 1856 662 1895 ὡς
684 1869 714 1890 οι
743 1855 863 1889 πολλοὶ
891 1853 1102 1900 νομίζουσιν,

70 1909 91 1955 ἢ
111 1909 164 1946 διὰ
193 1909 230 1946 τὸ
251 1910 293 1946 τὰ
315 1910 547 1960 μηρυκώμενα
566 1913 632 1947 τ(Ν)ν
653 1911 859 1982 θρεμμάτων
880 1912 950 1946 εκεῖ
968 1909 1022 1947 διὰ
1042 1910 1101 1955 τὴν

70 1983 168 2004 σκιαν
190 1969 370 2014 ενδιάζειν,
395 1967 416 2012 ἢ
447 1968 636 2015 μάλιστα
619 1967 673 2004 οια
700 1984 755 2004 τον
787 1970 854 2004 τιΝι)ν
886 1970 1018 2019 βρεφῶν
1043 1971 1101 2013 θη-

70 2024 220 2074 λασμόν·
235 2024 286 2062 ότι
306 2025 367 2070 τήν
384 2041 420 2061 τε
438 2024 544 2071 θηλην
563 2029 691 2075 ῥοῦμαν
709 2025 884 2074 ὠνόμαζον
898 2028 927 2062 οἱ
943 2026 1101 2071 παλαιοὶ,

69 2137 121 2168 aiii
139 2137 269 2175 Rheam3
282 2139 355 2167 sunt
370 2138 467 2176 etqui
481 2137 620 2168 Silviarn.
634 2139 702 2168 Non
714 2138 814 2168 multo
824 2139 929 2168 autem
945 2139 1014 2176 post
1026 2139 1108 2168 tom-

70 2197 145 2227 pore
171 2189 417 2228 deprehenditur
447 2198 630 2228 proegnans,
655 2191 768 2228 prater
796 2190 895 2228 legem
927 2190 1106 2220 Vestalibus

70 2240 242 2280 virginibus
255 2242 414 2272 constitut
408 2250 468 2272 rm.
485 2245 563 2279 Quae
575 2250 614 2272 ne
626 2242 738 2272 ultimo
752 2241 904 2281 supplicio
914 2241 1004 2271 affre(
1008 2244 1104 2278 retur,

70 2292 151 2331 regis
173 2293 234 2323 filia
247 2293 353 2323 Antho
377 2301 396 2323 a
411 2294 501 2332 patre
521 2293 668 2332 precibus
684 2293 843 2324 obtinuit:
872 2293 902 2323 in
929 2292 1104 2323 custodiam]

70 2346 197 2383 tamen,
220 2354 259 2376 ne
275 2345 370 2376 inscio
387 2345 516 2376 Amulio
529 2354 584 2384 par
586 2347 672 2384 eret
690 2346 763 2376 (lata
780 2347 851 2383 est,
876 2346 907 2375 et
923 2346 1042 2375 remota
1062 2344 1102 2375 ab

71 2396 233 2426 hominum
250 2397 417 2427 consortio.
438 2396 493 2427 ula
512 2397 661 2435 gemellos
676 2397 774 2428 edidit
787 2396 865 2427 mira
880 2397 1017 2435 corporis
1030 2405 1104 2435 pro-

70 2448 201 2479 ceritate
214 2449 245 2479 et
258 2449 370 2487 specie.
387 2450 456 2484 Qua
471 2458 503 2479 re
518 2451 616 2488 magis
630 2449 773 2479 Amulius
784 2450 959 2479 commotus
972 2448 1105 2486 imperat

71 2498 231 2537 ministro,
246 2501 282 2530 ut
293 2499 413 2530 ablatos
424 2501 571 2539 exponat.
585 2500 664 2530 Huic
675 2500 823 2531 Faustulo
834 2500 963 2539 quidam
978 2508 1104 2535 nomen,

71 2550 122 2582 alii
145 2552 251 2582 autem
271 2560 335 2582 non
359 2551 450 2590 huic,
477 2561 589 2582 verum
613 2552 659 2591 ei,
690 2552 743 2592 qui
760 2552 817 2583 lios
832 2552 979 2591 sustulit,
1012 2552 1104 2583 fuisse

71 2603 212 2635 tradunt.
234 2605 375 2635 Minister
400 2605 495 2644 igitur
518 2605 652 2636 infantes
674 2605 822 2644 imposuit
838 2605 947 2643 alveo,
965 2613 1000 2635 ac
1019 2605 1105 2635 reiut

39 2646 42 2647 ⁷
71 2655 268 2694 expositurus
280 2664 332 2686 eos
342 2655 502 2686 deseendit
515 2656 553 2686 ad
565 2656 718 2686 fluvium:
731 2665 825 2695 quem
845 2656 987 2686 inflatum
1005 2665 1104 2695 quum

71 2707 213 2736 cerneret
228 2708 260 2736 et
272 2706 434 2745 rapidum,
449 2715 512 2737 non
528 2708 574 2737 est
590 2716 684 2737 ausus
698 2695 865 2744 accedere3
880 2706 931 2737 sed
946 2706 984 2736 ad
998 2707 1104 2746 proxi-

72 2766 124 2788 ma
155 2758 229 2797 ripae
257 2758 428 2797 expositis,
455 2759 592 2789 recessit.
622 2759 735 2789 Fluvio
760 2760 910 2797 evavato,
934 2759 1104 2797 suscipiens

73 2811 199 2841 alveum
215 2810 347 2840 alluvies
363 2813 396 2841 et
412 2811 522 2841 leniter
539 2811 736 2841 subv'elrens
729 2820 761 2841 in
777 2811 882 2841 locum
899 2810 1013 2841 detulit
1032 2812 1105 2842 satis

74 2862 223 2900 mollem3
251 2862 433 2894 Cermalum
455 2863 569 2892 vocant
585 2871 690 2900 nunc,
711 2862 889 2901 quondam,
905 2863 941 2892 ut
967 2862 1104 2901 videtur,

73 2917 286 2953 Germanum,
305 2914 455 2953 quoniam
474 2914 584 2944 fratres
605 2887 764 2953 appellant
782 2923 955 2953 germanos.

130 2969 203 2998 Erat
230 2967 321 3005 juxta
338 2967 436 3005 siens,
460 2975 554 3005 quam
591 2966 786 2997 Ruminalem
802 2966 958 3004 dicebant3
970 2968 1005 2997 ut
1021 2966 1095 3005 vulg
1086 2966 1105 2995 i

72 3019 119 3048 est
145 3018 267 3056 opinio,
288 3027 306 3048 a
331 3019 486 3055 Romulo;
515 3017 564 3047 vel
591 3017 664 3056 quia
682 3025 795 3056 pecora
820 3017 1014 3048 ruminantia
1041 3018 1106 3048 illic

72 3071 197 3108 propter
228 3069 373 3099 umbram
405 3069 629 3107 meridiarrtur3
662 3068 729 3106 vel,
757 3067 842 3107 quod
869 3068 1004 3098 maxime
1032 3077 1104 3107 pro-

72 3119 176 3156 batur,
191 3121 317 3158 propter
330 3128 499 3158 puerorum
514 3119 734 3157 lactationem,
754 3127 924 3148 mammam
948 3119 1031 3149 enim
1050 3128 1105 3149 vo-

73 3168 187 3201 cabant
207 3180 329 3201 rumam
345 3171 457 3210 prisci,
472 3172 503 3202 et
525 3171 615 3202 <leam
634 3170 791 3210 quandam
805 3170 970 3200 infantium
987 3170 1105 3201 educa-

73 3220 165 3251 tionis
179 3229 241 3259 pra
244 3220 341 3251 sidem
356 3222 522 3252 Runriliam
534 3222 662 3259 dicunt,
679 3221 770 3259 eique
787 3219 974 3250 sacrificium
989 3221 1037 3251 fa<-
1039 3221 1106 3251 iunt,

74 3271 192 3310 absque
219 3271 311 3310 vim),
339 3272 388 3302 lae
420 3273 614 3311 inrergentes
648 3271 756 3302 sacris.
784 3271 828 3302 lbi
864 3280 940 3301 xero
971 3271 1105 3310 jacuisse

76 3330 204 3359 pueros,
222 3322 259 3352 aa
283 3331 361 3361 quos
381 3321 487 3363 lupam
503 3322 631 3354 tradunt
656 3323 823 3353 lactantem
849 3330 1056 3359 commeasse,
1075 3324 1101 3353 ei

1129 1702 1170 2062 ι

1169 234 1227 270 καὶ
1256 235 1329 271 θεόν
1350 252 1424 272 τινα
1444 240 1503 281 τῆς
1531 238 1693 286 ἐκτροφῆς
1721 236 1786 271 τῶν
1809 234 1938 280 νηπίων
1958 235 2194 283 ἐπιμελεῖσθαι

1166 292 1330 328 δοκοῦσαν
1357 294 1559 342 ὀνομάζουσι
1589 292 1822 341 Ῥουμυλίαν,
1854 292 1912 329 καὶ
1938 293 2072 329 θύουσιν
2104 293 2191 342 αὐτῇ

1166 350 1315 399 νηφάλιοι
1336 351 1392 386 καὶ
1409 352 1498 400 γάλα
1516 352 1582 392 τοῖς
1601 352 1701 401 ἱεροῖς
1720 350 1991 388 ἐπισπένδουσιν.
2018 349 2192 387 Ἐνταῦθα

1167 405 1206 450 δὴ
1230 412 1297 448 τοῖς
1328 407 1466 459 βρέφεσι
1491 408 1654 456 κειμένοις
1674 408 1735 453 τήν
1764 423 1797 444 τε
1827 406 1991 445 λύκαιναν
2021 409 2192 458 ἱστοροῦσι

1167 464 1400 513 θηλαζομένην
1421 466 1479 501 καὶ
1500 466 1754 515 δρυοκολάπτην
1774 465 1850 502 τινὰ
1879 468 2038 515 παρεῖναι
2069 480 2192 502 συνεκ-

1165 521 1328 573 τρέφοντα
1348 522 1406 558 καὶ
1424 523 1647 572 φυλάττοντα.
1670 523 1854 572 Νομίζεται
1875 524 1904 560 δ’
1924 523 2036 574 Ἄρεος
2055 522 2130 574 ἱερὰ
2149 521 2191 559 τὰ

1166 581 1256 629 ζῷα·
1289 579 1344 616 τὸν

1381 579 1407 592 'u
1443 581 1455 591 ’x

1378 593 1410 615 οε
1439 580 1693 629 ορυοκολάπτην
1720 581 1776 617 καὶ
1805 581 2030 633 διαφερόντως
2050 584 2190 620 Λατῖνοι

1166 636 1324 674 σέὲονται
1352 637 1409 673 καὶ
1434 639 1577 684 τιμῶσιν
1592 652 1599 659 ·
1620 636 1692 673 ὅθεν
1722 640 1786 689 οὐχ
1813 639 1938 684 ἥκιστα
1959 639 2071 676 πίστιν
2092 639 2190 689 ἔσχεν

1165 698 1186 740 ἦ
1206 698 1351 731 τεκοῦσα
1371 693 1412 730 τὰ
1429 693 1536 745 βρέφη
1555 696 1661 730 τεκεῖν
1677 694 1709 737 ἐξ
1726 694 1839 745 Ἄρεος
1855 697 2045 747 φάσκουσα.
2070 697 2191 734 Καίτοι

1165 756 1263 789 τοῦτο
1286 756 1404 789 παθεῖν
1435 751 1539 796 αὐτὴν
1561 751 1831 797 ἐξαπατηθεῖσαν
1859 753 2012 802 λέγουσιν
2043 754 2107 790 ὑπὸ
2132 757 2190 791 τοῦ

1166 810 1343 859 Ἀμουλίου
1381 810 1720 860 διαπαρθενευθεῖσαν
1756 811 1789 845 ἐν
1823 809 1936 853 ὅπλοις
1976 811 2193 863 ἐπιφανέντος

1165 869 1251 917 αὐτῇ
1280 867 1339 904 καὶ
1359 866 1650 917 συναρπάσαντος.
1670 868 1715 903 Οἱ
1745 867 1796 912 δὲ,
1824 867 1971 916 τοῦνομα
1991 872 2049 913 τῆς
2068 874 2191 920 τροφοῦ

1165 927 1207 962 δι’
1230 924 1467 977 ἀμφιὸολίαν’
1454 940 1508 961 επι
1532 939 1570 961 το
1592 925 1774 972 υ.ιυθ(Ν)δες
1761 940 1930 975 εκτροπην
1952 942 1993 975 τη
2015 927 2111 977 φήμη
2131 942 2195 963 πα·

1166 985 1317 1034 ρασγεῒν.
1335 983 1474 1025 Λούπας
1487 982 1582 1033 γὰρε
1571 981 1711 1019 εκάλουν
1733 984 1762 1018 οἳ
1781 986 1920 1020 Λατῖνοι
1937 986 2003 1019 τῶν
2019 1000 2051 1019 τε
2068 985 2192 1034 θηρίων

1166 1040 1224 1083 τὰς
1250 1041 1413 1083 λυκαίνας
1438 1056 1496 1077 και
1516 1056 1553 1076 τι
1555 1056 1582 1076 )ν
1603 1043 1772 1076 κυναικῶν
1792 1039 1852 1082 τὰς
1875 1040 2088 1091 εταιρούσας·
2108 1047 2191 1078 εἰναι

1165 1099 1199 1136 δὲ
1228 1098 1387 1144 τοιαύτην
1417 1097 1477 1143 τὴν
1504 1098 1714 1136 Φαυστύλου
1743 1099 1888 1147 γυναῖκα
1921 1102 1979 1135 τοῦ
2012 1098 2054 1135 τὰ
2087 1100 2191 1151 βρέφη

1164 1157 1368 1208 θρέψαντος,
1388 1155 1516 1193 Ἄκκαν
1546 1156 1736 1206 Λαρεντίαν
1767 1156 1889 1204 ὄνομα.
1921 1156 2042 1207 Ταύτῃ
2075 1157 2110 1193 δὲ
2135 1159 2193 1194 καὶ

1165 1214 1280 1252 θύουσι
1301 1214 1492 1263 Ῥιιιμαῒοι,
1513 1213 1571 1250 καὶ
1587 1213 1671 1263 χοὰς
1687 1213 1840 1264 ἐπιφέρει
1861 1217 1918 1250 τοῦ
1939 1213 2110 1264 Ἀπριλίου
2128 1230 2193 1262 μη-

1163 1272 1216 1315 νὸς
1239 1275 1325 1322 αὐτῇ
1347 1274 1363 1309 ὁ
1385 1276 1443 1309 τοῦ
1463 1270 1579 1323 Ἄρεος
1605 1271 1737 1322 ἱερεὺς,
1760 1271 1817 1308 καὶ
1840 1271 2029 1322 Λαρεντίαν
2051 1273 2195 1309 καλοῦσι

1163 1331 1224 1376 τὴν
1244 1330 1376 1381 ἑορτήν.

1216 1388 1363 1440 (Ετέραν
1393 1387 1427 1425 δὲ
1452 1391 1577 1437 τιμῶσι
1604 1388 1795 1437 Λαρεντίαν
1824 1387 1857 1430 ἐξ
1883 1387 1993 1430 αἰτίας
2020 1387 2191 1433 τοιαύτης,

1164 1446 1208 1485 ‘O
1231 1446 1394 1497 νεωκόρος
1421 1450 1479 1483 τοῦ
1502 1445 1713 1497 (Ηρακλέους
1734 1445 1866 1491 ἀλύων,
1895 1447 1940 1488 ὣς
1971 1445 2101 1492 ἔοικεν,
2130 1446 2195 1482 ὕπὸ

1164 1506 1291 1556 σχολῆς
1317 1506 1483 1556 προῦθετο
1502 1504 1585 1554 πρὸς
1614 1503 1669 1540 τὸν
1688 1503 1760 1540 θεὸν
1789 1502 2023 1552 διακυῧεύειν,
2043 1502 2196 1540 ὑπειπὼν

1163 1563 1213 1600 ὅτι
1235 1563 1377 1609 νικήσας
1397 1562 1457 1613 μὲν
1476 1562 1575 1605 αὐτὸς
1593 1561 1657 1604 ἕξει
1680 1577 1712 1598 τι
1735 1561 1830 1611 παρὰ
1852 1565 1910 1598 τοῦ
1930 1564 2005 1598 θεοῦ
2025 1561 2194 1632 χρηστόν·

1162 1621 1296 1667 ἡττηθε
1293 1638 1319 1664 ις
1348 1621 1382 1658 δε
1414 1623 1462 1672 τιΝ)
1496 1624 1559 1671 θεῷ
1595 1619 1767 1670 τράπεζαν
1798 1619 1939 1671 ἄφθονον
1971 1619 2111 1670 παρέξει
2136 1620 2195 1657 καὶ

1163 1683 1308 1730 γυναῖκα
1336 1678 1419 1716 καλ
1405 1695 1446 1724 ην
1466 1676 1835 1726 συναναπαυσομένην.
1868 1677 1949 1715 Επι
1968 1677 2117 1723 τούτοις,
2137 1678 2197 1720 τὰς

1165 1754 1205 1774 ιιε
1209 1754 1224 1774 ν
1236 1754 1319 1789 υπερ
1334 1742 1390 1775 τοῦ
1406 1741 1478 1774 θεοῦ
1493 1736 1571 1773 τιθε
1567 1753 1593 1778 ις
1607 1766 1616 1784 ,
1633 1736 1692 1778 τὰς
1708 1736 1758 1772 δ’
1747 1752 1810 1772 υπε
1797 1738 1946 1785 ραυτοῦ
1959 1734 2143 1786 ψηφους,
2125 1751 2196 1772 ανε·

1163 1796 1250 1848 φάνη
1262 1795 1457 1843 νικώμενος.
1474 1796 1695 1832 Ευσυνθετεῖν
1708 1793 1773 1831 83⁰
1756 1792 1972 1843 ρουλομενος,
1986 1794 2043 1830 καὶ
2057 1795 2195 1830 δικαιων

1163 1853 1322 1903 ειιμένειν
1335 1854 1402 1895 τοῖς
1416 1856 1594 1903 ὃρισθεῖσι,
1609 1851 1743 1888 δεῖπνόν
1758 1867 1793 1888 τε
1807 1854 1854 1902 τῷ
1870 1854 1933 1902 θεῷ
1946 1851 2195 1901 παρεσκεύασε,

1163 1927 1221 1949 και
1243 1928 1304 1957 την
1331 1911 1521 1962 Λαρεντίαν
1543 1914 1647 1947 οὖσαν
1672 1909 1822 1960 ὡραίαν,
1848 1908 1943 1946 οὔπω
1966 1908 2002 1945 δὲ
2023 1911 2193 1960 ἐπιφανη,

1164 1968 1433 2019 μισθωσάμενος,
1449 1968 1617 2005 εἱστίασεν
1631 1970 1664 2004 ἓν
1675 1970 1723 2019 τιΝ)
1736 1968 1816 2019 ιεριΝ)
1827 1967 1967 2012 κλίνην
1955 1965 2196 2016 υποστορέσας·

1163 2027 1221 2063 καὶ
1243 2042 1329 2075 μετα
1348 2027 1385 2064 τὸ
1406 2027 1537 2063 δεῖπνον
1558 2041 1634 2062 συνε
1622 2025 1747 2076 ε,ῒρξεν
1771 2041 1816 2067 ως
1833 2025 1873 2069 δὴ
1895 2029 1952 2061 τοῦ
1973 2026 2077 2060 θεοῦ
2066 2023 2197 2066 εξοντος

1165 2139 1270 2177 picum
1301 2139 1448 2169 Martium
1488 2138 1663 2169 nutriendis
1693 2141 1724 2168 et
1752 2138 1912 2168 serrarrdis
1941 2140 2054 2177 praesto
2091 2137 2195 2168 fuisse,

1165 2191 1232 2219 Mar
1236 2189 1257 2219 tr
1275 2198 1310 2220 ea
1326 2190 1473 2220 animalia
1489 2198 1578 2220 sacra
1598 2189 1770 2226 lraberrtur3
1786 2190 1816 2219 et
1834 2189 1940 2227 picum
1958 2187 2104 2218 Martium
2116 2196 2196 2226 prae-

1164 2240 1257 2280 cipuo
1285 2241 1403 2272 lronore
1427 2242 1619 2271 venerantur
1643 2240 1772 2279 Latini3
1802 2239 1885 2270 unde
1911 2247 2073 2278 puerperae
2099 2239 2199 2276 major

1167 2291 1271 2321 habita
1285 2291 1362 2322 fides
1376 2300 1417 2322 ex
1434 2293 1535 2322 Marte
1552 2291 1707 2330 peperisse
1729 2299 1761 2321 se
1776 2290 1977 2320 asseveranti.
1996 2290 2148 2325 Quamvis
2164 2290 2194 2319 in

1163 2351 1232 2373 eam
1252 2342 1432 2381 opinionem
1448 2342 1569 2373 venisse
1585 2341 1709 2372 dicatur
1727 2341 1857 2380 decepta
1869 2340 1977 2371 fraude
1990 2340 2102 2371 Amulii
2116 2364 2125 2379 ‚
2139 2341 2193 2379 qui

1163 2397 1304 2425 armatus
1317 2394 1357 2425 ad
1371 2403 1440 2425 eam
1457 2394 1636 2425 accessisset
1650 2395 1681 2425 et
1697 2395 1819 2433 raptam
1838 2393 2016 2432 virginitate
2036 2394 2197 2431 privassii.

1162 2448 1242 2477 Sunt
1257 2446 1312 2485 qui
1332 2447 1449 2484 serant,
1467 2445 1599 2476 nutricis
1618 2453 1732 2475 nomen
1748 2445 1790 2474 ob
1802 2453 1860 2474 ιοι·
1863 2443 1948 2474 abuli
1961 2443 2196 2481 ambiguitatem

1161 2499 1256 2535 gestae
1273 2497 1317 2527 rei
1335 2497 1468 2528 samam
1463 2506 1492 2526 ur
1509 2496 1741 2527 salrulositatem
1756 2496 1916 2526 extulisse.
1933 2496 2033 2533 Lupas
2047 2494 2127 2524 enim
2144 2496 2199 2524 La-

1162 2548 1217 2578 tini
1228 2550 1364 2587 ‚praeter
1375 2550 1481 2578 notam
1493 2547 1773 2586 significationem,
1790 2547 1883 2577 etiam
1895 2546 2052 2576 vocabant
2063 2553 2114 2575 eas
2127 2553 2198 2583 quae

1162 2609 1275 2640 corpus
1289 2601 1483 2640 xulgabant:
1500 2600 1714 2638 cujuscemodi
1728 2599 1868 2630 Faustuli
1880 2606 2010 2628 uxorem
2028 2605 2197 2636 puerorum

1162 2652 1283 2682 nutritii
1302 2652 1396 2682 fuisse
1419 2655 1534 2683 Accam
1560 2651 1735 2682 Larentiam
1750 2650 1888 2680 nomine.
1908 2648 2093 2679 Huicrliam
2111 2655 2198 2677 sacra

1162 2704 1295 2734 Romani
1317 2704 1452 2741 faciunt,
1470 2705 1500 2734 et
1515 2712 1620 2733 mense
1634 2703 1730 2742 Aprili
1751 2702 1864 2734 flamen
1879 2700 2031 2732 ΜιιιῖίῑιΙί5
2048 2700 2148 2738 libat,
2167 2701 2198 2729 et

1163 2756 1349 2786 Larentialia
1365 2758 1482 2786 rocaut
1499 2757 1627 2786 festum.

1203 2808 1339 2839 Alteram
1367 2809 1441 2838 item
1463 2808 1572 2837 colunt
1593 2806 1769 2838 Larentiam
1788 2814 1827 2835 ex
1847 2813 1940 2834 causa
1968 2802 2194 2840 huiuscemodi.

1164 2861 1305 2891 Herculis
1322 2860 1458 2891 aedituus
1475 2860 1555 2890 sorte
1579 2858 1633 2889 otii
1649 2858 1773 2889 fallendi
1799 2858 1917 2896 uratia,
1945 2857 1980 2886 ut
1998 2856 2107 2892 fertur,
2123 2863 2195 2884 curn

1162 2911 1302 2942 diotalis
1317 2911 1425 2942 ludere
1441 2910 1620 2941 staturtlmc
1634 2909 1669 2939 le
1664 2918 1717 2947 re
1730 2909 1754 2939 si
1769 2908 1912 2944 vicisset,
1926 2906 2024 2936 utille
2037 2905 2194 2945 quippiam

1162 2962 1219 2993 sihi
1236 2963 1392 2993 conferret
1408 2962 1499 3000 boni3
1529 2961 1649 2999 ricius,
1668 2961 1702 2990 ut
1727 2959 1786 2990 deo
1803 2959 1867 2997 ipse
1884 2958 2004 2988 lautum
2021 2957 2147 2996 epulum
2164 2956 2196 2985 et

1163 3014 1365 3044 concubitum
1395 3013 1549 3053 praeberet
1576 3013 1721 3042 sorrnosoe
1750 3010 1899 3040 mulieris.
1928 3011 1963 3039 ln
1988 3008 2069 3038 hauc
2097 3007 2195 3045 legem

1162 3067 1242 3097 talos
1263 3066 1339 3105 J'acit
1357 3075 1412 3105 pro
1430 3066 1506 3103 ‹l00;
1533 3065 1602 3095 inde
1630 3073 1686 3103 pro
1709 3072 1758 3099 se,
1785 3062 1899 3102 quihus
1916 3061 2017 3090 victus
2038 3059 2192 3098 apparuit.

1165 3117 1242 3148 Hinc
1261 3126 1359 3156 quum
1375 3119 1457 3148 stare
1474 3116 1572 3155 pactis
1593 3116 1624 3145 et
1650 3113 1820 3145 conditioni
1838 3113 1932 3143 vellet
1957 3112 2119 3141 conventae
2141 3118 2191 3138 sa-

1162 3168 1323 3206 tisfacere,
1344 3177 1467 3198 coenam
1491 3167 1550 3197 deo
1575 3166 1740 3202 instruxit,
1767 3164 2009 3201 Larentiamque
2026 3162 2192 3191 sor-mosam

1164 3220 1245 3259 puell
1250 3228 1317 3257 ι,ιιιι
1344 3218 1486 3249 nondum
1518 3218 1687 3255 famosam,
1716 3214 1860 3245 mercede
1894 3212 2080 3243 conductam
2111 3210 2192 3240 lecto

1163 3271 1260 3301 strato
1276 3270 1420 3301 convivio
1434 3268 1577 3308 excepit'
1570 3277 1601 3298 nr
1618 3266 1756 3305 templo;
1775 3265 1826 3295 ubi
1848 3264 1915 3303 post
1931 3270 2050 3292 coenam
2065 3261 2190 3291 conclu-

1163 3323 1200 3353 511
1219 3331 1307 3359 earn,
1332 3323 1483 3359 tauquam
1507 3319 1639 3349 truilruo
1655 3319 1720 3357 ipsa
1743 3317 1811 3347 (leo
1835 3320 1878 3347 Ac
1903 3315 1985 3345 sama
2006 3313 2088 3344 tenet
2111 3314 2188 3343 Her-
