2289 3728
193 147 781 240 HANNIBAL.
863 147 1346 234 SOSILUS.
1410 148 1977 235 CHAEREAS.

133 389 627 471 SILENUS.
681 382 1348 459 XENOPHON.
1407 384 2039 462 EUMACHUS.

361 801 742 860 HANNIBAL.

99 927 291 965 Cornelius
306 926 399 971 Nep.
417 921 614 958 Hannibal.
639 932 669 954 c.
689 917 732 952 13
754 930 761 951 ε
782 918 900 963 Atque
918 914 978 948 lzic
993 921 1070 947 tan-

43 996 97 1022 tus
111 989 171 1020 vir
191 987 372 1029 tantisque
389 982 493 1015 bellis
512 980 695 1012 districtus
714 973 885 1010 nonnihil
902 973 1072 1017 temporis

43 1042 169 1080 tribuit
181 1044 306 1076 literis.
322 1040 494 1084 Namque
509 1037 651 1082 aliquot
659 1038 737 1079 ejus
752 1033 836 1066 libri
845 1038 927 1064 suin
946 1031 1073 1064 Groeco

42 1113 205 1138 sermone
223 1097 378 1144 confecti
388 1125 398 1140 ,
418 1101 454 1132 in
470 1096 528 1130 lzis
541 1095 594 1128 ad
608 1093 769 1129 Rhodios
782 1092 828 1124 de
843 1090 911 1125 Cn.
930 1089 1074 1123 Manlii

49 1163 84 1193 V
81 1162 217 1194 alsonis
235 1161 272 1192 in
291 1159 382 1191 Asia
400 1155 504 1189 rebus
519 1155 639 1199 gestis.
659 1152 715 1185 De
735 1150 799 1185 Cn.
819 1147 945 1182 Manlii
962 1146 1074 1180 rebus

43 1218 151 1265 gestis
168 1216 253 1250 vide
269 1214 364 1250 Livii
383 1213 448 1247 lib.
466 1210 676 1246 XXXVIII.

470 1327 683 1341 ——oo-oooe—

98 1406 390 1464 SOSILUS
429 1401 1010 1459 LACEDAEMONIUS

302 1487 396 1541 ET
437 1483 805 1540 CHAEREAS.

98 1604 289 1640 Cornelius
301 1605 393 1650 Nep.
420 1602 584 1637 Hannib.
613 1613 646 1637 c.
672 1600 715 1635 13
739 1613 746 1634 :
770 1603 889 1645 HuJ'us
908 1600 1073 1649 (Hanni-

46 1663 137 1697 balis
150 1662 160 1709 )
179 1662 277 1696 bella
289 1668 393 1706 gesta
413 1661 517 1694 multi
532 1662 719 1693 memoriae
730 1658 970 1704 prodiderunt
986 1673 997 1693 .·
1013 1661 1079 1694 sed

47 1733 94 1754 es:
107 1719 166 1753 lzis
181 1720 265 1760 duo,
291 1730 350 1764 qut
371 1730 451 1751 cum
469 1729 510 1751 eo
530 1720 566 1750 in
583 1713 878 1759 ca.s·t1·i.s·fi‹e1·1mt
901 1718 1076 1763 sinmlque

46 1781 235 1818 vixerunt,
272 1776 446 1822 quamdiu
461 1772 621 1819 fortium
638 1786 752 1820 passa
770 1781 842 1816 est,
872 1774 1016 1808 Silenus
1042 1783 1079 1809 et

46 1836 184 1870 Sosilus
198 1834 508 1868 Lacedaemonius.
528 1833 646 1878 Atque
664 1831 732 1865 lzoc
751 1831 866 1865 Sosilo
889 1832 1081 1866 Hannibal

48 1894 238 1927 literarum
264 1891 476 1925 Groecorum
497 1902 580 1923 mus
597 1897 649 1923 est
671 1890 825 1923 doctore.

98 1950 290 1986 Diodorus
319 1950 463 1992 XXVI,
492 1952 511 1989 4
541 1946 657 1997 (Exc.
689 1947 872 1983 Hoeschel.
895 1959 932 1993 p.
971 1946 1075 1995 513),

50 2007 97 2043 ad
117 2020 256 2042 annum
285 2019 358 2051 217
385 2019 392 2040 :
413 2004 610 2050 Μηνόδοτος
633 2005 650 2040 ὃ
674 2003 849 2054 Περίνθιος
868 2003 927 2045 τὰς
945 2002 1078 2049 Ἑλλη-

49 2063 144 2105 νικὰς
164 2062 401 2113 πραγματείας
420 2062 565 2112 ἔγραψεν
591 2063 625 2098 ἐν
651 2061 793 2111 βιὸλίοις
812 2061 1077 2108 πεντεκαίδεκα,

51 2120 202 2163 Σώσιλος
222 2122 239 2157 ὃ
255 2119 376 2162 Ἰλιεὺς
393 2118 435 2156 τὰ
454 2118 531 2169 περὶ
548 2118 701 2156 Ἀννίὸαν
720 2119 866 2169 ἔγραψεν
887 2120 919 2155 ἐν
937 2118 1080 2168 βιὸλίοις

52 2178 154 2216 ἑπτά.
181 2181 285 2214 Inter
310 2179 469 2214 Sosilum
496 2178 817 2213 Lacedaemonium
845 2185 880 2212 et
912 2179 1080 2213 Iliensem

51 2238 243 2285 distinguit
274 2239 409 2273 Kraus.
444 2237 590 2283 Fragm.
624 2236 751 2271 histor.
786 2237 897 2273 Rom,
928 2248 967 2282 p.
1007 2236 1078 2281 883

52 2307 247 2343 perperam
266 2294 400 2340 procul
420 2293 537 2327 dubio
551 2320 560 2335 ,
583 2294 646 2327 etsi
666 2294 760 2327 ratio
779 2293 937 2339 duplicis
951 2296 1077 2340 patriae

51 2365 120 2387 nos
135 2353 236 2387 latet.

554 2433 585 2456 1.

104 2490 234 2538 Polyb.
254 2491 329 2534 III,
345 2502 392 2525 20
413 2503 420 2524 :
443 2489 487 2525 Οἱ
507 2488 542 2524 δὲ
560 2487 750 2538 Ῥωμαῖοι,
770 2490 1081 2539 προσπεπτωκυίας

56 2547 167 2588 αὐτοῖς
188 2546 254 2592 ἤδη
275 2549 334 2591 τῆς
349 2548 415 2582 τῶν
437 2546 663 2584 Ζακανθαίων
685 2545 864 2593 ἁλώσεως,
885 2549 922 2584 οὗ
947 2548 995 2597 μὰ
1015 2549 1080 2586 Δία

54 2602 208 2653 περὶτοῦ
229 2602 380 2651 πολέμου
399 2602 473 2640 τότε
493 2601 684 2640 διαδούλιον
702 2598 803 2654 ἦγον,
828 2606 982 2658 καθάπερ
1003 2607 1081 2644 ἔνιοι

555 2718 587 2749 1.

1130 793 1196 826 τῶν
1212 790 1434 842 συγγραφέων
1449 794 1554 844 φασὶ,
1571 795 1927 843 προσκατατάττοντες
1944 798 1991 834 ἔτι
2005 799 2062 835 καὶ
2077 799 2153 841 τοὺς

1132 850 1177 890 εἷς
1212 849 1358 901 ἑκάτερα
1396 852 1556 902 ῥηθέντας
1592 852 1727 900 λόγους·
1764 854 1899 890 mixtu->v
1935 856 2153 893 ἀτοπώτατον

1131 912 1277 957 πρᾶγμα
1297 912 1481 952 ποιοῦντες.
1509 912 1590 951 Πῶς
1609 909 1674 960 γὰρ
1700 904 1767 947 οἶόν
1797 914 1826 947 τ’
1854 907 1914 958 ἦν,
1941 913 2151 961 Ἱ)ωμαίους,

1131 964 1206 1007 τοὺς
1226 967 1367 1018 ἐνιαυτῷ
1381 966 1543 1018 πρότερον
1564 968 1817 1016 ἐπηγγελκότας
1838 969 1985 1017 πόλεμον
2011 973 2155 1021 Καρ-χη-

1133 1022 1272 1070 δονίοις,
1293 1023 1350 1060 ἐὰν
1372 1024 1574 1061 ἐπιὸαίνωσι
1595 1027 1655 1070 τῆς
1672 1026 1895 1063 ΖακανΟαί(ι)ν
1916 1028 2050 1077 χώρας,
2075 1015 2154 1064 τού-

1133 1097 1224 1127 τους,
1242 1082 1332 1119 κατὰ
1357 1082 1479 1134 κράτος
1498 1082 1687 1125 ἑαλωκυίας
1707 1085 1812 1129 αὐτῆς
1832 1087 1891 1129 τῆς
1908 1086 2060 1133 πόλεως,
2082 1086 2155 1122 τότε

1135 1139 1353 1189 βουλεύεσθαι
1365 1140 1584 1182 συνελθόντας
1594 1170 1603 1188 ,
1616 1140 1742 1191 πότεροι
1752 1141 2013 1190 πολεμητέον,ἢ
2027 1143 2157 1190 τούναν-

1134 1197 1220 1233 τίον·
1241 1200 1313 1240 πῶς
1334 1197 1367 1234 δὲ
1397 1199 1455 1234 καὶ
1480 1199 1554 1234 τίνα
1580 1198 1722 1249 τρόπον,
1752 1198 1825 1247 ἅμα
1851 1199 1912 1247 μὲν
1941 1198 2000 1243 τὴν
2021 1201 2159 1248 στυγνό-

1134 1271 1221 1299 τητα
1241 1259 1297 1292 τοῦ
1316 1255 1489 1307 συνεδρίου
1516 1255 1763 1306 παρεισάγουσι
1791 1256 1999 1304 θαυμάσιον,
2027 1258 2099 1305 ἅμα
2124 1259 2158 1293 δὲ

1135 1312 1208 1355 τοὺς
1230 1313 1320 1356 υἱοὺς
1348 1313 1415 1350 ἀπὸ
1443 1313 1573 1350 δώδεκα
1601 1315 1683 1350 ἐτῶν
1712 1313 1803 1363 ἄγειν
1842 1313 1924 1365 φασὶ
1950 1313 2024 1356 τοὺς
2052 1315 2160 1350 πατέ-

1137 1386 1195 1421 ρας
1215 1373 1259 1410 εἷς
1276 1371 1313 1408 τὸ
1331 1372 1521 1422 συνέδριον,
1546 1370 1601 1413 οὒς
1621 1370 1827 1420 μετέχοντας
1846 1373 1913 1408 τῶν
1940 1371 2157 1420 ὃιαὸουλίων,

1135 1429 1211 1466 οὐδὲ
1232 1431 1299 1487 τῶων
1324 1428 1518 1478 ἀναγκαίων
1539 1428 1648 1465 οὐδενὶ
1668 1432 1845 1478 προΐεσθαι
1868 1431 1933 1465 τῶν
1956 1430 2159 1480 ἀπορρήτων

1135 1485 1252 1533 οὗδὲν;
1274 1488 1340 1524 ‘ssv
1367 1485 1435 1523 οὔτ’
1465 1485 1552 1528 εἰκὸς
1580 1485 1655 1522 οὔτε
1683 1486 1805 1531 ἀληθές
1830 1487 1901 1522 ἐστι
1927 1486 1964 1523 τὸ
1991 1488 2157 1537 παράπαν

1136 1544 1250 1590 οὐδέν,
1271 1546 1299 1581 εἰ
1317 1543 1384 1593 μὴ,
1412 1544 1452 1589 νὴ
1481 1544 1569 1589 Δία,
1589 1542 1672 1593 πρὸς
1690 1545 1757 1584 τοῖς
1779 1543 1914 1592 ἄλλοις,
1946 1547 1966 1588 ἡ
1992 1542 2078 1594 τύχη
2103 1544 2160 1580 καὶ

1136 1605 1234 1638 τοῦτο
1254 1601 1455 1652 προσένειμε
1474 1600 1678 1649 Ῥωμαίοις,
1697 1599 1735 1636 τὸ
1756 1601 1885 1651 φρονεῖν
1903 1600 2022 1642 αὐτοὺς
2041 1601 2161 1643 εὐθέως

1137 1661 1173 1696 ἐκ
1187 1663 1336 1719 γενετῆς.
1358 1659 1450 1711 Πρὸς
1471 1659 1531 1708 μὲν
1547 1652 1603 1695 οῧν
1623 1657 1666 1694 τὰ
1685 1662 1826 1694 τοιαῦτα
1841 1660 1906 1694 τῶν
1927 1660 2160 1709 συγγραμμάἱ

1136 1732 1222 1763 των,
1248 1721 1304 1754 οἱα
1326 1718 1449 1768 γράφει
1468 1715 1622 1767 Χαιρέας
1640 1714 1699 1751 καὶ
1720 1714 1874 1757 Σώσιλος
1888 1745 1898 1764 ,
1917 1716 2011 1752 οὐδὲν
2034 1717 2075 1753 ἂν
2096 1717 2162 1753 δέοι

1136 1774 1239 1811 πλέον
1269 1774 1398 1824 λέγειν·
1428 1776 1463 1810 οὗ
1493 1773 1558 1823 γὰρ
1578 1771 1745 1822 ἱστορίας,
1773 1771 1862 1808 ἀλλὰ
1891 1776 2077 1823 κουρεακῆς
2104 1775 2161 1810 καὶ

1137 1831 1318 1881 πανδήμου
1339 1833 1459 1873 λαλιᾶς
1481 1830 1557 1879 ἐμοί
1580 1845 1616 1879 γε
1639 1831 1774 1866 δοκοῦσι
1792 1830 1884 1873 τάξιν
1905 1829 1994 1880 ἔχειν
2022 1831 2079 1867 καὶ
2100 1831 2161 1867 δύ-

1137 1905 1252 1939 ναμιν.

1190 1952 1245 1984 De
1259 1950 1403 1984 Chaerea
1416 1976 1424 1992 ,
1440 1949 1504 1994 qui
1524 1948 1621 1982 idem
1642 1954 1900 1994 argumentum
1927 1955 2037 1993 atque
2062 1948 2162 1982 Sosi—

1139 2008 1195 2041 lus
1216 2014 1384 2041 tractasse
1398 2006 1598 2052 iisdemque
1613 2005 1843 2051 temporibus
1853 2004 1986 2039 vixisse
2005 2005 2164 2048 videtur,

1139 2065 1287 2099 aliunde
1322 2076 1398 2098 non
1434 2069 1586 2098 constat.
1627 2064 1682 2097 De
1717 2063 1789 2096 alio
1830 2062 1977 2096 Chaerea
2016 2062 2163 2096 medico

1138 2123 1197 2157 vel
1215 2122 1261 2157 de
1277 2134 1317 2156 re
1346 2122 1480 2156 rustica
1505 2121 1684 2166 scriptore
1702 2119 1787 2153 vide
1807 2120 1901 2154 Plin.
1928 2121 1974 2155 H.
2001 2120 2046 2154 N.
2068 2120 2140 2153 XX
2153 2147 2162 2161 ‚

1141 2178 1188 2213 23
1201 2186 1237 2212 et
1251 2179 1380 2224 saepius
1395 2179 1434 2212 in
1449 2177 1577 2212 Indice
1594 2184 1736 2212 auctor.
1753 2176 1799 2216 ad
1814 2176 1878 2212 lib.
1896 2177 2003 2219 VIII,
2022 2177 2072 2218 X,
2090 2177 2165 2211 XII

1140 2256 1191 2261 —
1204 2237 1342 2271 XVIII.
1354 2238 1507 2271 Auctor.
1523 2236 1585 2270 lat.
1600 2236 1645 2269 R.
1661 2236 1708 2270 R.
1726 2246 1765 2280 p.
1782 2238 1828 2274 54
1842 2260 1850 2276 ,
1871 2233 1955 2275 164,
1970 2234 2016 2268 cl.
2034 2234 2165 2267 Athen.

1140 2295 1177 2339 Ι,
1200 2306 1238 2339 p.
1273 2293 1335 2336 32,
1358 2294 1396 2327 B.
1417 2293 1518 2327 Alios
1534 2292 1610 2338 ejus
1624 2292 1782 2325 nominis
1799 2304 1835 2326 v.
1858 2303 1916 2337 ap.
1944 2292 2084 2326 Vitruv.
2109 2291 2163 2331 X,

1147 2364 1191 2397 19
1212 2358 1248 2386 et
1267 2351 1496 2386 Pausaniam.
1517 2351 1721 2392 Chaeream,
1744 2349 1917 2384 Antiochi
1933 2349 1984 2383 Μ.
2011 2348 2163 2389 ducem,

1142 2408 1356 2443 Hannibalis
1375 2408 1565 2453 aequalem,
1587 2407 1671 2440 vide
1703 2419 1761 2453 ap.
1794 2405 1923 2451 Polyb.
1943 2407 1992 2444 V,
2017 2417 2083 2448 70,
2110 2416 2164 2437 10.

1145 2479 1163 2510 7
1174 2479 1187 2500 1
1204 2493 1212 2509 ,
1243 2479 1254 2499 1
1269 2479 1299 2499 ι.

368 2680 1888 2691 ——-——-—————-.——--—-———-

1144 2718 1320 2755 morantes,
1334 2716 1425 2747 simul
1440 2715 1610 2754 adjiciunt,
1626 2714 1705 2745 filios
1717 2714 1883 2744 duodecim
1900 2713 2067 2743 dumtaxat
2082 2711 2170 2741 annis

95 2769 245 2806 Romani,
278 2770 445 2808 postquam
467 2769 506 2801 de
532 2771 624 2810 capto
652 2772 790 2811 Sagunto
818 2773 963 2804 nuntium
992 2781 1084 2806 aece-

56 2821 189 2859 perunt,
210 2828 413 2859 nequaquam
435 2820 479 2850 illi
496 2821 623 2860 quidem
637 2821 676 2852 de
700 2822 782 2853 bello
795 2823 991 2863 suscipiendo
1008 2826 1085 2856 tunc

55 2871 314 2903 deliberationem
328 2872 548 2911 instituerunt,
571 2873 653 2904 sicut
675 2882 693 2904 a
708 2875 866 2906 nonnullis
880 2876 1085 2915 scriptoribus

57 2923 218 2954 memoriae
244 2924 290 2953 est
313 2922 492 2962 proditum
508 2922 561 2962 qui
586 2923 681 2954 etiam
705 2925 873 2956 sententias
896 2926 936 2956 ab
952 2928 1086 2966 utraque

58 2974 145 3011 parte
154 2972 253 3003 dictas
263 2972 349 3003 libris
358 2972 421 3003 suis
434 2973 649 3004 inseruerunt:
661 2982 725 3013 quo
735 2974 810 3005 nihil
821 2983 861 3005 ne
873 2974 946 3014 fingi
959 2976 1085 3015 quidem

57 3022 222 3053 absurdius
235 3024 337 3062 queat.
373 3025 451 3054 Nam
464 3025 518 3062 qul
533 3023 598 3054 lieri
614 3025 734 3063 potuit,
751 3025 787 3055 ut
802 3026 952 3065 Romani,
966 3026 1020 3066 qui
1033 3035 1086 3057 su-

60 3072 171 3111 periori
188 3082 270 3104 anno
292 3073 410 3104 bellum
426 3073 733 3112 Carthaginiensibus
747 3074 940 3115 indixerant,
954 3077 977 3107 si
991 3076 1085 3107 ditio-

59 3131 130 3154 nem
146 3123 391 3163 Saguntinorum
411 3124 513 3155 insesti
533 3124 780 3164 ingrederentur,
795 3125 906 3164 iidem,
924 3128 1015 3166 capta
1032 3136 1086 3166 per

60 3173 125 3204 vim
147 3173 226 3204 urbe
254 3174 336 3213 ipsa,
356 3176 425 3205 tum
453 3175 582 3205 demum
609 3174 649 3204 ad
675 3174 913 3206 deliberandum
936 3176 1086 3207 conveni-

62 3225 147 3262 rent,
161 3223 241 3254 sitne
256 3224 486 3264 suscipiendum
502 3224 619 3255 bellum
630 3249 638 3263 ‚
653 3228 778 3255 annon?
794 3228 896 3262 Quam
915 3226 1086 3258 absurdum

62 3283 135 3305 vero
152 3274 247 3313 illud,
264 3276 348 3314 quod
367 3276 579 3306 incredibilem
597 3277 724 3306 senatus
749 3277 926 3307 moestitiam
947 3286 1087 3309 comme·

1144 2769 1278 2808 maJ'ores
1288 2792 1296 2806 ,
1307 2777 1326 2799 a
1339 2767 1520 2807 parentibus
1532 2766 1564 2796 in
1577 2766 1720 2796 senatum
1735 2764 1947 2803 introduct0s3
1962 2764 2014 2804 qui
2029 2763 2167 2803 publico-

1145 2829 1215 2851 rum
1229 2819 1428 2850 consiliorum
1446 2817 1518 2848 facti
1534 2817 1718 2857 participes,
1734 2816 1849 2847 nemini
1865 2824 1904 2846 ne
1924 2815 2168 2854 propinquorum

1144 2872 1271 2911 quidem
1295 2870 1466 2910 quidquam
1487 2869 1614 2900 illorum
1625 2893 1633 2907 ‚
1648 2877 1720 2907 quae
1736 2867 1891 2898 enuntiari
1907 2867 2011 2905 nefas,
2026 2866 2169 2905 prodide-

1146 2923 1227 2953 rint?
1242 2925 1321 2959 Quae
1335 2923 1408 2953 sunt
1418 2921 1524 2952 omnia
1537 2930 1555 2951 a
1565 2929 1639 2952 vero
1650 2920 1750 2951 aliena
1764 2921 1794 2950 et
1807 2920 1909 2959 palam
1921 2919 1995 2950 salsa
2013 2932 2018 2949 :
2033 2918 2088 2948 nisi
2102 2927 2169 2957 pro-

1146 2974 1227 3004 fecto
1240 2974 1300 3003 hoc
1313 2981 1439 3012 quoque
1452 2973 1565 3012 praeter
1575 2972 1678 3002 cetera
1692 2971 1840 3001 Romanis
1850 2970 1973 3000 fortuna
1983 2993 1991 3007 ,
2007 2968 2029 2999 si
2041 2968 2099 2998 diis
2108 2968 2170 3007 pla-

1146 3025 1212 3062 cet,
1229 3025 1275 3055 est
1287 3023 1408 3063 largita,
1424 3024 1459 3054 ut
1471 3022 1543 3053 inde
1556 3031 1574 3052 a
1590 3022 1694 3061 pueris
1705 3021 1810 3052 statim
1828 3022 1981 3059 saperent.
1996 3022 2114 3050 Verum
2132 3018 2170 3047 ‹le

1147 3074 1262 3105 talibus
1275 3073 1399 3113 scriptis
1409 3098 1416 3111 ‚
1430 3073 1536 3112 qualia
1546 3073 1620 3103 sunt
1632 3072 1771 3103 Cliaereae
1788 3072 1820 3102 et
1834 3070 1921 3101 Sosili
1933 3093 1941 3107 ‚
1956 3070 2022 3099 lucc
2037 3068 2168 3099 sufficiat

1146 3126 1259 3156 dixisse
1275 3138 1281 3156 :
1295 3134 1396 3162 neque
1408 3125 1489 3155 euim
1502 3132 1558 3163 pro
1574 3122 1726 3160 historiis,
1741 3131 1811 3152 meo
1824 3120 1950 3160 quidem
1965 3120 2094 3159 judicio,
2109 3127 2169 3148 mc-

1147 3177 1255 3207 rentur
1269 3176 1394 3215 haberi3
1409 3175 1461 3206 sed
1479 3183 1534 3214 pro
1549 3174 1661 3204 sabulis
1677 3182 1715 3203 ex
1730 3172 1863 3210 alicujus
1877 3172 2008 3202 tonsoris
2025 3170 2146 3200 officina
2158 3192 2166 3207 ,

1146 3227 1201 3259 aut
1215 3227 1299 3266 vulgi
1315 3227 1388 3257 frene
1402 3226 1559 3266 profectis.
