2338 3765
172 151 219 181 553
235 152 243 181 1

170 231 235 264 τῶν
258 227 512 276 ὑπομνημάτων
541 229 672 277 γραφῆς
704 225 886 276 κατάρξας,
915 227 972 262 καὶ
1003 228 1069 262 ἀπο
1098 227 1195 263 τοῦδε

170 286 287 335 ὥσπερ
319 286 470 335 κρηπῖδα
495 283 682 334 βαλόμενος
708 287 767 320 τοῦ
788 283 912 333 λόγου,
946 284 981 321 ὃν
1013 283 1197 334 Αἰγύπτιοι

171 359 212 391 151.
201 359 231 377 ν
252 343 418 380 ἐκάλεσαν
436 341 552 386 Οωύθ,
573 340 802 392 Ἀλεξανδρεῖς
823 341 857 377 δὲ
874 341 979 387 Θώθ,
1003 342 1137 393 (Ερμῆν
1160 341 1193 378 δὲ

170 399 336 444 Έλληνες
357 398 586 449 μετέφρασαν.
605 416 619 429 1

221 459 343 495 Ταυτα
364 456 467 493 εἴπω-Η
489 471 588 504 επιμε
576 456 719 506 ζυιερεται
739 461 806 498 τοῖς
829 456 1001 507 νεωτέροις
1021 462 1087 498 τοῖς
1110 456 1197 505 μετὰ

170 519 294 560 ταῦτα,
315 517 359 557 ὡς
377 514 417 551 ἂν
447 513 682 564 βεὲιασμένως
705 514 763 550 καὶ
792 517 852 551 οὐκ
872 516 1004 560 άληθῶς
1027 513 1103 556 τοὺς
1120 514 1197 564 περὶ

169 574 251 608 θεῶν
273 570 396 620 μύθους
415 573 467 608 ἐπ’
490 571 695 623 ἀλληγορίας
714 571 772 608 καὶ
802 572 944 622 φυσικὰς
971 571 1141 621 διηγήσεις
1161 587 1195 608 τε

170 630 228 666 καὶ
248 630 389 681 θεωρίας
408 630 585 679 ἀνάγουσι.
608 629 709 677 Λέγει
730 630 758 666 δ’
775 624 831 666 οὖν
852 629 978 681 προϊών
995 646 1000 652 ·

221 702 249 725 5.
283 706 295 719 «
328 688 419 725 Ἀλλ’
441 690 470 724 οἱ
495 687 556 736 μὲν
576 687 739 725 νεώτατοι
760 690 825 724 τῶν
855 688 1034 739 ἱερολόγων
1068 687 1108 724 τὰ
1136 685 1197 735 μὲν

169 745 332 794 γεγονότα
358 746 546 796 πράγματα
569 744 601 788 ἐξ
623 747 732 796 ἀρχῆς
753 745 1022 796 ἀπεπέμψαντο,
1048 747 1196 794 ἀλληγο-

170 803 241 853 ρίας
260 803 294 841 δὲ
325 803 383 841 καὶ
414 803 537 853 μύθους
558 805 815 851 ἐπινοήσαντες,
842 805 900 841 καὶ
925 808 994 846 τοῖς
1023 804 1197 851 κοσμικοῒς

167 860 351 906 παθήμασι
369 861 564 910 συγγένειαν
584 862 818 910 πλασάμενοι,
838 861 1011 912 μυστήρια
1030 860 1197 905 κατέστη-

169 934 249 955 σαν·
273 919 330 955 καὶ
358 919 462 956 πολὺν
490 921 603 961 αὐτοῖς
633 921 760 969 ἐπῆγον
787 923 910 971 τῦφον,
939 922 984 961 ὡς
1005 919 1052 968 μὴ
1076 919 1198 970 ῥᾳδίως

167 976 241 1013 τινὰ
262 983 406 1028 συνορᾶν
427 977 469 1014 τὰ
489 979 565 1014 κατ’
583 977 744 1023 ἀληθειαν
764 977 948 1028 γενόμ-ενα
967 993 984 1014 ο
1005 977 1038 1014 δὲ
1060 977 1196 1026 συμὸα-

167 1034 235 1071 λὼν
249 1040 316 1078 τοῖς
328 1050 396 1072 απο
409 1051 474 1072 των
491 1034 621 1072 ἀδύτων
634 1038 759 1086 ευρεθε
750 1051 813 1072 ισιν
830 1034 1060 1086 ἀκοκρύφοις
1047 1035 1195 1083 Ἀυμου-

167 1108 250 1129 νεων
271 1092 452 1144 γράμμασι
473 1093 721 1143 συγκειμένοις,
746 1093 766 1129 ἃ
788 1092 827 1138 δὴ
856 1094 916 1129 οὐκ
935 1096 976 1137 ἠν
1005 1098 1090 1129 πᾶσι
1108 1092 1198 1141 γνώ-

168 1166 273 1201 ριμα,
294 1150 356 1196 τὴν
386 1150 533 1200 μάθησιν
557 1151 716 1187 ἁπάντων
739 1150 838 1192 αὐτὸς
857 1150 1005 1195 ἤσκησε·
1026 1165 1084 1186 και
1104 1149 1197 1192 τέλος

168 1209 290 1251 ἐπιθεὶς
306 1212 348 1260 τῇ
368 1209 590 1260 πραγματείᾳ
603 1238 612 1256 ,
630 1208 685 1245 τὸν
707 1209 782 1245 κατ’
801 1207 907 1259 ἀρχὰς
931 1211 1035 1257 μῦθον
1061 1208 1118 1244 καὶ
1138 1206 1197 1249 τὰς

167 1267 373 1318 ἀλληγορίας
393 1265 545 1303 ἐκποδὼν
567 1267 817 1315 ποιησάμενος,
835 1266 1020 1312 ἐξηνύσατο
1038 1266 1098 1311 τὴν
1118 1265 1197 1317 πρό-

168 1328 276 1361 θεσιν·
294 1325 356 1367 ἕως
376 1324 477 1361 πάλιν
498 1326 527 1361 οἱ
545 1324 778 1374 ἐπιγενόμενοι
793 1326 891 1374 ἱερεῖς
910 1324 1040 1375 χρόνοις
1058 1323 1196 1374 ὕστερον

167 1382 338 1427 ἠθέλησαν
360 1380 466 1426 αὐτὴν
487 1381 684 1431 ἀποκρύψαι
699 1410 708 1427 ,
738 1381 795 1416 καὶ
816 1383 861 1423 εἰς
882 1381 918 1417 τὸ
937 1382 1088 1429 μυθῶδες
1108 1382 1195 1417 ἀπο-

167 1443 400 1485 καταστῆσαι·
417 1439 449 1482 ἐξ
465 1433 502 1475 οὗ
518 1438 554 1474 τὸ
573 1438 736 1486 μυστικὸν
755 1438 941 1475 ἀνέκυπτεν
958 1439 1091 1475 οὐδέπω
1112 1437 1195 1489 φθά-

167 1512 229 1533 σαν
248 1498 293 1539 εἷς
309 1497 497 1542 Ἕλληνας.
524 1514 537 1527 >ι

218 1568 246 1593 ὓ.
276 1555 460 1596 Τούτοις
484 1554 582 1599 ἑξῆς
609 1554 759 1604 φησίν·
783 1573 795 1584 «
820 1556 927 1591 Ταῦθ’
951 1556 1033 1601 ἡμῖν
1056 1553 1197 1604 εὕρηται

168 1614 338 1662 ἐπιμελῶς
368 1612 491 1649 εἰδέναι
518 1611 560 1648 τὰ
593 1611 767 1649 Φοινίκων
798 1613 958 1655 ποθοῦσι,
989 1610 1047 1646 καὶ
1067 1610 1197 1655 πολλὴν

167 1669 482 1719 ἐξερευνησαμένοις
509 1668 611 1713 ὕλην,
632 1668 708 1718 οὐχὶ
737 1667 798 1713 τὴν
824 1668 906 1718 παρ’
925 1665 1098 1713 Ἕλλησι·
1124 1667 1195 1703 διά-

163 1799 389 1838 adspexerant,
408 1800 563 1831 Taautum
579 1799 683 1828 literas
711 1798 882 1836 principem
899 1797 1052 1827 invenisse
1068 1805 1104 1827 ac
1120 1797 1196 1827 scri-

164 1850 338 1880 bendorum
354 1849 653 1880 commentariorum
669 1850 832 1879 auctorem
846 1848 942 1879 fuisse
956 1858 962 1877 ι
978 1847 1017 1878 ab
1036 1848 1088 1878 illo
1103 1847 1198 1885 igitur

163 1909 257 1939 quem
275 1900 314 1930 ab
330 1900 479 1939 AEgyptiis
492 1899 616 1939 Thoyth
628 1924 636 1938 ,
649 1899 688 1930 ab
703 1899 922 1930 Alexandrinis
935 1898 1039 1929 Thoth
1052 1898 1196 1929 nomina-

163 1954 230 1981 tum
243 1975 250 1989 ‚
263 1952 362 1981 Graeci
377 1951 506 1990 Ἑρμῆν,
517 1951 577 1981 hoc.
588 1952 634 1981 est
645 1950 834 1981 Mercurium
846 1974 853 1987 ‚
866 1949 1040 1988 reddidere,
1058 1949 1195 1980 Sanchu

164 2002 270 2032 niatho
281 2025 288 2039 ‚
300 2002 388 2041 quasi
402 2010 418 2031 a
435 2001 639 2032 fundamento
650 2026 657 2038 ,
669 2001 858 2032 narrationis
871 2001 1002 2040 sumpsit
1018 2001 1194 2032 exordium.

204 2054 258 2085 llis
274 2054 528 2085 commemoratis
547 2054 734 2084 recentiores
751 2054 837 2090 illos,
858 2054 910 2093 qui
934 2054 1041 2092 postea
1061 2061 1194 2083 emerse-

164 2106 254 2143 rant,
268 2114 304 2135 eo
318 2105 444 2135 nomine
458 2104 674 2144 reprehendit,
691 2104 776 2143 quod
796 2113 867 2144 qua}
880 2104 918 2135 de
931 2104 990 2134 diis
1006 2104 1099 2143 vulgo
1121 2105 1198 2134 sere-

163 2156 289 2194 bantur,
299 2156 338 2186 ad
349 2155 511 2194 allegorias
521 2156 711 2194 nescioquas
722 2157 753 2185 et
765 2155 909 2194 physicas
921 2155 1156 2194 explicationes,
1165 2154 1196 2184 vi

164 2208 245 2237 saeta
259 2206 392 2244 veritati,
404 2206 614 2237 traducerent.
631 2208 658 2236 ls
669 2215 741 2245 ergo
752 2206 783 2236 in
798 2214 963 2245 progressu
979 2206 1020 2236 ita
1032 2205 1172 2244 loquitur
1186 2213 1194 2235 ε

206 2262 233 2288 5.
256 2270 269 2283 «
289 2257 346 2289 Sed
371 2257 452 2288 enim
476 2258 530 2296 qui
554 2257 724 2287 novissime
744 2266 848 2287 rerum
873 2265 1032 2287 sacrarum
1058 2256 1197 2295 disputa-

162 2311 280 2340 tionem
298 2310 426 2349 attigere
437 2334 445 2348 ,
462 2318 560 2349 quum
578 2318 687 2340 eornm
702 2318 773 2348 quae
791 2310 873 2339 sacta
887 2310 974 2339 erant
986 2332 994 2347 ‚
1009 2308 1075 2347 ipso
1089 2308 1194 2338 statim

163 2360 251 2391 initio
268 2361 432 2391 veritatem
448 2360 642 2399 rejecissent,
660 2360 815 2399 allegoriis
827 2359 1015 2398 quibusdam
1033 2367 1069 2389 ac
1083 2358 1197 2389 fabulis

162 2412 358 2450 excogitatis,
369 2420 531 2451 quumque.
542 2411 634 2441 rebus
645 2411 681 2440 iis
692 2434 699 2448 ,
712 2419 784 2450 quae
797 2410 889 2449 hujus
900 2409 1035 2440 universi
1051 2411 1195 2439 naturam

165 2465 414 2501 consequuntur,
431 2463 582 2492 affinitate
596 2461 730 2492 conficta
743 2485 752 2499 ,
768 2461 915 2500 mysteria
940 2460 1043 2490 densis
1058 2459 1195 2490 obducta

163 2514 300 2545 tenebris
322 2514 544 2550 instituerunt,
564 2522 601 2543 ne.
632 2514 699 2553 quis
730 2521 860 2549 eorum,
885 2521 957 2551 qum
982 2520 1089 2550 reapse
1110 2514 1194 2549 gesta

164 2568 270 2602 erant,
292 2566 453 2596 veritatem
472 2566 582 2595 intueri
600 2565 688 2595 facilc
703 2567 813 2604 posset.
861 2565 915 2594 llle
932 2565 1037 2594 autem
1052 2573 1150 2603 quum
1164 2564 1193 2594 in

164 2625 292 2647 arcanas
317 2617 462 2655 quisdam
491 2619 733 2647 Ammouearmn
767 2615 915 2645 stelarum
944 2614 1048 2644 literas
1069 2614 1193 2645 incidis-

165 2671 230 2705 set,
249 2678 321 2708 quan
343 2669 373 2699 in
398 2669 596 2699 interioribus
622 2668 809 2707 templorum
834 2666 1046 2706 penetralibus
1066 2667 1195 2705 repertze

164 2720 272 2759 paucis
288 2721 411 2750 tautum
430 2721 513 2749 noim
535 2721 636 2749 essent
650 2742 658 2756 ‚
681 2718 822 2749 omnium
845 2717 1032 2747 sententiam
1056 2716 1193 2756 diligenti

165 2772 366 2803 meditatione
388 2772 531 2810 qnaesixil
544 2796 551 2809 ‚
579 2772 750 2809 laetumque
778 2770 910 2809 suscepti
939 2769 1051 2799 laboris
1076 2769 1193 2799 exitum

163 2824 393 2862 consequutus,
408 2831 479 2861 quai
490 2823 519 2852 in
538 2823 602 2861 ipso
617 2822 701 2851 aditu
719 2821 925 2851 occurrebant
940 2820 1052 2851 lalmlis
1065 2828 1138 2849 euin
1152 2820 1193 2849 al-

164 2874 285 2912 legoriis
301 2873 447 2903 omnibus
463 2873 501 2903 de
527 2873 628 2902 medio
651 2873 779 2902 sublatis
790 2897 797 2909 ,
815 2871 993 2902 institutum
1008 2880 1086 2910 opus
1102 2880 1193 2901 suuni

164 2924 201 2955 ad
217 2924 440 2963 perlectionem
459 2924 738 2962 maturitatemque
754 2922 900 2962 perduxit
918 2932 923 2951 t
943 2922 1043 2951 donec
1056 2922 1109 2961 qni
1124 2924 1191 2960 post

165 2976 252 3006 illum
278 2976 425 3006 exstitere
451 2976 644 3013 sacerdotes,
672 2975 751 3005 idem
781 2975 882 3013 ipsum
908 2974 1066 3004 occultare
1091 2973 1194 3003 denuo

163 3030 257 3067 atque
274 3028 312 3058 ad
333 3029 505 3067 priscarum
527 3028 700 3057 fabularum
727 3028 901 3057 commenta
924 3035 1070 3056 revocare
1089 3028 1193 3065 postea

164 3090 175 3108 x
185 3081 332 3111 oluissent
346 3104 353 3118 ,
366 3080 449 3110 unde
464 3080 613 3118 mysticus
629 3079 678 3109 ille,
691 3087 798 3109 sensus
810 3078 935 3108 emersit
947 3102 953 3113 ,
966 3079 1019 3117 qui
1031 3087 1192 3117 nunquam

165 3133 255 3161 antea
270 3134 454 3162 (irrecorum
475 3130 596 3160 animos
616 3132 794 3168 occuparat.
818 3142 830 3154 v»

204 3190 234 3213 (ἱ.
264 3184 386 3220 Quibus
400 3183 544 3221 deinceps
562 3183 617 3212 ista
632 3181 792 3220 subjungit
812 3194 817 3210 :
840 3194 851 3204 «ι
873 3183 946 3211 llaec
962 3181 1090 3211 tandem
1105 3189 1121 3211 a
1136 3191 1192 3212 no-

164 3235 210 3265 bis
221 3237 340 3274 reperta
354 3235 438 3273 sunt,
456 3242 552 3273 (pium
568 3233 743 3263 vehementi
761 3231 985 3268 cognoscendaer
1001 3232 1188 3263 Phoenicum

166 3286 300 3317 historiae
314 3286 465 3316 desiderio
482 3287 671 3321 teneremur,
691 3292 725 3312 ae
749 3285 952 3322 posteaquam
976 3283 1131 3320 ingentem
1157 3284 1191 3314 li-

1015 142 1247 178 l‘lllLONlS
1280 141 1442 178 Bl'ssLll

1259 243 1364 278 ’,ρωνος
1385 226 1449 276 γὰρ
1467 226 1553 270 αὕτη
1575 225 1631 261 καὶ
1654 224 1916 275 φιλονεικότερον
1939 225 1995 261 ὑπ’
2015 225 2109 262 ἐνίων
2129 228 2261 275 μᾶλλον
2276 258 2285 273 ,

1259 283 1280 328 ἢ
1307 283 1388 334 πρὸς
1407 282 1569 327 ἀλήθειαν
1594 282 1803 318 συντεθεῖσα.
1830 300 1844 313 »

1315 341 1396 379 Και
1414 357 1439 389 υ
1450 341 1533 376 εθ’ἓ
1521 356 1535 376 ε
1545 353 1663 389 τερα·
1683 357 1695 372 «
1715 338 1867 381 Οὕτως
1850 354 1883 375 05
1904 338 1992 390 ἔχειν
2006 343 2219 377 πεπεῖσθαιί
2203 343 2287 390 ημῖν
2332 374 2336 378 .

1260 399 1432 449 παρέστη,
1465 399 1510 438 ὡς
1539 398 1664 437 ἐκεῖνος
1695 396 1865 447 γέγραφε,
1894 396 1955 442 τὴν
1977 397 2162 449 διαφωνίαν
2184 401 2288 451 ὁρῶσι

1259 456 1318 501 τὴν
1350 457 1432 505 παρ’
1463 453 1638 501 ‘'EM-,qm
1661 469 1740 505 περι
1766 458 1806 499 ῆς
1835 469 1893 503 μοι
1911 470 1989 504 τρια
2021 455 2287 507 πεφιλοτίμηται

1261 514 1376 564 βιολία
1395 512 1454 557 τὴν
1473 511 1661 563 ἐπιγραφὴν
1679 511 1800 562 ἔχοντα
1821 511 2043 563 παραδόξουε
2036 512 2198 564 ιστορίας.
2221 533 2236 548 »

1311 586 1340 610 7.
1371 571 1449 608 Και
1468 573 1587 611 αυθις
1605 572 1690 618 μεθ’
1711 569 1833 620 ἕτερα
1859 570 2061 629 επιλέγει·
2082 589 2095 604 α
2112 573 2286 624 Προδιαρ-

1259 631 1386 679 θρωσαι
1411 627 1444 664 δε
1475 628 1660 676 ἀναγκαῖον
1681 626 1764 677 πρὸς
1788 626 1848 672 τὴν
1879 631 1972 671 αὐθις
2002 628 2213 681 σαφήνειαν,
2232 631 2290 667 καὶ

1258 704 1319 732 την
1337 702 1403 723 των
1422 685 1512 722 κατὰ
1535 701 1576 734 με
1568 685 1636 736 ’ρος
1657 685 1860 734 διάγνωσιν,
1882 701 1933 722 οτι
1950 687 1979 723 οἷ
1999 685 2205 724 παλαίτατοι
2222 690 2288 724 τῶν

1261 744 1460 795 βαρέάρων,
1479 743 1658 793 ἐξαιρέτως
1673 743 1707 779 δὲ
1727 742 1886 786 Φοίνικες
1900 759 1958 780 και
1977 743 2183 793 Αἰγύπτιοι,
2201 748 2285 796 παρ’

1260 807 1305 839 ὧν
1326 818 1384 839 και
1411 803 1439 838 οἳ
1462 800 1574 839 λοιποι
1596 799 1793 852 παρέλαέῗον
1815 801 2005 852 ἄνθρωποι,
2025 801 2118 844 θεοὺς
2137 802 2288 851 ἐνόμιζον

1260 876 1300 908 με
1304 860 1437 910 γίστους
1456 875 1531 902 τους
1545 858 1588 896 τὰ
1612 859 1695 910 πρὸς
1713 859 1773 904 τὴν
1797 859 1958 910 βιωτικὴν
1973 859 2092 910 χρείαν
2112 861 2290 911 εὑρόντας,

1259 918 1360 963 ἢκαὶ
1392 917 1482 954 κατά
1513 933 1545 953 τι
1576 916 1827 962 εὐποιήσαντας
1858 916 1901 954 τὰ
1923 917 2021 964 ἔθνη·
2043 917 2221 968 εὐεργέτας
2251 934 2287 956 τε

1259 975 1394 1018 τούτους
1404 1005 1412 1020 ,
1428 974 1486 1012 καὶ
1500 975 1635 1011 πολλῶν
1652 974 1777 1017 αἰτίους
1792 977 1927 1025 ἀγαθῶν
1942 975 2124 1026 ἡγούμενοι
2138 978 2182 1018 ὡς
2197 975 2290 1019 θεοὺς

1258 1033 1497 1084 προσεκύνουν,
1517 1032 1574 1069 καὶ
1597 1034 1642 1074 εἷς
1660 1032 1697 1069 τὸ
1722 1032 1832 1084 χρεὼν
1861 1033 2096 1082 μεταστάντας
2111 1033 2210 1077 ναοὺς
2230 1050 2289 1072 κα-

1260 1090 1554 1139 τασκευασάμενοι
1587 1089 1716 1135 στήλας
1743 1105 1779 1127 τε
1805 1089 1865 1127 καὶ
1897 1090 2041 1142 ῥάὸδους
2071 1090 2228 1143 ἀφιέρουν
2259 1091 2292 1135 ἐξ

1260 1148 1425 1197 ὀνόματος
1447 1149 1578 1196 αὐτῶν,
1601 1147 1659 1184 καὶ
1687 1151 1795 1185 ταῦτα
1817 1147 1973 1197 μεγάλως
2008 1147 2202 1197 σεὲόμενοι,
2233 1149 2292 1186 καὶ

1261 1205 1378 1256 ἑορτὰς
1392 1205 1509 1254 ἔνεμον
1526 1205 1638 1247 αὐτοῖς
1655 1207 1714 1248 τὰς
1735 1205 1898 1255 μεγίστας
1914 1205 2088 1247 Φοίνικες.
2111 1205 2151 1256 (a)
2176 1205 2292 1250 Ἐξαι-

1261 1264 1362 1315 ρέτως
1398 1263 1433 1301 δὲ
1462 1263 1520 1301 καὶ
1551 1262 1619 1300 ἀπὸ
1643 1266 1709 1300 τῶν
1739 1263 1911 1315 σφετέρων
1941 1263 2110 1315 βασιλέων
2141 1264 2209 1307 τοῖς
2235 1279 2291 1302 κο·

1260 1327 1392 1370 σμικοῖς
1418 1321 1597 1372 στοιχείοις
1624 1321 1682 1359 καί
1702 1337 1770 1358 τισι
1795 1324 1860 1359 τῶν
1880 1321 2110 1371 νομιζομένων
2130 1324 2213 1359 θεῶν
2232 1321 2293 1364 τὰς

1260 1379 1445 1428 ὀνομασίας
1475 1379 1661 1417 ἐπέθεσαν·
1705 1379 1864 1431 φυσικοὺς
1898 1379 1932 1417 δὲ
1964 1380 2060 1426 ἥλιον
2097 1379 2156 1417 καὶ
2187 1379 2290 1426 σελή-

1259 1452 1319 1482 νην
1347 1437 1405 1473 καὶ
1427 1437 1504 1479 τοὺς
1529 1436 1666 1479 λοιποὺς
1692 1437 1868 1482 πλανήτας
1887 1437 2032 1488 ἀστέρας
2051 1437 2110 1475 καὶ
2135 1436 2178 1474 τὰ
2199 1453 2292 1475 στοι-

1259 1498 1337 1543 χεῖα
1367 1497 1424 1530 καὶ
1453 1493 1495 1530 τὰ
1514 1494 1642 1537 τούτοις
1663 1497 1796 1546 συναφῆ
1824 1493 1917 1536 θεοὺς
1947 1495 2068 1544 μόνους
2088 1494 2289 1544 ἐγίνωσκον,

1260 1550 1340 1587 ὥστ’
1363 1552 1475 1593 αὐτοῖς
1493 1551 1569 1592 τοὺς
1591 1551 1650 1599 μὲν
1673 1551 1831 1597 θνητοὺς,
1851 1551 1927 1594 τοὺς
1945 1551 1979 1588 δὲ
1997 1552 2185 1596 ἀθανάτους
2199 1552 2291 1594 θεοὺς

1261 1602 1360 1647 εἶναι.
1381 1627 1394 1641 υ

1313 1668 1434 1704 Ταῦτα
1447 1667 1535 1704 κατὰ
1553 1668 1727 1718 προοίμιον
1745 1669 1763 1705 ὁ
1778 1667 1899 1705 Φίλων
1914 1668 2203 1717 διαστειλάμενος,
2220 1666 2293 1712 ἑξῆς

1257 1796 1386 1827 brorum
1414 1797 1759 1836 monumentorumque
1777 1795 1889 1827 silvam
1914 1796 2026 1836 cupide
2052 1797 2184 1828 scrutati
2210 1806 2293 1829 esse-

1258 1857 1327 1879 mus
1336 1872 1344 1886 ‚
1363 1857 1426 1879 non
1440 1857 1510 1879 eam
1523 1849 1629 1879 tamen
1639 1872 1647 1886 ,
1664 1857 1735 1888 qum
1746 1856 1840 1888 penes
1853 1849 1979 1879 Graecos
1992 1849 2076 1886 erat,
2091 1848 2177 1888 quod
2192 1849 2289 1888 ipsam

1257 1908 1368 1939 magna
1384 1908 1456 1930 cum
1475 1899 1666 1930 dissensione
1687 1899 1864 1930 animorum
1876 1923 1884 1939 ,
1905 1900 1938 1931 et
1956 1899 2166 1931 contentionis
2190 1900 2293 1940 potius

1258 1959 1355 1990 quain
1369 1950 1511 1982 veritatis
1533 1950 1638 1985 studio
1659 1951 1829 1981 conflatam
1842 1959 1858 1981 a
1883 1950 2042 1982 nonnullis
2062 1959 2128 1982 esse
2146 1951 2292 1991 pervide·
2337 1969 2338 1974 =

1258 2009 1338 2031 rem.
1357 2013 1371 2027 »
1416 2003 1497 2032 Tum
1511 2001 1702 2040 quibusdam
1719 2000 1892 2041 interjectis
1910 2014 1916 2032 ε
1944 2013 1957 2027 «
1974 2001 2020 2032 Ad
2043 2001 2157 2038 tidem,
2174 2002 2292 2041 inquit,

1258 2052 1319 2083 illis
1335 2052 1458 2092 scriptis
1470 2052 1678 2083 adhibendam
1691 2075 1700 2091 ‚
1715 2061 1752 2083 eo
1766 2052 1903 2083 maxime
1913 2052 1998 2092 quod
2008 2052 2107 2084 oculis
2119 2052 2290 2091 intuemur,

1258 2105 1444 2135 Graecorum
1462 2104 1652 2144 scriptorum
1668 2104 1795 2135 dissidio
1810 2104 1937 2135 adducti
1952 2112 2064 2135 sumus
2077 2130 2085 2144 ,
2103 2103 2142 2136 de
2157 2113 2220 2144 quo
2233 2105 2291 2136 tria

1258 2155 1348 2186 nobis
1369 2155 1550 2195 volumina,
1581 2165 1716 2195 quorum
1739 2156 1901 2195 inscriptio
1919 2157 1966 2187 est
1996 2168 2003 2186 :
2028 2156 2069 2187 de
2095 2155 2291 2188 incredibili

1256 2209 1398 2240 historia
1409 2233 1418 2247 ,
1434 2209 1571 2240 studiose
1584 2218 1620 2240 ac
1637 2209 1800 2248 diligenter
1815 2208 2057 2240 elaboravimus.
2076 2221 2092 2236 »

1299 2264 1327 2292 7.
1360 2264 1403 2293 Ac
1420 2271 1545 2292 rursum
1560 2262 1631 2300 post
1653 2261 1711 2291 alia
1732 2261 1885 2292 nonnulla
1907 2260 2014 2292 subdit
2032 2270 2039 2291 ε
2065 2251 2087 2287 ι(
2102 2262 2174 2292 Jam
2198 2269 2290 2299 vero,

1257 2320 1321 2351 quo
1343 2313 1493 2344 illustrior
1513 2312 1665 2343 habeatur
1684 2312 1845 2352 magisque
1867 2312 2013 2343 distincta
2030 2320 2135 2343 rerum
2157 2320 2290 2352 sequen-

1257 2364 1336 2394 tium
1353 2363 1556 2402 intelligentia
1568 2386 1576 2402 ,
1591 2363 1650 2393 hoc
1670 2363 1765 2393 etiam
1781 2363 1852 2393 ante
1869 2362 1973 2393 omnia
1990 2370 2107 2402 ponere
2123 2371 2180 2394 nos
2201 2371 2290 2402 opor-

1258 2415 1299 2444 tet
1313 2438 1320 2451 ,
1361 2413 1571 2445 Barbarorum
1604 2413 1840 2453 antiquissimos
1852 2437 1860 2451 ,
1894 2413 2057 2444 Phoenices
2088 2413 2230 2453 inprimis
2259 2417 2291 2445 et

1259 2465 1417 2504 Aigyptios
1429 2489 1437 2503 ,
1454 2474 1472 2495 a
1485 2464 1601 2503 quilms
1615 2464 1710 2495 ceteri
1724 2464 1869 2504 deinceps
1884 2464 1989 2504 populi
2006 2472 2127 2495 morem
2141 2464 2230 2495 illum
2241 2472 2289 2495 ac·

1255 2525 1384 2556 cepere,
1405 2517 1434 2547 in
1454 2516 1665 2547 maximorum
1680 2515 1811 2546 deorum
1829 2515 1896 2547 loeo
1919 2524 1972 2546 eos
1995 2523 2105 2546 omnes
2127 2515 2288 2551 habuisse,

1255 2568 1307 2607 qui
1329 2577 1376 2599 res
1391 2568 1429 2598 ad
1445 2568 1541 2598 vitam
1568 2566 1721 2605 agendam
1738 2567 1927 2598 necessarias
1948 2566 2156 2605 invenissent,
2173 2565 2290 2606 quique

1256 2619 1443 2651 beneficium
1459 2619 1584 2659 aliquod
1611 2619 1640 2649 in
1662 2627 1758 2657 genus
1778 2618 1953 2649 humanum
1970 2618 2186 2650 contulissent.
2228 2620 2290 2650 Eos

1255 2672 1420 2710 nimirum,
1434 2681 1514 2711 quos
1527 2671 1583 2702 sibi
1598 2672 1806 2710 plurimorum
1821 2670 1976 2702 bonorum
1991 2672 2137 2702 auctores
2146 2678 2212 2701 esse
2225 2678 2289 2709 per-

1255 2722 1433 2760 suaderent,
1450 2723 1484 2752 ut
1497 2722 1572 2753 deos
1585 2721 1769 2760 adorarunt,
1786 2722 1913 2761 satoque
1926 2721 2082 2752 defunctis
2091 2721 2288 2753 exstruentes

1254 2773 1372 2812 templa
1390 2773 1546 2812 stelasque
1562 2774 1592 2804 et
1615 2773 1715 2811 virgas
1733 2773 1870 2812 ipsorum
1888 2771 2016 2803 nomine
2038 2772 2263 2803 conseerarunt
2276 2794 2285 2809 ‚

1255 2832 1354 2863 eaque
1372 2824 1530 2863 praecipuo
1545 2824 1699 2863 religionis
1712 2823 1798 2854 cultu
1812 2823 1968 2863 prosecuti
1989 2822 2174 2861 Phoenices,
2195 2822 2288 2854 festos

1254 2875 1314 2906 illis
1324 2884 1452 2914 quoque
1465 2875 1530 2906 dies
1546 2876 1635 2914 longe
1646 2875 1865 2906 celeberrimos
1876 2874 2072 2905 dedicarunt.
2118 2873 2162 2913 (8)
2178 2874 2213 2904 ln
2224 2881 2287 2913 quo

1253 2926 1380 2964 quidem
1397 2926 1548 2957 eximium
1574 2926 1650 2956 illud
1670 2926 1745 2964 tuit,
1767 2924 1851 2965 quod
1875 2933 1982 2964 regum
2005 2932 2134 2955 suorum
2159 2924 2285 2955 nomina

1254 2977 1388 3007 universi
1406 2977 1500 3014 hujus
1513 2976 1692 3014 elementis,
1707 2985 1743 3007 ac
1757 2975 1944 3016 quibusdam
1959 2983 2069 3006 eorum
2081 2999 2090 3013 ,
2104 2974 2219 3014 quibus
2236 2974 2284 3005 ‹ti-

1255 3027 1415 3058 vinitatein
1441 3027 1496 3067 ipsi
1522 3027 1720 3065 tribuebant,
1747 3027 1952 3066 imponerent.
2000 3024 2165 3057 Naturales
2192 3033 2284 3065 porro

1253 3077 1326 3107 deos
1339 3103 1346 3116 ,
1372 3078 1476 3109 Solem
1490 3102 1497 3116 ‚
1514 3080 1634 3109 Lunam
1655 3078 1852 3117 reliquasque
1868 3077 1972 3108 stellas
1991 3074 2164 3107 inerrantes
2175 3099 2184 3114 ‚
2210 3084 2282 3107 cum

1253 3129 1414 3159 elementis
1427 3137 1463 3159 ac
1480 3129 1592 3160 ceteris
1611 3137 1684 3159 cum
1701 3128 1810 3159 iisdem
1826 3127 1977 3158 affinitate
1991 3126 2165 3166 conjunctis
2176 3149 2184 3164 ,
2202 3127 2283 3157 solos

1253 3192 1289 3212 ex
1308 3181 1453 3212 omnibus
1469 3180 1696 3220 agnoscebant,
1716 3182 1750 3211 ut
1771 3180 1921 3211 mortales
1945 3177 2072 3218 quidem
2095 3178 2188 3216 alios,
2206 3178 2282 3208 alios

1252 3234 1358 3263 aulem
1374 3232 1566 3263 immortales
1585 3232 1660 3263 deos
1674 3231 1834 3263 haberent.
1851 3243 1866 3257 η
2223 3229 2226 3231 ’

1293 3283 1415 3320 Quibus
1430 3282 1518 3313 Philo
1529 3283 1665 3314 breviter
1681 3282 1709 3313 in
1721 3281 1873 3322 prooemio
1888 3280 2077 3318 constitutis,
2090 3279 2127 3310 ad
2142 3279 2278 3311 Sanchu-
