2338 3765
941 132 1265 171 FRAGMENTA.

44 218 170 270 πατρὸς
195 219 378 270 ἐρασθεῖσα
398 217 455 255 καὶ
478 220 656 268 βιασθεῖσα
684 216 742 253 καὶ
772 214 902 266 βαρέως
924 214 1071 266 φέρουσα

43 277 81 314 τὸ
100 277 224 322 πάθος,
239 279 305 313 τῶν
323 275 416 318 τινὰς
430 277 569 313 οἰκετῶν
588 273 914 326 προσποιησαμένη,
934 274 990 310 τὸν
1007 289 1075 310 πα·

42 333 124 384 τέρα
157 333 326 385 κεκυφότα
355 334 401 376 εἷς
426 332 521 370 πίθον
551 332 641 369 οἴνου
677 331 797 369 ὤσασα
835 331 889 368 ἐπὶ
924 332 1074 383 κεφαλῆς

44 391 248 429 ἀπέκτεινεν.

528 457 588 481 20.

95 525 186 560 Exc.
209 525 265 558 De
284 524 368 559 virt.
394 535 402 557 :
421 518 502 558 εὈτι
523 520 610 569 μετὰ
634 519 711 563 τοὺς
727 521 856 570 γάμους
874 519 1072 571 Ἡρακλῆς,

44 578 111 615 εἴτε
130 579 237 628 χολῆς
259 577 427 626 ζεσάσης,
453 577 520 614 εἴτε
543 577 638 628 ἄλλῳ
661 577 777 628 τρόπῳ
804 576 1074 628 παραφρονήσας

44 635 102 672 καὶ
134 634 272 685 μανεὶς,
302 635 423 672 κτείνει
458 634 517 683 μὲν
540 635 598 672 δύο
625 637 691 671 τῶν
713 634 901 686 Ἰφικλέους
922 635 1072 670 παίδων·

41 693 98 729 τὸν
113 692 178 744 γὰρ
194 692 430 744 πρεσὸύτατον
445 692 576 730 Ἰόλαον
596 695 612 729 ὃ
629 692 744 743 πατὴρ
766 692 958 743 ἐξήρπασε·
977 691 1073 728 κτεί-

41 766 89 787 νει
112 750 147 787 δὲ
164 749 240 793 τοὺς
259 750 425 802 Μεγάρας
441 752 541 799 υἱεῖς,
559 745 605 787 ὧν
624 750 680 787 τὸν
694 750 876 792 νεώτατον,
891 748 1073 798 ἐπιμαστί·

42 809 111 844 διον
128 807 231 857 ὄντα,
256 809 464 850 ἀποσπάσας
483 807 540 859 βίᾳ
562 811 622 853 τῆς
643 807 770 858 μητρὸς
784 836 793 852 ,
816 807 931 856 ὀλίγου
955 806 1073 852 ἐδέησε

42 865 205 917 Μεγάραν
239 867 438 903 ἀποκτεῖναι
467 865 698 915 ἀντεχομένην
726 869 785 901 τοῦ
811 865 953 913 παιδὸς,
976 866 1004 901 εἶ
1026 864 1072 913 μὴ

41 923 100 960 καὶ
121 923 248 970 ταύτην
270 923 437 975 ἐρρύσατο
456 923 606 959 ἐπελθὼν
628 923 794 974 Ἰφικλῆς.
818 922 904 960 Μετ’
932 923 968 958 οὐ
986 920 1072 958 πολὺ

41 980 76 1017 δὲ
91 984 202 1018 ταῦτα
218 980 365 1031 δράσας,
384 980 494 1021 ἔννους
509 979 639 1029 ἐγένετο
654 980 711 1016 καὶ
725 979 963 1032 ἐσωφρόνισεν,
984 980 1070 1015 ἐκλι-

39 1039 114 1075 πεῖν
137 1054 172 1075 τε
190 1039 347 1075 διενοεῖτο
367 1038 426 1080 τὰς
440 1038 585 1083 Θήὸας,
611 1038 798 1088 ἀχθόμενος
827 1036 882 1073 ἐπὶ
903 1040 944 1086 τῆ
979 1051 1072 1085 συμ-

40 1101 141 1147 φορᾷ.
171 1096 325 1148 Ἰφικλῆς
350 1095 385 1132 δὲ
416 1096 475 1132 καὶ
508 1095 695 1143 Λικύμνιος
723 1094 941 1146 παρεκάλουν
971 1093 1071 1130 αὐτὸν

40 1153 352 1199 ἀπενιαυτίσαντα,
374 1155 419 1196 ὡς
435 1153 536 1201 νόμος
553 1153 656 1198 ἐστὶν,
679 1152 741 1195 ἔξω
755 1182 764 1200 ,
788 1151 846 1189 καὶ
867 1150 1069 1201 καθηράμε-

39 1227 93 1249 νον
114 1212 313 1249 ἐπανελθεῖν
331 1213 378 1254 εἷς
394 1209 519 1256 Θήὸας
531 1240 539 1256 ,
561 1210 618 1247 καὶ
638 1212 755 1247 οἰκεῖν.
779 1209 838 1251 Ὡς
855 1210 884 1246 δ’
905 1211 964 1246 οὐκ
979 1208 1071 1245 ἔπει-

39 1273 107 1315 θον,
135 1269 193 1307 καὶ
227 1269 324 1306 αὐτοὶ
353 1268 633 1320 συνεξώρμησαν.
659 1268 806 1318 Μεγάρα
833 1267 868 1303 δὲ
895 1266 953 1304 καὶ
983 1265 1069 1312 αὐτὴ

40 1326 241 1378 συνεξώρμα
254 1356 263 1373 ,
284 1329 345 1372 τῆς
362 1326 490 1377 μητρὸς
510 1325 710 1370 κωλυούσης
728 1326 769 1374 (1)
784 1354 793 1371 ‚
815 1328 872 1361 τοῦ
895 1324 929 1361 δὲ
946 1324 1073 1374 πατρὸς

40 1389 322 1427 συνεπαινοῦντος
355 1383 536 1435 Κρέοντος.
569 1382 760 1435 Εὐρυσθεὺς
791 1382 826 1420 δὲ
859 1385 876 1419 ὁ
906 1383 1072 1420 Σθενέλου

37 1446 95 1480 τοῦ
117 1443 299 1494 Περσέως,
324 1442 524 1490 αἰσθόμενος
543 1440 587 1478 τὰ
607 1440 851 1478 καταλαὸόντα
870 1439 1050 1491 εΗρακλέα
1063 1469 1072 1486 ,

39 1500 279 1550 μετεπέμπετο
299 1500 400 1537 αὐτὸν
427 1502 474 1542 εἷς
493 1499 664 1551 Τίρυνθα·
686 1502 703 1536 ὁ
720 1498 776 1548 δὲ,
803 1500 849 1541 εἷς
869 1501 943 1534 νοῦν
968 1498 1073 1549 βαλό-

38 1573 136 1607 μενος
161 1558 199 1596 τὸ
219 1557 448 1610 Ἀμφιτρύωνι
475 1557 636 1608 χρησθὲν,
668 1556 719 1594 ὅτι
739 1556 851 1609 χρεὼν
873 1556 924 1602 εἴη
956 1556 1071 1592 πείθε-

38 1619 116 1653 σθαι
138 1618 316 1667 Εὐρυσθεῖ,
334 1616 393 1653 καὶ
411 1617 545 1658 ἐσαῦθις
569 1615 658 1664 μέγα
683 1614 766 1658 ἕξειν
796 1613 905 1660 κλέος,
935 1613 1071 1663 ἐναγόν-

37 1690 104 1711 των
127 1673 165 1724 (2)
181 1674 255 1723 ἅμα
280 1674 469 1723 Λικυμνίου
489 1673 548 1711 καὶ
571 1673 762 1721 Ἀλκμήνης
790 1672 879 1709 κατὰ
903 1671 965 1717 τὴν
987 1687 1073 1722 συγ-

37 1731 183 1782 γένειαν,
199 1731 359 1784 ὥρμησεν
381 1732 596 1783 εἷςΤίρυνθα
614 1730 701 1780 μετὰ
716 1731 871 1769 πάντων.
899 1729 970 1767 Καὶ
998 1729 1073 1767 ἐπεὶ

39 1790 216 1842 ἀφίκοντο,
229 1789 422 1840 Εὐρυσθεὺς
440 1788 617 1840 Λικυμνίῳ
633 1788 694 1838 μὲν
715 1788 773 1825 καὶ
791 1788 936 1838 Ἰφικλεῖ
953 1787 1074 1829 εὐθέως

38 1848 132 1899 φίλος
143 1844 198 1895 ῆν,
208 1847 386 1898 Ἡρακλέα
399 1847 433 1884 δὲ
448 1849 639 1898 ὑφεωρᾶτο,
653 1845 710 1883 καὶ
722 1847 880 1895 οὐδαμῶς
894 1846 1074 1897 ᾠκειοῦτο,

37 1905 248 1958 προσέταττέ
281 1921 317 1943 τε
355 1907 447 1956 αὐτῷ
475 1905 552 1947 τοὺς
583 1904 703 1946 πόνους
737 1905 896 1949 ἐκτελεῖν,
917 1902 1073 1945 οὕστινας

37 1963 159 2008 ἄθλους
175 1965 363 2014 καλοῦμεν.
380 1963 423 2002 ‘O
439 1962 473 2000 δὲ
489 1962 656 2009 ἐπείθετο,
670 1964 718 2014 τῷ
734 1961 883 2011 μαντείῳ
899 1961 1073 2010 ἑπόμενος.

189 2039 305 2076 Ζήτει
333 2039 369 2070 ἐν
397 2041 447 2078 τῷ
473 2038 564 2078 Περὶ
590 2027 965 2077 ἀνδραγαθημάτων.

523 2126 588 2149 21.

91 2196 190 2233 lbid.
219 2208 227 2230 ε
246 2192 332 2232 Ὅτι
353 2192 580 2243 Σκάμανδρος
600 2194 616 2228 ὃ
638 2190 843 2242 βασιλεύσας
876 2189 917 2241 (1)
939 2191 1073 2241 πρῶτος

35 2253 104 2289 τῶν
126 2251 272 2303 Τρώων,
295 2247 438 2300 Σάμωνι
456 2249 674 2301 χρησάμενος
691 2251 844 2300 συνεργῷ
856 2279 866 2298 ,
883 2248 960 2290 τοὺς
980 2249 1013 2284 ἐν
1031 2250 1073 2298 τῆ

2089 147 2162 179 369

1137 224 1194 254 rat.
1221 224 1276 255 llla
1299 234 1404 257 casum
1428 236 1508 267 aegre
1530 229 1646 266 serens,
1662 231 1827 270 assumptis
1845 231 1967 262 famulis
1987 233 2162 269 nonnullis,

1136 296 1276 333 patrem,
1300 295 1374 325 ‹lum
1399 297 1430 326 in
1452 297 1570 329 dolium
1596 299 1656 329 vini
1679 301 1807 339 plenum
1832 310 1948 341 pronus
1970 303 2109 341 spectat,
2135 302 2166 332 in

1135 364 1230 402 caput
1246 363 1313 402 ejus
1330 364 1458 396 trudens
1476 366 1581 406 injecit
1601 370 1696 409 atque
1713 371 1756 401 sic
1769 372 1935 403 interserit.

1620 459 1674 489 20.

1177 532 1314 562 Peractis
1328 532 1457 572 nuptiis,
1473 535 1633 573 Hercules,
1645 536 1709 567 sive
1722 537 1913 570 inflammata
1929 541 2002 580 bile,
2020 542 2085 573 sive
2104 543 2166 573 alia

1135 591 1198 621 qua
1217 592 1257 614 ex
1281 592 1375 613 eausa
1393 592 1501 614 amens
1521 593 1557 614 ac
1582 586 1610 616 iu
1638 587 1775 627 surorum
1796 599 1923 629 versus,
1942 592 2021 622 duos
2042 594 2167 631 lpliiclis

1136 634 1216 664 lilios
1229 635 1371 672 necavit3
1387 644 1524 674 namque
1539 637 1711 667 maximum
1727 641 1801 669 natu
1817 642 1938 672 lolauin
1952 645 2039 681 pater
2054 653 2070 674 e
2084 645 2164 683 peri-

1136 685 1208 715 eulo
1223 685 1430 716 subduxerat.
1446 686 1490 716 Ad
1504 686 1570 716 llaec
1581 696 1765 719 communes
1780 690 1904 730 liberos,
1915 702 1994 731 quos
2007 703 2024 726 e
2044 697 2167 733 Megara

1135 736 1321 774 sustulerat,
1342 735 1498 766 interfecit
1515 748 1522 766 z
1538 745 1672 775 quorum
1688 739 1815 777 quidem
1837 742 2001 773 minimum
2017 746 2092 775 natu
2107 746 2164 776 ad-

1136 787 1198 817 huc
1214 788 1383 818 lactentem
1400 797 1498 827 quum
1516 797 1533 818 a
1550 790 1652 819 matre
1672 798 1725 828 per
1739 791 1803 821 vim
1817 793 1985 832 abriperet,
2001 797 2166 828 minimum

1135 839 1235 869 abfuit
1254 839 1330 878 quin
1349 840 1381 870 et
1405 841 1561 877 Megaram
1588 840 1687 879 ipsam
1704 843 1814 872 contra
1830 844 2014 876 renitentem
2032 848 2167 885 perime-

1135 891 1200 927 ret;
1215 889 1269 920 sed
1289 899 1358 921 eam
1372 891 1594 930 superveniens
1617 892 1750 931 lpliicles
1766 893 1924 925 liberavit.
1946 897 2036 927 Haud
2062 899 2165 929 mullo

1135 942 1204 979 post
1220 941 1386 979 Hercules,
1401 950 1500 980 quum
1512 941 1551 971 ad
1565 942 1720 973 saniorem
1731 945 1868 974 mentem
1885 954 2026 978 reversus
2048 950 2169 980 facinus

1133 1001 1226 1022 suum
1241 994 1438 1032 agnovisset,
1462 994 1550 1032 gravi
1570 994 1680 1025 dolore
1703 996 1857 1034 affectus,
1876 998 1993 1029 Thebis
2016 1002 2168 1031 excedere

1133 1043 1254 1074 statuit.
1270 1044 1328 1074 Cui
1345 1053 1445 1083 quum
1461 1045 1594 1084 iphicles
1606 1054 1643 1076 ac
1658 1046 1837 1086 Licymnius
1850 1049 2034 1089 suaderent,
2047 1053 2083 1082 ut
2097 1055 2169 1091 post

1134 1095 1207 1125 anni
1220 1096 1374 1135 (memmi)
1388 1096 1520 1127 exilium
1533 1105 1572 1127 ex
1588 1106 1675 1128 more
1692 1098 1900 1138 institutoque
1911 1102 2041 1133 Grieciae
2055 1103 2168 1135 lustra-

1133 1148 1201 1184 tus,
1224 1147 1347 1177 Thebas
1370 1147 1486 1177 reverti
1506 1147 1612 1187 ibique
1634 1149 1795 1180 considere
1816 1151 1926 1189 vellet,
1954 1153 2095 1192 nihilque
2116 1156 2170 1185 ail-

1134 1196 1262 1227 modum
1275 1197 1470 1228 suasionibus
1483 1199 1546 1229 suis
1554 1198 1753 1238 proficerent,
1763 1200 1818 1239 ipsi
1827 1210 2032 1241 quoqueeum
2044 1205 2158 1236 Thebis

1132 1247 1302 1278 abeuntem
1316 1249 1414 1279 secuti
1431 1250 1515 1279 sunt.
1532 1249 1615 1286 Quin
1629 1251 1660 1281 et
1674 1253 1797 1290 Megara
1808 1276 1815 1290 ,
1829 1253 1967 1284 multum
1985 1254 2057 1285 licet
2073 1257 2171 1287 reela-

1133 1301 1239 1330 mante
1256 1300 1375 1338 matre,
1393 1301 1482 1339 patre
1500 1301 1608 1331 tamen
1622 1302 1759 1333 Creonte
1776 1303 1906 1335 minime
1923 1304 2021 1336 invito
2032 1330 2040 1343 ,
2064 1308 2168 1338 virum

1133 1352 1283 1382 comitata
1299 1353 1357 1382 est.
1377 1353 1416 1382 At
1433 1352 1644 1390 Eurystheus,
1662 1353 1801 1384 Stheneli
1817 1354 1914 1393 filius,
1931 1357 2031 1387 Persei
2047 1366 2144 1396 nepos
2155 1383 2163 1394 ,

1133 1406 1296 1442 comperto
1316 1404 1459 1434 Herculis
1472 1412 1546 1435 casu
1557 1427 1565 1441 ,
1584 1404 1770 1443 Tirynthem
1784 1413 1858 1436 eum
1873 1407 2049 1438 accersivit.
2068 1409 2164 1444 igitur

1134 1455 1298 1493 Hercules,
1310 1455 1493 1486 recordatus
1503 1456 1669 1486 oraculum
1680 1455 1756 1486 illud
1764 1457 1983 1496 Amphitryoni
1997 1458 2167 1497 redditum,

1133 1513 1197 1545 quo
1213 1506 1401 1545 praedictum
1415 1508 1484 1537 erat
1500 1506 1532 1537 in
1553 1506 1623 1537 satis
1639 1516 1704 1538 esse
1715 1530 1723 1545 ‚
1748 1509 1784 1538 ut
1800 1507 1865 1546 ipse
1889 1509 2066 1548 Eurystheo
2079 1519 2165 1549 pare-

1134 1557 1199 1594 ret,
1215 1555 1328 1587 exinde
1344 1565 1377 1587 se
1391 1556 1563 1586 maximam
1578 1556 1708 1595 gloriam
1729 1559 1974 1589 consecuturum
1988 1571 1996 1597 ;
2011 1560 2169 1600 simulque

1135 1607 1285 1637 Alcmena
1301 1615 1338 1637 ae
1359 1606 1523 1645 Licymnio
1546 1606 1786 1637 adhortantibus
1809 1607 1899 1638 illum
1915 1608 1956 1639 ob
1976 1610 2171 1648 cognationis

1134 1658 1420 1695 necessitudinem,
1441 1666 1512 1696 quae
1534 1657 1606 1696 ipsis
1631 1666 1704 1688 cum
1731 1660 1905 1697 Eurystheo
1930 1660 2143 1692 intercedebat
2161 1674 2168 1692 :

1134 1709 1318 1747 Tirynthem
1335 1718 1410 1739 cum
1428 1708 1514 1738 omni
1540 1708 1694 1739 comitatu
1717 1710 1763 1739 est
1778 1710 1949 1749 profectus.
1973 1713 2045 1747 Quo
2069 1721 2168 1752 quum

1135 1760 1368 1799 pervenissent,
1388 1760 1583 1797 Eurystheus
1600 1759 1798 1798 Licymnium
1821 1761 1948 1799 quidem
1966 1764 2061 1801 atque
2082 1763 2168 1802 lphi-

1135 1811 1215 1841 clem
1229 1811 1334 1842 statim
1351 1811 1570 1841 benevolentia
1588 1811 1754 1849 complecti
1772 1811 1885 1850 erepit,
1912 1813 2079 1844 Herculem
2095 1822 2169 1844 vero

1135 1863 1339 1893 aversabatur
1364 1863 1612 1901 suspectumque
1635 1862 1787 1901 habebat,
1813 1862 1903 1902 eique
1926 1863 2067 1901 labores,
2091 1873 2170 1903 quos
2204 1883 2211 1889 -

1135 1914 1229 1952 vulgo
1252 1915 1387 1952 vocant,
1415 1913 1593 1952 imperavit.
1623 1913 1774 1944 Hercules
1790 1921 1865 1943 vero
1877 1936 1885 1951 ‚
1903 1915 2032 1945 oraculo
2049 1923 2168 1945 morem

1135 1974 1245 2006 gerens
1255 1990 1262 2004 ,
1280 1965 1526 2005 haudquaquam
1540 1966 1694 2004 imperata
1709 1964 1809 1996 facere
1828 1964 2026 1997 detrectavit.

1239 2036 1359 2066 Cetera
1380 2036 1456 2074 pete
1473 2042 1516 2065 σω
1531 2036 1699 2074 excerptis
1718 2036 1765 2065 De
1782 2018 1930 2073 sortiter
1939 2034 2061 2073 factis

1623 2112 1679 2143 21.

1177 2191 1379 2229 Scamander,
1406 2191 1460 2230 qui
1486 2190 1607 2230 primus
1635 2190 1778 2228 Trojauis
1808 2191 1990 2230 imperavit,
2023 2192 2168 2223 samonis

1139 2259 1233 2291 opera
1253 2259 1348 2288 usus,
1366 2248 1535 2286 barbaros,
1556 2247 1610 2287 qui
1635 2248 1790 2279 Troadem
1813 2248 2008 2286 incolebant,
2031 2250 2166 2289 subegit.

54 2314 2158 2332 Ν

35 2362 176 2401 γήμαντα
198 2361 323 2397 Κλείτην
340 2360 505 2399 συμόαλεῖν
529 2359 566 2390 δι’
585 2359 711 2398 ἄγνοιαν
728 2361 788 2394 τοῖς
808 2358 883 2398 μετὰ
903 2357 1037 2392 Ἰάσονος
1062 2356 1109 2386 ἐπὶ
1126 2359 1177 2392 τῆς
1202 2355 1322 2394 Ἀργοῦς
1339 2354 1476 2384 πλέουσι.
1506 2352 1612 2383 schol.
1632 2352 1774 2391 Apollon.
1803 2352 1861 2382 Rh.
1883 2354 1915 2390 Ι,
1937 2357 2012 2383 1063
2035 2365 2042 2383 ;
2062 2353 2097 2383 Ὁ
2115 2354 2168 2393 μὲν

35 2407 232 2443 Ἀπολλώνιος
247 2407 395 2446 νεόγαμον
411 2407 462 2436 τὸν
480 2406 608 2442 Κύζικον
622 2407 673 2436 καὶ
689 2406 804 2436 ἄπαιδα
822 2404 1034 2444 (τεθνηκέναι)
1054 2404 1183 2442 ἱστορεῖ·
1209 2403 1261 2438 τὴν
1287 2402 1317 2431 δὲ
1336 2400 1462 2435 Κλείτην
1481 2399 1631 2438 (γαμετὴν
1656 2407 1719 2430 ein.
1737 2399 1870 2429 Meinelz.
1896 2399 2030 2438 Euphor.
2055 2408 2085 2439 p.
2108 2403 2167 2438 60)

36 2454 72 2484 οὐ
86 2455 225 2494 Μέροπος
238 2454 316 2492 λέγει
331 2453 495 2492 θυγατέρα,
512 2454 656 2491 Θρῆσσαν
671 2452 842 2492 (Λάρισσαν
856 2460 918 2481 eiu.
938 2452 999 2488 M.)
1014 2451 1044 2480 δὲ
1061 2451 1114 2487 τὴν
1130 2448 1249 2480 Πιάσου
1261 2459 1267 2465 ·
1286 2447 1353 2477 οὐδὲ
1363 2447 1468 2476 παθεῖν
1481 2456 1508 2475 τι
1526 2446 1573 2475 ἐπὶ
1591 2447 1634 2484 τῷ
1647 2447 1701 2474 τοῦ
1718 2444 1821 2484 ἀνδρὸς
1839 2444 1958 2483 θανάτῳ
1969 2468 1977 2481 ,
1993 2445 2166 2485 ἀπαχθῆναι

36 2501 68 2531 δὲ
91 2500 195 2530 οἶκαδε
216 2500 275 2530 ὑπὸ
289 2502 342 2530 τοῦ
359 2498 482 2538 πατρὸς.
502 2501 550 2530 Ex
564 2498 611 2528 his
627 2498 666 2530 de
679 2499 779 2538 patria
792 2498 920 2537 quidem
934 2497 1063 2528 Larissae
1077 2495 1154 2527 nihil
1171 2494 1339 2531 docenium
1360 2501 1470 2523 verum
1485 2491 1636 2531 probabili
1649 2491 1822 2521 admodum
1834 2490 1953 2521 ratione
1970 2491 2041 2522 inde
2054 2492 2167 2531 colligi-

36 2555 119 2584 mus,
132 2546 295 2578 Nicolaum
310 2545 348 2576 de
361 2545 483 2576 Larissa
493 2545 640 2576 Thessala
653 2545 682 2575 in
695 2545 873 2575 narratione
887 2544 925 2574 de
939 2542 1126 2581 Argonautis
1139 2541 1265 2579 dixisse,
1280 2547 1440 2578 unumque
1456 2538 1546 2568 fuisse
1560 2546 1680 2574 eorum,
1691 2537 1744 2576 qui
1759 2546 1890 2567 uxorem
1902 2537 2003 2576 Cyzici
2017 2537 2056 2567 ab
2071 2541 2166 2576 Argo-

36 2593 142 2623 nautis
155 2592 310 2623 interfecti
330 2600 394 2622 non
412 2592 544 2630 Clyten,
558 2591 611 2622 sed
639 2590 792 2622 Larissam
807 2590 899 2621 tuisse
913 2589 1122 2620 tradiderunt.
1146 2588 1237 2626 Clyte
1261 2585 1427 2625 suspendio
1442 2586 1539 2615 vitam
1557 2584 1672 2614 finiisse
1685 2584 1800 2614 dieitur
1823 2584 1872 2621 (v.
1890 2584 2034 2622 Apollon.
2054 2585 2113 2614 Rh.
2136 2587 2164 2620 l,

40 2637 149 2676 1065).
173 2637 260 2668 idem
280 2638 374 2668 etiam
391 2637 430 2668 de
448 2637 569 2668 Larissa
590 2638 753 2675 narratum
772 2644 838 2666 esse
854 2635 1006 2674 suspicor,
1029 2642 1222 2674 quamquam
1239 2633 1329 2663 aliter
1346 2632 1455 2662 statuit
1474 2630 1642 2669 Euphor-io.
1661 2631 1754 2660 Certe
1782 2630 1935 2668 ejusmodi
1955 2630 2095 2661 fabulam
2122 2632 2167 2661 fa-

37 2683 152 2714 cillime
167 2683 388 2722 suppeditabat
403 2683 571 2714 Thessaliae
593 2682 736 2722 Λάρισσα
753 2681 972 2721 Κρεμαστή,
987 2681 1046 2711 ὑπὸ
1060 2683 1149 2710 τινῶν
1169 2680 1199 2709 δὲ
1217 2678 1376 2715 Πελασγία
1395 2678 1544 2717 λεγομένη
1558 2701 1565 2715 ,
1583 2678 1657 2707 urbs
1674 2676 1809 2715 regionis
1825 2677 1948 2716 εὐύδρου
1965 2678 2016 2707 καὶ
2032 2677 2162 2716 ἀμπελο-

36 2730 130 2770 φύτου
145 2729 277 2768 (Strabo
300 2731 359 2767 IX,
377 2737 407 2767 p.
424 2729 516 2767 440).
535 2729 628 2764 Quod
645 2728 780 2767 deniqne
803 2730 945 2758 Piasum
965 2726 1007 2765 (i.
1025 2735 1053 2757 e.
1071 2726 1199 2765 πιαρὸν)
1217 2725 1349 2762 attinet,
1365 2724 1457 2754 heros
1472 2724 1522 2754 ille
1540 2723 1658 2762 optime
1675 2723 1758 2753 cadit
1777 2723 1808 2752 in
1828 2723 1972 2762 quamvis
1988 2723 2164 2762 Larissam,

37 2785 110 2816 quae
122 2778 246 2816 pinqui
263 2775 418 2814 fertilique
435 2775 573 2814 planitiei
591 2775 779 2805 immineret.
802 2776 891 2805 Hanc
909 2773 992 2804 enim
1014 2772 1136 2811 pinguis
1151 2772 1214 2809 agri
1232 2771 1393 2801 notionem
1422 2770 1500 2800 Piasi
1526 2770 1653 2799 nomine
1675 2768 1761 2799 innui
1779 2769 1897 2808 optime
1915 2771 2021 2800 monet
2039 2770 2162 2799 Miiller.

38 2824 123 2853 Min.
140 2831 171 2861 p.
192 2825 246 2852 126
257 2844 266 2859 ‚
284 2821 380 2860 idque
396 2821 458 2859 ipse
473 2821 567 2851 etiam
584 2820 697 2851 Strabo
713 2819 843 2850 sensisse
858 2819 954 2849 videri
969 2818 1076 2858 possit,
1097 2817 1151 2856 qui
1167 2817 1204 2848 iis
1226 2826 1297 2856 quae
1317 2816 1356 2847 de
1373 2816 1460 2846 Piaso
1477 2815 1571 2845 modo
1587 2814 1828 2853 adscripsimus,
1845 2815 2010 2853 praemittit
2031 2815 2135 2845 haecce
2155 2829 2161 2846 ε

38 2868 129 2898 Ἴδιον
146 2868 178 2898 δέ
194 2878 222 2897 τι
235 2870 297 2902 τοῖς
310 2866 512 2906 Λαρισσαίοις
526 2867 637 2903 συνέὸη
651 2889 658 2903 ,
679 2869 740 2901 τοῖς
758 2868 956 2904 Καϋστρινοῖς
969 2865 1020 2895 καὶ
1034 2867 1095 2898 τοῖς
1112 2865 1304 2902 Φρικωνεῦσι
1322 2863 1373 2891 καὶ
1390 2861 1499 2901 τρίτοις
1513 2864 1574 2896 τοῖς
1592 2861 1621 2890 ἐν
1644 2860 1794 2900 Θετταλία
1806 2868 1812 2874 ·
1829 2861 1957 2896 ἅπαντες
1974 2861 2030 2900 γαρ
2047 2871 2092 2891 πο
2103 2872 2162 2891 τα-

39 2914 244 2954 μόχωστον
256 2914 309 2950 τὴν
326 2914 429 2953 χώραν
449 2912 553 2952 ἔσχον,
573 2915 600 2943 οἱ
618 2913 670 2952 μὲν
683 2912 743 2942 ὑπὸ
759 2914 812 2941 τοῦ
830 2910 1003 2950 Καϋστρίου
1014 2933 1022 2948 ,
1037 2911 1064 2940 οἱ
1079 2909 1109 2939 δὲ
1127 2909 1185 2939 ὑπὸ
1202 2913 1256 2939 τοῦ
1273 2910 1404 2948 Ἑρμοῦ,
1423 2910 1450 2938 οἱ
1470 2909 1495 2938 δ’
1510 2908 1570 2938 ὑπὸ
1589 2910 1642 2937 τοῦ
1660 2909 1801 2943 Πηνειοῦ.

79 2966 128 2992 20.
156 2959 232 2991 cod.
264 2962 386 2991 Turon.
410 2959 478 2997 sol.
501 2964 578 2995 229,
606 2963 642 2989 16
660 2967 690 2988 r.
706 2976 746 2979 —
763 2961 840 2996 229,
867 2962 884 2987 (3
914 2965 981 2987 vso.
996 2975 1035 2982 --
1055 2960 1083 2986 1.
1103 2955 1351 2995 κωλυούσης]
1374 2957 1510 2994 coi-ay„
1532 2953 1684 2989 καλούσης
1699 2953 1817 2991 codex,
1835 2953 2047 2988 ἀνακαλούσης
2070 2953 2160 2983 Vale-

36 3008 111 3039 sius.
127 3008 200 3038 Mox
219 3005 314 3036 verba
335 3006 366 3036 δὲ
389 3006 406 3036 ὁ
425 3005 494 3045 post
516 3013 547 3035 V.
571 3005 739 3045 Εὐρυσθεὺς
761 3003 917 3043 supplevit
940 3002 1092 3033 Valesius.
1111 3021 1150 3027 -
1167 3005 1194 3031 2.
1215 2999 1454 3040 ἐναγόντων]
1478 3000 1547 3030 Val.
1561 3024 1569 3037 ‚
1588 3000 1770 3039 ξεναγόντων
1793 2998 1904 3029 codex.
1924 2998 2042 3029 Deinde
2059 2999 2158 3029 codex

36 3055 227 3094 λικυμναίου.

79 3105 126 3132 21.
155 3100 232 3132 cod.
265 3101 388 3131 Turon.
409 3097 476 3136 sol.
505 3101 583 3136 229,
605 3099 704 3128 7-14
724 3105 791 3127 vso.
807 3114 846 3118 —
863 3099 888 3126 1.
905 3093 1108 3136 βασιλεύσας]
1127 3094 1239 3132 Coray.
1268 3094 1407 3133 βασιλεὺς
1428 3093 1497 3123 cod.
1519 3106 1531 3117 a
1551 3091 1741 3123 Scamander
1759 3092 1932 3127 Cretensis,
1953 3099 2050 3129 quum
2066 3091 2159 3121 Creta

38 3147 163 3187 frugum
183 3146 287 3186 inopia
304 3146 480 3183 laboraret,
506 3154 578 3175 eum
602 3147 690 3184 parte
711 3144 804 3174 tertia
829 3142 935 3182 populi
961 3141 999 3172 ad
1017 3143 1141 3171 exteras
1157 3140 1245 3170 sedes
1264 3139 1449 3178 quaerendas
1465 3139 1623 3178 profectus
1639 3140 1704 3175 est,
1726 3137 1765 3167 ab
1782 3137 1924 3176 Apolline
1943 3137 2098 3173 monitus,
2116 3135 2157 3165 ibi

39 3202 110 3224 eum
127 3193 308 3224 habiturum
328 3191 436 3228 sedes,
455 3190 506 3220 nbi
521 3200 539 3221 a
559 3190 719 3229 terrigenis
737 3191 817 3219 esset
833 3190 1042 3227 oppugnatus.
1064 3186 1194 3217 Delatus
1214 3186 1333 3224 ergoin
1358 3185 1542 3224 Phrygiam,
1559 3193 1658 3223 quum
1684 3185 1785 3214 castra
1807 3183 1844 3213 ad
1872 3182 1958 3213 idam
1983 3181 2154 3231 posuisset,

39 3248 144 3270 mures
159 3247 290 3269 arcuum
304 3246 416 3268 nervos
431 3238 462 3268 et
483 3237 550 3267 lora
565 3238 728 3267 scutorum
744 3236 943 3271 arroserunt,
970 3241 1049 3273 quos
1071 3231 1260 3264 Scamander
1283 3232 1387 3262 hostes
1405 3232 1576 3269 terrigenas
1593 3231 1814 3269 interpretatus
1826 3253 1834 3267 ,
1851 3229 1891 3259 ibi
1914 3229 2023 3259 urbem
2048 3232 2156 3257 eondi-

39 3283 85 3315 dit
101 3286 132 3315 et
149 3293 221 3314 cum
233 3283 372 3314 finitimis
387 3282 468 3313 bella
479 3282 587 3321 gessit,
603 3284 638 3312 ut
651 3290 690 3312 ex
703 3283 804 3319 Trogo
822 3279 969 3319 Pompejo
983 3280 1078 3310 refert
1094 3279 1221 3311 servius
1233 3278 1271 3309 ad
1291 3280 1359 3309 AEn.
1377 3279 1439 3315 111,
1462 3279 1516 3308 104
1534 3278 1565 3307 et
1582 3277 1724 3307 Eustath.
1743 3276 1781 3305 ad
1797 3276 1871 3306 11.α’
1888 3274 1929 3313 [p.
1947 3273 2030 3312 35‚4]
2044 3282 2155 3312 quam-

188 3346 371 3368 FRAGMENTA
394 3346 517 3367 utsTon.
539 3345 590 3367 Gn.
614 3353 645 3359 —·
665 3345 735 3366 vot..
757 3345 800 3366 nt.
1962 3334 1994 3357 24
