2289 3728
238 190 1246 284 PHILOSTEPHANUS
1312 194 1958 283 CYRENAEUS.

103 544 404 591 Philostephanus
424 544 436 589 (
453 550 629 590 corrupte
649 539 911 592 Πολυστέφανος
938 541 1076 586 s1.28;

50 603 219 654 Στέφανος
240 603 285 639 fr.
308 614 351 636 10
367 607 464 636 not
457 599 680 651 ,Φιλόχορος
694 601 740 638 ft.
759 613 842 649 9c1)
833 601 1076 648 Cylenaeus,

49 663 250 709 discipulus
283 660 352 694 fuit
378 629 593 697 Callimachi
624 658 879 710 (Καλλιμάχου
911 656 1080 708 γνώριμος

50 722 92 755 tr.
123 718 202 767 20).
238 720 346 754 Diem
374 718 618 754 Callimachus
653 719 746 753 obiit
779 718 847 752 sub
878 718 1078 752 Ptolemaeo

45 780 229 824 Eue1gete
264 777 382 820 (circa
412 788 470 812 an.
503 781 577 818 240
611 788 684 813 560.
718 776 873 812 Ritschl
913 773 1004 810 U.eb
1042 775 1077 810 d.

51 836 221 871 Clu-,onol
244 835 282 871 d.
305 833 678 881 Aleoe.Bibliotl1eA-).
704 833 1080 880 Polystephanumli—

46 894 156 927 11111111
170 905 276 927 suum
291 890 379 942 Περι
400 891 601 941 εὑρημάτων
618 892 685 926 sub
700 903 814 938 reg-no
832 891 1081 937 Philopatoris

49 950 168 1001 (222-
172 951 266 999 206)
287 952 345 985 vel
365 951 474 985 etiam
492 957 619 997 postea
639 962 768 984 0011501
771 961 896 996 ipsisse
915 955 1017 995 patet
1036 960 1081 982 ex

48 1010 180 1056 tiagm.
204 1021 264 1056 29.
278 1009 381 1056 Opus
397 1008 443 1043 de
456 1008 613 1043 ulhibus
629 1007 695 1042 sub
714 1007 818 1041 initio
836 1007 940 1053 legni
957 1007 1082 1040 Ptole—

46 1070 127 1102 maei
148 1068 377 1115 Ph1lopat01
371 1080 398 1101 is
419 1067 668 1113 compositum
687 1077 763 1100 esse
780 1066 904 1099 nescio
919 1077 965 1099 an
982 1071 1081 1099 recte

48 1127 262 1173 collegerim
286 1138 330 1161 ex
357 1126 487 1172 fiagm.
516 1124 550 1159 8.
573 1125 696 1171 Ope1a
716 1123 994 1169 Philostephani
1026 1123 1081 1156 ci-

48 1191 199 1219 tantm:

103 1242 137 1288 )
167 1239 271 1292 Περι
291 1242 372 1277 τῶν
394 1241 432 1276 ἐν
453 1238 566 1290 Ἀσίᾳ
586 1237 748 1275 πόλεων
773 1240 839 1287 (fi.
870 1240 924 1287 1),

101 1324 165 1358 His
179 1312 291 1357 alima
311 1335 396 1369 pais
412 1322 538 1368 juncta
557 1321 691 1357 fuerit:
714 1319 822 1370 Περὶ
839 1321 918 1356 τῶν
941 1321 980 1356 ἐν
998 1320 1052 1356 1Ξύ
1066 1340 1084 1346 —

50 1378 165 1430 ρώπη
201 1379 275 1429 (xel
305 1387 403 1414 certe
422 1394 488 1414 των
521 1379 554 1414 ἐν
584 1377 746 1427 Ἑλλάδι)
767 1377 932 1414 πόλεων
947 1378 1083 1426 ,cujus

49 1439 167 1484 capita
190 1439 298 1472 luisse
318 1444 437 1484 puto:

101 1514 134 1559 2)
158 1510 245 1563 Περὶ
264 1511 445 1557 Κυλλήνης
465 1511 528 1561 (fr.
553 1510 608 1561 9).

100 1569 135 1620 3)
160 1569 394 1621 ’11πειρωτικά
413 1570 477 1619 (fr.
497 1584 520 1618 9
544 1567 602 1617 ἀ).

101 1647 224 1680 Tertia
250 1658 336 1693 pars
362 1646 472 1691 hujus
502 1648 734 1694 periegeseos
762 1647 1018 1694 Π0001111111096
1049 1654 1085 1681 et

49 1704 308 1751 111>t11010c1cae
328 1704 457 1739 haberi
477 1711 599 1751 potest
617 1717 738 1751 opus:

102 1779 140 1827 4)
165 1777 271 1828 Περὶ
294 1777 438 1823 νήσων
472 1778 537 1830 (fr.
565 1793 623 1815 11
647 1787 683 1814 et
720 1780 797 1825 16).
832 1779 950 1826 Caput
977 1779 1085 1825 hujus

50 1837 135 1871 libri
154 1837 324 1872 laudatur
340 1850 348 1871 z

106 1894 192 1943 Περὶ
214 1893 356 1945 Κύπρου
380 1894 445 1943 (fr.
469 1908 526 1931 10.
557 1894 634 1943 13).
657 1897 737 1930 Alia
767 1903 850 1930 sunt
879 1896 923 1931 (lc
956 1896 1085 1930 Sicilia

52 1952 124 2000 (fr.
153 1952 270 1998 15-17
287 1953 376 2002 )‚(le
393 1954 573 1988 Calauria
594 1954 658 1996 (fr.
686 1954 767 2002 18),
786 1956 832 1988 cle
850 1954 994 2000 Stryme
1015 1955 1081 1990 ins.

54 2011 126 2060 (fr.
149 2014 225 2060 19).

103 2081 133 2105 5.
161 2067 247 2117 Περὶ
266 2069 432 2117 ποταμῶν
451 2067 651 2119 παραδόξων
673 2070 740 2118 (fr.
761 2070 844 2118 20).

106 2130 117 2171 [
133 2125 220 2176 Περὶ
236 2126 365 2174 λιμνῶν
383 2125 600 2176 παραδόξων,
618 2128 663 2165 fr.
695 2127 773 2175 17.]

104 2197 133 2222 6.
156 2180 245 2234 Περὶ
268 2185 402 2233 κρηνῶν
423 2185 496 2233 (fr.
518 2185 607 2233 28).

105 2240 247 2291 [Αἴτια,
267 2243 311 2277 fr.
338 2241 423 2290 14.]

105 2312 133 2336 7.
154 2299 242 2349 Περὶ
264 2298 469 2350 εὑρημάτων
490 2299 563 2347 (fr.
584 2298 669 2349 29).

105 2370 135 2394 8.
160 2356 417 2405 ‘Timuit-ripam
442 2357 505 2406 (fr.
528 2357 573 2393 33
588 2358 613 2405 ).

107 2439 150 2472 In
166 2439 270 2473 libris
295 2439 551 2485 geographicis
572 2441 626 2473 De
655 2440 811 2474 urbibus
837 2446 873 2475 et
897 2440 943 2475 de
964 2441 1089 2475 insulis

56 2496 363 2542 Philostephanus
382 2508 457 2543 prce
479 2498 609 2532 ceteris
628 2505 775 2531 secutus
793 2497 904 2531 fuerit
922 2499 1091 2533 Heracli—

57 2554 154 2598 dem,
169 2566 280 2600 quem
303 2554 388 2588 item
410 2552 495 2602 [Ιερὶ
512 2552 622 2598 νήσων
648 2563 684 2590 61
702 2553 788 2603 Περὶ
804 2556 869 2590 τῶν
890 2555 923 2590 ἐν
945 2553 1089 2592 Ἑλλάδι

56 2609 187 2646 πόλεων
204 2612 390 2657 scripsisse
418 2613 552 2647 scimus
566 2640 574 2656 ‚
597 2626 785 2660 quemque
804 2615 941 2648 Nostro
966 2614 1091 2662 jungit

58 2670 331 2716 Harpocration
352 2670 394 2705 fr.
434 2682 479 2716 ις)
512 2668 803 2720 (ἹΙρακλείδηςῆ
833 2670 1091 2722 Φιλοστέφανος

58 2726 92 2760 ἐν
112 2727 159 2776 τῷ
181 2725 267 2776 Περὶ
282 2725 392 2770 νήσων
411 2726 510 2776 φησίν
532 2729 607 2763 κτλ.
620 2726 644 2776 ).
663 2732 704 2765 V.
728 2730 937 2764 Introduct.
960 2732 998 2764 in
1013 2732 1091 2765 He—

59 2785 147 2819 racl.
168 2786 275 2821 Pont.
298 2798 335 2831 p.
367 2786 449 2832 198.
469 2786 601 2821 Libros
624 2785 710 2835 Περὶ
729 2786 927 2837 παραδόξων
949 2796 984 2823 et
1005 2787 1093 2838 Περὶ

60 2842 192 2890 κρηνῶν
211 2844 376 2889 poeticos
391 2843 949 2880 [11155011101161ἶνο5161111111111115
964 2846 1093 2892 (Para—

61 2900 218 2947 ‹loxogr.
237 2913 276 2946 p.
303 2901 482 2948 XXXII).
511 2903 605 2937 Nam
632 2905 775 2937 Tzctzes
800 2905 894 2939 Hist.
916 2905 997 2949 VII,
1019 2905 1093 2949 (570

63 2958 386 3004 Philostephanum
407 2972 478 2993 una
499 2973 582 2994 cum
600 2961 817 2997 Zenothemi
837 2968 873 2996 et
889 2962 1092 2997 Pherenico

62 3017 157 3050 inter
173 3028 236 3050 eos
250 3024 427 3060 recenset,
446 3019 509 3063 qui
528 3022 673 3066 γραφαῖς
692 3018 965 3067 μετροσυνθέτοις
985 3020 1094 3054 sabu-

64 3075 138 3108 losa
152 3080 186 3108 et
205 3074 384 3109 mirabilia
407 3076 644 3123 tradiderint3
672 3076 807 3111 deinde
828 3090 918 3111 vero
939 3078 1014 3111 duo
1035 3078 1094 3112 di·-

63 3132 176 3166 sticha
198 3132 470 3178 Philostephuni
491 3132 554 3180 (fr.
575 3134 641 3182 17)
663 3136 817 3181 apponit
834 3135 879 3169 dc
895 3136 977 3169 lacu
994 3148 1093 3182 quo-

63 3189 146 3224 dam
167 3191 297 3224 Siciliae
318 3191 489 3227 mirabili.
512 3194 643 3227 Versus
666 3193 702 3226 hi
728 3193 786 3227 vel
814 3194 850 3226 in
880 3193 976 3226 libro
1007 3193 1093 3242 Περὶ

64 3248 227 3294 ποταμῶν
249 3246 448 3297 παραδόξων
471 3249 699 3295 legebantur,
732 3251 787 3284 vel
813 3263 855 3285 ex
883 3251 978 3284 libro
1009 3250 1093 3300 Περὶ

66 3305 190 3351 ὶιμνῶν
206 3319 243 3342 π.
263 3307 437 3353 inscripto
454 3308 526 3353 peti
542 3314 723 3354 poteraut.
740 3310 914 3343 Pia-terea
932 3310 1092 3343 VVester-

1139 553 1310 586 mannus,
1338 557 1351 570 «
1376 541 1473 587 Quid
1495 541 1611 586 enim,
1639 542 1778 588 inquit,
1797 542 1826 575 si
1849 541 2171 588 Philostephanuln

1141 612 1293 646 quoque
1315 612 1431 634 unum
1458 601 1526 634 τῶν
1547 600 1580 635 ἐν
1607 598 1848 648 ἐπιγράμμασι
1877 597 2110 647 ἐξηγουμένων
2130 599 2172 634 τὰ

1141 654 1317 706 παράδοξα
1343 658 1391 706 τῷ
1419 655 1628 706 Πτολεμαίῳ
1647 658 1755 691 fuisse
1782 657 1996 700 credamus,
2027 659 2172 704 qualem

1142 715 1363 749 Archelaum
1391 713 1432 764 (⁶)
1467 715 1639 749 novimus
1668 727 1711 749 ex
1745 715 1932 761 Antigono
1963 713 2113 763 (Mirab.
2135 727 2170 750 v.

1146 772 1228 820 19).
1251 789 1265 803 »
1284 772 1373 817 Quae
1388 772 1541 818 quidem
1554 773 1820 806 verisimillima
1839 778 1937 809 sunt.
1955 772 2067 807 Aliud
2081 785 2175 819 opus

1141 831 1331 876 poeticum
1344 857 1354 874 ‚
1388 829 1493 875 quod
1524 831 1689 877 magistri
1720 830 1931 864 Callimachi
1967 831 2174 877 exemplum

1141 894 1286 921 secutus
1305 886 1611 934 Philostephanus
1630 887 1880 933 composuisse
1893 887 2056 936 videtur,
2072 886 2175 924 Αἴτια

1143 946 1200 978 vel
1222 942 1326 981 Αἴτια
1356 942 1519 989 ποιητικά
1546 945 1765 992 inscriptum
1782 951 1859 979 erat
1879 943 1940 994 (V.
1963 951 2043 979 not.
2063 945 2111 980 ad
2130 946 2174 981 fr.

1148 1004 1226 1050 14).
1242 1003 1445 1037 Trimetros
1462 1009 1585 1037 autem
1603 1002 1649 1037 de
1673 1015 1796 1050 coquo
1818 1003 1981 1049 quodam
2001 1003 2047 1038 ab
2061 1003 2178 1038 Athe-

1141 1072 1221 1094 naeo
1240 1061 1370 1107 VII‚p.
1390 1072 1481 1107 292,
1494 1061 1522 1096 F
1539 1073 1558 1095 e
1575 1061 1863 1108 Philostephano
1879 1061 1918 1096 ἐν
1935 1059 2076 1111 Δηλίῳ
2089 1062 2178 1096 alla-

1143 1125 1200 1153 tos
1212 1148 1220 1162 ‚
1240 1131 1261 1153 a
1275 1126 1404 1153 nostro
1422 1119 1602 1166 scriptore
1629 1120 1767 1154 alienos
1785 1127 1821 1154 et
1844 1120 1987 1154 comico
2009 1119 2086 1165 ejus
2104 1132 2176 1154 no-

1142 1178 1251 1211 minis
1260 1183 1380 1224 poetae
1390 1176 1634 1212 vindicandos
1646 1190 1720 1213 esse
1731 1184 1836 1224 puto.
1853 1177 2178 1223 Philostephanum
2227 1213 2230 1216 ,

1144 1235 1331 1281 quendam
1345 1236 1611 1270 Mantinensem
1627 1242 1790 1282 poetam,
1805 1233 1839 1275 ὃς
1850 1236 1887 1271 ἐκ
1902 1237 2039 1282 γενετῆς
2052 1234 2179 1284 ἱματίῳ

1148 1293 1208 1328 οὐκ
1227 1291 1418 1343 ἐχρήσατο,
1448 1301 1717 1328 commemorat
1745 1294 1963 1328 Ptolemaeus
1994 1294 2177 1340 Hephaest.

1144 1353 1240 1388 Nov.
1253 1352 1344 1387 Hist.
1357 1352 1478 1399 111‚p.
1497 1364 1510 1386 1
1520 1351 1565 1397 87
1577 1352 1830 1399 inMythogrr.
1844 1353 2180 1388 Westermanni.-—

1146 1410 1199 1443 De
1219 1409 1394 1456 Cyrenaeo
1415 1416 1542 1444 nostro
1563 1417 1674 1444 restat
1693 1417 1733 1444 ut
1756 1411 1982 1445 mentionem
2016 1410 2177 1456 injiciam

1146 1467 1218 1501 loci
1239 1469 1285 1503 A.
1320 1467 1427 1503 Gellii
1456 1466 1519 1515 (N.
1541 1469 1586 1504 A.
1611 1468 1685 1512 IX,
1711 1467 1773 1515 4),
1799 1468 1864 1501 11111
1892 1468 1977 1502 libri
1998 1468 2181 1503 Philoste-

1144 1525 1276 1571 phani‚
1298 1526 1404 1560 sicuti
1424 1527 1574 1561 Aristeae.
1589 1553 1598 1571 ,
1623 1526 1780 1572 Isigoni,
1801 1526 1946 1570 etesiae,
1965 1527 2178 1573 Onesicrssi,

1147 1585 1310 1631 Hegesiae
1348 1585 1615 1619 miraculorum
1648 1584 1932 1630 fabularumque
1966 1586 2066 1631 pleni
2105 1587 2181 1620 csse

1147 1643 1338 1677 dicuntur.

1188 1751 1229 1790 (*)
1253 1751 1404 1787 Quisnam
1419 1751 1608 1781 Ptolemaeus
1622 1749 1842 1789 intelligendus
1860 1750 1919 1788 sit,
1938 1758 2001 1780 non
2017 1750 2179 1781 531150011-

1147 1798 1208 1827 stat
1224 1797 1305 1827 inter
1318 1797 1402 1827 viros
1417 1796 1546 1834 doctos,
1561 1805 1696 1835 quorum
1716 1796 1885 1827 sententias
1898 1798 2027 1837 exponit
2043 1799 2180 1828 Westor-

1147 1851 1280 1872 mannus
1291 1843 1322 1872 in
1335 1842 1458 1872 Praefat.
1475 1850 1505 1881 p,
1516 1844 1603 1872 xxu
1620 1850 1666 1880 sq.
1679 1841 1844 1872 Jacobsius
1855 1845 1981 1882 propter
1992 1843 2183 1882 epigramma

1148 1888 1179 1918 111
1198 1888 1410 1918 Alexandrum
1427 1887 1577 1926 (Anthol.
1597 1890 1650 1918 ΧΙΙ
1661 1891 1681 1927 l,
1697 1898 1726 1927 p.
1746 1892 1803 1920 857
1817 1890 1826 1928 )
1842 1889 1982 1920 floruisse
1995 1889 2182 1920 Archelaum

1148 1936 1237 1974 putat
1264 1935 1322 1965 sub
1348 1935 1518 1965 Ptolemaeo
1539 1936 1570 1973 Ι,
1598 1935 1773 1965 Lobeckius
1797 1936 1968 1975 (Aglaoph.
1988 1945 2019 1975 p.
2046 1937 2126 1973 749)
2143 1935 2183 1966 (16

1150 1981 1320 2011 Ptolemaeo
1333 1982 1390 2011 Vll
1409 1980 1474 2011 sive
1494 1982 1647 2020 Euergeta
1664 1983 1688 2012 11
1708 1982 1717 2019 (
1733 1984 1788 2012 147
1803 1991 1872 2021 sqq.
1891 1991 1920 2012 a.
1939 1982 2034 2020 Chr.)
2049 2006 2058 2020 ‚
2072 1983 2183 2020 utpote

1148 2036 1251 2057 rerum
1261 2027 1451 2058 mirabilium
1464 2027 1674 2058 curiosissimo
1684 2028 1917 2068 investigator-e,
1931 2029 2057 2067 eogitari
2070 2029 2180 2059 voluit.

1148 2075 1412 2105 westennannus
1427 2068 1562 2112 denique
1579 2075 1786 2105 Ptolemaeum
1805 2075 2042 2114 Philadelphum
2065 2075 2162 2105 intelli
2174 2092 2181 2098 -

1147 2120 1201 2158 git,
1212 2122 1374 2159 propterea
1382 2120 1467 2159 quod
1478 2120 1648 2151 Archelaus
1656 2121 1803 2151 laudatur
1813 2121 1852 2151 ab
1865 2121 2017 2160 Antigono
2026 2121 2180 2160 Carystio.

1148 2165 1206 2196 Sed
1221 2174 1320 2205 quum
1335 2166 1494 2204 Carystius
1508 2165 1558 2196 ille
1572 2167 1706 2205 Lyconis
1727 2167 1831 2198 Vitam
1850 2167 1916 2206 (qui
1933 2169 2078 2197 mortuus
2091 2169 2137 2198 est
2151 2176 2179 2197 a.

1148 2214 1219 2251 226)
1228 2212 1360 2251 scripsit,
1371 2212 1445 2242 satis
1453 2213 1538 2250 patet
1549 2213 1641 2243 scribi
1652 2221 1720 2243 cam
1730 2222 1791 2243 non
1803 2215 1938 2253 potuisse
1945 2215 2018 2244 ante
2026 2215 2183 2244 extremos

1148 2267 1246 2288 annos
1264 2260 1443 2297 Euergetat,
1461 2258 1663 2297 probabiliter
1680 2269 1753 2289 vero
1764 2260 1912 2299 scriptam
1927 2269 1994 2290 esse
2010 2259 2068 2290 sub
2087 2268 2182 2299 regno

1150 2305 1310 2335 Ptolemaei
1326 2305 1533 2343 Philopatoris
1547 2307 1706 2343 (222-206
1720 2315 1748 2336 a.
1763 2308 1799 2337 C.
1811 2307 1834 2346 ).
1858 2306 1938 2337 Fieri
1950 2307 2055 2345 itaque
2067 2306 2181 2346 potuit,

1150 2353 1183 2381 ut
1202 2352 1372 2382 Archelaus
1385 2352 1544 2390 paradoxa
1557 2362 1611 2384 sua
1628 2353 1760 2384 metrica
1773 2352 1931 2384 dedicaret
1948 2354 2111 2391 Euergctae
2133 2353 2181 2384 vel

1150 2398 1341 2437 Philopatro.
1357 2398 1522 2430 Dedicasse
1534 2409 1607 2430 vero
1623 2400 1804 2439 Philopatro
1818 2409 1858 2431 ex
1873 2400 1934 2430 hoc
1943 2400 2098 2438 conjicere
2111 2399 2183 2430 licet

1150 2444 1276 2474 indicio.
1292 2446 1411 2483 Nempe
1423 2446 1523 2475 Varro
1539 2445 1570 2475 in
1586 2447 1620 2476 P..
1637 2448 1671 2477 R.
1688 2447 1752 2483 111,
1771 2450 1820 2484 16,
1834 2454 1907 2484 apes
1922 2445 2079 2475 interdum
2098 2445 2182 2475 nasei

1150 2499 1189 2520 ex
1203 2490 1323 2521 bubulo
1338 2499 1468 2530 corpore
1481 2491 1656 2530 putrefacto
1669 2491 1788 2529 dicens,
1802 2493 1913 2522 testem
1925 2491 2053 2522 adducit
2068 2491 2183 2522 Arelic-

1151 2536 1254 2575 laum,
1278 2537 1332 2576 qui
1359 2537 1390 2567 in
1415 2538 1638 2576 epigrammate
1657 2537 1741 2568 dicat
1762 2546 1828 2568 esse
1846 2546 1919 2577 apes
1949 2538 2018 2576 βοὸς
2044 2537 2183 2577 φθιμένης

1149 2584 1346 2622 πεποτημέναι
1362 2584 1470 2622 τέκνα;
1489 2584 1635 2623 idemque
1651 2593 1658 2614 ε
1673 2584 1775 2614 ἵππων
1790 2584 1842 2623 μὲν
1863 2587 1973 2623 σφῆκες
1999 2584 2104 2622 γενεὰ,
2125 2583 2182 2623 μό-

1151 2639 1235 2668 σχων
1247 2630 1277 2659 δὲ
1287 2631 1440 2669 μέλισσαι.
1456 2630 1567 2661 Curde
1581 2630 1628 2661 his
1638 2630 1676 2660 ad
1691 2630 1896 2661 Ptolemaeum
1910 2629 2057 2660 scriberet
2070 2630 2182 2660 Arche·

1152 2675 1236 2714 laus,
1254 2676 1372 2714 optime
1396 2676 1580 2715 intelligitur
1592 2677 1616 2707 si
1634 2677 1812 2707 memineris
1828 2685 1900 2716 quae
1925 2676 2027 2715 primo
2042 2675 2182 2715 Philopa-

1151 2722 1227 2751 toris
1241 2722 1319 2760 regis
1334 2730 1416 2752 anno
1442 2723 1634 2754 acciderunt.
1653 2722 1775 2753 Etenim
1798 2732 1854 2753 rex
1877 2722 2056 2754 Cleomenis
2069 2731 2184 2761 corpus

1151 2768 1223 2807 pelli
1239 2768 1367 2799 bubulae
1390 2769 1530 2800 insutum
1556 2769 1641 2800 cruci
1660 2769 1742 2809 astigi
1764 2769 1911 2808 jusserat.
1941 2769 2051 2800 Paucis
2072 2768 2184 2799 diebus

1153 2816 1223 2853 post
1235 2823 1362 2853 serpens
1379 2816 1461 2846 circa
1478 2816 1573 2855 caput
1586 2815 1747 2846 cadaveris
1766 2815 2015 2846 circumvolutus
2034 2814 2181 2853 conspici-

1153 2862 1215 2891 tur.
1234 2861 1290 2891 Ἐκ
1310 2861 1339 2891 δὲ
1357 2862 1464 2892 τούτου
1487 2862 1696 2900 (Plutarchus
1713 2863 1832 2893 Cleoni.
1850 2871 1877 2892 c.
1894 2865 1932 2892 :39
1959 2862 2019 2899 ait)
2037 2861 2182 2896 δεισιδαι-

1153 2906 1243 2945 μονία
1256 2908 1426 2947 προσέπεσε
1439 2911 1483 2948 τῷ
1497 2909 1618 2948 βασιλεῖ
1627 2909 1678 2939 καὶ
1689 2908 1813 2949 φόδος...
1825 2910 1864 2943 ὡς
1881 2908 1984 2947 ἀνδρὸς
1996 2907 2183 2947 ἀνῃρημένου

1152 2954 1303 2993 Θεοφιλοῦς
1320 2955 1371 2984 καὶ
1382 2954 1550 2994 κρείττονος
1563 2956 1616 2992 τήν
1631 2955 1753 2994 φύσιν...
1769 2954 1854 2994 ἄχρις
1868 2953 1903 2983 οὗ
1917 2954 2113 2983 κατέπαυσαν
2127 2953 2182 2982 αὗ-

1151 2999 1221 3034 τοὺς
1238 3001 1265 3030 οἱ
1285 3000 1451 3039 σοφώτεροι
1466 3000 1593 3035 διδόντες
1613 3000 1715 3039 λόγον,
1732 3002 1772 3035 ὡς
1787 2999 1923 3039 μελίττας
1938 2999 1990 3038 μὲν
2005 2998 2072 3038 βόες
2083 3021 2092 3036 ,
2104 3002 2181 3037 σφῆ-

1152 3055 1207 3080 κας
1226 3045 1251 3076 δ’
1271 3045 1361 3076 ἵπποι
1386 3047 1612 3081 κατασαπέντες
1635 3047 1807 3084 ἐξανθοῦσι,
1832 3044 1975 3084 κάνθαροι
2000 3044 2028 3074 δ’
2054 3044 2132 3074 ὄνων
2148 3045 2183 3075 τὸ

1153 3091 1230 3121 αὐτὸ
1252 3091 1410 3122 παθόντων
1435 3095 1674 3131 ζωογονοῦνται,
1703 3092 1741 3122 τὰ
1763 3093 1789 3122 δ’
1807 3091 1982 3131 ἀνθρώπινα
2010 3090 2141 3129 σώματα
2159 3114 2180 3121 ..

1153 3137 1232 3175 ὄφεις
1252 3137 1432 3168 ἀναδίδωσι.
1452 3139 1536 3168 lnter
1552 3138 1645 3168 hosce
1665 3137 1854 3176 σοφωτέρους
1880 3137 1972 3175 igitur
1995 3136 2182 3166 Archelaum

1153 3182 1247 3213 fuisse
1271 3186 1366 3222 puto,
1392 3192 1487 3223 quem
1516 3185 1623 3223 itaque
1648 3183 1802 3223 aequalem
1827 3183 1927 3213 habeo
1950 3181 2181 3221 Pliilostephani

1153 3228 1267 3266 nostri,
1285 3230 1338 3267 qui
1353 3230 1416 3269 ipse
1431 3239 1559 3269 quoque
1572 3253 1579 3267 ‚
1594 3230 1652 3261 nisi
1668 3229 1848 3268 conjectura
1863 3228 1967 3259 t'esellit
1979 3252 1987 3266 ,
2007 3228 2181 3267 Philopato-

1153 3275 1194 3303 ris
1216 3274 1245 3304 in
1268 3275 1472 3306 Cleomenem
1489 3277 1641 3306 saevitiam
1666 3276 1846 3306 commento
1867 3275 2005 3314 mythico
2030 3283 2181 3305 excusare

1112 3358 1114 3360 v
1154 3320 1284 3351 studuit
1308 3321 1385 3351 Vide
1399 3324 1462 3353 not.
1480 3323 1517 3352 ad
1537 3323 1644 3361 fragm.
1662 3326 1690 3352 8.
