2338 3765
968 178 1289 217 FRAGMENTA.

45 263 144 301 ποίντ’
171 266 203 300 ἐν
232 269 317 300 πᾶσι
343 264 401 300 καὶ
424 264 478 300 διὰ
500 263 635 300 πάντων
656 257 740 300 εἶναι
758 262 878 312 λέγων.
910 262 979 300 Καὶ
1006 263 1071 313 γὰρ

45 324 78 359 ἐν
96 323 144 373 τῷ
161 321 252 373 ἄρτῳ
274 321 380 372 κρέως
403 315 488 359 εἶναι
508 321 565 359 καὶ
589 322 622 358 ἐν
642 323 690 371 τῷ
708 320 851 372 λαχάνῳ
874 319 995 371 ἄρτου,
1015 320 1072 357 καὶ

45 386 110 421 τῶν
130 383 300 432 σωμάτων
321 386 386 420 τῶν
414 385 540 422 λοιπῶν
564 385 597 421 ἐν
618 389 703 421 πᾶσι
728 383 783 421 διά
808 398 907 420 τινων
936 382 1072 428 ἀδήλων

45 440 159 491 πόρων
182 441 240 478 καὶ
258 440 367 492 ὄγκων
389 440 648 493 εἰσκρινομένων
675 441 733 478 καὶ
761 440 1073 490 συνατμιζομένων,

45 503 89 542 ὡς
110 500 210 544 δῆλον
232 500 265 535 ἐν
293 502 341 550 τῷ
367 498 506 550 Θυέστῃ
525 502 634 545 ποιεῖ,
652 499 682 536 εἴ
703 501 734 550 γ’
752 502 854 536 αὐτοῦ
880 500 914 536 αἱ
940 514 1074 550 τραγῳ-

47 557 116 594 δίαι
141 555 199 593 καὶ
222 556 270 605 μὴ
294 557 464 594 Φιλίσκου
499 560 557 593 τοῦ
584 557 763 606 Αἰγινήτου
793 556 920 595 ἐκείνου
950 556 1076 608 γνωρί-

48 613 153 664 μουῆ
185 616 407 666 Πασιφῶντος
438 618 497 651 τοῦ
528 618 736 658 Λουκιανοῦ,
768 614 803 652 ὅν
835 630 918 665 φησι
943 613 1076 652 ‹hatja›-

49 678 135 722 ρῖνος
151 673 183 708 ἐν
202 672 416 723 Παντοδαπῇ
436 672 567 724 ἱστορίᾳ
587 673 676 722 μετὰ
700 673 761 718 τὴν
787 672 947 718 τελευτὴν
975 673 1078 709 αὐτοῦ

47 729 256 780 συγγράψαι.

101 792 155 826 De
172 791 395 825 Parmem'cle
413 790 538 826 locum
554 791 640 826 vide
664 792 701 826 in
722 791 764 829 fr.
793 795 834 833 14
855 797 891 826 et
913 790 972 826 38.

536 882 596 919 36.

100 968 210 1013 Diog.
230 969 272 1004 L.
307 965 375 1011 IX,
399 966 468 1012 50,
487 968 534 1003 de
554 969 757 1017 Protagora
776 980 783 1004 ε
819 966 989 1012 Διήκουσε
1016 966 1043 1002 δ’
1065 967 1083 1002 ὁ

52 1023 284 1074 Πρωταγόρας
324 1025 552 1075 Δημοκρίτου.
594 1025 776 1063 Ἰῧκαλεῖτό
813 1040 846 1062 τε
879 1024 1007 1075 Σοφία,
1037 1023 1083 1067 ὥς

49 1095 131 1131 φησι
146 1080 352 1130 (Ι)αὸωρῖνος
369 1083 402 1118 ἐν
421 1083 635 1132 Παντοδαπῇ
652 1082 799 1133 ἱστορίᾳ.

535 1179 598 1223 37.

104 1255 207 1291 ldem
223 1258 279 1300 11,
297 1269 357 1301 20,
379 1257 425 1292 de
445 1259 596 1292 Socrate
615 1268 623 1294 ε
642 1255 712 1293 Καὶ
727 1255 968 1307 Ἀριστοφάνης
982 1255 1084 1293 αὐτὸν

50 1313 209 1363 κωμῳδεῖ
234 1314 280 1354 ὡς
307 1313 363 1348 τὸν
389 1311 483 1357 ἥττω
510 1313 610 1362 λόγον
638 1313 782 1363 κρείττω
810 1317 984 1351 ποιοῦντα.
1015 1313 1085 1350 Καὶ

49 1369 116 1421 γὰρ
152 1371 309 1420 πρῶτος,
346 1369 391 1412 ὥς
428 1371 511 1421 φησι
556 1370 763 1421 Φαὸωρῒνος
803 1373 837 1408 ἐν
872 1372 1084 1422 Παντοδαπῇ

50 1428 203 1479 ἱστορίᾳ,
228 1426 314 1476 μετὰ
338 1431 394 1465 τοῦ
420 1432 573 1477 μαθητοῦ
599 1428 766 1479 Αἰσχίνου
794 1429 983 1481 ῥητορεύειν
1014 1429 1085 1466 ε’δί-

51 1485 142 1530 δαξε.

537 1567 597 1605 38.

105 1654 210 1689 Idem
238 1656 295 1699 ΙΙ,
334 1654 381 1689 38
417 1652 680 1702 εἈπηνέγκατο
698 1651 759 1699 μὲν
789 1646 845 1688 οὖν
874 1651 934 1697 τὴν
951 1651 1085 1704 γραφὴν

54 1712 204 1762 (contra
224 1712 425 1759 Socratem)
444 1713 461 1747 ὁ
481 1709 639 1755 Μέλητος
652 1723 659 1730 ·
679 1703 752 1746 εἶπε
770 1709 802 1746 δὲ
820 1709 881 1754 τὴν
899 1709 995 1754 δίκην
1017 1712 1087 1747 Πο-

53 1767 233 1816 λύευκτος,
250 1766 294 1809 ὥς
316 1782 399 1819 φησι
416 1767 621 1817 Φαὸωρῖνος
645 1768 678 1803 ἐν
700 1767 913 1817 Παντοδαπῇ
935 1766 1082 1818 ἱστορίᾳ.

54 1825 216 1876 Συνέγρα·
240 1841 255 1861 ε
284 1823 319 1862 δὲ
345 1825 401 1862 τὸν
429 1824 528 1874 λόγον
559 1824 804 1875 Πολυκράτης,
820 1824 865 1866 ὥς
891 1840 973 1875 φησι
997 1823 1082 1875 Ἕρ-

55 1898 195 1931 μιππος.
228 1886 309 1919 Hoc
335 1892 444 1932 negat
462 1885 666 1920 Favorinus
691 1885 729 1918 in
757 1882 1087 1932 Ἀπομνημονευμά-

55 1956 121 1977 των
144 1943 269 1979 librol
289 1941 345 1992 (v.
363 1943 493 1990 fragm.
515 1941 571 1988 5)

539 2022 601 2069 39.

107 2126 209 2161 Idem
229 2127 285 2160 lX
299 2153 308 2170 ,
333 2138 395 2173 29,
418 2126 464 2160 de
481 2126 631 2162 Zenone
648 2127 773 2161 Ele—ata
793 2139 799 2161 :
824 2119 930 2167 Οῧτος
949 2125 1006 2162 καὶ
1027 2126 1083 2163 τὸν

2086 196 2158 226 583

1133 263 1295 314 Ἀχιλλέα
1325 269 1456 317 πρῶτος
1476 268 1574 317 λόγον
1595 270 1771 320 ἠρώτησε·
1796 272 2000 322 ψαῧιιιρῖνος
2024 273 2059 310 δέ
2080 289 2100 325 ’ρ
2114 290 2161 319 ’,σι

1136 322 1355 370 Παρμενίδην
1372 323 1428 360 καὶ
1447 324 1567 368 ἄλλους
1585 326 1740 377 συχνούς.

1186 382 1363 417 Praeterea
1384 385 1567 431 Diogenes
1584 387 1806 421 Favorinum
1826 389 1948 423 laudat
1966 417 1973 431 ‚
1995 391 2070 433 lx,
2093 390 2139 434 87
2158 422 2166 435 ‚

1137 438 1182 472 dc
1202 439 1322 474 modis
1348 442 1621 487 Pyrrhonianis.
1654 446 1732 479 Hoc
1759 445 2002 492 fragmentum
2032 447 2160 482 referri

1138 495 1249 530 debet
1268 497 1314 531 ad
1335 498 1465 532 decem
1498 500 1612 534 libros
1642 499 1729 550 Περὶ
1758 500 1892 550 τρόπων
1926 502 2168 552 Πυρρωνείων,

1140 553 1183 588 de
1201 554 1335 599 quibus
1351 555 1436 590 vide
1451 556 1610 591 Gellium
1626 559 1669 593 N.
1691 561 1737 595 A.
1759 560 1813 594 XI
1826 587 1835 604 ,
1856 559 1889 594 5.

1622 654 1683 691 40.

1196 739 1373 786 Stcplian.
1396 741 1480 786 Byz.
1504 754 1540 775 v.
1564 740 1705 791 Αἰθίοψ·
1727 741 1801 786 Τὴν
1822 742 1887 793 γὰρ
1910 743 2089 780 Αἰθιοπίαν
2107 746 2168 794 γῆν

1142 794 1281 846 πρώτην
1302 795 1385 846 φασὶ
1402 799 1573 844 παγῆναι·
1591 800 1718 848 πρῶτοι
1738 799 1796 835 καὶ
1816 800 1906 842 Οεοὺς
1926 801 2092 849 ἐτίμησαν
2113 802 2171 837 καὶ

1144 853 1256 900 νόμοις
1278 852 1483 902 ἐχρήσαντο.
1509 853 1738 902 Ὀνομάζουσι
1756 855 1790 892 δὲ
1809 857 1934 899 αἰτίους
1953 858 2079 895 τούτων
2101 859 2170 896 Μί-

1143 913 1224 960 Οραν
1245 909 1304 946 καὶ
1326 910 1489 959 Φλεγύαν
1514 911 1695 962 (Φλεγύας
1718 914 1838 964 libri),
1861 915 1980 966 ἄνδρας
2010 915 2172 957 Αἰθίοπας

1142 967 1180 1004 τὸ
1197 966 1306 1017 γένος,
1325 970 1367 1010 ὡς
1388 967 1606 1019 ψαὸωρῖνος.

1626 1051 1689 1087 41.

1197 1137 1248 1172 St.
1272 1137 1312 1173 B.
1346 1134 1523 1180 τἈκτή.
1561 1134 1682 1178 Οὕτως
1714 1136 1891 1182 ἡἈττικὴ
1925 1139 2077 1176 ἐκαλεῖτο
2107 1139 2174 1175 ἀπὸ

1146 1190 1301 1229 Ἀκταίου
1325 1192 1424 1235 τινός.
1443 1192 1544 1244 Ἀνὴρ
1564 1193 1598 1230 δὲ
1614 1188 1655 1239 ἦν
1674 1194 1867 1244 αὐτόχθων,
1888 1198 1932 1238 ὡς
1952 1196 2171 1247 ψαῧωρῖνος,

1145 1248 1177 1290 ὃς
1207 1248 1426 1287 ἐβασίλευσεν
1449 1252 1517 1287 ἐκεῖ
1546 1250 1605 1287 καὶ
1634 1251 1691 1303 ἀφ’
1720 1254 1842 1289 ἑαυτοῦ
1863 1253 1951 1290 οὕτω
1976 1254 2037 1299 τὴν
2058 1254 2173 1305 χώραν

1146 1306 1303 1355 ὠνόμασε
1322 1307 1379 1344 καὶ
1404 1309 1481 1350 τοὺς
1500 1308 1630 1351 λαούς,

1633 1407 1695 1445 42.

1198 1494 1250 1530 St.
1273 1495 1314 1529 B.
1341 1507 1348 1529 ε
1369 1493 1401 1530 Ἀ
1415 1493 1606 1544 ραχωτοὶ
1619 1523 1628 1540 ,
1646 1494 1742 1536 πόλις
1759 1494 1917 1542 Ἰνδικῆς,
1933 1495 2000 1533 ἀπὸ
2017 1502 2172 1547 ποταμοῦ

1146 1548 1359 1600 Ἀραχωτοῧ,
1383 1550 1514 1600 ῥέοντος
1535 1551 1602 1588 ἀπὸ
1624 1556 1681 1588 τοῧ
1712 1553 1922 1600 Καυκάσου,
1943 1557 1987 1597 ὡς
2007 1554 2177 1607 Φαὸωρῑ-

1147 1622 1198 1649 νος
1218 1608 1275 1644 καὶ
1293 1608 1460 1659 Στράὸων
1477 1609 1639 1659 ἑνδεκάτῃ
1660 1611 1717 1659 (p.
1740 1610 1847 1661 513).

1632 1704 1693 1747 43.

1199 1795 1250 1830 St.
1268 1796 1308 1829 Β.
1328 1806 1337 1831 z
1361 1796 1389 1830 Α
1403 1794 1610 1846 ὖταριοίτα
1624 1811 1652 1841 ι,
1670 1795 1759 1838 ἔθνος
1774 1798 2037 1848 Θεσπρωτικόν·
2055 1799 2176 1850 Χάραξ

1148 1850 1181 1886 ἐν
1206 1848 1335 1899 ἑῧδόμῃ
1363 1853 1543 1900 Χρονικῶν
1562 1852 1620 1888 καὶ
1647 1852 1853 1904 Φαέωρῖνος
1872 1856 1907 1891 ἐν
1932 1857 2176 1899 Παντοδαπαῖς

1146 1906 1203 1944 καὶ
1222 1907 1481 1957 Ἐρατοσθένης.

1629 1974 1691 2011 lili·

1199 2072 1249 2107 St.
1271 2073 1311 2108 B.
1339 2083 1347 2108 :
1372 2071 1589 2108 Βισαλτία
1602 2100 1611 2117 ,
1633 2070 1729 2113 πόλις
1749 2071 1807 2108 καὶ
1824 2073 1920 2123 χώρα
1939 2074 2153 2119 Μακεδονίας
2166 2108 2174 2122 ,

1148 2127 1214 2164 ἀπὸ
1236 2128 1406 2165 Βισάλτου
1425 2133 1483 2166 τοῦ
1502 2128 1622 2167 Ἡλίου
1640 2129 1698 2166 καὶ
1719 2131 1799 2175 Γῆς.
1820 2131 1907 2180 Περὶ
1924 2131 2050 2178 ταύτην
2071 2135 2100 2170 οἱ
2119 2135 2175 2170 λα.

60 2197 2169 2214 Ἣ

55 2230 87 2260 et
99 2237 154 2268 per
166 2229 270 2259 omnia
283 2237 349 2260 esso
359 2229 477 2260 dicens.
520 2231 664 2269 Namque
677 2230 708 2261 et
721 2229 753 2260 in
767 2238 846 2269 pane
856 2239 965 2261 carnes
975 2240 1042 2262 esse
1054 2233 1085 2262 et

56 2279 86 2310 in
111 2279 196 2310 olere
220 2288 349 2319 panem,
366 2288 466 2319 quum
489 2280 655 2319 etreliqua
672 2288 803 2319 corpora
826 2280 856 2310 in
873 2281 1018 2313 omnibus
1031 2291 1086 2321 per

55 2330 197 2361 occultos
206 2330 359 2370 quosdam
374 2332 497 2362 meatus
510 2339 546 2362 ac
559 2333 700 2362 tumores
714 2331 895 2370 ingerantur
908 2334 1002 2371 atque
1024 2342 1087 2363 una

56 2383 242 2421 evaporent‚
260 2383 342 2414 sicut
355 2383 386 2414 in
403 2383 541 2423 Thyeste
554 2383 706 2421 declarat,
722 2383 747 2414 si
764 2383 890 2423 quidem
905 2384 1001 2423 ipsius
1014 2386 1088 2416 sunt

55 2433 216 2472 tragoediae
226 2434 258 2464 et
273 2442 336 2464 non
350 2434 474 2464 Philisci
492 2434 644 2473 AEginetae
658 2434 753 2474 ipsius
770 2435 929 2466 familiaris
949 2435 1016 2466 sive
1027 2438 1086 2466 Pa-

55 2484 209 2523 siphontis
219 2484 348 2515 Luciani
362 2485 415 2515 filii
426 2509 435 2524 ,
455 2494 551 2524 quem
565 2485 673 2517 scribit
686 2486 859 2517 Favorinus
869 2486 901 2517 in
914 2487 1088 2527 omnigena

57 2535 184 2566 historia
199 2536 268 2574 post
277 2535 399 2566 obitum
411 2536 478 2574 ejus
491 2535 658 2575 scripsisse.

545 2596 602 2627 36.

97 2648 225 2679 Audivit
237 2650 420 2687 Protagoras
430 2650 660 2688 Democritum,
673 2652 907 2692 vocabaturque
918 2652 1086 2693 Sapientia,

59 2701 94 2731 ut
106 2702 275 2731 Favorinus
289 2701 319 2731 in
335 2701 525 2732 omnimoda
539 2702 671 2733 historia
687 2704 791 2734 refert.

544 2756 600 2787 37.

99 2808 284 2847 Exagitatur
309 2809 454 2840 Socrates
472 2808 512 2839 ab
529 2809 752 2849 Aristophane,
772 2811 875 2850 utqui
899 2811 1086 2843 deteriorem

58 2867 185 2889 causam
204 2859 398 2898 superiorem
421 2860 548 2891 faceret.
594 2861 716 2891 Primus
738 2861 871 2900 quippe,
897 2863 932 2892 ut
955 2863 1086 2893 Favori-

58 2918 116 2939 nus
129 2909 160 2939 in
176 2910 351 2948 omnigena
372 2910 481 2941 scribit
505 2911 635 2941 historia
648 2935 656 2949 ,
674 2919 747 2942 cum
765 2911 913 2943 AEschine
933 2912 1086 2952 discipulo

57 2961 156 2990 arteni
173 2960 296 2991 dicendi
310 2961 426 2992 docuit.

543 3017 600 3047 38.

99 3066 338 3097 Accusationem
357 3068 469 3098 contra
489 3069 651 3099 Socratem
669 3068 844 3107 adjudices
864 3070 977 3102 detulit
997 3071 1085 3102 Meli-

59 3117 127 3155 tus3
144 3119 318 3148 orationem
334 3119 560 3149 accusatoriam
574 3119 605 3150 in
616 3120 733 3159 judicio
744 3120 823 3152 dixit
836 3122 1035 3161 polyeuctus,
1051 3124 1086 3154 ut

61 3167 232 3198 Favorinus
248 3169 292 3199 ait
307 3169 338 3199 in
365 3171 540 3209 Omnigena
565 3171 713 3210 historia;
731 3173 896 3212 scripserat
914 3183 988 3205 vero
1015 3184 1084 3206 cam

61 3218 254 3257 Polycrates,
268 3222 303 3251 ut
317 3222 504 3260 Hermippus
519 3222 626 3253 tradit.

101 3332 184 3362 Zeno
200 3333 322 3364 Elcatcs
332 3334 424 3365 ctiam
439 3335 557 3374 primus
577 3337 753 3377 syllogismo
769 3348 841 3370 usus
855 3339 899 3371 cst
914 3340 967 3379 qui
983 3340 1083 3372 Achil-

1147 2233 1190 2263 les
1200 2234 1386 2272 appellatur,
1402 2235 1546 2273 quamvis
1559 2234 1732 2266 Favorinus
1744 2236 1960 2266 parmenidem
1974 2239 2005 2268 et
2019 2237 2095 2268 alios
2107 2238 2174 2277 plu·

1148 2294 1196 2317 res
1217 2288 1366 2325 proferat.

1642 2337 1699 2368 40.

1187 2389 1379 2429 AEthiopiam
1399 2392 1512 2420 terram
1540 2390 1681 2421 omnium
1705 2391 1837 2430 primam
1860 2371 2025 2424 formatam
2045 2403 2111 2425 csse
2126 2394 2174 2425 di-

1147 2442 1231 2472 eunt.
1277 2445 1321 2473 Ac
1334 2442 1426 2483 primi
1444 2442 1603 2481 AEthiopes
1623 2442 1698 2473 deos
1722 2443 1888 2474 coluerunt
1919 2445 2101 2484 legibusque
2126 2446 2175 2476 usi

1146 2497 1237 2535 sunt,
1263 2505 1396 2536 quarum
1418 2498 1563 2527 auctores
1582 2496 1731 2527 Mithram
1751 2498 1782 2527 et
1799 2496 1986 2535 Phlegyani,
2012 2496 2175 2536 AEthiopes

1147 2554 1258 2585 genere
1270 2570 1278 2585 ,
1292 2547 1468 2586 appellant,
1484 2548 1620 2578 testante
1634 2547 1799 2577 Favorino.

1643 2602 1701 2633 41.

1188 2657 1274 2686 Acie.
1294 2656 1343 2687 Sic
1362 2655 1463 2686 Attica
1478 2655 1649 2686 vocabatur
1665 2655 1705 2685 ah
1720 2656 1824 2685 Acturo
1843 2654 1992 2693 quodam,
2010 2654 2075 2684 viro
2095 2655 2173 2685 indi-

1147 2716 1244 2746 gena,
1259 2707 1313 2746 qui
1338 2707 1380 2737 ibi
1404 2707 1545 2746 regnavit
1566 2708 1662 2745 atque
1682 2706 1839 2745 regionem
1861 2706 1991 2745 ejusque
2007 2706 2124 2737 incolas
2136 2706 2175 2737 de

1147 2768 1204 2790 suo
1216 2759 1343 2790 nomine
1355 2759 1539 2798 appellavit,
1557 2760 1637 2790 teste
1651 2758 1815 2789 Favorino.

1634 2819 1692 2851 42.

1189 2873 1370 2909 Araclzocess,
1388 2873 1420 2904 in
1433 2873 1532 2912 India,
1550 2882 1664 2904 nomen
1688 2873 1804 2904 habent
1827 2873 1866 2903 ab
1891 2874 2045 2904 Arachoto
2059 2873 2171 2909 ssuvio,

1146 2925 1252 2964 quide
1275 2927 1415 2957 Caucaso
1439 2925 1568 2965 defluit,
1594 2927 1629 2956 nt
1650 2925 1823 2957 Favorinus
1840 2925 1937 2957 tradit
1957 2927 1988 2957 et
2004 2925 2115 2957 Strabo
2134 2925 2170 2955 li-

1146 2976 1203 3007 bro
1219 2976 1397 3008 undecimo.

1633 3032 1690 3063 43.

1188 3085 1392 3119 Autariatae,
1411 3093 1485 3123 gens
1500 3085 1713 3124 Thesprotica.
1734 3085 1860 3116 Charax
1882 3084 2109 3115 Chronicorum
2131 3082 2168 3112 li-

1145 3134 1202 3165 bro
1223 3135 1378 3174 septimo,
1404 3135 1579 3166 Favorinus
1606 3136 1637 3166 in
1659 3136 1793 3167 Historia
1815 3135 1988 3174 omnigena
2007 3136 2038 3164 ct
2061 3135 2168 3164 Erato-

1144 3187 1278 3218 sthenes.

1632 3238 1688 3268 44.

1188 3289 1329 3328 Bisaltia,
1348 3290 1421 3321 nrhs
1437 3292 1467 3321 ct
1485 3292 1566 3330 regin
1588 3292 1779 3322 Macedonizr
1792 3315 1800 3328 ,
1825 3297 1937 3320 nomen
1967 3287 2057 3318 hahet
2081 3296 2097 3316 a
2118 3288 2166 3318 Bi-

1134 3342 1228 3381 salte,
1249 3343 1328 3374 Solis
1345 3344 1373 3374 cl
1388 3346 1492 3375 'serra‘
1510 3344 1583 3374 filio.
1612 3346 1644 3374 ln
1663 3344 1719 3373 hac
1735 3343 1857 3382 regiont¹
1874 3340 1926 3380 qui
1942 3340 2106 3379 rapiuntur
2120 3339 2163 3369 le-
