2289 3728
977 142 1301 182 FRAGMENTA.

137 231 189 264 l)e
208 229 279 263 hoc
296 228 526 275 Sarpedone,
553 240 663 274 quein
681 228 858 274 Tryphon
879 235 962 274 post
992 230 1105 262 inter—

87 288 215 321 sectum
235 287 455 320 Antiochum
473 286 571 320 bello
590 298 777 332 aggressus
794 292 866 330 cst,
887 286 931 320 cf.
951 286 1107 321 Diodor.

93 346 179 378 lixo.
202 346 256 379 De
275 344 381 378 insid.
403 344 448 379 fr.
479 347 524 384 24
558 343 619 391 (ex
640 343 875 389 Posidonio).
901 345 1019 378 Porro
1038 345 1110 377 Po-

80 401 266 435 sidonium
302 408 386 435 ante
424 401 552 435 oculos
589 401 758 436 habuisse
796 400 943 435 videtur
976 401 1109 435 Strabo

79 460 178 502 XVI,
195 472 232 506 p.
253 457 326 503 758
360 471 369 495 ε
393 457 596 507 Ἱστορεῖται
623 455 658 493 δὲ
687 455 877 506 παράδοξον
907 456 1013 498 πάθος
1041 457 1108 492 τῶν

80 515 166 552 πάνυ
188 515 339 552 σπανίων
356 514 446 552 κατὰ
462 514 517 551 τὸν
536 514 690 563 αἰγιαλὸν
709 518 824 552 τοῦτον
839 513 895 551 τὸν
910 512 1035 563 μεταξὺ
1051 517 1110 559 τῆς

77 588 114 609 τε
127 573 242 624 Τύρου
261 572 318 609 καὶ
338 575 397 617 τῆς
415 570 666 620 Πτολεμαίδος.
689 571 776 609 Καθ’
791 570 826 608 ὃν
854 570 919 621 γὰρ
946 570 1062 622 καιρὸν
1078 572 1108 607 οἱ

81 631 296 679 Πτολεμαεῖς
317 629 434 680 μάχην
465 629 677 681 συνάψαντες
699 627 781 679 πρὸς
809 628 1020 678 Σαρπηδόνα
1051 627 1108 664 τὸν

78 687 268 738 στρατηγὸν
290 689 322 724 ἐν
338 690 386 738 τῷ
406 686 500 735 τόπῳ
520 686 650 737 τούτῳ,
670 688 798 736 τροπῆς
820 686 1002 735 γενομένης
1017 685 1106 733 λαμ-

76 751 183 795 ’τι-ρᾶς,
204 744 389 782 ἐπέκλυσεν
405 746 442 781 ἐκ
458 748 515 780 τοῦ
533 743 701 793 πελάγους
720 746 813 792 κῦμα
828 742 904 785 τοὺς
924 742 1109 794 φεύγοντας

77 802 194 851 ὅμοιον
215 802 526 854 πλημμυρίδι·-κα“ι
543 801 620 844 τοὺς
637 800 697 850 μὲν
719 803 764 842 εἷς
781 800 818 837 τὸ
836 800 984 851 πέλαγος
998 800 1108 852 ἀφήρ-

77 876 166 897 πασε
187 861 245 898 καὶ
266 860 449 912 διέφθειρεν
462 876 469 883 ·
488 862 518 898 οἱ
542 862 570 897 δ’
596 861 629 896 ἐν
643 864 712 901 τοῖς
732 858 857 901 κοίλοις
876 858 990 901 τόποις
1016 859 1106 907 ἔμει-

78 934 138 954 ναν
168 918 300 970 νεκροί·
321 918 546 967 διαδεξαμένη
577 917 612 954 δὲ
631 920 653 963 ἡ
676 916 833 966 ἄμπωτις
851 916 956 954 πάλιν
980 915 1107 952 ἀνεκά-

77 977 183 1027 λυψε,
199 976 258 1013 καὶ
273 975 376 1019 ἔδειξε
395 975 438 1013 τὰ
467 975 615 1025 σώματα
634 977 700 1012 τῶν
731 974 897 1012 κειμένων
924 973 1048 1024 ἀναμὶξ
1074 974 1107 1011 ἐν

77 1036 204 1084 νεκροῖς
219 1033 342 1084 ἰχθύσι.

576 1104 589 1126 1
602 1105 614 1127 1
626 1122 633 1129 .

366 1184 394 1218 F.
422 1184 570 1219 LIBRO
599 1183 818 1219 SEPTIMO.

130 1268 326 1303 Athenaeus
340 1269 435 1312 XII,
450 1281 488 1315 p.
510 1267 596 1315 549,
614 1269 647 1302 D
672 1280 679 1302 ε
702 1268 862 1308 Τοιοῦτος
883 1264 1029 1315 ἐγεγόνει
1049 1264 1109 1302 καὶ

78 1326 294 1372 Πτολεμαῖος
318 1327 334 1362 ὁ
362 1324 504 1374 ἕὸδομος
524 1323 702 1374 Αἰγύπτου
721 1322 926 1375 βασιλεύσας
939 1352 949 1371 ,
967 1325 984 1359 ὁ
1008 1322 1109 1360 αὑτὸν

79 1381 139 1430 μὲν
184 1381 377 1433 Εὐεργέτην
406 1380 666 1430 ἀνακηρύττων,
700 1382 766 1418 ὑπὸ
801 1381 835 1418 δὲ
864 1380 1109 1432 Ἀλεξανδρέων

81 1439 300 1490 Κακεργέτης
319 1438 578 1488 ὀνομαζόμενος.
601 1438 828 1482 Ποσειδώνιος
846 1442 925 1488 γοῦν
946 1441 963 1475 ὃ
990 1440 1108 1476 Στωι-

77 1497 150 1543 κὸς,
169 1496 460 1545 συναποδημήσας
480 1497 650 1534 Σκιπίωνι
675 1500 724 1549 τῷ
741 1497 933 1548 Ἀφρικανῷ
953 1496 1110 1542 κληθέντι

78 1556 124 1596 εἷς
152 1555 421 1606 Ἀλεξάνδρειαν,
452 1555 511 1592 καὶ
540 1555 748 1605 θεασάμενος
778 1555 897 1601 αὐτὸν,
924 1554 1047 1606 γράφει
1077 1556 1110 1590 ἐν

78 1614 207 1665 ἑὸδόμῃ
227 1617 292 1652 τῶν
308 1614 483 1665 Ἱστοριῶν
495 1613 615 1657 οὕτως·
628 1633 642 1647 «
657 1613 722 1652 Διὰ
740 1613 774 1650 δὲ
788 1612 916 1665 τρυφὴν
932 1613 1111 1665 διέφθαρτο

77 1672 115 1709 τὸ
135 1675 236 1722 σῶμα
251 1672 315 1709 ὑπὸ
333 1671 530 1723 παχύτητος
550 1671 608 1709 καὶ
624 1671 770 1723 γαστρὸς
787 1672 1012 1722 μεγέθους,ἣν
1031 1672 1110 1708 δυσ-

78 1731 288 1782 περίληπτον
317 1724 404 1767 εἶναι
440 1729 635 1767 συνέὸαινεν
659 1745 666 1753 ·
696 1732 747 1782 ἐφ’
771 1725 811 1776 ἧς
829 1729 1032 1780 χιτωνίσκον
1059 1731 1110 1766 ἓν·

79 1787 226 1830 δεδυκὼς
245 1787 380 1838 ποδήρη
394 1817 403 1833 ,
425 1786 527 1838 μέχρι
550 1789 617 1824 τῶν
646 1789 787 1838 καρπῶν
803 1788 956 1838 χειρῖδας
972 1786 1112 1838 ἔχοντα,

79 1846 201 1897 προῄει
218 1845 388 1894 μηδέποτε
409 1844 507 1888 πεζὸς
520 1874 530 1893 ,
550 1846 578 1881 εἷ
596 1844 643 1893 μὴ
665 1844 720 1881 διὰ
737 1845 930 1883 Σκιπίωνα.
952 1862 967 1878 »

133 1902 459 1952 Συναποδημήσας]
483 1906 536 1939 De
548 1905 604 1939 his
623 1904 783 1939 diximus
801 1905 840 1938 in
864 1905 944 1941 Vita
958 1904 1117 1939 Posido—

80 1964 144 2001 nii.
166 1962 317 2012 Legatio
332 1964 398 1998 ista
416 1962 608 1998 referenda
623 1970 675 1998 est
691 1963 738 1998 ad
751 1976 810 1999 an.
832 1962 902 1998 136
920 1975 955 1996 v.
980 1962 1066 2000 135.

570 2060 627 2086 12.

137 2133 243 2170 Idem
259 2135 332 2180 Vl,
366 2145 404 2180 p.
432 2132 522 2181 273,
560 2135 591 2169 A
619 2146 626 2168 ε
661 2131 838 2183 Σώφρονες
873 2131 901 2168 δ’
938 2126 1026 2177 ἦσαν
1056 2131 1114 2168 καὶ

84 2190 185 2227 πάντ’
218 2189 350 2241 ἄριστοι
383 2191 413 2226 οἳ
449 2191 586 2241 ἀρχαῖοι
615 2188 804 2239 “Ρωμαῖοι.
845 2189 1001 2227 Σκιπίων
1034 2193 1114 2238 γοῦν

81 2251 99 2285 ὃ
114 2247 311 2300 Ἀφρικανὸς
331 2247 472 2293 ἐπίκλην
495 2247 756 2297 ἐκπεμπόμενος
787 2247 928 2293 ὑπὸτῆς
958 2247 1115 2296 συγκλή-

573 2364 625 2394 11.

124 2432 208 2463 Talis
225 2434 294 2464 erat
315 2433 410 2464 ctiam
432 2434 623 2466 Ptolemaeus
642 2435 796 2475 septimus
819 2436 943 2475 AEgypti
968 2445 1020 2467 rex
1033 2460 1042 2475 ‚
1071 2442 1107 2465 se

84 2483 148 2522 ipse
170 2484 404 2515 Beuefactorem
421 2485 639 2524 proclamans,
666 2487 867 2517 Alexandrini
890 2496 963 2517 vero
982 2487 1115 2518 Mateta-

84 2535 203 2565 ctorem
231 2535 440 2574 appellabant.
466 2536 654 2567 Posidonius
670 2537 765 2576 igitur
793 2537 937 2574 Stoicus,
967 2539 1020 2578 qui
1041 2547 1113 2569 cum

85 2585 229 2624 Scipione
254 2586 399 2617 Africano
427 2587 649 2618 Alexandriam
676 2590 835 2627 profectus
860 2589 950 2620 illum
975 2589 1114 2628 viderat,

85 2637 217 2676 septimo
230 2636 438 2668 Historiarum
452 2638 531 2669 libro
544 2637 587 2668 ita
603 2639 712 2670 scribit
728 2653 735 2670 :
756 2652 769 2665 α
789 2640 838 2671 Ob
854 2640 1050 2671 luxuriosam
1065 2641 1115 2671 vi-

85 2690 150 2718 tam
164 2690 375 2720 monstrosum
390 2691 421 2720 et
435 2689 518 2721 iners
531 2692 598 2721 erat
612 2691 639 2722 ei
656 2700 770 2731 corpus
784 2692 936 2723 obesitate
951 2695 983 2724 et
998 2693 1116 2724 ventris

85 2739 169 2770 mole
187 2740 294 2777 tanta,
313 2741 350 2771 ut
368 2740 422 2770 vix
440 2741 521 2771 uluis
534 2742 701 2781 complecti
723 2743 793 2781 quis
809 2745 913 2782 posset
930 2757 936 2774 :
956 2744 1053 2783 quem
1067 2745 1115 2775 te-

85 2790 177 2829 gebat
195 2790 249 2821 ille
274 2791 384 2822 tunica
402 2791 441 2822 ad
461 2792 542 2823 talos
563 2802 662 2832 usque
681 2793 889 2826 descendente
909 2796 941 2826 et
959 2795 1116 2827 manicata

87 2849 186 2879 usque
198 2841 237 2871 ad
249 2850 404 2872 manuum
421 2850 494 2872 cum
508 2842 637 2874 brachio
647 2844 831 2882 juncturam
843 2858 851 2876 ;
863 2855 965 2885 neque
976 2856 1116 2886 unquam

87 2892 215 2930 pedibus
228 2901 245 2923 e
258 2893 340 2932 regia
356 2892 516 2932 prodibat,
536 2894 594 2925 nisi
611 2895 687 2925 tunc
703 2895 856 2934 Scipionis
872 2904 977 2928 causa.
997 2909 1013 2924 ι»

574 2966 629 2997 12.

127 3031 280 3063 Moderati
299 3033 330 3064 et
345 3033 432 3064 omni
448 3033 574 3065 virtutis
586 3043 697 3074 genere
715 3036 905 3068 excellentes
924 3037 1047 3069 ruerant
1061 3047 1116 3070 ve-

86 3084 169 3113 teres
190 3084 333 3114 Romani.
354 3085 456 3123 Scipio
479 3086 581 3124 certe,
599 3086 649 3116 cui
674 3087 821 3117 Africano
842 3095 1014 3127 cognomen
1031 3091 1115 3128 erat,

87 3142 187 3172 quum
204 3142 222 3164 a
239 3136 348 3165 senatu
362 3137 441 3166 esset
454 3136 565 3167 missus
583 3137 620 3167 ad
633 3137 849 3168 constituenda
865 3139 949 3170 orbis
960 3141 1115 3171 terrarum
1146 3149 1148 3155 ·

89 3194 183 3224 regua
193 3210 201 3223 ,
216 3188 251 3217 ut
264 3186 312 3218 his
325 3187 524 3218 traderentur
539 3188 578 3219 ad
595 3198 675 3228 quos
688 3189 759 3228 jure
774 3190 975 3229 pertinerent,
993 3193 1116 3223 nonnisi

88 3237 226 3277 quinque
238 3247 344 3270 servos
359 3248 465 3270 secum
483 3240 617 3272 babebat
628 3265 635 3279 ,
650 3243 686 3272 ut
700 3244 806 3273 narrat
820 3243 965 3281 Polybius
980 3245 1011 3274 ct
1028 3245 1115 3275 Posi-

88 3288 210 3319 domus.
228 3291 250 3320 E
261 3289 375 3328 quibus
388 3299 487 3330 quum
503 3300 584 3323 unus
597 3292 627 3323 in
639 3293 748 3324 itinere
760 3294 840 3325 esset
853 3295 1008 3333 mortuus,
1020 3295 1117 3327 literis

2123 153 2193 184 255

1171 242 1228 262 του
1251 227 1307 262 ἐπὶ
1340 227 1374 263 τὸ
1398 228 1680 272 καταστήσασθαι
1705 229 1763 271 τὰς
1796 229 1885 265 κατὰ
1915 229 1974 273 τὴν
1995 228 2198 278 οἰκουμένην

1173 283 1369 333 βασιλείας,
1394 283 1447 320 ἵνα
1472 288 1540 327 τοῖς
1569 287 1797 336 προσήκουσιν
1815 289 2076 337 ε’γχειρισθῶσι,
2097 287 2196 323 πέντε

1172 340 1291 389 μόνους
1311 341 1458 390 ἐπήγετο
1478 343 1632 389 οἰκέτας,
1652 348 1695 386 ὡς
1712 346 1838 395 ἱστορεῖ
1862 345 2029 386 ΙΙολύῧιος
2050 344 2108 381 καὶ
2128 347 2197 382 llo-

1170 396 1353 440 σειδώνιος.
1380 398 1448 435 Καὶ
1471 399 1540 441 ἑνὸς
1562 401 1786 442 ἀποθανόντος
1803 400 1891 436 κατὰ
1909 400 1969 446 τὴν
1993 401 2200 452 ὁδοιπορίαν,

1171 454 1344 491 ἐπέστειλε
1362 456 1431 497 τοῖς
1452 456 1595 502 οἰκείοις,
1616 458 1718 494 ἄλλον
1753 458 1825 493 ἀντ’
1843 459 1971 494 ἐκείνου
1992 459 2199 510 πριαμένους

1169 511 1305 562 πέμψαι
1332 513 1434 561 αὐτῷ.
1459 516 1641 561 Scipionis
1675 517 1999 563 reliquorumque‚
2020 519 2083 564 qui
2109 518 2199 553 socii

1169 570 1277 616 hujus
1299 572 1490 617 legationis
1510 579 1635 616 crant,
1663 574 1799 607 victum
1824 575 1989 608 sobrium
2020 582 2056 609 ct
2075 576 2199 609 conti-

1168 629 1330 663 nentiam
1344 630 1451 663 ctiam
1464 629 1654 663 Diodorus
1671 631 1857 675 xxxiii,
1878 632 1919 664 18
1943 632 2049 666 essert
2067 645 2110 667 ex
2132 645 2198 667 eo-

1170 685 1275 729 deni,
1298 692 1406 732 puta,
1434 686 1647 721 Posidonio.
1684 688 1858 733 Polybius
1894 689 2044 736 (fragili.
2068 691 2197 724 histor.

1170 742 1334 791 (33,tom.
1358 745 1405 786 11,
1424 756 1460 790 p.
1484 742 1554 790 159
1572 743 1632 779 cd.
1655 743 1800 792 Didot.)
1819 745 1903 780 data
1920 748 2112 782 occasione
2129 748 2202 782 lioc

1170 812 1477 836 connneluorasse
1495 801 1618 836 debet.

1656 898 1716 935 13.

1221 1002 1551 1038 Pluta1·ch.Moral.
1574 1014 1611 1049 p.
1635 1014 1723 1049 777,
1744 1004 1773 1036 A
1793 1015 1800 1036 :
1827 1000 1897 1038 Καὶ
1920 1001 2074 1038 Σκιπίων
2093 1017 2197 1051 μετε-

1170 1058 1331 1110 πέμψατο
1354 1058 1555 1108 Παναίτιον,
1573 1056 1628 1094 ὅτε
1647 1058 1748 1095 αὐτὸν
1766 1061 1786 1104 ἡ
1805 1058 1994 1107 σύγκλητος
2012 1058 2201 1112 ἐξέπεμψεν

1209 1156 1385 1197 Ἀνθρώπων
1399 1157 1482 1196 <ism
1496 1167 1527 1187 τε
1541 1157 1592 1187 καὶ
1606 1156 1749 1196 εὐνομίην
1763 1156 1917 1197 ἐφορῶντα
1932 1179 1941 1194 ,

1169 1242 1214 1286 ὥς
1232 1259 1316 1295 φησι
1335 1243 1574 1287 Ποσειδώνιος.

1223 1304 1327 1338 Idem
1346 1304 1439 1340 ibid.
1458 1316 1497 1350 p.
1517 1316 1604 1348 200,
1620 1305 1650 1338 E
1667 1317 1674 1339 :
1698 1301 1964 1354 Ἐκπεμφθέντα
1984 1301 2011 1339 δ’
2028 1303 2128 1339 αὐτὸν
2139 1302 2207 1340 ὑπὸ

1170 1363 1229 1407 τῆς
1250 1362 1374 1411 βουλῆς
1390 1360 1516 1412 τρίτον,
1533 1361 1578 1404 ὥς
1598 1376 1681 1413 φησι
1705 1361 1943 1411 Κλειτόμαχος
1957 1390 1967 1410 ,

1211 1464 1386 1505 Ἀνθρώπων
1403 1464 1521 1495 πόλεών
1536 1464 1575 1505 (l.
1591 1465 1697 1506 ὕὸριν)
1713 1476 1745 1496 τε
1761 1466 1813 1495 καὶ
1831 1465 1973 1506 εὐνομίην
1988 1466 2159 1505 ἐφορῶντα,

1170 1551 1316 1597 πόλεων,
1343 1552 1460 1597 ἐθνῶν,
1494 1551 1662 1602 βασιλέων
1692 1552 1892 1597 ἐπίσκοπον,
1919 1553 1962 1593 ὣς
1985 1553 2030 1594 εἷς
2049 1551 2204 1594 Ἀλεξάν-

1172 1611 1285 1662 δρειαν
1307 1604 1392 1658 ἧκε,
1419 1609 1477 1647 καὶ
1504 1612 1563 1655 τ’ἧς
1583 1610 1664 1653 νεὼς
1693 1610 1847 1655 ἀποὲὰς,
1875 1610 2008 1653 ἐὸάδιζε
2037 1609 2126 1646 κατὰ
2146 1613 2205 1656 τῆς

1171 1670 1322 1720 κεφαλῆς
1343 1667 1431 1718 ἔχων
1451 1668 1489 1705 τὸ
1511 1668 1666 1718 ἱμάτιον,
1687 1669 1800 1714 ἠξίουν
1832 1668 2119 1718 ἀποκαλύψασθαι
2139 1684 2205 1704 πε-

1174 1726 1335 1777 ριθέοντες
1361 1728 1391 1762 οἱ
1412 1725 1665 1776 Ἀλεξανδρεῖς,
1692 1726 1751 1763 καὶ
1776 1725 1881 1769 δεῖξαι
1908 1729 2069 1763 ποθοῦσιν
2093 1727 2205 1768 αὐτοῖς

1171 1784 1209 1821 τὸ
1229 1784 1426 1835 πρόσωπον.
1450 1784 1803 1835 Ἀποκαλυψαμένου,
1825 1784 1978 1835 κραυγὴν
2000 1785 2059 1822 καὶ
2085 1784 2204 1835 κρότον

1174 1843 1350 1889 ἐποίησαν.
1368 1845 1440 1880 To&
1459 1841 1493 1879 δὲ
1517 1842 1684 1893 βασιλέως
1706 1843 1803 1892 μόλις
1824 1842 2065 1891 ἁμιλλ(ι)με’νου
2093 1843 2200 1893 βαδί-

1172 1903 1284 1945 ζουσιν
1315 1903 1446 1946 αὐτοῖς,
1471 1901 1514 1937 δι’
1544 1900 1666 1951 ἀργίαν
1695 1901 1753 1938 καὶ
1778 1901 1908 1953 τρυφὴν
1935 1905 1994 1938 τοῦ
2022 1900 2202 1950 σώματος,

1173 1961 1190 1995 ὁ
1220 1958 1376 1997 Σκιπίων
1417 1957 1550 2010 ἀτρέμα
1594 1958 1678 2008 πρὸς
1706 1958 1763 1995 τὸν
1797 1961 1984 1996 Παναίτιον
2027 1959 2205 2010 ψιθυρίσας

1173 2011 1285 2064 εἶπεν,
1302 2015 1396 2062 ’Ἤδη
1413 2032 1445 2053 τι
1470 2019 1530 2061 τῆς
1552 2015 1734 2064 ἐπιδημίας
1753 2019 1852 2066 ἡμῶν
1870 2016 2097 2068 Ἀλεξανδρεῖς
2118 2018 2204 2054 ἀπο-

1173 2074 1371 2112 λελαύκασι·
1388 2076 1430 2111 δι’
1446 2076 1537 2122 ἡμᾶς
1552 2073 1617 2126 γὰρ
1637 2074 1809 2126 ἑωράκασι
1825 2075 1882 2112 τὸν
1898 2075 2042 2126 βασιλέα
2056 2090 2202 2127 περιπα-

1173 2136 1307 2169 τοῧντα.

1229 2189 1473 2239 Συναπεδήμει
1493 2189 1528 2226 δὲ
1543 2191 1633 2241 αὐτῷ
1654 2190 1747 2243 φίλος
1765 2190 1824 2239 μὲν
1843 2184 1889 2233 εἷς
1906 2190 2086 2242 φιλόσοφος
2104 2192 2204 2228 Παν-

1175 2247 1297 2294 αίτιος,
1314 2246 1442 2284 οἰκέται
1459 2246 1494 2284 δὲ
1511 2246 1629 2284 πέντε·
1653 2247 1712 2285 καὶ
1731 2252 1788 2285 τοῦ
1818 2248 1888 2290 ἑνὸς
1904 2248 2131 2291 ἀποθανόντος
2149 2248 2204 2286 ἐπὶ

1144 2366 1149 2390 ι
1174 2361 1254 2392 datis
1270 2361 1429 2392 mandavit
1446 2361 1668 2402 familiaribus,
1683 2363 1719 2394 ut
1738 2362 1820 2393 illius
1835 2362 1905 2393 loco
1923 2363 2019 2394 aliuni
2038 2363 2096 2393 sibi
2118 2370 2204 2393 einc-

1174 2414 1244 2444 rcnt
1262 2413 1497 2453 mitterentque.

1664 2471 1720 2502 13.

1217 2525 1320 2565 Scipio
1335 2535 1461 2566 quoque
1477 2526 1650 2557 Pana-tium
1667 2526 1845 2565 arcessivit,
1866 2536 1965 2566 quum
1985 2527 2066 2558 esset
2087 2525 2207 2565 legatus

1174 2586 1192 2608 a
1208 2580 1336 2617 senatu,
1354 2580 1407 2617 ut,
1423 2579 1691 2618 quemadmodum
1708 2580 1890 2610 Posidonius
1903 2580 1965 2618 ait,

1263 2645 1423 2680 Inspicerct
1436 2652 1532 2673 mores
1545 2645 1698 2673 bominum
1713 2653 1877 2682 pravosque
1890 2645 2059 2680 bonosque.

1215 2707 1319 2746 Scipio
1335 2707 1446 2738 missus
1458 2716 1476 2737 a
1489 2709 1598 2738 senatu
1612 2708 1751 2747 tertium,
1766 2709 1802 2739 ut
1814 2708 1857 2739 ait
1870 2707 2085 2739 Clitomachus
2094 2730 2103 2745 ‚

1262 2775 1296 2800 Ut
1310 2780 1407 2801 mores
1421 2773 1575 2801 bominum
1588 2781 1621 2801 ac
1636 2775 1704 2808 jura
1717 2774 1885 2809 inspiceret,

1175 2834 1349 2874 urbesque,
1363 2836 1471 2873 gentes
1490 2836 1521 2866 et
1540 2844 1626 2874 reges
1642 2835 1790 2866 inviseret
1802 2835 1818 2866 ἐ
1843 2836 1879 2866 ut
1897 2834 2116 2866 Alexandriam
2134 2842 2204 2874 per-

1174 2886 1281 2925 venit,
1310 2895 1451 2925 egressus
1474 2888 1522 2917 est
1543 2887 1635 2925 navi,
1662 2887 1876 2927 processitque
1900 2888 2047 2927 cooperto
2072 2886 2172 2926 capite
2195 2898 2202 2916 ε

1175 2936 1259 2967 circu
1265 2947 1294 2967 ni
1308 2946 1383 2968 vero
1394 2938 1581 2969 cursitantes
1592 2938 1792 2969 Alexandrini
1807 2939 1995 2977 rogaverunt
2007 2939 2040 2969 ut
2054 2939 2205 2977 retegeret

1175 2988 1305 3026 faciem,
1325 2988 1543 3027 desiderioque
1557 2989 1624 3028 ejus
1641 2990 1766 3020 videndi
1788 2990 1885 3028 captis
1906 2989 2106 3028 spectandam
2123 2997 2203 3028 prae-

1175 3039 1263 3071 beret
1292 3053 1299 3071 :
1327 3049 1501 3080 vocemque
1522 3042 1554 3072 et
1576 3041 1722 3081 plausum
1741 3050 1777 3072 eo
1803 3041 1969 3081 impetrato
1991 3041 2201 3078 sustulerunt5

1175 3099 1309 3130 quorum
1324 3091 1571 3122 ambulationem
1587 3101 1685 3132 quum
1700 3101 1756 3123 rex
1774 3092 1815 3122 ob
1825 3093 1977 3131 ignaviam
1993 3093 2025 3122 et
2041 3091 2202 3121 mollitiem

1175 3143 1314 3182 corporis
1327 3152 1409 3183 aegre
1426 3153 1539 3183 magno
1553 3143 1622 3175 nisu
1640 3145 1798 3184 aequaret,
1816 3144 1920 3184 Scipio
1940 3144 2078 3175 Panaetio
2097 3143 2128 3172 in
2144 3150 2201 3171 au-

1175 3202 1240 3224 rem
1258 3194 1464 3226 insusurravit
1482 3209 1488 3225 :
1507 3209 1520 3221 α
1541 3198 1611 3226 Jam
1625 3204 1710 3226 nunc
1721 3195 1922 3226 Alexandrini
1940 3195 2076 3225 fructum
2088 3196 2202 3223 nostr-”e

1174 3246 1428 3284 peregrinationis
1452 3248 1618 3286 ceperunt,
1638 3247 1690 3287 qui
1717 3247 1842 3287 propter
1861 3255 1917 3277 nos
1941 3253 2043 3284 regem
2069 3243 2201 3275 viderint

1173 3296 1436 3336 deambulantem.
1456 3310 1469 3324 υ
