2338 3765
939 177 1262 216 FRAGMENTA.
2086 191 2155 220 5⁴?

94 270 190 306 XLI.
221 267 320 304 Ἐπεὶ
334 266 367 303 δὲ
386 266 443 302 καὶ
461 265 597 316 Ιῖάρίὶας
616 263 757 315 συχνοὺς
775 265 918 302 Ἰταλῶν
939 265 1076 314 ἐπάγων

41 319 133 371 ἧκεν,
153 324 211 362 καὶ
241 323 307 373 μὴν
333 323 391 360 καὶ
419 322 581 374 Τριάριος
601 325 618 359 ὃ
635 321 821 371 Ῥωμαίων
839 320 977 371 ἡγεμὼν
999 324 1077 358 ἀνα-

42 383 295 429 σκευασάμενος
312 384 355 432 τῇ
371 381 539 432 Ἀπαμείᾳ
553 380 744 431 πολιορκεῖν
762 378 904 427 ἐπέστη,
922 381 952 416 οἱ
970 379 1078 416 Ἀπα-

43 441 116 490 μεῖς
147 439 362 489 ἀντισχόντες
393 438 458 476 ὅσα
476 438 643 484 ἠδύναντο
657 467 667 486 ,
688 437 782 480 τέλος
811 437 1000 480 ἀνοίξαντες
1020 436 1079 479 τὰς

40 498 150 541 πύλας
182 496 319 539 τούτους
351 497 572 540 εἰσεδέξαντο.
607 491 710 535 Εἶλον
748 496 782 532 δὲ
818 496 877 532 καὶ
916 497 1076 545 Προῧσαν

42 556 104 601 τὴν
134 555 233 593 πόλιν
251 558 272 600 ἡ
300 552 486 603 Ῥωμαίων
516 554 676 603 δύναμις·
697 553 762 590 ὑπὸ
791 553 824 590 δὲ
850 553 906 590 τὸν
926 553 1079 589 Ἀσιανὸν

42 613 225 662 Ὄλυμπον
259 611 402 649 διέκειτο
439 611 541 657 αὕτη.
601 613 642 663 (2)
676 610 827 649 Ἐκεῖθεν
870 612 887 646 ὁ
919 608 1081 661 Τριάριος

43 670 97 708 ε’πι
121 670 321 721 Προυσιάδα
349 668 409 714 τὴν
436 669 679 706 ἐπιθαλάσσιον
706 667 793 718 μετὰ
820 671 881 713 τ’ῆς
907 667 1081 716 δυνάμεως

42 728 281 779 παραγίνεται.
304 728 402 773 Αὕτη
433 727 468 763 δὲ
490 727 552 765 Iu‘s
540 742 611 777 ερος
631 727 669 764 τὸ
688 726 835 763 παλαιὸν
856 726 1027 770 ἐκαλεῖτο,
1048 726 1081 761 ἐν

43 790 64 836 ᾗ
90 801 148 822 και
176 788 196 831 ἡ
221 789 281 832 τῆς
310 785 445 837 Ἄργους
471 783 579 836 ἄριξις
607 784 742 833 λεγεται
776 799 834 820 και
863 786 879 820 ὁ
906 798 963 820 του
982 781 1078 820 “Ua

45 843 235 894 ἀφανισμος
255 842 314 880 καὶ
333 846 355 889 ἡ
377 846 434 879 τοῦ
455 840 701 893 Ἡρακλέους
688 858 742 879 επι
763 841 824 887 τὴν
849 841 968 878 τούτου
994 842 1078 877 ἀνα-

45 902 184 947 ζήτησιν
211 901 326 946 πλάνη
347 900 406 938 καὶ
427 899 540 937 πολλὰ
560 904 701 937 τοιαῦτα
731 900 840 952 ἕτερα.
875 902 1081 951 Παραγεγο-

44 959 125 997 νότοι
145 958 180 997 δὲ
202 959 324 1012 ῥαδίως
339 961 369 996 οἳ
390 960 613 1010 Προυσαεῒς’
599 958 772 1004 εδέξαντο,
790 957 866 1000 τους
895 957 1081 999 Ποντικους

45 1018 264 1066 διωσάμενοι.
281 1019 307 1070 (3
311 1019 342 1067 )
340 1017 525 1056 ΊἘκεῖθεν
511 1016 566 1053 επὶ
579 1016 727 1055 Νίκαιαν
743 1015 996 1068 φρουρουμένην
1011 1017 1081 1053 Μι-

43 1075 222 1127 θριδατείῳ
242 1081 372 1127 φρουρᾷ
387 1074 691 1125 παραγίνεται.οἱ
707 1073 741 1111 δὲ
759 1073 920 1111 Ποντικοὶ
934 1088 991 1110 τον
1007 1076 1081 1110 νοῦν

45 1136 112 1170 τῶν
129 1135 162 1170 ἓν
180 1133 309 1185 Νικαίᾳ
332 1132 521 1175 συνιδόντες
540 1132 597 1169 ἐπὶ
613 1131 809 1181 Ῥωμαίους
830 1130 1056 1168 ἀποκλίνοντα
1069 1160 1080 1178 ‚

46 1191 102 1228 διὰ
122 1190 241 1233 νυκτὸς
260 1191 342 1242 πρὸς
362 1190 576 1241 Μιθριδάτην
609 1192 655 1232 εἷς
684 1189 919 1239 Νικομήδειαν
949 1188 1081 1240 ἀνεχώ-

47 1265 167 1301 ρησαν,
192 1250 252 1287 καὶ
278 1249 449 1299 Ῥωμαῖοι
477 1248 728 1300 ἀταλαιπώρως
747 1251 913 1301 κρατοῦσι
931 1250 991 1293 τῆς
1019 1247 1083 1284 πό-

45 1310 144 1350 λεως.
177 1308 218 1358 (4)
247 1307 343 1353 Αὕτη
371 1307 406 1344 δὲ
436 1309 457 1352 ἡ
478 1306 576 1349 πόλις
595 1309 616 1352 ἡ
637 1307 767 1345 Νίκαια
793 1305 854 1353 τὴν
878 1305 938 1355 μὲν
961 1307 1082 1352 κλῆσιν

47 1365 122 1416 ἄγει
142 1365 210 1403 ἀπὸ
226 1363 336 1410 ναίδος
352 1365 484 1418 νύμφης
497 1394 506 1412 ,
527 1364 635 1415 ὄνομα
653 1364 826 1416 λαχούσης
842 1364 904 1411 τὴν
920 1363 1083 1410 Νίκαιαν,

47 1423 143 1476 ἔργον
165 1424 200 1462 δὲ
220 1424 336 1475 γέγονε
363 1424 522 1463 Νικαέων
554 1425 621 1460 τῶν
654 1423 741 1471 μετὰ
771 1422 990 1473 Ἀλεξάνδρου
1022 1423 1083 1473 μὲν

46 1483 383 1533 συστρατευσάντων,
417 1480 504 1532 μετὰ
535 1481 569 1519 δὲ
598 1481 654 1518 τὸν
672 1482 800 1519 ἐκείνου
821 1482 964 1519 θάνατον
993 1482 1083 1519 κατὰ

46 1540 186 1586 ζήτησιν
207 1540 368 1592 πατρίδος
388 1539 516 1586 ταύτην
546 1555 582 1576 τε
602 1539 791 1576 κτισάντων
812 1538 870 1576 καὶ
891 1555 1084 1577 συνοικισα-

48 1597 171 1645 μένων.
194 1596 237 1636 Ἡ
263 1598 323 1646 μὲν
339 1592 396 1635 οὖν
420 1596 496 1640 ναῒς
514 1600 536 1643 ἡ
558 1597 689 1635 Νίκαια
709 1596 845 1647 λέγεται
865 1601 965 1648 φῦναι
987 1599 1083 1647 Σαγ-

46 1654 164 1706 γαρίου
193 1659 252 1693 τοῦ
280 1655 370 1693 κατὰ
398 1655 459 1702 τὴν
489 1655 606 1707 χώραν
634 1655 801 1692 δυνάστου
824 1655 883 1693 καὶ
906 1654 1085 1701 Κυὸέλης·

47 1713 231 1763 παρθενίαν
246 1712 280 1750 δὲ
296 1715 425 1762 μᾶλλον
437 1713 458 1759 ἢ
472 1714 533 1759 τὴν
548 1713 630 1764 πρὸς
645 1713 751 1764 ἄνδρα
765 1717 917 1750 ποθοῦσα
936 1713 1084 1762 ὁμιλίαν,

48 1772 81 1807 ἐν
99 1770 192 1821 ὄρεσι
211 1771 270 1808 καὶ
290 1771 408 1823 θήραις
423 1771 479 1808 τὸν
510 1771 581 1822 βίον
602 1771 697 1821 ἔσχε.
724 1772 765 1821 (5)
788 1771 929 1817 Ταύτην
952 1771 986 1808 δὲ
1007 1771 1086 1808 Διό-

49 1844 148 1872 νυσος
173 1828 234 1877 μὲν
241 1829 345 1898 jl'poes
363 1832 448 1880 ἐρων
471 1827 505 1866 δὲ
535 1830 596 1866 οὐκ
616 1828 794 1879 ἐτύγχανε.
826 1828 887 1875 Μὴ
907 1829 1086 1880 τυγχάνων

49 1886 83 1923 δε
101 1887 273 1937 μηχαναῖς
288 1886 325 1924 τὸ
341 1888 456 1925 λειπον
473 1890 514 1938 τῇ
532 1886 652 1937 γνώμῃ
669 1888 916 1939 ἀναπληρουν
902 1903 959 1924 επε
947 1887 1083 1938 χείρει.

51 1945 187 1996 Πληροῖ
202 1944 312 1981 τοίνυν
329 1944 390 1990 τὴν
408 1945 549 1997 κρήνην,
569 1947 615 1996 ἀφ
619 1940 680 1990 ’ἧς
701 1944 848 1982 εἴωθεν
831 1961 852 1990 η
871 1945 1000 1983 Νίκαια
1027 1945 1086 1982 πί-

50 2019 128 2050 νειν,
148 2019 205 2041 επε
212 2003 284 2041 ιδὰν
308 2004 377 2041 ἀπὸ
395 2007 455 2050 τ’ἧς
472 2004 577 2055 θήρας
593 2002 822 2048 κοπωθείηα
776 2032 785 2049 ,
802 2003 876 2040 ἀντι
891 2007 949 2040 τοῦ
967 2002 1088 2046 ὕδατος

49 2060 154 2099 οἴνου.
178 2061 221 2100 Ἡ
243 2060 279 2098 δὲ
299 2060 386 2111 μηδὲ
373 2077 406 2098 ν
439 2062 611 2098 συνειδυῖα
643 2060 701 2097 καὶ
730 2060 769 2098 τὸ
801 2059 915 2103 εἰωθὸς
941 2076 1086 2098 ποιουσα

51 2118 249 2170 ἐμφορεῖταί
263 2134 301 2156 τε
315 2122 373 2155 τοῦ
390 2117 573 2155 ἐπιδούλου
589 2117 742 2166 νάματος
754 2146 764 2163 ,
779 2117 838 2154 καὶ
855 2120 1015 2169 ὑπηρετεῖ
1029 2117 1087 2154 καὶ

52 2176 182 2213 ἄκουσα
200 2178 249 2228 τῷ
271 2176 465 2227 βουλήματι
493 2180 551 2213 τοῦ
572 2177 732 2226 ἐραστοῦ.
756 2175 873 2220 Μέθης
895 2175 961 2226 γὰρ
981 2175 1086 2221 αὐτὴν

51 2234 110 2271 καὶ
130 2234 236 2272 ὕπνου
260 2233 453 2280 λαὸόντων,
477 2233 497 2272 δ’
514 2249 550 2271 τε
578 2233 740 2275 Διόνυσος
759 2235 845 2283 αὐτῇ
870 2233 1087 2283 ἐπιμίγνυται

52 2292 111 2329 καὶ
138 2293 265 2336 παῖδας
296 2293 330 2337 ἐξ
361 2293 465 2339 αὒτῆς
495 2292 569 2344 φύει
600 2291 753 2343 Σάτυρόν
783 2307 819 2328 τε
852 2290 910 2328 καὶ
942 2291 1084 2343 ἑτέρους.

53 2350 94 2399 (a)
112 2351 158 2387 Οἱ
179 2350 212 2387 δὲ
233 2352 392 2397 Νικαεῖς,
409 2349 442 2388 οἳ
457 2348 518 2395 τὴν
532 2350 630 2387 πόλιν
650 2349 791 2400 ἤγειραν
806 2349 864 2386 καὶ
882 2349 1086 2401 συνῴκισαν,

52 2407 201 2446 Νίκαιαν
222 2401 314 2459 εἶχον
334 2408 482 2460 πατρίδα
504 2407 664 2450 Φωκίδος
689 2406 823 2457 γείτονα
837 2423 844 2430 ·
864 2407 947 2458 πρὸς
965 2407 1007 2452 ἢν
1027 2407 1087 2444 καὶ

52 2466 217 2509 πολλάκις
236 2466 484 2509 στασιάσαντες
507 2467 566 2503 ὑπ’
587 2467 691 2511 αὐτῆς
710 2465 838 2511 ἐκείνης
867 2464 1005 2516 ὕστερον
1025 2465 1086 2511 τὴν

19 2526 22 2528 ’
53 2524 202 2575 πατρίδα
226 2523 460 2576 ἀφῃρέθησαν,
490 2523 732 2575 καταστροφὴν
752 2522 879 2569 ταύτης
913 2524 971 2560 καὶ
998 2527 1086 2574 ἀφα-

53 2582 171 2631 νισμὸν
200 2584 267 2618 τῶν
295 2583 329 2618 ἐν
359 2585 401 2633 τῇ
430 2582 565 2620 Φωκίδι
584 2583 694 2633 πολλῇ
716 2582 846 2633 σπουδῇ
867 2580 1085 2633 καταπραξα-

54 2639 178 2689 μένων.
206 2639 296 2676 Ἀλλ’
319 2643 340 2686 ἡ
362 2639 422 2688 μὲν
444 2639 572 2678 Νίκαια
604 2639 693 2677 οὕτω
723 2655 758 2677 τε
786 2639 847 2685 τὴν
875 2641 997 2684 κλῆσιν
1028 2639 1086 2676 καὶ

1183 273 1261 301 XLl.
1280 275 1448 311 Postquain
1463 283 1536 303 xero
1550 275 1793 304 nai-havalidum
1812 275 2166 306 ltaloruniinanumad-

1139 339 1256 370 ducens
1267 342 1412 380 venissvt,
1426 344 1456 372 et
1473 343 1613 373 Triarius
1629 343 1752 382 insuper
1771 346 1983 375 Romanorum
1997 345 2062 375 dux
2077 346 2170 375 motis

1139 408 1247 437 castris
1257 411 1423 447 Apameam
1438 409 1605 449 obsideret,
1616 411 1710 448 rives,
1723 421 1820 451 quum
1832 412 2011 451 aliquandiu
2026 421 2082 452 pro
2095 414 2151 443 viri
2161 430 2169 436 -

1141 475 1198 505 bus
1208 476 1271 506 suis
1283 476 1386 507 hostes
1397 479 1629 517 sustinuissent,
1642 481 1757 519 apertis
1771 481 1897 511 tandi-in
1907 482 2003 520 portis
2013 490 2065 511 eos
2079 482 2171 512 intro-

1140 544 1264 575 misere.
1300 548 1429 576 Prusain
1458 547 1551 577 etiam
1580 548 1689 578 urbrm
1719 551 1878 579 Romanus
1891 550 2049 580 exercitus
2075 550 2168 589 capit.

1140 614 1229 643 Jacet
1242 612 1310 643 haec
1326 613 1365 643 ad
1379 614 1549 653 Olympum
1573 616 1652 646 Asiae
1666 618 1815 647 montem.
1832 618 1875 655 (2)
1892 618 1970 648 lline
1990 617 2171 648 Prusiadem

1142 680 1220 711 mari
1238 681 1416 719 impositam
1431 690 1503 712 enm
1518 683 1656 714 exercitu
1669 685 1766 723 petit:
1786 685 1912 716 Cierum
1928 686 2072 725 (Cium)
2097 685 2171 715 olim

1141 756 1357 787 nominabant.
1404 759 1475 793 Quo
1497 757 1591 788 etiam
1617 760 1809 796 Argonautas
1828 760 1981 799 appulisse
2003 761 2034 790 et
2057 759 2172 790 ibidem

1141 825 1305 856 evanuisse
1318 825 1443 865 Hylam,
1458 827 1489 856 et
1504 827 1668 857 Herculem
1679 852 1686 865 ‚
1698 828 1772 858 dnm
1788 829 1917 867 requirit
1931 838 2016 867 eum,
2034 829 2171 859 circum-

1142 896 1306 934 vagatum,
1325 896 1489 934 multaque
1517 895 1545 925 id
1563 905 1659 933 genus
1675 897 1734 927 alia
1762 898 1924 937 contigisse
1944 899 2025 929 sama
2052 900 2111 929 est.
2133 898 2174 928 Ut

1142 964 1211 995 urbi
1242 965 1521 1004 appropinquavit,
1552 965 1641 995 facile
1666 966 1842 997 Prusiensos
1868 975 1940 997 eum
1970 969 2172 1007 receperunt,

1143 1032 1282 1064 Ponticis
1294 1032 1412 1071 ejectis.
1429 1032 1472 1071 (3)
1486 1033 1560 1063 lude
1574 1033 1710 1064 Nicaeam
1722 1057 1729 1071 ,
1747 1043 1841 1074 quam
1856 1035 2033 1074 praesidium
2047 1036 2173 1066 Mithri-

1144 1101 1224 1132 datis
1245 1101 1388 1138 tenebat,
1403 1101 1624 1141 proficiscitur.
1643 1103 1763 1134 Pontici
1783 1105 1888 1134 autem
1901 1128 1909 1142 ,
1927 1105 2102 1144 intellecto,
2121 1106 2175 1137 Ni-

1144 1178 1279 1201 caeenses
1292 1170 1404 1201 animis
1414 1169 1452 1201 ad
1462 1173 1619 1202 Romanos
1635 1171 1838 1210 propendere,
1853 1174 1949 1203 noctu
1960 1182 1992 1204 se
2005 1174 2043 1204 ad
2052 1176 2081 1204 Μ
2087 1174 2147 1204 ithr
2155 1175 2176 1204 i-

1143 1238 1247 1270 datem
1261 1239 1476 1271 Nicomediam
1490 1239 1683 1270 subducunt.
1701 1239 1834 1270 Romani
1846 1239 1940 1279 igitur
1954 1241 2020 1272 sine
2034 1243 2178 1273 molestia

1144 1308 1255 1339 urbem
1264 1308 1409 1348 potestati
1422 1316 1488 1339 suae
1501 1307 1683 1347 subjiciunt.
1697 1308 1740 1346 (4)
1753 1310 1829 1339 Haec
1842 1308 1917 1339 urbs
1927 1317 2042 1340 nomen
2051 1309 2178 1341 deducit

1144 1388 1162 1410 a
1175 1378 1272 1412 Naide
1286 1378 1422 1419 quadam
1445 1378 1601 1419 nympha,
1617 1378 1667 1410 cui
1685 1378 1801 1411 Nicaeae
1828 1387 1944 1410 nomen
1958 1403 1966 1418 ,
1982 1380 2013 1410 et
2037 1388 2116 1419 opus
2134 1383 2180 1411 est

1143 1448 1349 1481 Nicaeeusium
1360 1475 1369 1489 ,
1387 1449 1441 1488 qui
1454 1448 1486 1479 in
1497 1448 1666 1480 Alexandri
1679 1449 1819 1480 exercitu
1834 1449 1973 1488 fuerunt,
1985 1450 2017 1480 et
2029 1450 2099 1488 post
2112 1449 2178 1489 ejus

1145 1518 1305 1549 interitum
1317 1542 1325 1557 ‚
1343 1517 1418 1548 dum
1436 1517 1569 1557 patriam
1589 1519 1757 1558 quaerunt,
1772 1518 1831 1549 hac
1856 1518 1934 1549 urbe
1961 1527 1978 1548 a
1995 1527 2028 1550 se
2053 1518 2178 1549 condita

1145 1584 1176 1614 et
1202 1584 1417 1622 frequentata,
1435 1583 1466 1613 in
1492 1583 1652 1614 civitatem
1677 1584 1873 1615 coaluerunt.
1907 1585 1980 1615 Nais
1997 1588 2104 1616 autem
2127 1584 2177 1615 illa

1146 1649 1251 1680 Nicaea
1265 1649 1411 1688 Sangario
1424 1649 1484 1680 loci
1496 1648 1602 1688 regulo
1612 1650 1643 1680 et
1657 1649 1773 1688 Cybele
1783 1650 1856 1679 nata
1868 1649 1978 1680 fertur.
1989 1651 2068 1685 Quae
2083 1658 2180 1689 quum

1145 1715 1265 1754 maj0re
1275 1716 1458 1755 virginitatis
1471 1716 1640 1755 desiderio,
1657 1725 1752 1756 quam
1766 1716 2001 1748 consuetudinis
2015 1726 2088 1748 cum
2100 1717 2180 1755 viro,

1146 1782 1319 1820 teneretur,
1333 1781 1364 1812 in
1375 1781 1536 1812 montibus
1549 1782 1580 1812 et
1594 1781 1757 1812 venatibus
1769 1781 1866 1812 vitam
1881 1781 1953 1820 egit.
1982 1781 2025 1820 (5)
2040 1783 2182 1813 Bacchus

1146 1848 1272 1887 quidem
1285 1849 1370 1879 amat
1384 1848 1537 1888 puellam3
1552 1847 1604 1878 sed
1616 1847 1683 1878 haec
1696 1855 1836 1878 amorem
1852 1847 2031 1878 frustratur.
2044 1848 2180 1884 Quando

1147 1913 1240 1952 igilur
1254 1913 1318 1944 voti
1332 1921 1461 1952 compos
1480 1913 1541 1943 alia
1556 1913 1676 1943 ratione
1696 1911 1763 1943 fieri
1776 1911 1898 1951 nequit,
1913 1911 2041 1943 fallaciis
2055 1913 2181 1952 explere

1147 1980 1243 2011 animi
1262 1980 1451 2012 desiderium
1474 1980 1620 2012 instituit.
1641 1982 1721 2011 Nam
1741 1980 1878 2018 sontem,
1905 1988 1945 2010 ex
1962 1988 2026 2018 quo
2043 1979 2148 2010 Nicaea
2164 1989 2181 2009 a

1148 2046 1313 2077 venatione
1328 2046 1448 2077 defessa
1461 2045 1568 2076 bibere
1577 2044 1699 2076 solebat
1709 2068 1717 2082 ,
1731 2045 1805 2075 vino
1818 2053 1875 2084 pro
1893 2053 1975 2084 aqua
1989 2045 2099 2084 replet.
2122 2047 2181 2077 Ea-

1147 2121 1209 2151 que
1227 2112 1303 2142 nihil
1317 2113 1472 2152 suspicata
1482 2136 1491 2150 ,
1502 2111 1577 2142 dum
1592 2119 1648 2150 pro
1661 2119 1748 2142 more
1759 2119 1816 2142 suo
1831 2110 1926 2150 bibit,
1942 2111 2085 2142 fallacem
2100 2111 2182 2142 intra

1147 2188 1180 2210 se
1197 2180 1299 2210 haurit
1323 2180 1493 2220 liquorem,
1509 2180 1540 2210 et
1558 2179 1602 2210 sic
1623 2178 1798 2218 quamlibet
1824 2177 1923 2209 invita
1938 2178 2072 2209 amantis
2096 2180 2181 2218 eupi-

1148 2243 1239 2275 ditati
1253 2245 1421 2276 subservit.
1436 2247 1522 2276 Mero
1537 2245 1621 2276 enim
1634 2245 1666 2275 et
1679 2252 1788 2275 somno
1802 2244 1978 2283 correptam
1994 2243 2085 2274 Liber
2098 2252 2181 2274 com·

1148 2309 1255 2348 primit
1266 2334 1275 2348 ,
1289 2311 1321 2341 et
1337 2311 1486 2349 Satyrum
1503 2319 1541 2340 ex
1555 2318 1591 2341 ea
1615 2309 1792 2349 liberosque
1813 2309 1890 2339 alios
1905 2309 2044 2348 suscipit.
2064 2310 2107 2348 (6)
2125 2310 2180 2340 Ni-

1147 2383 1283 2406 caeenses
1307 2377 1425 2413 autem,
1449 2384 1467 2406 a
1483 2375 1597 2414 quibus
1624 2374 1760 2406 excitata
1776 2375 1822 2405 est
1844 2374 1919 2404 urbs
1934 2375 1965 2405 et
1983 2373 2108 2405 sedibus
2122 2375 2181 2406 sre-

1148 2444 1298 2483 quentata
1309 2467 1317 2482 ,
1346 2443 1483 2483 primum
1517 2442 1650 2483 patriam
1682 2442 1858 2473 habuerant
1890 2443 2028 2474 Nicaeam
2052 2443 2180 2474 Phocidi

1147 2509 1282 2540 vicinam
1297 2521 1305 2548 ;
1317 2509 1370 2540 sed
1383 2533 1391 2548 ,
1406 2508 1491 2548 quod
1505 2508 1637 2540 subinde
1648 2509 1852 2546 rebellarent,
1869 2509 2043 2540 Phocenses
2052 2509 2180 2540 tandem

1147 2577 1246 2616 patria
1265 2586 1318 2607 eos
1334 2577 1542 2616 expulerunt,
1560 2578 1591 2608 et
1610 2577 1645 2607 ut
1662 2576 1736 2607 urbs
1752 2585 1862 2607 eorum
1883 2584 1990 2607 eversa
2003 2575 2161 2607 deleretur
2172 2600 2181 2614 ‚

1149 2653 1261 2683 magno
1275 2645 1472 2683 perfecerunt
1485 2644 1601 2675 studio.
1626 2644 1731 2675 Nicaea
1747 2653 1820 2683 ergo
1837 2644 1897 2675 hoc
1910 2644 2004 2675 modo
2029 2643 2182 2683 appellata

54 2755 143 2785 citus
156 2755 264 2794 ipsius
280 2755 379 2793 parce
399 2753 605 2785 ceciderunt.
623 2756 661 2785 Et
679 2754 815 2785 fortassis
833 2754 980 2794 Εὐμάχου
1001 2763 1117 2785 nomen
1134 2754 1173 2785 ab
1189 2755 1372 2793 excerptore
1389 2755 1565 2785 Memnonis
1583 2754 1632 2784 vel
1651 2754 1754 2793 potius
1770 2754 1898 2785 librario
1912 2754 2099 2793 corruptum
2122 2753 2182 2783 fuit

55 2800 86 2830 in
103 2800 257 2840 Ἑρμαῖος.
275 2812 290 2826 >1
303 2802 349 2830 ΟΒ
357 2809 435 2831 ELLI.
452 2819 490 2826 -—-
504 2804 533 2831 ὁ.
552 2800 730 2840 διήρπαζον]
746 2804 780 2831 Α.
797 2800 956 2840 διέφθειρον
978 2802 1041 2830 cett
1057 2820 1096 2826 —
1109 2799 1356 2840 ἀπροσδόκητος]
1370 2800 1477 2839 codd.;
1493 2801 1733 2839 ἀπροσδοκήτως
1748 2801 1838 2839 vulg.

95 2848 176 2877 XLI.
205 2850 232 2877 1.
250 2845 397 2886 διέκειτο]
412 2845 546 2885 Legend.
566 2846 674 2877 ἔκειτο.
693 2846 853 2885 Sclzcefer.
871 2864 912 2868 —
930 2850 956 2876 2.
971 2846 1095 2886 Κίερος]
1111 2845 1245 2876 debebat
1258 2846 1394 2876 scribere
1412 2846 1502 2883 Κίος;
1522 2854 1595 2876 nam
1615 2846 1654 2876 ad
1673 2846 1765 2876 Cium
1785 2846 1920 2885 pertinet
1935 2846 2022 2885 Hylae
2039 2845 2178 2876 historia.

56 2892 102 2923 Ci.
129 2893 243 2923 Muller
259 2892 338 2922 Min.
355 2901 384 2931 p.
409 2896 478 2923 293.
507 2905 521 2919 «
539 2893 598 2923 Sed
613 2902 666 2931 eo,
686 2893 858 2924 palmerius
880 2893 941 2931 ait,
961 2893 1047 2931 quod
1065 2893 1138 2927 Κίος
1158 2893 1189 2922 et
1207 2892 1313 2931 Κίερος
1335 2891 1408 2921 duae
1425 2891 1518 2921 urbes
1535 2900 1635 2921 unum
1653 2891 1739 2922 aliud
1762 2900 1878 2921 nomen
1897 2892 2086 2929 acceperunt
2114 2890 2177 2929 (cs.

57 2947 85 2969 e.
99 2940 155 2978 27)
170 2963 179 2978 ,
190 2941 222 2970 et
234 2940 369 2978 utraque
383 2939 509 2970 Prusias
526 2940 633 2978 postea
648 2939 732 2970 dicta
743 2940 807 2977 est,
826 2938 996 2978 saepissime
1010 2939 1148 2968 erratum
1165 2938 1212 2967 est
1228 2938 1260 2967 in
1277 2938 1325 2968 his
1337 2937 1479 2967 vocibus.
1496 2937 1674 2967 Memnonis
1684 2945 1823 2967 errorem
1837 2938 1925 2967 notat
1941 2937 2036 2967 etiam
2053 2937 2178 2966 Wesse-

57 2986 169 3026 lingius
181 2987 221 3017 ad
234 2987 376 3018 itinerar.
392 2988 462 3018 Vet.
478 2996 508 3026 p.
525 2991 595 3019 (394.
614 3000 627 3013 υ
641 2988 788 3017 Ceterum
804 2988 911 3025 postea
925 2986 1000 3016 urbs
1011 2986 1100 3016 vetus
1113 2992 1229 3015 nomen
1246 2991 1444 3022 recuperasse
1454 2982 1598 3021 videtum
1617 2983 1722 3013 seculo
1734 2982 1920 3013 duodecimo
1934 2981 2022 3012 audit
2040 2981 2178 3012 cwotos.

57 3034 96 3063 V.
121 3034 283 3063 Hammer.
303 3032 416 3064 Gesclz.
437 3032 496 3063 der
520 3035 656 3063 Osman.
676 3034 707 3069 1,
729 3041 757 3071 p.
780 3035 846 3063 109.
863 3032 912 3062 Cl'.
928 3032 1055 3062 Clinton
1073 3032 1106 3060 F.
1123 3032 1163 3061 H.
1179 3032 1236 3067 ΙΙΙ,
1255 3038 1284 3068 p.
1300 3031 1370 3060 415.
1387 3047 1426 3050 —
1442 3028 1628 3069 Προυσαεῖς]
1647 3041 1661 3055 «
1678 3031 1746 3060 Imo
1764 3031 1923 3068 Προυσιεῖς
1935 3053 1943 3066 ,
1958 3028 2042 3067 quod
2060 3029 2107 3057 est
2122 3035 2176 3066 pa-

59 3079 258 3118 tronynicum
278 3079 414 3117 Prusiae,
429 3087 501 3118 quae
517 3080 547 3110 et
560 3079 653 3113 Cius,
679 3078 718 3109 de
740 3086 804 3117 qua
818 3078 868 3108 hic
885 3087 998 3108 sermo.
1012 3078 1180 3116 Προυσαεῖς
1194 3077 1299 3107 autem
1323 3078 1430 3106 Prusae
1448 3075 1488 3106 ad
1513 3076 1694 3115 Olympum.
1716 3076 1765 3106 Cf.
1782 3075 1893 3106 Strabo
1909 3077 1940 3105 et
1955 3074 2140 3112 Stephanus.
2162 3086 2176 3098 υ

68 3125 216 3156 Valesius
231 3124 414 3156 Emendat.
432 3127 511 3162 ΙΙ,’)
498 3148 512 3155 ρ
524 3134 577 3164 p.
594 3130 642 3155 50.
668 3126 817 3155 ceterum
835 3124 987 3163 ejusmodi
1009 3124 1287 3162 grammaticorum
1305 3122 1556 3153 distinctionibus
1573 3122 1655 3152 haud
1677 3122 1816 3152 multum
1838 3120 2040 3152 tribuendum
2065 3120 2119 3149 est.
2136 3136 2177 3143 -

61 3172 91 3200 3.
107 3170 157 3200 διὰ
178 3169 304 3211 νυκτός]
324 3170 428 3209 codd.;
448 3171 497 3200 διὰ
518 3174 570 3206 τῆς
595 3170 700 3205 νυκτὸς
724 3170 807 3208 ιυΙς.
830 3187 869 3191 -
893 3172 922 3201 4.
946 3167 1069 3209 γέγονε]
1091 3178 1131 3199 ex
1152 3169 1286 3208 conject.
1310 3168 1475 3208 Stephani;
1501 3169 1624 3207 γεγονὸς
1646 3169 1717 3199 libri
1748 3167 1893 3207 plurimi,
1922 3167 2052 3205 γεγονὼς
2076 3164 2175 3195 codex

61 3216 220 3255 Stephani.
236 3233 274 3238 —
287 3227 351 3251 ναις
370 3217 389 3252 ἡ
412 3215 544 3255 Νίκαια]
561 3216 698 3247 Eandem
715 3216 852 3246 fabulam
869 3216 998 3255 exponit
1017 3217 1148 3246 Nonnus
1168 3215 1295 3255 Dionys.
1321 3215 1373 3246 lib.
1391 3217 1449 3245 XV
1464 3216 1495 3245 et
1515 3217 1598 3246 XVI.
1622 3234 1661 3241 —
1679 3214 1744 3255 βίον
1766 3213 1859 3254 ἔσχε]
1881 3216 1936 3243 Α.·
1929 3236 1936 3249 ,
1954 3211 2020 3251 βίον
2042 3210 2173 3249 κατέσχε

61 3262 146 3300 vulg.
167 3280 208 3285 —-
227 3266 254 3294 5.
276 3261 400 3302 είωθεν]
418 3262 523 3292 Malim
544 3263 642 3292 εἰώθει
667 3261 826 3301 δεΙιιξῘεφκ
845 3283 883 3289 —-
899 3262 1049 3302 ποιοῦσα]
1075 3262 1123 3293 ed.
1151 3262 1300 3302 Stephani
1327 3264 1357 3293 et
1379 3262 1486 3293 codd:
1466 3286 1487 3301 .,
1513 3264 1628 3292 πιοῦσα
1648 3261 1734 3297 vuls'.
1759 3280 1797 3286 -
1815 3260 1945 3298 Σάτυρον
1971 3258 2021 3287 καὶ
2043 3258 2086 3287 ἑτε
2077 3255 2176 3296 ρους]

62 3309 190 3351 Τελετῄν
208 3309 345 3348 puellam
359 3317 399 3340 ex
413 3308 516 3340 Nicaea
543 3309 700 3339 Bacchum
718 3317 896 3347 procreasse
913 3309 988 3339 (licit
1007 3312 1135 3340 Nonnus
1152 3312 1222 3340 XVI
1242 3310 1323 3338 extr.
1341 3329 1378 3334 -
1393 3313 1423 3339 6.
1436 3308 1603 3339 Νίκαιαν...
1620 3308 1736 3338 Φωκίδι
1752 3305 1889 3345 γείτονα]
1912 3306 1949 3334 V.
1973 3304 2080 3341 steph,
2100 3303 2171 3340 Byz,

65 3362 92 3384 v.
109 3355 231 3385 Νίκαια.

1992 3402 2033 3425 aa,
