2289 3728
961 144 1287 183 FRAGMENTA.

67 246 193 270 nenses
208 234 393 268 Bacchum
411 232 627 279 Melana-gin
653 231 831 266 celebrari
853 231 1002 265 solitum
1018 242 1092 264 esse

67 294 243 338 (Pausan.
273 292 331 335 ΙΙ,
358 290 426 335 35,
459 290 500 338 1)
525 296 650 325 monet
669 288 872 331 .Prellerus;
896 287 996 321 idem
1024 287 1091 321 alia

66 349 244 384 nonnulla
275 361 355 396 quae
384 349 592 395 comparari
620 346 761 393 possint
789 345 909 380 affert.
941 345 1093 379 Sacrum

66 406 159 441 illud
184 407 232 441 ob
258 414 476 453 apparatum
498 406 670 439 viliorem
695 415 772 437 non
795 403 1007 449 publicum,
1031 401 1094 435 scd

65 464 251 510 privatum
277 471 473 498 nautarum
495 463 553 497 vel
574 463 801 509 piscatorum
825 460 970 507 collegii
989 458 1096 493 fuisse

66 528 200 558 censet.

222 591 355 627 ΠΡΟΣ
384 564 642 627 ΑιὶΑΝΘιοΝ
674 587 943 624 ΕΠΙΣίὀΛιι.

551 663 610 708 76.

118 735 315 770 Athenaeus
334 736 416 778 XV,
435 747 472 781 p.
495 733 588 781 696,
608 734 634 768 F
651 744 659 769 :
682 730 750 769 Καὶ
771 734 787 768 ὁ
806 732 851 772 εἰς
874 729 1046 779 Ἀγήμονα
1064 728 1098 766 δὲ

66 791 122 828 τὸν
142 790 331 843 Κορίνθιον,
347 790 528 835 Ἀλκυόνης
542 790 696 838 πατέρα,
714 788 749 825 ὃν
771 788 887 840 ᾄδουσι
908 787 1099 839 Κορίνθιοι,

68 849 139 900 ἔχει
158 848 195 886 τὸ
214 849 393 886 παιανικὸν
417 848 623 899 ἐπίφθεγμα.
649 846 824 896 Παρέθετο
846 845 879 882 δὲ
896 846 996 882 αὐτὸν
1018 847 1098 883 Πο-

67 907 182 955 λέμων
203 910 220 944 ὁ
247 907 459 956 περιηγητὴς
483 908 515 942 ἐν
537 908 578 956 τῇ
611 905 703 955 Πρὸς
724 904 895 955 Ἀράνθιον
920 903 1101 952 ἐπιστολῇ.

67 968 123 1001 De
142 967 324 1001 Aranthio
341 966 491 1001 aliunde
507 978 584 1000 non
604 970 758 999 constat.

137 1041 268 1078 ΠΡΟΣ
296 1039 680 1078 ΑΛΕΞΑΝΔΡΙΔΗΝ
715 1036 1023 1087 [ΙΞΠΙΣΤΟΑΗ].

531 1115 576 1160 76
605 1127 635 1149 a.

121 1203 245 1238 Schol.
261 1200 346 1237 Eur.
360 1203 424 1239 Or,
442 1214 454 1235 1
465 1202 537 1236 632
554 1214 561 1236 :
576 1198 627 1236 ὅτι
640 1202 660 1244 ἡ
678 1197 805 1243 ςΕλένη
817 1196 871 1247 [τὸ
882 1200 940 1241 τ’ἧς
955 1196 1099 1242 (Ελένης

71 1253 206 1302 ἄστρον,
235 1252 277 1297 ἢν
302 1254 476 1294 ἰδιωτικῶς
497 1267 580 1303 φασι
608 1251 880 1301 Τραμουντάναν
902 1264 953 1288 vs,
982 1250 1097 1299 1626]

73 1317 141 1352 τοῖς
155 1309 414 1361 χειμαζομένοις
434 1308 524 1346 κατὰ
545 1309 719 1346 θάλατταν
738 1308 879 1354 ἐπήκοός
903 1310 994 1353 ἐστι,
1012 1307 1100 1345 κατὰ

70 1368 259 1419 Εὐριπίδην
287 1367 540 1416 σεσημείωται·
563 1370 580 1404 ὅ
609 1366 724 1416 μέντοι
754 1366 925 1408 Σωσίὸιος
951 1366 1099 1414 ἔμπαλιν

68 1427 174 1465 οἴεται
203 1428 263 1462 οὐκ
304 1427 451 1470 εὐμενῶς
482 1425 586 1471 αὐτὴν
622 1424 871 1477 ἐπιφαίνεσθαι.
905 1427 970 1461 l-lis
998 1426 1102 1460 addit

70 1485 156 1522 cod.
186 1487 289 1522 Flor.
318 1485 364 1520 33
393 1498 401 1519 :
421 1485 589 1532 Πολέμων
615 1483 649 1519 δὲ
670 1483 727 1519 καὶ
750 1483 784 1519 ἐν
810 1483 928 1533 [τῷδε]
952 1483 998 1532 τῷ
1018 1481 1102 1532 πρὸς

70 1541 323 1592 Ἀλεξανδρίδην
343 1541 404 1587 τὴν
428 1540 488 1591 μὲν
509 1546 578 1578 τοῖν
610 1542 699 1578 δυοῖν
727 1540 883 1590 ἀστέροιν
903 1539 1102 1591 ἐπιφάνειαν

69 1601 137 1634 τῶν
152 1598 368 1649 Διοσκούρων
384 1600 682 1648 ἀνωμολογῆσθαι,
696 1598 757 1644 τὴν
776 1597 810 1634 δὲ
826 1600 893 1634 τῶν
909 1597 1103 1647 λεγομένων

70 1656 239 1707 Ζοὸείρων
263 1659 272 1706 (
290 1659 316 1695 l.
337 1657 540 1708 Καὲείρων)
562 1658 578 1674 '⁶
600 1658 615 1673 ³*

122 1718 243 1751 Locus
268 1716 348 1760 hie,
379 1717 443 1762 qui
465 1716 561 1763 fugit
587 1717 812 1764 Prellerum,
839 1728 982 1763 pannus
1006 1716 1104 1750 lacer

70 1774 254 1808 uberioris
274 1773 546 1820 disputationis,
574 1774 609 1806 in
632 1785 707 1818 quo
734 1773 1000 1807 demonstrasse
1028 1774 1103 1806 Po-

72 1832 168 1865 lemo
188 1831 336 1865 videtur
356 1832 576 1874 Dioscuros,
596 1824 660 1876 qui
681 1832 799 1865 nautis
818 1843 886 1877 per
904 1837 1104 1876 tempesta—

72 1896 143 1924 tem
164 1889 457 1935 periclitantibus
471 1895 671 1935 apparent,
694 1889 811 1934 probe
826 1888 1105 1935 distinguendos

71 1959 146 1981 esse
163 1959 183 1981 a
200 1946 351 1990 Cabiris‚
367 1947 430 1992 qui
445 1947 639 1992 saepissime
659 1958 742 1979 cuin
754 1947 795 1980 iis
811 1945 1103 1980 cmlfunduntur.

74 2003 141 2051 (V.
161 2004 344 2039 lVelcker.
368 2005 506 2049 Trilog.
525 2016 564 2050 p.
583 2002 656 2037 228
676 2015 758 2049 sqq.
777 2010 813 2037 et
829 2003 922 2050 sqq.)
943 2004 1102 2037 Alexan-

72 2061 196 2096 drides
209 2061 469 2107 intelligendus
484 2068 536 2095 est
551 2062 729 2106 Delphus,
747 2062 811 2107 qui
827 2073 899 2107 qua
914 2062 1106 2095 occasiffllc

72 2119 118 2153 de
138 2119 206 2153 hac
223 2131 263 2153 re
285 2131 491 2153 sermonem
507 2119 654 2161 fecerit,
674 2120 797 2165 colligi
818 2126 939 2165 potest
956 2131 1001 2153 ex
1017 2120 1105 2153 Ale-

72 2176 263 2211 xandridae
280 2176 409 2224 fragm.
434 2176 469 2220 3,
485 2176 551 2210 ubi
564 2176 664 2212 vide.
682 2178 752 2211 Pro
771 2177 804 2211 ἐν
825 2176 910 2226 τῷδε
925 2177 973 2225 τῷ
991 2184 1053 2211 aut
1074 2177 1107 2211 ἐν

72 2235 120 2283 τῷ
137 2235 211 2269 sive
231 2235 264 2270 ἐν
283 2236 325 2285 τῇ
346 2235 543 2282 legendum
555 2262 564 2279 ,
582 2241 644 2269 aut
663 2236 751 2269 latet
768 2234 801 2269 ἐν
819 2235 1025 2285 ἀντιγραφῇ.

107 2344 227 2381 ΠΕΡΙ
257 2344 457 2382 ΑΔΟΞΩΝ
487 2344 768 2382 ΟΝΟΜΑΤΩΝ
800 2346 1074 2383 ΕΠΙΣΤΟΛΙΙ.

128 2451 352 2486 ΡΒΕιιΕΙι.’;
394 2466 407 2480 «
443 2451 646 2496 Epistolaln
676 2451 781 2485 fuisse
814 2452 1033 2499 intelligitur
1065 2465 1108 2487 ex

75 2506 180 2553 srgm.
204 2519 266 2552 77.
288 2509 344 2542 De
364 2508 516 2541 nomine
536 2507 632 2552 ejus,
655 2507 700 2542 ad
727 2520 833 2553 quem
853 2509 930 2542 haec
952 2509 1107 2554 epistola

73 2564 207 2610 scripta
224 2572 320 2608 erat,
342 2565 433 2598 nihil
452 2573 693 2599 memoratur.
716 2565 815 2611 Quid
834 2566 879 2600 sit
896 2564 1004 2612 ὄνομα
1026 2564 1105 2601 ἅδο-

245 2685 311 2721 ΑΙ)
340 2685 652 2723 ARANTfflUM
683 2686 943 2723 EPISTOLA.

569 2756 627 2786 76.

116 2809 219 2839 Etiam
245 2817 333 2847 paean
363 2808 395 2839 in
419 2811 607 2847 Agemonem
633 2810 851 2850 Corinthium,
879 2800 1027 2851 Alcyonae
1060 2821 1112 2852 pa-

79 2863 178 2899 trem,
193 2869 288 2900 quem
317 2862 434 2891 canunt
456 2861 629 2899 Corinthii,
645 2863 818 2901 pacanicam
849 2864 943 2895 habet
956 2865 1108 2895 acclama-

77 2911 208 2941 tionem.
235 2911 387 2950 Apposuit
404 2911 493 2943 illum
518 2912 647 2943 Polemo
670 2913 827 2952 periegeta
854 2914 886 2944 in
911 2915 1050 2954 Epistola
1069 2915 1106 2946 ad

79 2962 279 2993 Aranthium.

178 3026 245 3063 ΑΙ)
274 3026 677 3064 ALEXANDRIDEM
708 3027 1001 3077 [EP¹S‘1'0LA].

538 3092 583 3123 76
612 3098 644 3122 a.

119 3143 245 3173 Polemo
266 3143 296 3173 in
320 3143 501 3184 [Epistola]
530 3144 568 3175 ad
595 3145 837 3176 Alexandridem
853 3145 892 3176 de
916 3146 1110 3185 apparitione

77 3182 213 3213 duarum
229 3184 408 3223 stellarum,
424 3186 478 3224 qui
501 3185 643 3216 Dioscuri
660 3186 739 3224 sint,
757 3194 790 3216 se
813 3186 954 3217 assentiri
974 3187 1034 3225 ait,
1053 3196 1108 3227 ap-

79 3234 265 3273 paritionem
285 3244 360 3267 vero
377 3236 562 3268 cabirorum
574 3261 582 3276 ,
598 3237 653 3276 qui
678 3238 844 3276 vocantur,
860 3237 902 3269 ab
919 3237 985 3269 illa
1000 3238 1108 3270 diver-

77 3294 149 3317 sam
166 3295 243 3319 csse.

2110 150 2180 182 13⁷

1154 227 1206 270 ξον
1237 231 1389 276 planum
1410 239 1461 265 cst
1483 244 1526 266 ex
1558 243 1622 274 co,
1646 230 1749 278 quod
1775 230 1821 265 de
1847 230 2014 277 parasitis
2047 231 2086 264 in
2114 230 2182 264 hac

1152 288 1351 332 scriptione
1367 290 1542 333 quaesivit,
1556 291 1706 323 nomine
1720 289 1824 322 initio
1836 288 2034 331 honorato,
2046 286 2181 321 deinde

1154 344 1307 390 ignobili
1328 352 1364 378 ct
1383 345 1543 389 samoso;
1566 346 1610 382 cf.
1637 347 1745 393 [rgm.
1771 346 1817 390 78
1848 358 1855 379 :
1879 343 1930 381 Τὸ
1951 346 2009 379 τοῦ
2030 342 2181 394 παρασί-

1153 414 1212 435 του
1232 398 1336 448 ὄνομα
1361 403 1418 436 νῦν
1441 401 1501 448 μὲν
1528 401 1645 445 ἄδοξόν
1669 403 1740 438 ἐστι
1772 403 1848 439 κτλ.
1874 403 1997 438 Crates
2016 404 2071 437 De
2092 402 2179 438 dial.

1155 461 1231 494 Att.
1250 471 1309 505 ap.
1329 460 1465 495 Athen.
1482 472 1520 506 p.
1542 460 1631 507 235,
1654 463 1681 495 B
1701 473 1709 497 t
1730 459 1799 496 Καὶ
1819 461 1835 495 ὅ
1852 459 2038 509 παράσιτος
2055 462 2110 494 νῦν
2133 459 2184 495 ἐπ’

1162 514 1279 558 ἄδοξον
1300 514 1362 563 μὲν
1389 515 1499 552 κεῖται
1524 523 1685 566 πρᾶγμα.
1706 520 1879 553 Similiter
1897 519 1996 565 apud
2019 519 2186 553 rhetores

1157 573 1375 609 dicebantur
1393 571 1503 614 ἄδοξοι
1532 573 1718 615 ὑποθέσεις.
1740 575 1797 612 Cf.
1819 576 1911 611 Gell.
1933 578 1978 612 N.
1999 578 2043 611 Λ.
2065 577 2184 613 XVII.

1162 644 1204 666 12
1227 644 1234 665 ι
1257 630 1416 676 infames
1430 636 1612 675 materias,
1635 637 1706 666 sive
1722 637 1801 679 quis
1817 636 1951 668 mavult
1965 636 2085 668 ‹licet-e
2105 638 2187 669 ino—

1154 690 1355 735 pinabiles,
1382 703 1473 737 quas
1495 692 1616 725 Groeci
1638 689 1806 731 ἀδόξους
1822 689 2039 732 ὑποθέσεις
2059 695 2187 739 appel-

1160 748 1262 781 lanc:
1331 751 1435 782 sicuti
1454 761 1562 795 quum
1586 748 1761 782 leersitoe
1780 750 1904 782 laudes
1923 754 2083 796 quoesiwit
2102 752 2188 797 (Fa-

1157 805 1331 853 vorinus)
1354 814 1389 840 et
1408 819 1516 852 quum
1535 804 1677 851 febrim
1697 809 1833 852 quartis
1852 808 1977 841 (liebus
2004 820 2191 842 recurren-

1159 871 1228 896 tem
1259 864 1432 898 laudavit.
1465 863 1521 899 Cf.
1554 863 1726 898 Philostr.
1747 863 1782 906 Ι,
1814 875 1849 907 7,
1886 854 1919 899 i.
1949 864 2020 897 Scd
2040 866 2191 900 nomina

1159 921 1224 954 ista
1252 921 1401 955 infamia
1427 922 1476 955 ita
1494 921 1665 954 tractavit
1686 920 1857 963 Polemo,
1874 927 1913 953 ut
1930 922 2090 965 primum
2108 934 2189 968 quae

1159 978 1269 1012 fucrit
1304 979 1492 1024 antiquior
1523 977 1741 1025 significatio
1754 1006 1763 1023 ,
1801 977 1937 1011 deinde
1972 991 2051 1024 quae
2087 992 2191 1015 causa

1161 1037 1360 1070 immutatae
1399 1035 1696 1078 existimationis,
1728 1035 1948 1081 explicaret3
1979 1036 2103 1069 saltem
2143 1038 2192 1071 ita

1161 1094 1401 1139 quaestionem
1420 1106 1522 1128 suam
1543 1093 1700 1127 instituit
1719 1093 1755 1126 in
1777 1104 1838 1139 ea,
1861 1104 1940 1138 quae
1959 1093 2034 1127 sola
2063 1101 2190 1138 exstat,

1161 1151 1411 1198 disputatione
1432 1151 1478 1186 de
1506 1151 1655 1185 nomine
1675 1147 1882 1199 παρασίτου.
1915 1166 1930 1180 »
1955 1151 2123 1185 Ceterum
2146 1153 2194 1186 si—

1160 1205 1255 1238 milis
1284 1204 1541 1250 disputationis
1569 1203 1719 1249 vestigia
1753 1200 2009 1249 deprehendas
2040 1204 2076 1236 in
2096 1204 2194 1239 hisce

1161 1262 1260 1308 apud
1282 1262 1397 1296 schol.
1422 1262 1581 1308 AEschyl.
1604 1262 1731 1295 Prom.
1753 1273 1787 1294 v.
1820 1273 1864 1294 10
1889 1273 1896 1294 :
1922 1259 2124 1308 Σημείωσαι
2144 1259 2195 1297 ὅτι

1162 1318 1199 1354 τὸ
1215 1317 1377 1368 τύραννος
1402 1318 1511 1367 ὄνομα
1540 1316 1716 1368 βασιλικὸν
1739 1310 1778 1361 ἧν
1796 1318 1866 1358 τοῖς
1882 1317 2058 1363 παλαιοῖς,
2083 1321 2139 1353 νῦν
2162 1318 2195 1354 δὲ

1164 1377 1446 1426 βλασφημεῖται,
1468 1373 1585 1426 ὥσπερ
1603 1375 1662 1411 καὶ
1680 1374 1716 1411 τὸ
1737 1375 1873 1424 χυδαῖοι
1895 1374 1969 1411 ἀντὶ
1989 1379 2045 1411 τοῦ
2067 1377 2197 1420 πεπλη-

1163 1433 1323 1482 θυσμένοι
1344 1433 1454 1470 πάλαι
1475 1432 1671 1483 λεγόμενον,
1691 1437 1747 1469 νῦν
1769 1432 1803 1469 δὲ
1822 1432 1894 1468 ἀντὶ
1916 1436 1973 1469 τοῦ
1997 1433 2194 1482 οὐδαμινοί,

1163 1491 1351 1532 πολλοστὸς
1370 1493 1435 1542 οὐχ
1450 1494 1494 1534 ὡς
1510 1492 1620 1528 πάλαι
1638 1495 1655 1529 ὁ
1672 1490 1797 1539 πολύς,
1816 1493 1832 1527 ὁ
1850 1489 1994 1534 ἔνδοξος,
2014 1491 2088 1527 ἀλλ’
2103 1494 2120 1528 ὁ
2135 1507 2196 1539 μη-

1164 1548 1217 1585 δὲν
1247 1549 1306 1595 ὤν,
1327 1549 1419 1597 ὠμὸς
1445 1550 1508 1599 οὐχ
1528 1551 1544 1585 ὃ
1565 1548 1720 1599 στερεός,
1743 1550 1818 1584 ἀλλ’
1840 1552 1857 1586 ὁ
1887 1549 2097 1600 φαυλότατος
2122 1553 2195 1597 νῦν,

1164 1606 1309 1650 ἐξαίσιον
1329 1610 1368 1644 τὸ
1386 1607 1449 1650 ἔξω
1469 1611 1528 1644 τοῦ
1549 1607 1702 1653 δικαίου,
1721 1611 1777 1643 νῦν
1800 1607 1834 1643 δὲ
1853 1607 1927 1644 ἀντὶ
1948 1610 2005 1643 τοῦ
2028 1608 2115 1656 μέγα
2137 1608 2194 1644 καὶ

1164 1665 1271 1709 ξένον·
1293 1680 1373 1714 quae
1397 1667 1512 1702 ferme
1532 1668 1740 1714 putaverim
1765 1679 1809 1701 ex
1834 1668 2105 1702 commentariis
2124 1669 2197 1701 Po-

1163 1725 1320 1759 lemonis
1334 1725 1498 1759 derivata
1515 1737 1583 1759 ese.
1602 1717 1835 1771 Quamquam
1848 1726 1884 1758 in
1899 1725 2076 1759 similibus
2088 1726 2198 1760 rebus

1163 1783 1404 1816 versabantur
1420 1784 1705 1817 commentarius
1718 1783 1901 1817 Dorothei
1919 1781 2005 1831 Περὶ
2020 1783 2086 1817 τῶν
2100 1780 2198 1824 ξένιος

1164 1838 1349 1888 εἰρημένων
1366 1837 1504 1886 λέξεων,
1523 1841 1632 1874 Phot.
1654 1840 1749 1876 Bibl.
1774 1840 1861 1876 eod.
1892 1839 1985 1887 156,
2007 1846 2042 1874 et
2068 1841 2199 1875 Sueto-

1166 1897 1216 1929 nii
1243 1897 1447 1942 Tranquilli
1470 1894 1556 1945 Περὶ
1577 1895 1765 1947 δυσφήμων
1790 1894 1911 1938 λέξεων
1934 1895 2011 1940 ἦτοι
2041 1897 2197 1947 βλασφη-

1167 1954 1252 2000 μιῶν
1282 1951 1340 1988 καὶ
1371 1951 1471 1988 πόθεν
1502 1951 1652 1997 ἑκάστη,
1682 1954 1784 1990 Suid.
1816 1967 1852 1990 v.
1884 1953 2125 2004 Τράγκυλλος,
2147 1955 2195 1992 cf.

1166 2013 1286 2059 Etym.
1304 2013 1357 2047 M.
1375 2024 1414 2059 p.
1441 2011 1524 2056 151,
1545 2011 1604 2046 36.
1630 2028 1644 2041 »

1657 2112 1717 2145 77-

1220 2187 1416 2221 Athenaeus
1435 2186 1503 2230 IX,
1525 2199 1564 2233 p.
1583 2190 1668 2233 409,
1686 2188 1718 2221 D
1739 2199 1746 2220 :
1765 2182 1846 2221 Ἔτι
1863 2182 1970 2219 δὲκαὶ
1985 2181 2125 2220 εὐώδεσι
2142 2183 2201 2225 τὰς

1167 2242 1286 2292 χεῖρας
1305 2242 1547 2292 κατεχρίοντο,
1576 2241 1637 2284 τὰς
1662 2240 1925 2291 ἀπομαγδαλιὰς
1950 2240 2199 2290 ἀτιμάσαντες,

1169 2299 1206 2341 ἃς
1228 2299 1493 2347 Λακεδαιμόνιοι
1515 2299 1656 2336 ἐκάλουν
1677 2299 1840 2344 κυνάδας,
1861 2298 1905 2340 ὥς
1924 2313 2007 2348 φησι
2031 2299 2201 2346 Πολέμων

1169 2361 1201 2395 ἐν
1228 2361 1270 2408 τῇ
1296 2357 1383 2409 Περὶ
1403 2357 1580 2406 ὀνομάτων
1603 2356 1729 2400 ἀδόξων
1758 2358 1935 2406 ἐπιστολῇ.
1958 2359 2004 2392 V.
2024 2359 2200 2405 Stephan.

1167 2418 1274 2453 Thes,
1297 2430 1332 2451 v.
1358 2414 1519 2457 Κυνοίδες.

1660 2491 1719 2528 ρ-8.

1665 2521 1673 2538 Ι

1222 2567 1323 2602 Idem
1345 2569 1412 2612 VI,
1429 2580 1466 2614 p.
1489 2567 1578 2611 234,
1600 2569 1632 2602 D
1654 2579 1661 2601 :
1680 2564 1733 2603 Tb
1750 2563 1783 2601 δὲ
1803 2568 1862 2601 τοῦ
1883 2564 2073 2615 παρασίτου
2096 2564 2201 2614 ὄνομα

1199 2688 1265 2726 DE
1295 2687 1580 2726 NOMINIBUS
1610 2686 1890 2725 INFAMIBUS
1920 2687 2175 2724 EPISTOLA.

1658 2787 1716 2819 77.

1212 2859 1368 2888 Praeterea
1396 2857 1491 2888 etiam
1517 2858 1731 2888 odoramentis
1754 2857 1913 2897 ungebant
1938 2866 2068 2895 manus,
2093 2857 2203 2896 spretis

1170 2908 1332 2948 magdaliis
1350 2908 1460 2948 (panis
1483 2909 1563 2938 mica
1589 2908 1734 2939 manibus
1752 2908 1982 2947 abstergendis)
2000 2917 2076 2947 quas
2098 2916 2201 2946 cyna-

1169 2960 1232 2991 das
1256 2960 1484 2991 Lacedaemonii
1503 2960 1677 2999 vocabant,
1693 2961 1729 2991 ut
1750 2960 1793 2991 ait
1811 2961 1939 2991 Polemo
1961 2962 2007 2990 De
2022 2959 2202 2990 nominibus

1170 3011 1354 3042 infamibus.

1657 3078 1715 3109 78.

1209 3137 1339 3168 Parasiti
1351 3145 1465 3167 nomeu
1475 3137 1549 3167 olim
1561 3137 1688 3176 quidem
1702 3135 1910 3167 honorificum
1922 3136 1952 3166 et
1964 3135 2106 3165 sanctum
2118 3134 2195 3164 erat.

1169 3188 1298 3219 Polemo
1317 3188 1462 3227 quidem,
1480 3188 1546 3218 sive
1567 3188 1690 3219 Samius
1705 3187 1730 3218 is
1746 3187 1805 3218 suit
1817 3210 1825 3225 ‚
1845 3187 1911 3217 sive
1936 3185 2115 3224 Sicyonius,
2132 3184 2196 3214 sive

1168 3239 1362 3270 Atheniensis
1383 3238 1538 3269 nominari
1554 3239 1687 3278 gaudet,
1704 3240 1738 3268 ut
1752 3238 1925 3276 Mopseates
1945 3234 2122 3266 Heraclides
2135 3234 2194 3271 ait,

1167 3291 1221 3330 qui
1236 3291 1370 3322 eundem
1384 3291 1424 3321 ab
1437 3291 1504 3322 aliis
1523 3291 1617 3322 etiam
1632 3290 1811 3321 civitatibus
1823 3288 2019 3320 nominatum
2035 3288 2191 3325 recenset,
