2289 3728
65 195 138 226 252

60 276 137 322 ejus
159 275 340 320 Marcelli,
363 286 437 320 quo
461 274 607 308 consule
628 275 783 307 Romam
805 274 903 307 venit
919 273 1084 309 Posido-

61 335 153 377 nius,
169 345 323 379 proavo,
342 332 463 366 nescio
480 343 527 364 an
541 331 718 377 peculiari
732 331 869 377 scripto
884 332 994 366 vitam
1012 332 1087 377 ejus

60 391 276 425 narraverit.
296 390 528 435 Quamquam
554 389 613 422 illa
631 389 739 423 etiam
764 389 934 424 Historiis
955 390 1087 424 inserta

62 449 128 494 legi
148 452 331 494 poterant.

114 505 282 539 Historiis
300 502 554 548 subjunximus
571 499 627 539 Τὰ
656 501 734 553 περὶ
752 503 903 539 ὠκεανοῦ
922 505 995 539 sive
1025 501 1086 546 τὴν

60 561 136 611 περὶ
179 562 329 597 ὠκεανοῦ
366 558 620 609 πραγματείαν.
655 561 767 606 Quod
801 574 894 608 opus
924 562 1089 607 quamvis

60 626 214 666 propter
233 619 438 665 principale
470 625 727 665 argumentum
754 620 914 666 ‘physicis
946 619 1089 665 scriptis

60 677 394 719 annumerandum,
420 676 581 723 ideoque
595 688 613 710 a
628 677 736 711 nobis
759 678 914 712 alienum
934 677 998 720 sit,
1018 689 1087 722 ap-

58 735 233 781 ponenda
257 741 380 769 tamen
411 734 617 769 curavimus
638 746 717 779 quae
753 746 798 768 ex
826 746 870 769 eo
897 740 1088 768 servantur

59 793 115 827 wel
130 793 264 826 servari
285 791 467 828 videntur.
480 793 573 826 Nam
591 804 706 838 quum
720 792 836 826 multa
858 793 894 825 in
923 804 963 826 eo
983 792 1087 825 Posi—

59 850 215 884 donium
234 862 309 884 non
331 849 446 884 modo
472 850 720 897 μαθηματικῶς
746 849 809 884 scd
830 850 939 884 etiam
960 846 1089 888 οἰκείως

59 908 304 957 γεωγραφῆσαι
330 907 463 942 Strabo
485 906 533 955 (1)
556 914 719 951 testetur,
742 918 994 953 saepenumero
1028 905 1087 940 di-

55 965 217 1011 judicari
240 967 300 1000 vix
322 972 443 1012 potest
471 977 560 999 num
592 966 837 1013 fragmentum
866 963 1020 1010 aliquod
1046 976 1088 997 ex

61 1024 229 1058 llistoriis
248 1036 294 1058 an
313 1036 358 1058 ex
376 1035 487 1070 opere
507 1020 591 1072 Περὶ
606 1022 756 1058 ὠκεανοῦ
778 1022 1013 1067 desumptum
1029 1022 1086 1055 sit.

111 1081 199 1127 Quae
214 1081 260 1116 de
273 1081 400 1115 indole
422 1081 668 1115 Historiarum
689 1081 846 1115 certiora
862 1079 935 1113 dici
953 1086 1090 1125 queant

59 1138 158 1173 haud
178 1138 382 1173 admodum
403 1139 518 1172 multa
541 1145 636 1172 sunt.
672 1139 979 1184 Fragmentorum
1008 1149 1091 1183 pars

60 1197 168 1243 longe
185 1196 439 1242 majorquum
462 1196 637 1230 Athenaeo
659 1203 693 1230 ct
713 1196 884 1231 Straboni
898 1195 1088 1241 debeatur,

61 1254 195 1288 sactum
217 1262 269 1288 est
293 1261 333 1288 ut
358 1254 404 1288 ad
426 1255 539 1300 ipsam
567 1266 690 1287 rerum
708 1261 891 1300 gestarum
912 1265 1090 1299 persona-

60 1322 215 1358 rumque
237 1313 427 1346 historiam
446 1324 628 1358 perpauca
644 1339 654 1359 ,
675 1312 836 1358 plurima
853 1323 942 1345 vero
971 1311 1091 1357 perti-

60 1376 171 1403 neant
191 1371 248 1404 vel
264 1369 310 1404 ad
337 1382 454 1404 mores
482 1377 515 1404 et
535 1370 697 1403 instituta
712 1369 939 1415 populorum
967 1368 1023 1401 vel
1045 1367 1091 1401 ad

913 1426 1091 1471 Utrisque

63 1486 301 1519 Posidonium
320 1487 357 1519 iu
374 1487 499 1531 paucis
519 1486 693 1532 insignem
714 1484 821 1519 fuisse
835 1497 911 1518 non
926 1483 1092 1530 estquod

60 1427 347 1474 descriptionem
383 1428 579 1475 regionum
615 1428 874 1473 locorumque.

60 1543 283 1580 dubitemus.
318 1546 410 1578 Nam
440 1551 575 1590 quanta
615 1542 840 1590 congerendi
879 1542 1089 1589 diligentia,

60 1607 274 1647 quantoque
304 1613 425 1635 causas
458 1613 580 1635 rerum
613 1599 851 1647 investigandi
883 1599 1005 1633 studio
1042 1597 1089 1646 (2)

59 1660 305 1706 geographica
331 1660 562 1701 tractaverit,
596 1670 615 1692 e
644 1658 856 1705 fragmentis
883 1664 979 1704 patet
1011 1658 1093 1691 satis

59 1714 208 1749 'ibunde
237 1715 300 1763 ()).
323 1716 460 1750 Contla
487 1715 639 1748 obvium
668 1726 853 1761 quemque
881 1714 1090 1761 disputare,

59 1773 192 1807 Strabo
209 1775 280 1811 aits
275 1781 330 1822 (p
353 1786 365 1808 1
376 1773 435 1819 ΚΜ)
457 1786 532 1807 non
547 1780 600 1807 est
620 1785 741 1818 operte
758 1773 939 1819 pretium;
962 1778 1091 1806 eontra

63 1831 359 1872 Eratosthenem,
388 1831 606 1876 Polybium,
630 1830 906 1876 Hipparchum,
933 1829 1092 1863 Posido-

60 1890 183 1932 nium,
210 1889 247 1923 id
269 1901 358 1922 vero
380 1886 483 1923 καλόν
505 1895 557 1922 est
581 1886 657 1934 (Cf.
686 1887 737 1923 id.
758 1900 798 1933 p.
820 1885 871 1935 2).
893 1889 974 1934 Ipse
991 1888 1092 1921 Posi-

60 1946 194 1981 donius
223 1947 268 1981 de
298 1947 454 1993 Polybio
482 1946 649 1980 similiter
678 1946 828 1979 sensisse
848 1945 995 1979 videtur
1022 1944 1091 1994 (4),

62 2016 172 2054 atque
194 2008 316 2054 operis
333 2008 387 2042 sui
418 2014 636 2055 argumento
654 2007 847 2053 saepissime
873 2006 1010 2040 adduci
1027 2006 1092 2040 de-

60 2067 140 2100 buit
154 2093 162 2109 ,
184 2073 225 2100 ut
246 2066 449 2112 Polybiana
472 2071 689 2100 retractaret
705 2065 986 2111 accuratiusque
1003 2076 1093 2098 con-

101 2190 144 2227 (1)
162 2188 242 2219 Vide
258 2189 293 2219 [ι’.
314 2192 351 2219 68
366 2188 434 2219 init
451 2188 498 2219 Cf.
518 2188 631 2219 Strabo
648 2189 675 2218 ἲ
681 2188 742 2226 nl,
758 2196 788 2227 p.
807 2190 891 2218 332·
907 2188 945 2218 Οἱ
966 2188 991 2217 δ
1009 2187 1038 2217 ἐν
1058 2190 1094 2226 τῇ

64 2246 150 2275 κοινῃ
164 2239 216 2272 τῆς
243 2235 377 2275 ἱστορίας
406 2239 504 2275 γραφῇ
525 2246 617 2274 χωρις
633 2231 843 2269 ἀποδείξαντες
857 2235 910 2270 τὴν
925 2237 986 2263 τῶι
1008 2234 1066 2269 ἠπε
1071 2233 1093 2262 ἱ-

62 2293 122 2320 piu
136 2283 357 2321 τοπογραφίαν,
373 2282 490 2312 καθάπε
494 2292 508 2321 ρ
523 2283 559 2312 ”E
564 2282 649 2321 σορός
663 2292 696 2311 τε
715 2280 842 2316 ἐποίησε
857 2291 908 2310 και
926 2280 1093 2314 nomenog-

63 2330 148 2358 αλλοι
170 2329 200 2358 δὲ
215 2329 256 2363 εἰς
271 2329 323 2359 τὸν
338 2329 466 2367 φυσικὸν
480 2329 575 2358 τόπον
589 2329 640 2357 καὶ
656 2329 706 2358 τὸν
719 2327 932 2366 μαθηματικὸν
948 2326 1095 2365 προσέλα·

60 2376 112 2404 ὑὸν
130 2386 197 2404 τινα
210 2379 270 2405 τῶν
284 2375 443 2413 τοιούτων,
458 2374 594 2412 καθάπερ
618 2375 822 2408 Ποσειδώνιος
838 2374 890 2403 καὶ
906 2372 1090 2411 Ἵππαρχος.

104 2422 148 2459 (2)
171 2421 220 2452 Cf.
246 2421 412 2451 Vitruvius
426 2420 547 2451 Arcuit.
566 2422 658 2456 wll,
682 2422 699 2450 4
723 2432 730 2450 z
753 2419 1021 2458 Theophrastus,
1045 2419 1095 2447 Τι’-

63 2476 186 2505 mcrus,
217 2468 434 2502 Posidonius,
457 2469 638 2506 Ηθῃιέῐιις,
656 2466 840 2500 Aristides,
860 2464 1093 2501 Metrodorus,

63 2516 121 2553 ([ιιι·
135 2523 261 2552 vmqna
276 2515 460 2552 viqilcmlia
474 2516 505 2544 et
517 2512 772 2551 iiiJ‘iizilosmdio
785 2513 932 2543 locorum
945 2512 1096 2550 proprie·

65 2561 164 2596 tates,
196 2569 370 2600 aquarum
396 2562 542 2591 virtutes
563 2558 606 2589 ob
623 2559 846 2589 inclinatione
865 2557 938 2589 coeli
955 2559 1004 2588 ila
1022 2556 1093 2587 dis-

66 2606 215 2637 tributas
229 2615 296 2637 esse.
311 2608 447 2646 scriplis
463 2606 581 2637 (lectar
584 2614 624 2635 ar
630 2603 708 2636 uulf

104 2654 147 2690 (3)
163 2653 274 2683 strabo
303 2655 327 2683 ΙΙ
352 2653 407 2691 (fr.
432 2656 470 2683 69
485 2654 566 2683 extr.
576 2654 614 2691 ):
634 2652 715 2682 istos)
733 2651 789 2691 γάρ
806 2651 869 2682 ἐστι
886 2652 920 2682 τὸ
936 2650 1045 2680 attio)
1034 2660 1093 2688 ογι

64 2701 117 2729 κον
145 2700 216 2736 παρ’
244 2699 328 2738 αὐτῷ
357 2699 459 2737 (ΙΙοσ”ε
463 2700 596 2739 ιδωνίῳ)
623 2711 674 2729 και
699 2699 733 2729 τὸ
762 2699 903 2737 ἁριστοτε
906 2699 933 2726 λ’.
928 2697 999 2735 ζον,
1021 2697 1094 2735 ὅπερ

63 2746 251 2776 ἐκκλίνουσιν
266 2748 293 2776 οἱ
309 2747 449 2785 ἡμέτεροι
476 2747 525 2777 διὰ
544 2748 596 2782 τὴν
615 2746 774 2784 ἐπίκρυψιν
789 2748 848 2775 τῶν
863 2745 981 2774 αἰτιῶν.

105 2792 150 2829 (4)
172 2792 219 2822 Cf.
241 2792 353 2822 Strabo
371 2794 413 2830 X,
431 2801 460 2831 p.
484 2795 541 2822 4135
569 2805 575 2823 ι
592 2793 686 2829 Σύγε,
706 2793 730 2821 ὠ
747 2791 875 2822 ΙΙολὺὃιε
887 2813 895 2827 ,
917 2791 933 2820 ὁ
947 2790 1000 2824 τὰς
1021 2790 1092 2819 λαο-

64 2838 251 2876 δογματικὰς
271 2838 436 2876 ἀποφάσεις
453 2839 519 2878 περὶ
538 2842 598 2868 τῶν
619 2837 835 2876 διαστημάτιιω
861 2835 1008 2873 εἰσάγων,
1038 2835 1095 2864 οὐκ

66 2884 97 2913 ἐν
111 2887 173 2918 τοῖς
191 2884 247 2918 ἔξω
263 2888 315 2920 τῆς
330 2884 472 2918 Ἑλλάδος
491 2885 595 2922 μόνον,
614 2884 689 2914 ἀλλὰ
709 2884 759 2913 καὶ
775 2883 804 2912 ἐν
819 2885 881 2916 τοῖς
895 2882 1093 2916 Ἑλληνικοῖς,

66 2930 155 2964 διδως
169 2931 291 2965 εὐθύνας
311 2931 364 2965 τὰς
382 2931 434 2970 μὲν
449 2931 659 2970 Ποσειδωνίῳ,
676 2931 725 2965 τὰς
744 2930 773 2959 δὲ
801 2928 1019 2968 Ἀρτεμιδώρῳ,
1041 2926 1094 2960 τὰς

65 2978 96 3010 δὲ
113 2977 213 3011 ἄλλοις
230 2977 362 3007 πλείοσι.

838 185 1092 224 POSlDONll
1126 184 1409 224 APAMENSIS

1147 255 1475 319 stitueret.Qua⁴in
1507 285 1546 307 re
1569 285 1644 306 non
1669 273 1786 307 solum
1815 280 2022 320 temporum
2047 271 2176 307 condi-

1150 333 1249 366 tione
1281 330 1426 376 adjutus
1447 337 1519 373 est,
1539 330 1603 364 sed
1635 343 1680 365 eo
1710 331 1839 373 etiam,
1869 329 1971 376 quod
2000 329 2176 375 majorem

1148 402 1258 435 quain
1276 389 1367 423 alius
1387 388 1506 434 quivis
1525 388 1722 422 historicus
1745 388 1910 434 physices
1926 394 1963 421 et
1980 387 2179 421 mathema·

1149 448 1236 480 tices
1256 447 1507 492 cognitionem
1521 445 1569 480 ad
1579 445 1759 491 ejusmodi
1773 457 1830 479 res
1851 444 2059 484 tractandas
2082 451 2179 479 attu-

1149 505 1189 538 lit
1212 503 1274 551 (1).
1306 505 1348 538 In
1370 503 1411 537 iis
1440 511 1549 547 vero,
1590 516 1670 550 quae
1707 503 1755 537 ad
1789 502 2033 537 describenda
2057 515 2180 549 popu-

1149 563 1271 596 lorum
1282 562 1445 596 instituta
1460 573 1658 609 moresque
1668 561 1871 608 pertinent,
1887 561 2018 608 vulgus
2031 561 2182 607 scripto-

1148 632 1231 654 rum
1244 631 1431 666 superasse
1445 618 1644 654 censendus
1653 626 1706 654 est
1718 631 1762 654 eo
1773 646 1783 663 ,
1799 618 1903 665 quod
1917 618 2182 665 philosophicae

1150 678 1329 712 doctrinae
1351 677 1597 712 condimentis
1630 677 1738 712 nudae
1765 676 1986 712 eruditionis
2007 675 2183 722 jejunita-

1152 743 1225 770 tem
1240 735 1514 781 temperaverit.
1529 735 1762 782 Quamquam
1774 746 1818 768 ex
1834 734 1999 780 reliquiis
2012 732 2050 768 id
2064 734 2184 768 minus

1151 800 1318 839 apparet.
1349 792 1501 828 Accedit
1529 792 1692 838 denique
1718 791 1832 826 dictio
1853 793 2016 839 elegans,
2037 791 2182 834 vivida,

1151 859 1278 886 ornata
1311 849 1384 901 (2),
1416 862 1460 885 eo
1492 851 1607 897 magis
1634 849 1695 884 illa
1724 848 1928 893 laudanda,
1957 862 2032 895 quo
2062 850 2182 884 minus

1151 921 1280 944 curare
1297 921 1376 944 eam
1392 909 1505 943 Stoici
1519 907 1701 944 solebant.
1718 908 1847 953 Neque
1861 908 2055 941 minimum
2073 908 2182 941 etiam

1151 966 1227 1000 haec
1246 965 1426 1000 orationis
1435 964 1648 1010 jucunditas
1664 965 1860 999 contulisse
1885 964 2050 1011 videtur,
2069 972 2111 999 ut
2123 977 2181 999 se-

1152 1025 1269 1058 riores
1296 1024 1462 1058 historici
1481 1022 1724 1057 Posidonium
1745 1021 1879 1056 ducem
1898 1021 2180 1058 sibisumerent.

1152 1080 1259 1117 Certe
1273 1080 1484 1115 Diodorum
1507 1086 1586 1113 tum
1606 1080 1643 1113 in
1663 1079 1925 1126 Geographicis
1947 1080 2019 1114 suis
2036 1079 2118 1129 (lib.
2132 1077 2183 1126 V)

1152 1145 1230 1172 tum
1252 1139 1289 1173 in
1307 1139 1554 1173 Historiarum
1573 1144 1678 1183 parte
1702 1149 1784 1184 quae
1813 1144 1982 1183 tempora
1999 1149 2018 1171 a
2044 1138 2180 1172 Nostro

1152 1197 1315 1243 exposita
1344 1197 1526 1239 continet,
1560 1194 1760 1229 Posidonio
1790 1206 1827 1229 se
1847 1194 2029 1229 addixisse
2054 1195 2181 1242 liquet.

1152 1255 1270 1289 Porro
1291 1256 1455 1301 Trogum
1487 1252 1708 1299 Pompeium
1726 1252 1886 1287 eundem
1900 1260 2088 1288 auctorem
2103 1260 2187 1289 ante

1153 1313 1280 1346 oculos
1294 1312 1462 1346 habuisse
1482 1323 1501 1346 e
1526 1311 1670 1346 Justino
1691 1311 1911 1358 colligimus.
1929 1310 2032 1346 Idem
2045 1340 2053 1355 ‚
2072 1319 2185 1358 puto,

1153 1370 1199 1404 de
1226 1371 1400 1405 Athenaeo
1417 1369 1617 1403 dicendum
1641 1369 1757 1412 foret,
1790 1369 1818 1403 si
1849 1381 1960 1415 quam
1982 1370 2189 1417 composuit

1154 1441 1282 1476 regum
1316 1429 1493 1475 Syrorum
1523 1428 1673 1462 historia
1702 1427 1748 1462 ad
1774 1440 1841 1461 nos
1860 1427 2106 1474 perdurasset.
2127 1429 2189 1462 Ni-

1154 1487 1300 1521 colaum
1327 1486 1488 1532 denique
1510 1487 1778 1520 Damascenum
1798 1492 1875 1519 tum
1902 1485 1939 1518 in
1961 1497 2096 1531 magno
2121 1497 2188 1519 suo

1154 1545 1401 1578 Historiarum
1419 1556 1547 1590 opere,
1560 1550 1638 1578 tum
1653 1545 1689 1577 in
1706 1544 1751 1578 iis
1767 1555 1846 1589 quae
1857 1544 1910 1577 De
1925 1543 2089 1589 gentium
2108 1555 2190 1576 mo-

1153 1602 1256 1636 ribus
1286 1602 1492 1649 congessit,
1525 1613 1602 1636 non
1634 1601 1833 1648 neglexisse
1864 1601 1996 1647 Syrum
2024 1607 2190 1634 nostrum

1154 1660 1391 1703 historicum,
1419 1672 1463 1694 eo
1499 1659 1685 1693 lubentius
1713 1659 1896 1706 largieris,
1924 1671 1999 1705 quo
2024 1659 2188 1705 apertius

1154 1723 1206 1751 est
1234 1717 1392 1764 plurima
1414 1729 1498 1752 eum
1530 1729 1574 1751 ex
1603 1717 1761 1751 aliorum
1795 1717 1898 1751 libris
1918 1718 2123 1753 corrasisse.

1549 1797 1790 1835 ΙΣΤΟΡΙΑΙ.

1658 1891 1689 1913 1.

1440 1950 1468 1982 E
1500 1949 1644 1984 LIBRO
1673 1948 1908 1985 SECUNDO.

1211 2030 1408 2065 Athenaeus
1424 2031 1493 2073 lv,
1514 2027 1663 2075 p.153,
1683 2030 1709 2063 C
1727 2041 1735 2062 :
1755 2026 1764 2039 '

1159 2085 1413 2134 [106223‹5›v20;)·
1431 2102 1445 2117 «

1156 2146 1354 2195 εὐωχῶνται
1380 2145 1414 2180 ἐν
1442 2145 1491 2194 τῷ
1511 2146 1569 2179 τοῦ
1599 2142 1813 2193 ἹΙρακλέους
1839 2146 1941 2194 ἱερῷ,
1965 2143 2191 2186 δειπνίζοντος

1155 2205 1212 2238 τοῦ
1235 2201 1324 2238 κατὰ
1342 2200 1458 2251 καιρὸν
1476 2200 1741 2251 θριαμὸεύοντος
1753 2230 1762 2246 ,
1779 2201 1838 2238 καὶ
1861 2204 1882 2246 ἡ
1904 2200 2109 2253 παρασκευὴ
2129 2203 2190 2244 τῆς

1156 2259 1301 2309 εὐωχίας
1319 2258 1581 2309 (Ηρακλεωτική
1603 2260 1685 2296 ἐστι.
1703 2260 1952 2308 Διοινοχοεῗται
1973 2258 2035 2307 μὲν
2053 2257 2120 2308 γὰρ
2137 2259 2185 2294 οἷ-

1155 2317 1291 2365 νόμελι,
1308 2316 1350 2353 τὰ
1374 2316 1409 2353 δὲ
1434 2315 1602 2366 βρώματα
1624 2315 1719 2367 ἄρτοι
1740 2316 1908 2365 μεγάλοι,
1936 2316 1995 2353 καὶ
2019 2314 2189 2352 καπνιστὰ

1770 2028 1810 2063 liv
1834 2028 1868 2065 δὲ
1883 2031 1925 2078 τῇ
1955 2027 2094 2078 δευτέρᾳ
2121 2027 2188 2075 (sc.

1481 2084 1544 2122 Ἐν
1561 2087 1603 2135 τῇ
1619 2084 1819 2133 Ῥωμαίων,
1837 2086 1919 2137 φησὶ
1931 2115 1940 2132 ,
1957 2086 2055 2122 πόλει
2069 2114 2080 2133 ,
2108 2084 2189 2121 ὅταν

1156 2374 1239 2426 ἑφθὰ
1270 2373 1374 2425 κρέα,
1397 2373 1456 2410 καὶ
1476 2375 1542 2409 τῶν
1571 2372 1774 2424 προσφάτως
1803 2374 2075 2425 καθιερωθέντων
2102 2372 2190 2411 ὀπτὰ

1156 2434 1297 2484 δαψιλῆ.
1333 2430 1438 2482 Παρὰ
1458 2431 1493 2468 δὲ
1510 2433 1700 2482 Τυρρηνοῖς
1731 2431 1780 2474 δὶς
1796 2434 1855 2476 τῆς
1875 2431 2007 2483 ἡμέρας
2026 2432 2190 2483 τράπεζαι

1155 2491 1351 2532 πολυτελεῖς
1370 2489 1714 2540 παρασκευάζονται,
1738 2489 1869 2526 ἀνθιναί
1891 2505 1926 2526 τε
1940 2490 2116 2541 στρωμναὶ
2133 2489 2190 2527 καὶ

1157 2547 1347 2596 ἐκπώματα
1371 2548 1503 2597 ἀργυρᾶ
1524 2546 1751 2592 παντοδαπὰ,
1778 2546 1975 2584 καὶδούλων
1990 2549 2116 2592 πλῆθος
2136 2549 2190 2584 εὗ-

1155 2607 1296 2657 πρεπῶν
1324 2604 1552 2656 παρέστηκεν,
1580 2603 1740 2649 ἐσθήσεσι
1774 2604 1975 2642 πολυτελέσι
2006 2620 2188 2654 κεκοσμηε-

1199 2693 1249 2730 (1)
1268 2692 1315 2723 Ct'.
1330 2691 1466 2722 Galenus
1481 2693 1525 2722 De
1539 2692 1642 2730 placit.
1661 2692 1739 2722 etat.
1755 2693 1785 2723 et
1806 2692 1951 2731 Hippocr.
1970 2693 2057 2730 vui,
2075 2700 2106 2731 p,
2120 2696 2190 2728 319,

1157 2742 1190 2768 21
1205 2751 1215 2771 ,ε
1234 2738 1437 2773 Ποσειδώνιος
1465 2739 1480 2768 ὁ
1506 2738 1825 2777 ἐπιστημονικώτατος
1841 2741 1901 2769 τῶν
1926 2744 2068 2770 στωικῶν
2085 2739 2134 2770 διὰ
2155 2739 2190 2769 τὸ

1158 2786 1368 2824 γεγυμνᾱσθαι
1386 2785 1466 2815 κατὰ
1484 2785 1683 2825 γεωμετρίαν.
1729 2780 1731 2783 ’

1198 2833 1241 2870 (2)
1262 2831 1311 2863 Ct'.
1333 2831 1445 2862 Strabo
1464 2833 1504 2862 llt
1519 2855 1527 2869 ,
1541 2840 1584 2871 p.
1614 2834 1667 2862 147
1685 2831 1744 2870 (tr.
1772 2834 1811 2862 46
1830 2832 1916 2870 init.)
1934 2833 1977 2864 Τὸ
1996 2834 2107 2870 πλῆθος
2130 2835 2190 2862 τῶν

1156 2878 1311 2917 μετάλλων
1325 2878 1456 2908 ἐπαινῶν
1471 2878 1522 2907 καὶ
1542 2878 1595 2914 τὴν
1612 2878 1719 2917 ἀρετὴν
1740 2878 1796 2908 οὐκ
1812 2878 1959 2918 ἀπέχεται
1974 2883 2026 2916 τῆς
2041 2879 2188 2915 συνήθους

1155 2923 1310 2963 ῥητορείας
1323 2947 1331 2961 ,
1349 2924 1425 2954 ἀλλὰ
1451 2924 1651 2962 συνενθουσιᾷ
1681 2926 1746 2958 ταῖς
1765 2924 1958 2963 ὓπερὸο).αῖς.
1993 2927 2112 2956 Praetet·
2130 2924 2190 2954 hoc

1157 2971 1365 3009 fragmentum
1383 2970 1448 3009 lege
1465 2968 1503 3000 sr.
1520 2971 1558 3000 40
1570 2978 1609 3000 ex
1625 2968 1776 3000 Athena-0
1792 2972 1832 3010 V,
1852 2979 1883 3009 p.
1901 2974 1954 3001 211
1977 2979 2024 3010 sq.

455 3075 485 3111 H
497 3075 724 3112 tSTORlAE.

569 3139 597 3169 1.

107 3191 199 3222 Libro
207 3191 343 3221 setzimdo
353 3191 534 3222 Posidonius
543 3192 583 3222 ait
596 3205 625 3222 z«
639 3194 671 3222 ln
682 3194 893 3222 Romanorum
903 3192 992 3231 urbe,
1001 3201 1098 3231 ιμιιιιιι

67 3242 97 3271 in
117 3242 259 3272 tic-mutis
279 3243 395 3281 templo
414 3243 592 3281 epulantur,
613 3253 735 3273 rwnain
752 3244 910 3283 pra-lwute
926 3246 1029 3283 coqui
1045 3254 1099 3283 per

69 3293 98 3322 id
117 3296 239 3333 tempus¹
251 3295 447 3333 triumphum
460 3294 538 3332 agit,
556 3297 725 3333 apparatus
738 3296 832 3325 etiam
843 3296 1006 3335 epularum
1022 3299 1097 3327 ller-

67 3345 176 3375 culeus
193 3347 249 3376 cst.
271 3347 346 3376 Tota
364 3346 446 3376 cuim
462 3354 548 3376 ι’(ι-ιιιι
569 3347 706 3377 mulsum
730 3356 785 3386 pro
809 3347 882 3378 vino
900 3349 1092 3387 infunditur,

1161 3067 1222 3105 cibi
1241 3077 1314 3097 vcro
1327 3068 1397 3097 sunt
1413 3075 1507 3106 panes
1527 3067 1649 3105 magni,
1668 3069 1697 3097 et
1716 3069 1802 3098 sunno
1821 3068 1934 3099 durata
1954 3077 2028 3099 caro
2043 3070 2144 3107 elixa,
2160 3070 2191 3099 et

1162 3127 1239 3149 assae
1256 3118 1359 3148 carnis
1373 3118 1456 3156 larga
1471 3127 1488 3149 e
1504 3118 1639 3149 uictimis
1660 3118 1754 3148 modo
1768 3119 1856 3149 caesis
1879 3119 1962 3157 larga
1978 3119 2077 3158 copia.
2099 3119 2190 3159 Apud

1160 3171 1309 3200 Etruscos
1323 3178 1395 3199 vero
1409 3169 1455 3199 his
1469 3177 1523 3208 per
1533 3169 1616 3199 diem
1629 3178 1746 3200 mensa*¹
1757 3171 1921 3200 struuntur
1932 3172 2125 3209 sumptuosa·
2137 3181 2145 3208 3
2159 3173 2191 3201 et

1160 3221 1297 3257 stragula
1313 3222 1385 3251 sunt
1399 3220 1528 3250 floribus
1544 3220 1689 3251 distincta
1701 3245 1709 3259 ,
1726 3221 1838 3260 pocula
1855 3222 1960 3252 autem
1977 3223 2123 3259 argentea
2138 3230 2190 3251 va-

1159 3272 1193 3301 rii
1220 3271 1340 3309 generis
1367 3281 1373 3300 :
1392 3273 1423 3301 et
1447 3280 1611 3301 serrorum
1637 3271 1737 3302 adstat
1764 3271 1934 3303 multitudo
1961 3273 2186 3308 ion-mosomum

1157 3324 1298 3361 pretiosis
1316 3323 1453 3354 vestibus
1467 3325 1667 3354 ornatorum.
