2338 3765
123 177 195 206 392

123 251 254 300 ριοίζετο
268 250 303 295 b)
318 250 350 284 ἐν
362 249 518 296 Δελφοῖς.
534 244 782 295 Συμφέρουσαν
793 245 826 280 δὲ
844 243 1022 292 δεξάμενος
1034 244 1149 297 φήμην

119 307 213 343 οὐδὲν
232 305 404 355 μελλήσας
420 299 502 349 ῆκεν
521 305 565 344 εἷς
584 302 760 352 Κόρινθον,
777 302 834 339 καὶ
848 302 934 352 ταχὺ
956 305 1021 339 τῶν
1039 304 1151 339 ἀστῶν

121 368 154 401 ἐν
177 370 245 406 τοῖς
274 363 425 412 μάλιστα
448 360 594 410 ἀγαστὸς
614 355 670 405 ῆν,
698 359 846 410 ἀνδρεῖός
867 375 902 396 τε
922 360 980 396 καὶ
1009 360 1152 411 σώφρων

120 423 177 459 καὶ
199 420 402 472 δημωφελὴς
425 421 530 456 δοκῶν
547 413 632 455 εἶναι
650 416 744 468 παρὰ
759 417 834 460 τοὺς
855 417 976 460 ἄλλους
996 418 1151 468 Βακχιά-

120 482 178 522 δας
211 479 373 530 ὖδριστάς
413 494 447 514 τε
469 477 566 518 ὄντας
595 475 653 512 καὶ
684 475 829 526 βιαίους.
871 475 1150 526 Πολεμαρχήσας

121 539 148 575 δ’
165 538 213 575 ἔτι
235 538 364 587 μᾶλλον
386 535 550 586 ἐστέρχθη
564 564 572 580 ,
591 535 657 571 τῶν
675 533 815 571 πώποτε
835 533 963 579 ταύτην
982 532 1152 583 ἀρξάντων

120 595 182 641 τὴν
198 595 307 646 ἀρχὴν
320 597 441 645 μακρῷ
457 594 590 642 ἄριστος
600 591 786 642 γενόμενος·
803 591 914 629 τᾶλλα
928 607 963 628 τε
974 590 1039 642 γὰρ
1051 593 1155 642 ὀρθῶς

121 653 245 705 ἔπραξε
261 653 319 690 καί
335 652 419 689 τόδε·
436 651 536 700 νόμος
549 649 752 695 καθεστήκει
768 649 955 700 Κορινθίοις
968 649 1042 691 τοὺς
1056 651 1089 686 ἐν
1104 649 1153 685 δι-

121 711 297 762 καστηρίῳ
309 710 552 758 ἁλισκομένους
563 708 754 758 ἀπάγεσθαι
765 708 846 758 πρὸς
857 707 912 744 τὸν
923 708 1155 758 πολέμαρχον,

122 770 180 806 καὶ
203 769 462 820 καθείργνυσθαι
488 770 554 804 τῶν
573 767 753 813 ἐπιτιμίων
775 765 892 812 ἕνεκα,
917 759 962 802 ῶν
983 765 1040 802 καὶ
1063 766 1155 815 αὐτῷ

125 826 224 877 μέρος
253 842 285 862 τι
312 821 364 871 ῆν.
382 825 427 863 ‘0
456 826 490 862 δὲ
518 824 593 862 οἵτε
620 823 772 875 καθεῖρξε
798 839 871 860 τινα
891 823 1051 871 πολίτην,
1081 822 1155 858 οὔτε

123 885 257 931 ἔδησεν,
279 884 368 921 ἀλλὰ
386 883 460 926 τοὺς
478 882 538 932 μὲν
554 882 680 919 ἀπέλυε
700 881 879 932 δεχόμενος
898 882 940 930 (6)
973 879 1152 930 ἐγγυητὰς,

123 947 189 980 τῶν
212 943 245 980 δὲ
264 942 321 980 καὶ
346 942 444 984 αὐτὸς
467 941 595 991 ἐγίνετο
609 970 619 989 ,
640 946 725 976 πᾶσι
750 939 783 976 δὲ
804 938 897 990 ἠφίει
920 939 956 975 τὸ
974 941 1074 975 αὐτοῦ
1094 937 1155 987 με’-

126 1017 179 1051 ρος
196 1016 203 1023 ·
221 1000 254 1043 ἐξ
277 995 322 1037 ῶν
345 999 494 1049 μάλιστα
518 1001 552 1036 ἐν
572 999 620 1049 τῷ
637 997 759 1042 πλήθει
781 997 967 1047 ἐστέργετο.
986 997 1100 1047 εΟρῶν
1123 994 1156 1032 δὲ

123 1057 199 1100 τοὺς
229 1057 424 1108 Κορινθίους
448 1056 625 1106 ἐχθρωδῶς
652 1054 734 1105 πρὸς
763 1053 960 1104 Βακχιάδας
981 1051 1156 1101 διακειμέ-

126 1131 198 1158 νους
213 1147 222 1161 ,
243 1115 438 1166 προστάτην
463 1115 491 1150 δ’
511 1115 570 1151 οὐκ
590 1113 750 1163 ἔχοντας,
771 1105 1025 1162 ᾧχρησάμενοι
1047 1125 1157 1147 κατα-

125 1175 262 1211 λύσειαν
289 1172 430 1218 αὐτοὺς,
460 1171 627 1208 ἐπέδωκεν
656 1169 772 1216 αὑτὸν,
794 1169 852 1205 καὶ
882 1168 1098 1219 ἐδημαγώγει
1120 1167 1158 1205 τὸ

125 1235 272 1276 πλῆθος,
294 1231 350 1267 τόν
375 1246 409 1267 τε
428 1229 584 1280 χρησμὸν
602 1228 725 1277 λέγων,
747 1227 797 1263 ὅτι
818 1229 875 1263 ὑπ’
897 1228 999 1263 αὐτοῦ
1014 1225 1154 1278 πέπρω-

125 1306 180 1326 ται
199 1291 434 1333 καταλυθῆναι
449 1287 585 1331 αὐτοὺς,
605 1288 676 1322 ἀνθ’
693 1285 770 1322 ὅτου
786 1284 843 1322 καὶ
858 1284 965 1321 πάλαι
979 1283 1157 1334 γενόμενον

128 1348 228 1384 αὐτὸν
250 1347 436 1398 ὁρμήσειαν
471 1346 615 1390 ἀνελεῖν,
644 1343 702 1380 καὶ
726 1346 785 1378 νῦν
809 1341 1053 1388 ἔπιδουλεύειν,
1082 1344 1158 1380 ἀλλ’

125 1408 161 1442 οὔ
181 1406 380 1449 δεδυνῆσθαι
391 1402 608 1453 παρατρέψαι
623 1401 704 1451 [τὰ]
718 1399 882 1449 μοιρίδια.
903 1401 948 1438 Οἳ
963 1399 992 1436 δ’
1004 1400 1159 1449 ἀσμένως

127 1463 306 1514 προσίεντο
323 1462 398 1504 τοὺς
413 1461 551 1510 λόγους,
572 1459 639 1501 τοῖς
658 1458 717 1507 μὲν
737 1458 909 1506 δυσμενεῖς
929 1457 1042 1503 ὄντες,
1057 1459 1105 1508 τῷ
1124 1457 1159 1494 δὲ

127 1517 213 1558 εὖνοι
226 1551 234 1567 ,
260 1521 317 1558 καὶ
336 1520 373 1557 τὸ
392 1519 528 1570 βέὸαιον
546 1521 604 1554 τοῦ
624 1515 852 1566 κατορθώσειν
866 1515 904 1551 τὸ
922 1514 1016 1566 ἔργον
1041 1517 1080 1552 ἐκ
1098 1519 1159 1560 τῆς

128 1581 205 1630 περὶ
227 1579 328 1615 αὐτὸν
347 1576 502 1627 ἀνδρείας
522 1576 669 1625 ἔχοντες.
692 1573 798 1615 Τέλος
819 1573 852 1609 δὲ
875 1572 1048 1619 συστήσας
1069 1575 1156 1610 ἑται-

131 1639 221 1688 ρικὸν
253 1636 373 1674 κτείνει
409 1634 633 1686 βασιλεύοντα
656 1630 930 1684 Πατροκλείδην,
959 1632 1160 1682 παράνομον

128 1696 209 1732 ὄντα
230 1694 287 1731 καὶ
308 1696 456 1744 ἐπαχθῆ.
479 1691 582 1741 Ταχὺ
606 1690 639 1728 δὲ
655 1690 725 1727 ἀντ’
749 1689 876 1727 ἐκείνου
897 1691 914 1725 ὃ
936 1690 1041 1737 δῆμος
1061 1689 1159 1726 αὐτὸν

133 1752 278 1804 βασιλέα
299 1751 523 1795 κατέστησεν.
548 1749 592 1787 ‘O
619 1748 653 1785 δὲ
675 1748 751 1790 τούς
770 1763 806 1784 τε
827 1747 979 1799 φυγάδας
997 1746 1159 1797 κατάγει,

129 1812 188 1847 καὶ
208 1811 282 1852 τοὺς
303 1809 443 1858 ἀτίμους
461 1807 526 1844 ὑπὸ
544 1809 609 1843 τῶν
630 1807 840 1857 Βακχιαδῶν
866 1804 1065 1855 γενομένους
1088 1806 1160 1841 ἐπι-

128 1869 244 1917 τίμους
257 1867 360 1903 πάλιν
378 1865 529 1911 ἐποίησε·
548 1864 607 1901 καὶ
623 1863 678 1901 διὰ
692 1867 792 1900 τοῦτο
810 1864 935 1914 ἐχρῆτο
949 1861 1023 1905 εἷςὸ
1036 1878 1067 1899 τι
1084 1862 1162 1913 βού·

130 1928 222 1963 λοιτο
251 1927 383 1966 αὐτοῖς·
413 1923 460 1966 εἴς
484 1938 521 1960 τε
543 1922 702 1959 ἀποικίαν
723 1921 821 1971 ἐξῆγε
840 1920 917 1963 τοὺς
948 1920 996 1970 μὴ
1026 1921 1160 1972 φίλους,

130 1984 219 2026 ὅπως
238 1984 277 2020 ἂν
299 1985 378 2034 ῥᾷον
397 1981 496 2032 ἄρχοι
514 1984 579 2018 τῶν
590 1982 736 2017 λοιπῶν·
752 1979 884 2029 ἔπεμψε
906 1979 940 2016 δὲ
956 1978 1001 2021 εἴς
1018 1995 1054 2016 τε
1072 1981 1160 2017 Λευ·

130 2042 217 2079 κάδοι
243 2043 283 2091 (7)
303 2040 360 2077 καὶ
381 2039 608 2089 Ἀνακτόριον,
623 2037 774 2080 οἰκιστὰς
790 2039 901 2074 αὐτῶν
922 2036 1088 2082 Πυλάδην
1103 2036 1162 2075 καὶ

132 2101 297 2151 Ἐχιάδην
319 2099 420 2141 τάξας
432 2128 441 2145 ,
461 2100 586 2140 παῖδας
599 2098 701 2134 αὐτοῦ
720 2097 844 2139 νόθους·
860 2095 934 2137 τοὺς
951 2095 985 2132 δὲ
1002 2095 1161 2146 Βακχιά-

131 2161 188 2200 δας
210 2157 425 2209 φυγαδεύσας
445 2157 613 2205 ἐδήμευσε
633 2154 693 2197 τὰς
710 2154 825 2196 οὐσίας
848 2156 973 2193 αὐτῶν.
993 2155 1039 2191 Οἱ
1060 2151 1095 2189 δὲ
1117 2154 1162 2194 εἷς

135 2217 310 2267 Κέρκυραν
340 2215 585 2265 ἀπεχώρησαν.
622 2213 777 2264 Κύψελος
806 2211 839 2249 δὲ
863 2211 1026 2263 Κορίνθου
1047 2209 1162 2261 πράως

130 2269 247 2323 ῆρχεν,
263 2272 338 2309 οὔτε
351 2271 550 2323 δορυφόρους
564 2271 664 2322 ἔχων,
683 2270 752 2307 οὔτ’
767 2268 956 2318 ἀποθύμιος
970 2268 1017 2305 ὢν
1036 2269 1079 2317 (8)
1098 2270 1162 2305 Κο-

920 165 947 200 N
959 164 1119 201 lCOLAl
1150 165 1434 202 DAMASCENJ

1212 251 1257 281 set
1277 258 1477 289 responsum,
1503 249 1588 279 nulla
1615 257 1701 279 mora
1719 248 1899 288 interposita
1923 250 2007 280 venit
2032 250 2240 288 Corinthumn

1214 307 1266 338 ubi
1297 317 1370 338 mox
1396 309 1475 338 inlex*
1500 307 1585 337 cives
1609 315 1705 346 quam
1731 307 1867 337 maxime
1893 307 2119 344 honorabatur,
2143 317 2242 348 quum

1213 366 1360 396 strenuus
1382 366 1411 395 et
1428 364 1609 394 moderatus
1625 364 1726 402 esset,
1740 364 1912 403 populique
1933 365 2107 396 commodis
2128 374 2241 397 consu-

1215 422 1278 452 lere
1292 421 1449 452 videretur
1467 420 1496 451 in
1511 422 1599 451 tanta
1617 420 1810 460 reliquorum
1831 421 2078 452 Bacchiadarum
2098 423 2244 462 superbia

1216 481 1245 510 et
1260 478 1416 509 violentia.
1433 482 1474 509 Ac
1493 478 1592 517 magis
1613 477 1717 509 adhuc
1743 478 1858 509 clvium
1881 487 2021 510 amorem
2040 489 2077 510 eo
2093 480 2151 511 sibi
2166 489 2244 511 con-

1215 537 1349 575 ciliavit,
1371 536 1455 576 quod
1482 536 1676 568 Polemarchi
1703 545 1835 568 munere
1851 537 1894 568 ita
1914 538 2116 577 fungebatur,
2137 540 2172 569 ut
2191 539 2245 578 qui

1216 604 1356 635 unquam
1377 595 1460 625 hunc
1473 594 1693 634 magistratum
1708 595 1888 635 gessissent,
1903 597 2036 627 cunctos
2048 596 2138 635 longe
2151 605 2245 636 supe-

1216 655 1311 684 raret.
1328 653 1452 684 Etenim
1465 654 1534 684 tum
1552 654 1655 683 cetera
1672 653 1790 693 optime
1808 653 1869 692 egit
1885 654 1954 684 tum
1969 662 2043 684 vero
2060 654 2166 685 hocce.
2181 656 2246 685 Lex

1216 709 1299 749 apud
1322 709 1502 740 Corinthios
1517 709 1701 749 obtinebat,
1716 718 1755 741 ex
1769 719 1834 750 qua
1845 710 1965 750 judicio
1985 711 2185 742 condemnati
2209 712 2247 743 ad

1217 767 1453 807 polemarchum
1478 766 1729 806 adducebantur,
1752 776 1769 798 a
1794 777 1858 807 quo
1881 768 2122 800 includebantur
2149 779 2249 809 usque

1217 825 1293 856 dum
1317 825 1484 864 irrogatam
1509 824 1673 856 solvissent
1692 826 1844 856 mulctam
1857 849 1865 863 ,
1885 826 1975 865 cujus
1995 835 2067 866 pars
2086 828 2191 866 aliqua
2209 828 2248 858 ad

1218 883 1319 923 ipsum
1338 883 1459 914 redibat
1478 883 1728 922 poletnarchum.
1757 884 1813 915 llle
1839 893 1915 915 vero
1932 893 2092 924 nunquam
2117 894 2174 916 nec
2200 886 2248 916 in-

1218 942 1310 972 clusit
1338 942 1438 972 civem
1463 941 1601 981 aliquem
1618 950 1720 981 neque
1738 941 1858 981 vinxit,
1878 942 1931 973 sed
1944 942 2021 974 alios
2034 942 2153 974 dimisit
2172 952 2249 983 prse-

1218 1000 1272 1030 des
1296 1000 1467 1040 accipiens,
1494 1008 1548 1039 pro
1576 999 1644 1030 aliis
1668 1000 1762 1031 etiam
1790 1000 1858 1039 ipse
1884 1000 2076 1040 spondebat3
2104 1001 2252 1032 omnibus

1218 1060 1323 1089 autem
1354 1066 1443 1088 suam
1475 1058 1605 1088 mulctae
1631 1059 1751 1097 partem
1781 1057 1969 1089 remittebat.
1996 1058 2085 1090 Unde
2111 1059 2251 1090 maximo

1218 1116 1301 1155 apud
1326 1115 1561 1147 multitudinem
1584 1116 1690 1146 favore
1712 1116 1859 1155 pollebat.
1879 1119 1923 1147 Ac
1947 1116 2057 1148 videns
2073 1117 2252 1148 Corinthios

1220 1174 1338 1205 infestis
1351 1182 1418 1204 esse
1431 1173 1461 1203 in
1479 1173 1671 1204 Bacchiadas
1684 1173 1796 1204 animis
1807 1198 1815 1212 ,
1833 1175 1864 1205 et
1877 1173 1958 1205 duce
1974 1174 2140 1206 destitutos
2161 1175 2253 1213 cujus

1220 1241 1314 1272 opera
1332 1233 1473 1263 evertere
1498 1241 1629 1271 regnum
1646 1240 1756 1263 eorum
1777 1233 1919 1271 possent,
1940 1232 2005 1271 ipse
2027 1241 2093 1264 sese
2117 1233 2251 1271 obtulit,

1220 1292 1315 1329 atque
1338 1289 1469 1329 gratiam
1495 1290 1601 1329 populi
1619 1289 1785 1329 captabat,
1810 1290 1973 1321 oraculum
1996 1299 2172 1330 exponens,
2189 1300 2253 1330 qno

1221 1348 1402 1379 nuntiatum
1416 1349 1483 1378 crat
1494 1349 1525 1378 in
1538 1348 1606 1379 fatis
1616 1356 1681 1379 esse
1695 1348 1734 1378 ab
1749 1347 1814 1387 ipso
1826 1348 2072 1379 Bacchiadarum
2086 1348 2252 1389 imperinm

1222 1406 1367 1446 ‹lissolvi;
1386 1407 1416 1437 et
1440 1405 1599 1446 quomodo
1625 1406 1669 1437 illi
1692 1407 1857 1446 propterea
1872 1407 1904 1437 et
1919 1406 1995 1437 olim
2015 1415 2124 1438 recens
2145 1409 2252 1438 natum

1222 1465 1364 1496 occidere
1380 1465 1573 1502 volnissent,
1595 1465 1626 1495 ct
1648 1473 1733 1495 nunc
1749 1464 1806 1495 sibi
1823 1464 1949 1495 insidias
1963 1466 2128 1504 pararent3
2145 1467 2176 1496 at
2201 1465 2255 1496 sati

1222 1524 1346 1553 decreta
1361 1531 1423 1553 non
1442 1531 1530 1561 posse
1544 1523 1652 1553 everti.
1669 1523 1755 1558 Quos
1770 1522 1924 1553 Corinthii
1938 1531 2097 1553 sermones
2112 1523 2256 1554 lubenter

1223 1580 1450 1618 admittebant,
1469 1579 1659 1611 Bacchiadas
1681 1580 1785 1618 exosi,
1812 1588 1883 1619 erga
1900 1581 2068 1620 Cypselum
2094 1580 2255 1620 benevoli,

1222 1648 1260 1669 ex
1272 1638 1404 1677 ejusque
1427 1637 1545 1668 virtute
1559 1646 1645 1677 spem
1667 1637 1790 1668 firmam
1807 1637 1962 1669 habentes
1975 1639 2114 1678 prosperi
2131 1647 2256 1670 succes-

1223 1706 1287 1727 sus.
1317 1695 1456 1727 Tandem
1487 1697 1597 1726 coacto
1628 1695 1792 1734 sodalitio,
1821 1696 2031 1728 Patroclidem
2062 1698 2255 1737 (Hippocli-

1224 1755 1297 1785 dem
1308 1759 1326 1785 9
1337 1756 1361 1793 ),
1375 1754 1429 1793 qui
1442 1755 1519 1784 tunc
1533 1754 1683 1793 regnabat
1696 1754 1800 1793 legum
1815 1754 1952 1785 violator
1969 1754 2078 1794 virque
2092 1757 2256 1794 molestus,

1225 1813 1396 1851 interfecit3
1412 1812 1442 1842 in
1460 1812 1549 1851 cujus
1565 1812 1670 1843 locum
1688 1812 1753 1851 ipse
1765 1813 1871 1843 statim
1891 1821 1945 1843 rex
1963 1821 1981 1843 a
1998 1813 2114 1853 populo
2133 1815 2258 1845 creatus

1223 1874 1280 1903 est.
1296 1874 1377 1902 Tum
1392 1871 1499 1902 exules
1514 1870 1690 1908 revocavit,
1713 1870 1830 1901 honore
1843 1879 1862 1901 a
1876 1870 2060 1902 Bacchiadis
2075 1871 2259 1903 imminutos

1224 1931 1255 1961 in
1283 1930 1439 1969 integrum
1467 1928 1622 1967 restituit,
1649 1937 1749 1967 eoque
1765 1929 1869 1959 effecit
1894 1930 1929 1959 ut
1945 1929 1983 1960 ad
2000 1929 2136 1969 quodvis
2153 1930 2190 1961 iis
2211 1931 2257 1961 nti

1224 1990 1337 2028 posset.
1360 1988 1571 2020 Adversantes
1586 1987 1617 2018 in
1631 1987 1770 2018 colonias
1786 1987 1988 2018 deducendas
2003 1987 2176 2027 ablegavit,
2195 1997 2259 2029 qno

1224 2047 1345 2079 facilius
1368 2047 1535 2086 imperaret
1565 2045 1706 2085 reliquis.
1730 2045 1815 2077 Misit
1847 2054 1922 2076 vero
1955 2045 1996 2076 ad
2028 2046 2201 2077 Leucadem
2227 2049 2259 2078 et

1225 2101 1430 2134 Anactorium
1444 2101 1623 2132 condendas
1636 2101 1736 2139 iisque
1754 2100 1905 2140 Pyladem
1921 2101 1952 2131 et
1966 2100 2139 2132 Echiadem
2150 2126 2158 2140 ‚
2180 2101 2260 2132 filios

1224 2158 1356 2198 spurios,
1366 2157 1515 2197 praefecit.
1528 2156 1719 2188 Bacchiadas
1731 2156 1761 2187 in
1772 2156 1902 2187 exilium
1912 2156 2005 2196 eJecit
2015 2164 2051 2187 ac
2062 2156 2142 2188 bona
2150 2166 2258 2189 eornm

1225 2214 1408 2253 publicavit.
1426 2213 1472 2244 llli
1487 2213 1517 2243 in
1530 2214 1701 2251 Corcyram
1727 2221 1760 2242 se
1785 2213 1981 2251 receperunt.
2007 2213 2158 2252 Cypselus
2183 2223 2259 2244 vero

1224 2271 1395 2302 Corinthiis
1417 2270 1584 2309 imperavit
1604 2270 1788 2308 clementer,
1819 2269 1972 2308 nulloque
1992 2278 2025 2301 se
2042 2269 2185 2301 muniens
2199 2280 2247 2302 sa-

131 2385 235 2423 ὀρεγον
254 2384 318 2418 τὰς.
339 2401 377 2405 -
393 2389 419 2413 5.
439 2383 668 2423 ἑχρηστιράζετο
690 2381 809 2419 codex,
826 2383 858 2412 et
873 2390 948 2412 mox
964 2381 1132 2419 δημοφελὴς
1151 2380 1182 2410 et
1203 2379 1350 2416 βιὸαίους.
1366 2395 1403 2399 -
1424 2381 1452 2407 6.
1472 2375 1703 2416 δεχόμενος]
1723 2375 1885 2415 δεχόμενον
1907 2375 2027 2412 codex;
2052 2375 2166 2406 deinde
2182 2377 2258 2407 Βακ·

133 2432 229 2470 γίδας.
252 2449 291 2454 -
314 2434 342 2461 7.
360 2429 524 2468 Λευκάδα]
547 2429 637 2459 λευδὰ
654 2427 766 2457 codex.
788 2428 888 2457 Hasce
904 2425 1141 2456 Corinthiorum
1161 2423 1299 2455 colonias
1312 2423 1436 2463 Cypseli
1459 2422 1655 2461 temporibus
1674 2421 1827 2453 deductas
1841 2427 1910 2451 esse
1928 2423 2051 2452 constat
2067 2430 2084 2452 e
2106 2422 2261 2454 Strabone

133 2466 162 2516 p.
187 2480 256 2507 [232.
283 2479 353 2506 See.
380 2475 540 2506 Plutarch.
564 2476 609 2505 De
631 2482 698 2504 sera
715 2482 803 2503 num.
822 2472 908 2502 vind.
932 2480 960 2502 c.
985 2474 1014 2509 7,
1034 2479 1064 2509 p.
1091 2474 1148 2501 552
1168 2470 1331 2509 Apollonia
1344 2495 1352 2508 ‚
1372 2469 1573 2500 Anactorium
1591 2471 1623 2500 et
1647 2467 1878 2499 Leucadiorum
1896 2467 2112 2499 Chersonesus
2128 2468 2188 2499 suh
2207 2471 2258 2503 Pe:

134 2524 258 2554 riandro
280 2523 399 2553 colonis
421 2522 617 2560 frequentata
641 2521 726 2550 sunt.
750 2518 842 2555 Quod
860 2518 898 2549 de
920 2518 1012 2548 novis
1028 2517 1148 2547 colonis
1163 2516 1266 2546 denuo
1286 2516 1386 2547 missis
1409 2515 1579 2553 intelligere
1597 2515 1698 2545 solent
1721 2514 1780 2544 viri
1803 2513 1900 2544 docti.
1924 2515 1964 2545 V.
1988 2514 2261 2546 Raoul-Rochette.

139 2570 249 2601 Eram.
269 2572 332 2608 111,
357 2578 387 2608 p.
405 2572 481 2605 35›2;
505 2569 606 2597 Kruse
625 2566 757 2599 Hellas,
782 2567 828 2602 ll,
850 2569 888 2600 2,
911 2573 940 2602 p.
964 2567 1031 2594 185.
1059 2563 1107 2594 Cf.
1136 2563 1258 2593 Miiller.
1281 2565 1356 2594 Dor.
1384 2564 1416 2598 1,
1446 2565 1511 2593 117.
1539 2562 1582 2599 11,
1604 2565 1669 2591 155.
1697 2560 1823 2591 Boeckh.
1844 2559 1883 2590 ad
1907 2561 1943 2591 C.
1961 2561 1991 2590 J.
2016 2562 2047 2599 Ι,
2066 2568 2096 2599 p.
2127 2563 2176 2591 58.
2206 2563 2258 2593 W.

137 2616 260 2646 Miiller.
288 2618 332 2646 De
356 2616 594 2652 Corcyram-um
609 2621 676 2650 rep.
698 2621 727 2651 p.
753 2616 787 2641 15)
801 2620 869 2650 sqq.
890 2612 934 2640 De
953 2609 1067 2649 Pylade
1079 2611 1109 2640 et
1126 2609 1261 2640 lichiado
1277 2609 1370 2646 (num
1387 2608 1465 2637 torto
1479 2605 1678 2643 EchinadeF)
1703 2605 1775 2636 liliis
1796 2606 1897 2636 altum
1920 2606 2092 2636 silentium.
2111 2607 2166 2637 His
2181 2607 2260 2637 duo-

135 2663 194 2692 hus
211 2661 404 2691 coloniarum
425 2658 610 2689 ductoribus
632 2657 794 2688 addendus
816 2659 862 2687 est
877 2657 990 2686 tertius
1007 2656 1129 2695 Cypseli
1147 2655 1228 2685 tilius
1247 2664 1264 2685 e
1281 2653 1434 2684 Strabone
1452 2655 1483 2683 et
1500 2655 1638 2691 Scymno
1657 2652 1748 2683 Chio.
1772 2651 1885 2682 Strabo
1899 2654 1942 2689 Χ,
1960 2660 1990 2691 p.
2008 2655 2066 2683 452
2086 2662 2092 2682 :
2111 2653 2262 2693 Κορίνθιοι

135 2709 165 2738 δὲ
183 2708 359 2747 πεμφθέντες
373 2706 432 2736 ὑπὸ
446 2705 585 2743 Κυψέλου
600 2705 651 2734 καὶ
675 2703 876 2743 Γαργάσου
891 2702 1121 2742 (γαργάσουσος
1141 2706 1156 2732 5
1171 2700 1250 2731 codd
1270 2710 1278 2736 3
1294 2700 1313 2729 Ι.
1331 2699 1484 2739 Γόργου),
1502 2698 1614 2734 ταύτην
1631 2709 1664 2728 τε
1680 2698 1831 2738 κατέσχον
1847 2699 1900 2735 τήν
1923 2699 2018 2735 ἀκτὴν
2038 2699 2089 2729 καὶ
2108 2699 2194 2739 μέχρι
2208 2703 2262 2729 τοῦ

135 2754 336 2792 {mamm-mo
350 2752 467 2782 κόλπου
483 2751 647 2790 προῆλθον·
665 2751 716 2780 και
733 2750 750 2786 ή
768 2760 799 2780 τε
816 2749 981 2788 ’Λμῆρακία
997 2748 1172 2787 συνῳκίσθη
1186 2749 1235 2777 καὶ
1253 2748 1288 2778 τὸ
1305 2746 1489 2786 Ἀνακτόριον
1509 2747 1574 2776 κτλ.
1593 2745 1678 2776 ldem
1700 2747 1756 2776 Vll
1770 2769 1778 2782 ‚
1799 2754 1830 2784 p.
1852 2750 1910 2776 325
1926 2755 1933 2775 2
1952 2746 2033 2782 Αὕτη
2049 2747 2111 2783 (sc.
2129 2748 2148 2783 ἡ
2167 2748 2262 2778 Νικό-

136 2800 219 2834 πολις
232 2800 272 2836 ),..
291 2798 407 2835 Τολγου
431 2796 567 2835 (Τοργου
584 2804 612 2825 v.
633 2795 672 2832 l.;
690 2796 719 2825 at
736 2795 849 2834 Γόργου
866 2796 948 2824 recte
966 2794 996 2823 in
1012 2793 1166 2833 Epitom.)
1181 2797 1234 2824 τοῦ
1251 2794 1390 2832 Κυψέλου
1407 2793 1532 2831 κτίσμα.
1552 2795 1717 2831 scymnus.
1734 2792 1792 2822 Ch.
1812 2794 1871 2822 453
1892 2805 1898 2821 :
1918 2791 2083 2832 Ἀμὸρακία
2099 2794 2262 2832 Κορινθίων

136 2845 276 2879 Ἄποικος
290 2845 387 2874 ἐστιν·
404 2844 513 2882 ᾤκισεν
528 2843 552 2872 δ’
571 2843 587 2872 ὁ
603 2843 741 2881 Κυψέλου
756 2841 853 2877 Αὐτὴν
871 2841 1014 2880 πρότερον
1028 2843 1098 2875 παῖς
1115 2839 1264 2878 Γόργος.
1285 2840 1406 2875 Gorgos
1432 2837 1482 2868 hic
1504 2838 1579 2867 item
1603 2837 1718 2867 nothus
1737 2837 1858 2876 Cypseli
1883 2837 1903 2868 t.
1926 2837 2003 2875 suit,
2021 2836 2068 2867 uti
2086 2837 2158 2868 inde
2178 2839 2262 2877 patet

136 2892 220 2930 qnod
237 2892 265 2921 in
284 2891 457 2927 lragmento
474 2890 580 2919 nostro
597 2888 728 2927 Cypselo
742 2889 892 2927 quattuor
914 2887 985 2925 11111,
998 2895 1080 2917 unus
1094 2885 1249 2925 legitimus
1260 2909 1268 2922 ,
1282 2883 1460 2922 Periander,
1476 2885 1506 2914 et
1522 2885 1585 2914 tres
1600 2883 1698 2922 spurii
1714 2883 1807 2914 fuisse
1823 2882 1984 2913 dicuntur.
2006 2885 2197 2914 meinoratur
2213 2884 2262 2915 hic

136 2941 259 2973 (mi-,qus
273 2936 379 2975 paullo
396 2935 475 2965 infra
492 2935 521 2964 111
540 2935 648 2971 fragm.
665 2940 716 2971 60,
732 2934 784 2963 nbi
800 2933 897 2963 codex
914 2942 970 2972 pro
985 2933 1020 2971 ἦν
1034 2932 1140 2972 γοργος
1159 2932 1276 2971 praehet
1293 2930 1461 2970 Καγὸργος.
1481 2932 1635 2961 Praeterea
1649 2930 1767 2961 mentio
1786 2930 1853 2967 ejus
1866 2929 1902 2959 iit
1921 2929 2003 2969 apud
2027 2930 2152 2961 Aristot.
2169 2931 2259 2962 Polit.

137 2985 182 3020 V,
197 2987 233 3019 9,
253 2986 288 3012 22
303 3005 310 3018 ‚
332 2981 385 3011 uhi
403 2993 409 3010 :
426 2980 639 3019 “1’”αμμη-.ίχου
656 2980 672 3008 ὁ
687 2979 847 3018 Γορδίου
862 2979 930 3018 τρία
947 2979 998 3015 ἐ’τη
1015 2979 1222 3018 ἐτυράννησεν.
1235 2980 1338 3016 γΗηιισ
1351 2977 1435 3007 enim
1455 2976 1617 3008 Gordiani
1640 2985 1702 3006 non
1715 2975 1875 3006 diversum
1898 2984 1966 3006 esse
1980 2983 1997 3005 a
2015 2976 2119 3014 Gorgo
2134 2977 2260 3016 Cypseli

136 3030 198 3060 lilio
210 3030 367 3066 fratreque
382 3026 539 3057 Periandri
550 3026 699 3055 docemur
712 3026 819 3063 fragm.
833 3028 882 3055 (50.
899 3025 1081 3056 Plutarchus
1092 3025 1121 3055 in
1134 3024 1265 3054 Conviv.
1279 3027 1350 3063 Sap.
1365 3025 1434 3061 Vll,
1450 3031 1477 3052 c.
1498 3026 1544 3060 17,
1557 3031 1576 3060 p
1604 3026 1671 3060 160,
1682 3022 1811 3052 fratrem
1828 3020 1986 3052 Periandri
1998 3021 2259 3062 111611Γοργίαν.

138 3076 279 3114 Denique
294 3073 467 3105 Antoninus
484 3073 547 3104 Lib.
566 3082 594 3101 c.
614 3075 630 3103 4
645 3072 720 3102 dicit
738 3084 744 3102 ε
766 3072 910 3110 Τόλγον
929 3072 991 3110 (sic
1008 3080 1079 3101 mss
1092 3096 1099 3109 ‚
1118 3072 1229 3111 Γόργον
1247 3078 1366 3099 cori-ex.
1386 3070 1537 3099 Westrm.
1552 3069 1562 3106 )
1576 3068 1607 3097 δὲ
1623 3068 1674 3097 τὸν
1692 3067 1853 3105 ἀδελφὸν
1876 3066 1967 3105 (joel).
1982 3068 2065 3103 υἱὸν)
2086 3069 2260 3106 Κυψέλου

138 3122 215 3151 κατὰ
229 3121 297 3154 τους
310 3120 404 3150 αὐτοῦ
421 3118 640 3158 (Κραγαλέως)
657 3118 811 3157 χρησμοὺς
825 3118 897 3147 λαὸν
914 3118 1036 3147 ἔποικον
1057 3117 1179 3156 ἀγαγεῖν
1195 3118 1235 3151 εἰς
1252 3116 1441 3155 Ἀμβρακίαν.
1463 3115 1578 3143 Veram
1595 3113 1730 3143 nominis
1750 3112 1882 3143 sormam
1901 3120 1967 3142 esse
1981 3112 2091 3152 Γόργος
2108 3121 2124 3143 e
2137 3113 2260 3145 duobus

137 3167 241 3198 numis
259 3164 493 3204 comprobatur.
512 3165 549 3192 V.
568 3162 834 3193 Raoul-Rochette
854 3161 974 3192 Ληηαί.
995 3164 1106 3192 insen.
1127 3161 1222 3192 circli.
1245 3164 1252 3191 l
1269 3186 1276 3199 ,
1294 3171 1324 3199 p.
1348 3166 1416 3192 312.
1432 3179 1471 3184 -
1485 3163 1512 3190 8.
1527 3158 1647 3198 ὡν]ἠν
1661 3158 1771 3188 codex.
1790 3160 1833 3188 De
1848 3167 1880 3187 re
1896 3158 1936 3188 cs.
1953 3158 2080 3189 Aristoi.
2099 3160 2162 3190 Pol.
2177 3160 2196 3190 l.
2213 3161 2233 3191 l.
2252 3173 2258 3190 ;

137 3216 172 3244 'O
188 3214 240 3252 μὲν
250 3213 307 3252 γὰρ
322 3211 456 3250 Κύψελος
469 3209 650 3248 &nummo-sog
662 3208 697 3245 ἠν
711 3208 851 3238 καὶκατὰ
864 3209 917 3243 τὴν
928 3208 1023 3247 ἀρχὴν
1037 3209 1198 3239 διετέλεσεν
1210 3208 1440 3247 ἀδορυφόρητος.
1454 3207 1518 3238 Alia
1533 3206 1571 3237 de
1585 3205 1718 3245 Cypselo
1731 3204 1886 3235 declamat
1900 3204 2031 3235 Sosicles
2044 3214 2092 3244 ap.
2111 3206 2258 3238 net-odoi.

138 3262 156 3291 1.
175 3261 193 3290 l.
217 3262 258 3290 De
272 3258 459 3297 optimatum
475 3255 657 3295 expulsione
672 3256 711 3286 cf.
730 3255 865 3293 Polyaen.
885 3256 1017 3293 Strateg.
1038 3257 1064 3282 V
1076 3279 1083 3291 ,
1100 3258 1131 3284 :31
1149 3278 1156 3291 ,
1176 3258 1200 3285 1.
1223 3254 1380 3284 Plutarch.
1398 3255 1466 3291 Lys.
1484 3261 1512 3282 c.
1532 3258 1541 3284 1
1557 3263 1566 3289 ;
1583 3252 1707 3290 Dionys.
1725 3250 1794 3281 llal.
1814 3253 1847 3281 Α.
1864 3252 1900 3281 lt.
1920 3252 1981 3288 111,
1999 3254 2056 3287 35;
2071 3251 2139 3282 biv.
2157 3253 2187 3290 1,
2202 3256 2258 3288 32,

136 3316 153 3336 a
176 3306 291 3345 quihus
315 3304 570 3335 Lacedaemonem
588 3302 664 3332 etin
687 3301 807 3332 ltaliam
830 3300 940 3331 abiisse
962 3301 1120 3331 dicuntur.
1152 3304 1196 3332 Eo
1224 3300 1307 3339 qnod
1332 3301 1439 3330 nostro
1461 3299 1530 3328 loco
1554 3297 1688 3328 traditur
1713 3296 1742 3326 in
1769 3298 1940 3334 Corcyram
1972 3296 2163 3328 Bacchiadas
2188 3306 2258 3337 pro-

138 3357 234 3387 fectos
256 3351 468 3390 oss-moptiine
492 3350 665 3389 explicatur
689 3348 824 3385 bellum,
840 3356 902 3386 quo
926 3349 1031 3386 postea
1053 3347 1217 3379 Periander
1242 3347 1373 3377 insulam
1397 3345 1599 3385 expugnavit.
1627 3346 1662 3374 V.
1685 3345 1736 3374 W.
1750 3343 1927 3375 Malloi-be
1940 3343 2004 3375 reb.
2020 3345 2189 3384 Corcyr.p.
2209 3349 2256 3376 ta.
