2338 3765
958 144 1282 182 FRAGMENTA.

65 249 123 283 μοι
144 235 336 284 θεωρῆσαι,
359 231 478 267 ἔπειτα
500 230 532 267 δὲ
562 229 720 279 Νάναρον
747 227 1010 278 τιμιι)ρήσασΟαι
1043 229 1098 264 διὰ

66 295 124 330 σοῦ
137 320 146 337 ,
162 290 250 341 ἅπερ
268 289 343 338 ἐμοὶ
363 290 424 325 οὐκ
442 287 481 325 ἂν
503 286 630 337 ὑπῆρξε
649 285 923 331 τετελευτηκότι·
943 285 1031 321 ἀλλὰ
1050 284 1097 334 μή

66 365 124 398 με,
139 348 222 400 ἔφη,
239 347 389 384 δέσποτα
402 376 412 395 ,
429 346 539 397 ψεύσῃ
560 347 620 390 τῆς
634 343 750 395 ἑτέρας
767 343 900 386 ἐλπίδος
912 372 921 389 ,
938 343 1026 379 ἀλλά
1042 357 1099 391 μοι

65 405 125 451 τὴν
146 406 241 451 δίκην
263 404 387 446 ἀπόδος
403 400 486 455 παρ’
502 403 619 453 ἀνδρὸς
639 405 759 439 κακοῦ.
781 419 794 434 »
819 401 886 438 Καὶ
906 403 923 437 6
944 400 1094 451 Ἀρταῒος

66 463 255 514 ὑπέσχετο,
274 461 411 499 ἐπειδὰν
427 463 473 503 εἷς
494 460 686 498 naeviam
705 459 883 509 ἀφίκηται.
902 459 955 496 Οὐ
973 459 1099 495 πολλοῦ

66 523 100 560 δὲ
120 521 243 573 χρόνου
260 519 280 557 6'
301 535 336 557 τε
353 518 566 570 Παρσώνδης
583 516 757 554 ἀπέλαὸεν
776 516 838 561 τὴν
856 516 1012 568 ἀνδρείαν
1033 517 1099 567 φύ-

66 595 131 628 σιν,
152 578 211 616 καὶ
229 581 246 615 6
268 575 429 629 βασιλεὺς
448 578 507 625 (28)
536 575 677 628 ἀφίκετο
694 576 739 617 εἷς
759 573 970 612 Βαὲἷυλῶνα·
995 589 1100 611 κατε-

21 645 38 649 “’
68 637 172 674 ὅοᾶτό
199 652 235 673 τε
256 634 427 685 ὁσημέραι
448 635 504 671 ὑπ’
533 635 654 679 αὐτοῦ,
675 632 766 675 ὅπως
785 632 1019 684 τιμωρήσεται
1045 631 1100 668 τὸν

68 695 240 746 Νάναρον.
265 693 335 731 Καὶ
360 692 395 734 ὃς
414 687 476 738 ἧκε
504 691 599 742 παρὰ
622 690 785 741 βασιλέα,
807 690 864 727 καὶ
899 691 961 742 ἔφη
983 690 1100 727 δίκαια

64 755 218 797 ποιῆσαι.
252 770 267 784 «ι
291 751 462 801 Πρότερος
481 750 547 800 γὰρ
566 751 708 795 ἐκεῖνος,
723 748 817 785 οὐδὲν
839 748 944 785 κακὸν
966 747 1097 795 παθὼν,

69 809 129 858 ἐμὲ
145 808 315 853 διέὸαλεν,
332 808 394 859 ἔφη
405 838 414 854 ,
428 807 524 858 παρά
540 822 611 853 σοι,
627 806 671 849 ὥς
687 822 728 855 με
740 806 903 849 κτείνειάς
913 821 949 843 τε
966 806 1024 843 καὶ
1039 806 1101 852 τὴν

69 866 272 908 Βαὸυλῶνος
287 866 396 916 ἀρχὴν
415 867 509 917 αὐτῷ
525 865 628 910 δοίης.
645 883 658 897 »
678 865 830 916 Ἀρταῖος
845 863 879 901 δὲ
895 863 958 916 ἔφη
978 865 1103 901 δικαιό-

64 939 147 975 τερα
166 923 382 975 Παρσώνδην
401 924 586 959 αἰτεῖσθαι·
600 925 726 973 χρῆναι
750 921 807 973 (29)
829 921 894 972 γὰρ
916 922 964 968 μὴ
986 924 1102 973 σαυτῷ

65 982 226 1028 δικάζειν,
246 980 332 1030 μηδὲ
362 981 524 1023 τοιαύτας
547 980 750 1031 ἐξευρίσκειν
772 980 887 1028 δίκας,
918 978 1006 1017 ἀλλὰ
1027 980 1103 1028 ἐμοὶ

66 1040 258 1091 ἐπιτρέπειν
276 1037 336 1084 τὴν
357 1039 490 1089 κρίσιν·
515 1037 610 1080 τέλος
636 1037 672 1073 δέ
694 1052 746 1074 σοι
764 1039 796 1079 ἐς
813 1037 958 1083 δεκάτην
986 1036 1103 1080 ἐξοίσω

67 1101 137 1147 ἢμε
123 1097 202 1149 Ἥραν
219 1096 256 1134 τό
274 1111 326 1133 σοι
340 1096 485 1148 πρέπον.
504 1095 547 1134 Ὁ
565 1095 600 1132 δὲ
619 1111 630 1133 i
638 1095 796 1146 άναρος,
815 1111 924 1132 ταυτα
941 1095 1103 1141 ἀκούσας,

67 1156 101 1192 ἐν
118 1157 216 1192 δεινυ)
229 1155 357 1207 φόέῳ
340 1170 380 1200 ην
393 1154 451 1191 καὶ
470 1154 525 1191 ἐπι
542 1154 787 1206 Μιτραφέρνην
806 1154 864 1205 (30)
881 1154 1103 1205 καταφεύγει,

66 1213 100 1256 ὃς
116 1218 156 1260 ἠν
174 1216 240 1250 τῶν
261 1213 431 1263 εὐνούχων
449 1211 702 1258 δυνατώτατος,
719 1212 777 1249 καὶ
797 1214 996 1263 ὑπισχνεῖτο
1012 1227 1102 1249 αυτι)

67 1271 209 1324 χρυσίου
229 1271 382 1308 τάλαντα
412 1270 516 1319 δέκα,
542 1270 602 1308 καὶ
622 1270 747 1321 φιάλας
766 1277 899 1322 χρυσᾶς
923 1269 1003 1307 δέκα
1016 1300 1025 1317 ,
1047 1271 1104 1307 καὶ

67 1332 214 1382 ἀργυρᾶς
235 1329 431 1375 διακοσίας,
452 1329 511 1366 καὶ
533 1327 777 1380 [Παρσώνδῃ]
796 1328 958 1380 ἀργυρίου
981 1332 1036 1378 (31)
1056 1345 1106 1366 vo-

69 1388 240 1438 μίσματος
257 1387 408 1425 τάλαντα
434 1386 568 1434 ἑκατὸν,
589 1387 647 1424 καὶ
668 1386 776 1429 ἄλλας
793 1389 937 1433 ἐσθῆτας
956 1388 1102 1424 πολυτε-

69 1448 149 1492 λεῖς,
164 1447 303 1497 βασιλεῖ
317 1444 351 1482 δὲ
362 1449 493 1496 χρυσοῦ
509 1444 571 1494 μὲν
585 1445 740 1482 τάλαντα
757 1445 892 1491 ἑκατὸν,
907 1445 966 1482 καὶ
981 1446 1107 1497 φιάλας

66 1510 196 1556 χρυσᾶς
215 1503 350 1549 ἑκατὸν,
376 1506 527 1555 ἀργυρᾶς
541 1503 576 1540 δὲ
600 1503 818 1554 τριακοσίας,
832 1505 980 1555 ἀργυροῦ
999 1503 1033 1540 δὲ
1054 1518 1107 1539 νο·

72 1562 241 1612 μίσματος
253 1562 414 1614 ,τάλαντα
428 1562 525 1613 χίλια
540 1593 547 1608 ‚
568 1562 711 1607 ἐσθῆτάς
728 1577 765 1598 τε
785 1564 1007 1611 παμπληθεῖς
1019 1591 1028 1607 ,
1048 1565 1106 1599 καὶ

72 1621 161 1658 ἄλλα
179 1620 293 1658 πολλὰ
307 1618 398 1673 [καὶ]
413 1619 505 1657 καλὰ
520 1622 611 1671 δῶρα
623 1649 631 1665 ,
651 1621 679 1656 εἷ
694 1619 756 1665 τὴν
777 1619 891 1672 ψυχὴν
910 1622 1002 1671 αὐτῷ
1017 1620 1108 1663 ἐξαι-

69 1678 202 1723 τήσειεν
223 1677 281 1715 καὶ
305 1677 366 1724 τὴν
387 1677 592 1720 Βαὸυλῶνος
617 1676 794 1727 βασιλείαν
818 1676 913 1728 παρ-ἕν.
937 1677 1105 1727 Λρταίου.

72 1736 140 1774 Και
153 1738 195 1772 6
180 1737 338 1786 εὐνουχος
352 1751 461 1788 ωχετο
475 1734 572 1786 παρὰ
586 1735 745 1807 βασιλέα,
762 1735 820 1772 καὶ
834 1734 947 1772 πολλὰ
961 1736 1040 1781 δεηθ
1045 1751 1104 1784 εις,

70 1793 129 1830 ἅτε
160 1810 206 1830 ων
227 1809 330 1843 τιμης
350 1797 408 1839 τῆς
427 1792 587 1844 πρώτης,
611 1796 704 1829 εἶπεν
724 1791 776 1829 ὅτι
798 1807 860 1829 ουκ
879 1791 930 1838 εἴη
961 1792 1106 1830 Θανάτου

71 1852 161 1896 ἄξιος
177 1854 194 1889 6
212 1851 311 1902 ἀνήρ·
333 1853 369 1888 οὐ
389 1850 455 1902 γὰρ
473 1850 614 1888 κτείνειε
636 1849 866 1901 Παρσωνδην,
891 1850 981 1887 ἀλλὰ
1003 1849 1105 1901 ὑδρι-

69 1910 159 1953 σθεὶς
173 1909 231 1947 καὶ
250 1909 342 1947 δεινὰ
357 1909 475 1946 παθὼν
492 1908 736 1960 ἀνθυέρίσειεν.
750 1925 765 1941 «
777 1909 821 1946 Εἰ
837 1907 942 1945 δὲκαὶ
958 1908 1104 1945 Θανάτου

70 1968 122 2015 εἴη
138 1967 226 2012 ἄξιος
241 1998 250 2014 ,
273 1967 366 2017 ἐμοὶ,
387 1960 414 2004 ὦ
435 1966 606 2015 δέσποτα,
629 1967 700 2015 δὸς,
721 1966 785 2017 ἔφη
798 1996 807 2012 ,
826 1965 886 2011 τὴν
905 1965 1006 2017 χάριν
1024 1965 1104 2002 ταύ-

70 2043 132 2072 την
151 2042 211 2064 και
232 2025 293 2072 την
313 2025 524 2077 παραίτησιν
550 2024 634 2075 ὑπὲρ
656 2040 775 2062 αυτου.
796 2023 947 2061 Δώσει
929 2022 962 2060 οὲ
983 2027 1000 2060 6
1020 2023 1105 2074 ἀνὴρ

71 2101 124 2122 σοι
142 2084 202 2134 μὲν
223 2101 271 2121 τι)
292 2083 441 2134 δεσπότῃ
460 2082 568 2119 πολυν
592 2084 650 2131 (32)
672 2081 798 2133 χρυσόν
816 2098 851 2118 τε
869 2082 926 2119 καὶ
946 2081 1105 2133 ἄργυρον,

73 2142 270 2194 Παρσώνὸῃ
292 2141 346 2190 δὲ,
366 2139 486 2186 ποινὴν
501 2143 546 2177 ὡν
566 2140 721 2192 ἔδρασεν,
737 2139 858 2177 ἑκατὸν
873 2139 1060 2177 τάλαντα
1043 2155 1109 2192 αρ-

72 2200 204 2252 γυρίου.
223 2219 236 2233 >1
252 2199 416 2238 Πείθεται
433 2198 562 2240 τούτοις
580 2201 596 2235 6
614 2197 774 2249 βασιλευς
791 2228 800 2246 ,
820 2214 989 2235 καιτουτο
1005 2214 1073 2235 τοτ

72 2260 159 2301 λος’
146 2258 314 2307 εκπέμπει
331 2257 497 2309 Νανάρι)
515 2256 615 2294 Καὶε
603 2272 619 2293 ο
637 2256 699 2306 μὲν
718 2271 822 2307 προσε
810 2255 952 2301 κύνἐησ
957 2272 992 2292 ν·
1010 2258 1107 2307 Παρ-

73 2315 204 2361 σώνδης
219 2295 252 2352 δὲ
263 2345 271 2361 ,
288 2317 389 2352 κινῶν
403 2314 465 2360 τὴν
479 2312 643 2365 κεφαλὴν,
655 2332 669 2347 «
681 2311 838 2360 ’Όλοιτο,
855 2313 935 2365 ἔφη,
948 2316 964 2350 6
976 2316 1109 2364 πρῶτος

73 2373 199 2426 χρυσὸν
218 2372 359 2423 ἐξευρὼν
376 2374 421 2414 εἷς
437 2372 625 2423 ἀνθρώπιον
641 2371 735 2422 γένος
747 2388 754 2395 ·
776 2373 831 2409 διὰ
847 2376 946 2410 τοῦτο
963 2372 1027 2423 γὰρ
1043 2370 1108 2421 ἐγὼ

73 2436 130 2469 νῦν
150 2431 257 2482 γέλως
276 2430 399 2481 γέγονα
420 2431 514 2481 ἀνδρὶ
534 2431 758 2482 Βαὸυλωνίῳ.
779 2449 794 2463 >ι
815 2431 885 2468 Καὶ
900 2434 917 2467 6
934 2433 1107 2482 εὐνοῦχος,

76 2489 272 2536 αἰσθόμενος
285 2488 386 2526 αὐτὸν
402 2489 533 2540 βαρέως
547 2490 691 2540 φέροντα
701 2520 709 2535 ,
721 2508 735 2522 (ι
749 2483 796 2527 ὟΩ,
809 2488 902 2539 ’γαθὲ
912 2519 920 2535 ,
934 2489 1011 2539 ἔφη,
1025 2492 1109 2525 παῦ-

79 2563 136 2584 σαι
152 2548 376 2599 ὀργιζόμενος,
388 2546 446 2584 καί
462 2562 519 2596 μοι
534 2547 663 2594 πείθου,
682 2546 775 2599 φίλος
789 2562 825 2584 τε
839 2546 932 2596 γίνου
946 2546 1109 2597 Νανάρῳ,

75 2609 184 2642 ταυτα
199 2604 264 2658 γαρ
277 2608 293 2642 6
306 2605 472 2650 δεσπότης
489 2606 692 2656 βούλεται.»
708 2604 751 2642 O
767 2604 800 2641 δὲ
815 2604 1028 2656 Παρσώνδης
1040 2619 1111 2641 και-

77 2663 132 2714 ρὸν
153 2663 264 2714 ἐτήρει
282 2662 496 2712 ἀμύνασθαι,
512 2664 540 2699 εἷ
562 2662 722 2709 δύναιτο,
745 2663 802 2700 τόν
819 2679 854 2699 τε
875 2664 1034 2713 εὖνουχον
1051 2678 1108 2699 και

78 2721 248 2773 Νάναρον,
263 2718 321 2758 καὶ
337 2724 444 2771 εὗρεν,
459 2735 517 2758 και
536 2721 704 2770 ἠμύνατο.
713 2694 887 2767 '’Zwfi'cez
873 2737 913 2757 εν
934 2738 987 2758 τι)
1008 2721 1111 2771 Περι

77 2778 461 2831 στρατηγημάτων,

570 2846 582 2867 1
596 2846 626 2869 1.

131 2903 272 2938 Suidas.
290 2915 325 2938 v.
349 2899 555 2946 ἓξεκεκλή
569 2915 652 2946 κει,
675 2901 712 2936 ἐκ
737 2905 796 2937 τοῦ
814 2900 949 2936 δείπνου
971 2901 1109 2944 ἀνίστη·

83 2977 98 2991 «
126 2959 257 3000 Νυκτὸς
278 2957 313 2995 δὲ
333 2958 515 3009 γενομένης
543 2957 620 3000 τοὺς
639 2957 771 3000 οἰκέτας
798 2957 1013 3003 ἑξεκεκλήκει
1036 2957 1108 2999 τοὺς

80 3016 254 3068 Νανάρου.
278 3034 292 3049 ›1

2112 156 2183 188 363

1160 231 1223 261 noli
1238 240 1288 262 nie
1303 232 1402 262 ultera
1417 242 1469 272 spe
1485 234 1644 270 frustrari,
1662 234 1715 264 sed
1732 234 1852 273 injuriae
1867 235 1944 265 mihi
1959 235 2026 266 illut
2072 235 2113 266 ab
2131 236 2188 266 ho-

1161 289 1245 318 mine
1268 289 1497 328 improbissimo
1522 300 1628 330 punias
1653 294 1767 331 repete.
1788 306 1802 319 υ
1848 294 1988 332 Artamis,
2003 302 2102 332 quum
2128 295 2184 333 pri-

1161 356 1248 377 mum
1266 347 1456 386 Babylonem
1471 349 1619 387 venisset,
1634 351 1692 380 sihi
1709 351 1737 380 id
1755 360 1840 382 curae
1852 352 1917 382 sore
1930 352 2108 391 spopondit.
2127 354 2189 383 Nec

1162 405 1263 434 multo
1277 406 1345 443 post
1359 407 1390 436 ct
1412 407 1585 437 l‘arsondas
1608 408 1771 446 pristinum
1796 409 2010 440 fortitudinem
2029 419 2191 449 recupera-

1162 462 1251 493 vitet
1267 463 1457 502 Babylonem
1476 465 1600 494 Artatus
1620 466 1714 496 venit.
1734 466 1922 506 Obstreperc
1945 467 2038 506 igitur
2054 470 2188 498 l‘arson-

1162 521 1217 551 das
1228 529 1264 551 uc
1274 520 1413 560 quotidie
1426 530 1529 559 regem
1545 522 1754 562 interpellare,
1771 525 1805 554 ut
1818 524 1857 555 de
1871 527 1994 555 Nanaro
2005 526 2192 564 supplicium

1162 580 1310 609 sumeret.
1330 578 1390 609 Sed
1418 580 1561 610 Nunnrus
1579 588 1680 617 regem
1704 590 1803 619 quum
1823 582 1967 620 adiisset,
1984 583 2054 621 jure
2071 583 2191 622 optimo

1162 645 1180 666 a
1196 645 1229 667 se
1243 636 1273 666 id
1289 636 1406 667 sactum
1420 636 1569 667 defendit.
1593 650 1605 663 (ι
1625 639 1747 677 Quippe
1764 639 1814 669 ille
1831 640 1917 670 nulla
1929 649 1947 670 a
1964 649 2014 671 me
2028 640 2138 680 injuria
2153 641 2192 671 la·

1164 695 1317 732 cessitas,
1342 694 1466 734 inquit,
1491 695 1626 732 gratuita
1652 696 1733 734 apud
1762 698 1793 726 te
1817 698 1972 728 calumnia
1998 707 2048 729 me
2064 698 2195 738 appetiit

1163 753 1259 792 prior,
1275 754 1386 792 utque,
1403 761 1452 783 me
1465 753 1600 790 sublato,
1616 762 1745 791 regnum
1761 754 1925 793 Babylonis
1938 756 1996 786 sibi
2011 756 2193 795 donaretur,

1164 810 1286 850 petivit.
1313 823 1327 836 »
1349 813 1466 841 Verum
1488 812 1611 841 Artas-us
1632 812 1823 841 Pursendam
1849 812 1924 843 nihil
1949 813 2054 851 injusti
2074 814 2196 853 petiisse

1164 868 1262 904 dixit,
1282 868 1368 898 illum
1392 877 1470 898 vero
1490 868 1521 898 in
1541 869 1664 899 suamet
1682 868 1778 907 ipsius
1794 878 1886 899 causa
1899 870 2052 901 arbitrum
2069 881 2135 903 esse
2150 874 2194 903 at-

1164 935 1226 965 que
1241 926 1394 964 ejusmodi
1414 935 1522 966 poenas
1536 935 1662 957 sumere
1679 926 1808 957 minime
1829 927 1992 966 debuisse,
2017 929 2071 960 sed
2094 930 2198 968 potius

1162 984 1318 1023 judicium
1336 984 1399 1024 regi
1416 984 1620 1023 permittere;
1638 993 1731 1024 porro
1756 993 1789 1015 sc
1805 984 1926 1015 decimo
1943 986 1993 1017 die
2015 996 2084 1017 eam
2101 996 2196 1026 quam

1165 1042 1370 1073 commeritus
1401 1043 1440 1073 sit
1465 1043 1652 1073 sententiam
1683 1043 1714 1072 in
1745 1051 1818 1073 eum
1855 1043 2005 1073 laturum.
2044 1045 2098 1075 His
2135 1054 2198 1075 non

1167 1100 1367 1131 mediocriter
1388 1100 1518 1131 territus
1541 1102 1683 1132 Naum-us
1705 1100 1745 1131 ad
1770 1100 2015 1140 Mitruphernem
2039 1102 2199 1141 confugit,

1166 1158 1219 1198 qui
1237 1167 1277 1189 ex
1293 1158 1447 1189 eunuchis
1463 1166 1587 1189 summa
1605 1157 1691 1197 apud
1706 1166 1809 1196 regen)
1826 1158 1925 1196 gratia
1942 1158 2085 1197 valebat,
2109 1161 2140 1190 et
2156 1160 2200 1190 illi

1166 1216 1294 1256 quidem
1311 1217 1379 1247 auri
1393 1216 1514 1255 decem,
1527 1216 1645 1255 argenti
1660 1218 1788 1247 eentum
1802 1216 1931 1252 talenta,
1947 1216 1985 1246 ad
2001 1217 2068 1247 haec
2081 1217 2201 1256 phialas

1165 1283 1275 1306 aureas
1285 1275 1393 1306 decem
1404 1299 1412 1314 ‚
1427 1276 1590 1314 argenteas
1603 1274 1767 1312 ducentas,
1782 1283 1818 1305 ac
1833 1274 2060 1315 [Parsondae]
2074 1278 2200 1306 centum

1167 1333 1287 1372 argenti
1304 1334 1424 1364 talenta
1443 1334 1474 1364 et
1497 1333 1668 1372 plurimam
1692 1333 1860 1371 pretiosam
1877 1334 1996 1363 vestem
2017 1333 2199 1372 pollicetur3

1166 1391 1229 1431 regi
1244 1400 1319 1422 vero
1340 1391 1409 1422 auri
1432 1393 1561 1422 centum
1573 1415 1581 1431 ,
1609 1391 1728 1430 argenti
1745 1391 1832 1421 mille
1853 1390 1971 1421 talenta
1983 1415 1992 1430 ‚
2009 1392 2128 1429 phialas
2143 1401 2202 1422 au-

1166 1458 1234 1480 reas
1247 1450 1377 1480 centum
1389 1473 1397 1487 ,
1414 1450 1578 1488 argenteas
1596 1450 1753 1480 trecentas
1769 1457 1843 1479 cum
1857 1449 1991 1488 pretiosa
2007 1451 2094 1480 veste
2107 1450 2183 1480 innu
2197 1468 2202 1472 ·

1167 1516 1253 1539 mera
1269 1508 1399 1547 aliisque
1423 1508 1665 1547 quamplurimis
1690 1507 1875 1538 muneribus
1894 1507 2043 1541 daturum
2063 1516 2096 1541 se
2110 1516 2199 1550 spon-

1168 1566 1243 1605 det,
1264 1566 1439 1597 dummodo
1451 1566 1585 1597 salutem
1599 1565 1658 1597 sibi
1672 1574 1709 1597 ae
1723 1565 1890 1607 Babylonis
1900 1577 2030 1608 regnum
2045 1569 2202 1600 incolume

1167 1625 1207 1655 ab
1224 1626 1328 1655 Artaeo
1347 1624 1543 1664 deprecetur.
1560 1625 1658 1664 Igitur
1671 1626 1837 1657 eunuchus
1854 1628 1938 1657 recta
1954 1627 1993 1657 ad
2013 1627 2093 1666 regis
2108 1629 2199 1659 cubi-

1167 1682 1275 1712 culum
1301 1681 1408 1720 vadit,
1435 1691 1472 1712 ac
1495 1690 1565 1721 rege
1590 1683 1727 1713 multum
1747 1685 1877 1714 exorato
1905 1684 2038 1724 (quippe
2064 1687 2203 1716 maximo

1169 1741 1287 1771 honore
1306 1740 1389 1779 apud
1412 1741 1553 1771 Artaeum
1579 1741 1677 1780 erat),
1695 1741 1789 1772 docet
1813 1741 1891 1772 nihil
1918 1743 2031 1773 ultimo
2050 1744 2202 1783 supplicio

1167 1797 1298 1836 dignum
1315 1807 1333 1828 a
1347 1800 1472 1829 Nanaro
1486 1798 1658 1829 admissum
1684 1807 1768 1836 esse3
1783 1808 1886 1838 neque
1903 1801 1985 1831 enim
2010 1802 2201 1833 l‘arsondam

1166 1855 1236 1886 neci
1255 1855 1375 1886 dedisse
1387 1880 1396 1894 ‚
1416 1856 1469 1886 sed
1483 1856 1665 1895 gravissima
1678 1856 1838 1888 adfectum
1857 1858 1972 1897 injuria
1985 1868 2041 1898 par
2055 1860 2120 1899 pari
2134 1860 2200 1891 red‹

1167 1914 1291 1944 didisse.
1315 1927 1328 1940 «ι
1342 1914 1460 1951 Quodsi
1479 1923 1553 1945 vero
1567 1914 1659 1945 etiam
1674 1916 1852 1946 extremum
1865 1917 2052 1956 supplicium
2066 1927 2201 1950 comme-

1167 1973 1247 2003 ritus
1260 1974 1305 2003 est
1319 1995 1326 2010 ,
1341 1981 1433 2012 rogo,
1454 1972 1598 2012 domine,
1614 1973 1734 2012 inquit,
1747 1974 1823 2004 mihi
1837 1976 1872 2005 ut
1889 1976 2012 2006 veniam
2028 1978 2058 2006 et
2076 1976 2199 2007 absunt

1167 2030 1285 2061 tionem
1308 2030 1390 2060 illius
1410 2030 1578 2069 gratificari
1592 2031 1686 2066 velis;
1701 2031 1789 2062 dabit
1805 2032 1887 2063 enim
1905 2033 1961 2064 tibi
1981 2034 2127 2073 quidem,
2144 2035 2200 2066 (lo-

1167 2089 1267 2127 mine,
1297 2089 1469 2119 maximam
1497 2088 1563 2118 auri
1590 2089 1772 2127 argentique
1809 2089 1891 2126 vim,
1926 2091 2095 2121 parsondae
2127 2101 2201 2122 vero

1167 2156 1269 2186 poenae
1297 2147 1424 2177 nomine,
1460 2146 1579 2185 argenti
1614 2148 1742 2177 centum
1775 2147 1905 2178 talenta.
1939 2161 1953 2175 υ
1980 2149 2036 2179 His
2066 2150 2202 2180 eunuchi

1168 2205 1367 2236 sermonibus
1392 2204 1541 2235 inductus
1572 2214 1646 2242 rex,
1675 2214 1744 2236 eam
1776 2206 1928 2236 mulctam
1957 2209 2079 2237 Nanaro
2110 2207 2202 2239 dixit.

1169 2266 1238 2300 Qua
1264 2264 1419 2294 sententia
1455 2263 1494 2293 ad
1523 2272 1555 2294 se
1592 2264 1727 2302 perlata,
1761 2265 1903 2295 Nanarus
1935 2274 2038 2304 regem
2074 2275 2204 2296 venera-

1168 2324 1219 2352 tus
1235 2323 1298 2358 est;
1314 2322 1347 2352 at
1365 2321 1539 2352 Parsondas
1556 2330 1691 2351 renuens
1702 2345 1710 2359 ‚
1727 2334 1739 2347 «
1758 2321 1855 2361 Male,
1869 2322 1985 2361 inquit,
2001 2324 2124 2362 pereat,
2146 2324 2200 2362 qui

1169 2380 1290 2419 primus
1303 2388 1415 2410 aurum
1440 2378 1564 2409 induxit
1580 2378 1612 2408 in
1629 2378 1793 2409 hominnm
1814 2379 2039 2409 commercium
2052 2403 2060 2416 ‚
2087 2379 2203 2419 quippe

1169 2439 1262 2478 hujus
1290 2438 1409 2470 metalli
1441 2447 1536 2469 causa
1571 2446 1654 2468 nunc
1681 2437 1800 2467 homini
1826 2437 1997 2476 Babylonio
2025 2438 2136 2467 ludum
2166 2447 2203 2468 ae

1167 2497 1274 2536 jocum
1288 2497 1424 2536 praebeo.
1440 2509 1455 2523 ν
1469 2496 1642 2527 Eunuchus
1651 2498 1756 2526 autem
1768 2519 1775 2533 ,
1790 2495 1845 2525 ubi
1861 2495 2053 2526 Parsondum
2067 2497 2204 2535 graviter

1170 2556 1202 2586 id
1215 2556 1294 2587 serre
1307 2555 1573 2586 annnadvcrteret
1584 2579 1592 2592 ‚
1606 2567 1620 2581 «
1638 2553 1813 2591 Pau-sonna,
1826 2552 1945 2593 inquit,
1960 2554 2110 2585 suaserim
2126 2554 2181 2585 tibi
2193 2579 2200 2593 ‚

1170 2615 1204 2644 ut
1220 2614 1300 2644 iram
1315 2622 1443 2644 omnem
1464 2612 1592 2652 abjicias
1609 2614 1640 2643 et
1657 2621 1729 2642 cum
1744 2614 1868 2643 Nanaro
1884 2612 1915 2642 in
1932 2612 2063 2651 gratiam
2078 2612 2202 2651 redeas;

1170 2673 1212 2703 ita
1229 2673 1311 2703 enirn
1329 2671 1587 2710 dominusjubet.
1607 2684 1620 2697 n
1640 2670 1762 2701 Exinde
1777 2670 1949 2701 Pau-sondas
1962 2671 2131 2701 ulciscendi
2149 2680 2204 2702 eu-

1170 2730 1265 2761 nuchi
1280 2739 1316 2761 ac
1333 2729 1449 2761 Nanari
1468 2731 1683 2769 opportunum
1708 2731 1831 2767 tempus
1856 2729 2095 2768 circumspicere
2110 2731 2204 2768 atque

1170 2789 1340 2820 observare
1355 2788 1450 2828 coepit
1462 2812 1470 2826 ‚
1486 2787 1679 2826 tandemque
1702 2787 1807 2817 oblata
1824 2788 2058 2826 opportunitate
2078 2789 2202 2817 utrum-

1169 2856 1230 2887 que
1244 2848 1291 2878 cst
1305 2847 1401 2878 ultus.
1423 2848 1553 2878 (πρίονα
1567 2847 1641 2885 pete
1655 2853 1698 2875 (ου
1715 2847 2002 2884 Εἰνιιίθῃωηαίιιηι
2016 2847 2195 2884 excerptis.

1663 2907 1717 2937 11.

1211 2969 1420 3005 Ἐξεκεκλήκει
1434 2991 1442 3006 ,
1458 2977 1476 2998 a
1495 2976 1584 2997 (sena
1607 2967 1751 2997 evocavit
1767 2979 1773 2996 z
1794 2979 1808 2992 «ι
1827 2968 1933 3002 Quum
1951 2967 2056 2996 autem
2073 2975 2135 2996 nox
2153 2967 2202 2996 in-

1171 3027 1322 3065 gruisset,
1338 3026 1452 3057 Nanari
1467 3026 1600 3055 famulos·
1621 3024 1776 3055 evocavit.
1796 3037 1809 3051 υ

82 3132 166 3172 ζῆν]
183 3133 317 3170 Coray.;
343 3134 402 3166 ζῶν
425 3130 494 3162 cod.
511 3134 584 3162 Mox
613 3133 754 3170 Coruyus
781 3131 904 3161 mavult
924 3143 931 3160 ε
951 3131 1056 3161 ἔπειτα
1074 3131 1104 3160 δὲ
1121 3131 1172 3160 καὶ
1192 3130 1340 3166 Νάναρον.
1367 3150 1405 3157 -
1421 3134 1470 3161 28.
1491 3130 1506 3159 ὁ
1524 3130 1607 3169 βασ.
1622 3128 1632 3168 ]
1649 3130 1664 3159 ὁ
1682 3128 1753 3158 add.
1777 3129 1889 3166 Coray.
1918 3147 1954 3152 —
1970 3131 2019 3157 29.
2041 3130 2179 3166 χρῆναι
2197 3126 2202 3164 l

82 3182 155 3219 χρῆν
170 3179 276 3218 reponi
287 3179 356 3209 vult
374 3178 513 3208 Bromius
523 3187 573 3216 ap.
590 3178 698 3208 Orelli.
714 3180 752 3208 At
767 3187 850 3216 swpc
867 3178 911 3208 sic
928 3186 1001 3207 cuni
1014 3177 1131 3208 directa
1147 3176 1297 3206 indirecta
1310 3176 1410 3207 orutio
1424 3176 1581 3206 miscetur.
1602 3193 1639 3196 ψ
1655 3178 1702 3205 30.
1718 3174 1899 3214 Μιτραφ.]
1916 3174 2010 3205 Orelli
2028 3176 2058 3203 et
2071 3175 2200 3210 Coray.;

85 3226 222 3264 Μητραφ.
243 3232 312 3262 vgo.
328 3241 367 3245 —
384 3228 432 3254 31.
448 3223 651 3263 ἀργυρίου]
672 3224 801 3263 ἀργυροῦ
819 3224 905 3254 editt.
931 3225 1099 3263 Παρσώνδῃ
1115 3232 1226 3254 vocem
1242 3224 1273 3254 in
1287 3224 1357 3254 cod.
1371 3223 1523 3254 excidisse
1541 3232 1577 3253 cx
1595 3231 1685 3261 seqq.
1713 3222 1879 3261 colligitur,
1904 3221 2050 3251 monente
2067 3221 2195 3257 Coram.

86 3273 156 3301 Mox
175 3270 318 3306 αἰσθῆτας
338 3269 448 3300 codex.
465 3289 504 3294 --
521 3274 569 3300 32.
581 3270 717 3309 πολὺν]
734 3271 826 3300 πολὺν
845 3271 896 3309 μὲν
913 3270 982 3301 cod.

131 3320 174 3346 11.
201 3315 305 3345 διιίιΙϊυ
322 3314 406 3345 locos
422 3315 500 3345 duos
517 3324 553 3345 cx
572 3317 736 3354 Excerptis
750 3317 819 3355 Περὶ
836 3317 1099 3356 στρατη-,γημάτων
1113 3326 1184 3356 quae
1198 3317 1229 3348 in
1245 3318 1281 3348 l'r.
1302 3317 1505 3348 antecedente
1523 3315 1689 3347 laudantur
1705 3315 1816 3353 petitos
1830 3323 1894 3343 csse
1912 3311 2032 3342 monuit
2046 3310 2185 3341 Valesius
