2289 3728
124 216 190 248 ¹04

109 295 241 346 ταχέως
272 292 449 330 ἀνελέσθαι
470 290 507 327 τὸ
538 289 676 341 βρέτας,
698 288 756 325 καὶ
785 286 1056 337 διακομίσαντας
1088 288 1147 325 ἐπὶ

109 354 284 390 θάλασσαν
304 353 347 392 εἰς
365 350 402 386 τὸ
417 348 547 399 σκάφος
564 346 778 396 ἐμὸαλέσθατ
790 361 797 369 ·
817 346 1028 396 λυσαμένους
1043 347 1070 383 δ’
1087 348 1148 383 αὖ-

109 428 185 454 τους
204 411 246 447 τὰ
268 425 344 460 πρυ
340 422 467 452 ανησια
488 422 548 443 και
567 405 628 448 τὰς
646 403 797 457 ἀγκύρας
814 404 1037 454 ἀνελομένους
1058 406 1147 456 εἰρε-

110 469 166 517 σία
184 484 219 505 τε
236 466 328 515 πάσῃ
349 463 547 517 χρωμένους
562 462 721 514 ἀπαίρειν
738 464 775 500 οὐ
794 462 969 500 δύνασθαι.
991 463 1149 512 Ἣγησα-

112 543 151 572 με
156 541 229 564 νους
250 527 305 560 ο3ν
327 526 413 560 θεῖον
432 521 522 559 τοῦτ’
545 525 652 568 εἰναι,
668 520 805 559 πάλιν
792 520 1072 572 εξενεγκαμένους
1089 523 1150 566 τ7,ς

109 599 141 620 νε
146 599 189 624 ως
201 598 238 619 το
255 581 314 632 8ρέ
318 597 375 623 τας
389 583 493 618 ἀποθε
486 579 682 631 ’σθαιπαρὰ
697 595 752 617 τον
765 580 934 630 αἰγιαλόν·
949 577 1149 630 καιψαιστὰ

1011 638 1086 682 Τ·7,ς
1115 636 1149 672 δὲ

108 699 164 736 'er
148 698 238 747 μήτ
228 713 280 741 [ς
301 696 402 733 ἕωθεν
429 696 656 745 δηλωσάσης,
679 695 730 733 ὅτι
754 711 793 732 το
822 695 944 767 βρέτας
960 694 1150 745 ἠφανίσθη,

109 642 171 676 αὐτ
175 657 201 675 t)
229 654 443 683 ποιησαντας
476 639 610 689 περιδεε
596 654 641 681 ,ις
673 638 968 676 ἀπαλλάττεσθαι.

108 773 165 793 και
178 755 301 801 ζητησε
306 772 349 798 ως
360 754 565 805 γενομένης,
583 755 690 806 ευρεῗν
707 770 767 804 μεν
782 754 864 791 αυτὸ
877 768 954 795 τους
966 753 1151 798 ζητοῦντας

109 831 163 852 επι
179 817 237 859 τ·7,ς
257 813 388 860 ηιόνος,
403 816 446 854 ὡς
467 813 494 850 δ’
513 812 554 849 ἂν
574 811 770 863 βαρὲάρους
789 813 946 862 Ιχᾶρας,“
935 809 1150 855 υπονοήσαν-

107 890 168 915 τας
190 872 384 921 αυτόυατον
401 870 692 922 ἀποδεδρακέναι,
710 870 793 920 πρός
807 885 838 906 τι
857 868 898 906 λύ
904 884 962 918 γου
983 867 1149 919 θωράκιον

109 930 356 983 ἀπερείσασθαι
376 930 435 967 καὶ
450 946 525 972 τους
541 928 817 978 εὐμηκεστάτους
834 930 901 964 τῶν
919 926 1054 964 κλάδων
1070 927 1152 962 ἑκα-

107 1007 142 1026 τε
140 990 250 1041 ’ρωθεν
267 989 568 1037 ἐπισπασαμένους
584 1002 678 1038 περιε
666 987 801 1031 ιλῆσαι
819 984 1000 1022 πάντοθεν.
1019 983 1132 1028 Τὴν
1114 981 1149 1019 05

108 1048 238 1097 Aea-rr„
241 1064 280 1094 tv
302 1047 457 1084 λύσασαν
478 1062 561 1082 αυτο
583 1045 719 1095 ἁγνίσαι
742 1060 800 1081 και
822 1057 948 1089 στησαι
967 1041 1071 1078 πάλιν
1096 1041 1151 1078 ἐπι

107 1111 164 1144 τοῦ
184 1107 330 1157 βαθρου,
352 1105 486 1143 καθαπ

108 1180 165 1202 νου
188 1166 262 1201 καθ’
284 1162 428 1201 ἕκαστον
449 1163 520 1204 ἔτος
539 1160 809 1210 ἀποκομίζεσθαι
829 1158 867 1195 τὸ
887 1157 1011 1209 βρέτας
1032 1159 1076 1199 εἷς
1091 1156 1151 1201 τὴν

107 1223 207 1268 ηιόνα
228 1223 286 1260 καὶ
304 1222 442 1273 αφαιίζε
431 1223 549 1265 εσθαι,
567 1218 698 1256 Ιααιστά
719 1233 754 1254 τε
777 1233 869 1254 αυτω
889 1215 1151 1267 παρατίθεσθαι·

474 1120 536 1155 ερ
527 1103 690 1154 πρότερον
710 1101 839 1153 ιὀρυτο.
861 1100 989 1151 Διόπερ
1010 1099 1044 1143 ἐξ
1064 1110 1118 1136 ε’κε
1125 1099 1152 1136 ί*

109 1280 168 1317 καὶ
188 1282 368 1317 καλεῖσθαι
390 1279 502 1317 Τόνεα
523 1278 583 1322 τὴν
614 1275 745 1327 ἑορτὴν,
765 1276 815 1312 ὅτι
836 1274 1002 1316 συντόνως
1023 1273 1152 1318 συνέὸη

109 1339 368 1388 περιειληθῆναι
393 1337 431 1374 τὸ
458 1336 580 1387 βρέτας
606 1334 671 1371 ὑπὸ
692 1337 758 1371 τῶν
779 1333 841 1379 τὴν
871 1332 1013 1384 πρώτην
1045 1333 1149 1369 αὖτοῦ

109 1396 249 1442 ζήτησιν
270 1394 531 1444 ποιησαμένων.

167 1467 208 1489 ιιι.
228 1471 242 1485 «
262 1451 465 1503 Ἱστορεῖται
480 1451 587 1495 δ’,ὓτέ
607 1450 708 1488 αὐτὸν
727 1450 854 1487 ἐκεῖνον
875 1448 933 1486 τὸν
949 1448 1070 1500 χρόνον
1085 1449 1152 1484 τῶν

111 1513 238 1562 Καρῶν
266 1509 516 1561 δεισιδαιμονία
546 1508 832 1560 περισχεθέντων,
850 1507 907 1546 ἐπὶ
932 1507 971 1544 τὸ
995 1511 1153 1556 μαντεῖον

109 1573 168 1605 τοῦ
192 1572 265 1605 θεοῦ
284 1567 573 1620 παραγενομένων
592 1569 637 1610 εἷς
652 1566 791 1606 ε’Υὸλαν
812 1566 872 1604 καὶ
887 1563 1152 1614 πυνθανομένων

110 1627 268 1679 περὶτῶν
286 1626 553 1676 ἀπηντημένων,
567 1626 728 1663 θεσπίσαι
742 1625 799 1662 τὸν
818 1624 1018 1664 Ἀπόλλωνα
1034 1621 1154 1668 ποινὴν

111 1685 233 1728 αὐτοὺς
256 1687 442 1723 ἀποδοῦναι
460 1688 502 1735 τῇ
528 1686 593 1736 θεῷ
615 1685 658 1721 δι’
681 1686 810 1721 ἑαυτῶν
832 1682 986 1720 ἑκούσιον
1007 1681 1065 1719 καὶ
1082 1696 1151 1731 χω-

113 1745 162 1796 ρὶς
183 1745 370 1795 δυσχεροῦς
389 1749 585 1795 συμφορᾶς,
609 1743 651 1788 ἣν
677 1744 710 1779 ἐν
724 1743 792 1784 τοῖς
813 1741 1004 1792 ἔμπροσθεν
1021 1739 1155 1790 χρόνοις

112 1802 283 1854 ἀφώρισεν
301 1805 317 1839 ὅ
336 1802 420 1844 Ζεὺς
445 1804 493 1853 τῷ
526 1802 706 1852 Προμηθεῖ
732 1800 834 1851 χάριν
860 1803 921 1844 τῆς
940 1800 1072 1843 κλοπῆς
1096 1800 1154 1832 τοῦ

112 1860 234 1911 πυρὸς,
255 1860 361 1903 λύσας
384 1858 485 1896 αὐτὸν
503 1861 540 1896 ἐκ
556 1862 622 1896 τῶν
643 1858 903 1910 χαλεπωτάτων
925 1858 1078 1905 δεσμῶν·
1097 1855 1156 1891 καὶ

112 1917 199 1954 τίσιν
225 1917 377 1955 ἑκούσιον
399 1920 432 1955 ἐν
457 1916 586 1968 ἀλυπία
612 1916 774 1965 κειμένην
795 1916 910 1952 δοῦναι
929 1913 1156 1959 θελήσαντος,

978 202 1248 239 MENoDOTt
1278 202 1419 240 SAMtt

1210 287 1340 333 ταύτην
1370 287 1460 338 ἔχειν
1493 287 1651 330 επιτάξαι
1682 303 1740 325 τον
1772 286 2028 338 καθηγούμενον
2060 291 2127 327 τῶν
2147 292 2246 330 θεων.

1209 344 1350 383 “”Οθεν
1332 348 1392 382 απ’
1412 345 1541 383 ἐκείνου
1564 361 1622 383 τον
1643 345 1879 394 δεδηλωμένον
1897 344 2064 398 στέφανον
2085 349 2133 384 τῶ
2154 350 2252 398 Προ-

1211 405 1314 453 μηθεῒ
1329 404 1584 454 περιγενέσθαι,
1601 403 1660 440 καὶ
1682 405 1757 453 μετ’
1773 404 1810 440 οὐ
1828 402 1915 441 πολυ
1932 407 2001 447 τοῖς
2018 406 2250 457 εὖεργετηθεῖ·

1211 477 1263 500 σιν
1281 461 1471 514 ἀνθρώποις
1493 463 1551 499 ὑπ’
1571 463 1674 499 αὐτοῦ
1691 460 1782 498 κατὰ
1808 461 1870 507 τὴν
1887 465 1945 499 τοῦ
1977 462 2082 515 πυρὸς
2106 464 2249 516 δωρεάν.

1211 520 1338 572 Διόπερ
1357 520 1416 558 καὶ
1431 523 1500 563 τοῖς
1522 519 1638 571 Καρσι
1658 518 1749 556 κατὰ
1769 519 1807 556 τὸ
1822 520 2069 571 παραπλησιον
2089 521 2162 565 ἔθος
2182 538 2250 560 πα-

1213 578 1482 628 ρεκελεύσατο,3
1465 577 1710 629 στεφανώματι
1723 577 1913 628 χρωμένοις
1927 593 1968 629 τῃ
1984 577 2077 631 λύγῳ
2090 581 2251 618 καταδεῖν

1210 635 1272 682 τὴν
1289 639 1420 674 ἑαυτῶν
1441 635 1593 687 κεφαλὴν
1616 640 1685 678 τοῖς
1701 636 1856 682 κλάδοις,
1871 639 1919 679 οἷς
1939 636 2036 674 αὐτοὶ
2057 637 2252 677 κατέλαὸον

1211 693 1273 740 τὴν
1292 694 1647 734 θεόν.1(αταλῦσαι
1629 693 1665 731 οὲ
1682 693 1742 730 καὶ
1761 693 1873 731 τᾶλλα
1889 693 1970 744 γένη
1991 696 2058 732 τῶν
2075 695 2252 748 στεφάνων

1212 752 1375 801 ἐπέταξε,
1397 752 1503 803 χωρὶς
1522 754 1582 797 τῆς
1602 751 1751 803 δάφνης·
1771 750 1834 797 τὴν
1857 751 1884 788 δ’
1903 752 2004 795 αὐτὸς
2024 751 2087 805 ἔφη
2108 759 2177 797 τοῖς
2191 754 2253 802 τὴν
2288 775 2289 782 ¹

1212 810 1286 847 θεὸν
1301 809 1525 861 θεραπεύουσι
1539 809 1654 857 μόνοις
1671 808 1853 858 ἀπονέμειν
1874 810 1992 861 δῶρον.
2010 812 2091 854 Τοῖς
2109 826 2145 849 τε
2168 827 2256 864 χρη-

1215 870 1342 906 σθεῖσιν
1379 870 1417 906 ἐκ
1447 871 1508 913 τ’ῆς
1541 867 1704 917 μαντείας
1734 867 2103 913 κατακολουθήσαντας
2133 871 2255 914 αὐτοὺς

1214 927 1380 969 ἀὸλαὸεῑς
1399 926 1557 972 ἔσεσθαι,
1578 925 1637 963 καὶ
1659 925 1755 971 δίκην
1781 927 1815 962 ἐν
1846 926 2004 978 εὐωχίαις
2032 928 2255 973 ἀποδιδόντας

1213 989 1256 1037 τῇ
1275 988 1340 1036 θεῷ
1358 983 1420 1030 τὴν
1442 984 1700 1035 προσήκουσαν.
1717 981 1825 1022 ”Οθεν
1845 983 1923 1027 τοὺς
1942 986 2080 1036 Κᾶρας,
2100 987 2257 1024 ὑπακοῦ-

1215 1061 1272 1082 σαι
1291 1043 1518 1096 βουλομένους
1531 1047 1600 1086 τοῖς
1615 1044 1653 1079 ἐκ
1666 1045 1727 1080 τοῦ
1743 1042 1974 1093 χρηστηρίου,
1990 1046 2185 1083 καταλῦσαι
2196 1045 2257 1089 τὰς

1215 1103 1405 1155 ἔμπροσθεν
1419 1101 1612 1150 εἰθισμένας
1624 1100 1866 1153 στεφανώσεις,
1881 1100 2004 1145 αὐτούς
2013 1118 2048 1140 τε
2063 1102 2153 1141 κατὰ
2163 1105 2257 1151 πλῆ-

1215 1166 1268 1205 θος
1286 1164 1439 1213 χρῆσθαι
1457 1160 1517 1210 μὲν
1538 1162 1580 1211 τῇ
1598 1158 1711 1211 λύγῳ,
1725 1165 1794 1202 τοῖς
1815 1158 1850 1196 δὲ
1868 1159 2093 1211 θεραπεύουσι
2107 1160 2169 1207 τὴν
2183 1162 2256 1200 θεὸν

1215 1221 1397 1271 ἐπιτρέψαι
1411 1222 1524 1271 φορεῖν
1539 1218 1596 1255 τὸν
1614 1218 1674 1255 καὶ
1689 1221 1747 1255 νῦν
1768 1217 1819 1256 ἔτι
1838 1217 2043 1268 διαμένοντα
2057 1222 2118 1266 τῆς
2129 1219 2256 1274 δάφνης

1216 1278 1395 1331 στέφανον.

1270 1351 1316 1375 13.
1333 1354 1347 1370 «
1363 1334 1603 1386 Μνημονεύειν
1616 1335 1643 1372 δ’
1658 1334 1767 1373 ἔοικεν
1781 1335 1838 1372 ἐπὶ
1851 1335 1957 1373 ποσόν
1972 1350 2005 1373 τι
2016 1339 2076 1383 τῆς
2089 1336 2180 1375 κατὰ
2194 1336 2256 1384 τὴν

1216 1395 1319 1446 λόγον
1337 1394 1584 1444 στεφανώσεως
1599 1393 1658 1431 καὶ
1674 1392 1895 1441 Νικαίνετος,
1911 1396 1928 1431 ὃ
1946 1395 2122 1443 ἐποποιὸς,
2140 1397 2174 1433 ἐν
2190 1402 2259 1440 τοῖς

1218 1453 1479 1505 ἐπιγράμμασι,
1493 1451 1639 1499 ποιητὴς
1652 1451 1819 1503 ὑπάρχων
1837 1452 2020 1505 ἐπιχώριος
2033 1454 2092 1491 καὶ
2105 1454 2168 1501 τὴν
2182 1456 2260 1492 ἐπι-

1216 1512 1344 1565 χώριον
1361 1510 1513 1563 ἱστορίαν
1530 1510 1725 1561 ἠγαπηκὼς
1744 1512 1778 1548 ἐν
1795 1510 1946 1550 πλείοσι.
1969 1512 2073 1562 Λέγει
2091 1513 2119 1550 δ’
2135 1512 2259 1558 οὕτως·

1258 1601 1326 1633 Οὐκ
1339 1601 1431 1631 ἐθέλω
1442 1625 1450 1639 ,
1465 1599 1615 1639 Φιλόθηρε
1628 1622 1636 1633 ,
1652 1600 1733 1630 κατὰ
1746 1599 1865 1637 πτόλιν,
1881 1599 1958 1630 ἀλλὰ
1974 1600 2046 1640 παρ’
2057 1601 2136 1641 Ἥρῃ

1298 1647 1458 1678 δαίνυσθαι
1469 1646 1594 1686 ζεφύρου
1611 1646 1764 1685 πνεύμασι
1775 1645 1970 1685 τερπόμενος.

1257 1695 1355 1735 Ἀρκεῖ
1369 1705 1419 1734 μοι
1437 1694 1504 1731 λιτὴ
1523 1694 1575 1733 μὲν
1593 1694 1653 1724 ὑπὸ
1667 1694 1824 1734 πλευροῖσι
1836 1694 1974 1733 χαμεύνη
1984 1702 1992 1709 ·

1299 1741 1400 1780 ἐγγύθι
1415 1740 1473 1780 γὰρ
1489 1740 1650 1780 προμάλου
1664 1740 1784 1779 δέμνιον
1801 1740 1944 1776 ἐνδαπίης

1258 1789 1311 1819 καὶ
1327 1789 1434 1827 λύγος,
1449 1788 1578 1828 ἀρχαῖον
1597 1790 1708 1827 Καρῶν
1725 1788 1842 1826 στέφος.
1862 1787 1948 1818 Ἀλλὰ
1961 1788 2096 1828 φερέσθω

1300 1837 1380 1870 οἶνος
1396 1836 1448 1865 καὶ
1464 1837 1600 1865 Μουσῶν
1613 1837 1632 1871 ἡ
1649 1835 1802 1875 χαρίεσσα
1815 1835 1889 1874 λύρη
1900 1858 1909 1872 ,

1258 1879 1385 1915 θυμῆρες
1400 1876 1535 1911 πίνοντες
1546 1899 1554 1913 ,
1572 1876 1655 1911 ὅπως
1672 1877 1742 1911 Διὸς
1757 1877 1866 1907 εὐκλέα
1877 1876 1994 1916 νύμφην

1301 1924 1476 1963 μέλπωμεν,
1491 1922 1587 1959 νήσου
1600 1921 1742 1952 δεσπότιν
1753 1923 1913 1962 ἡμετέρης.

126 1987 2250 2004 w

113 2039 209 2069 opus;
234 2040 399 2069 quumque
424 2031 515 2069 porta
541 2030 687 2060 clausum
704 2037 768 2059 non
788 2029 869 2058 esset
894 2036 931 2057 ea
956 2027 1051 2057 aetate
1076 2027 1157 2056 tem-

115 2082 222 2120 plum,
239 2082 383 2120 protinus
404 2081 572 2112 abstulisse.
594 2080 824 2118 simulacrum,
843 2080 875 2110 et
891 2078 931 2109 ad
945 2087 1033 2108 mare
1052 2079 1157 2107 trans—

115 2135 275 2172 portatum
293 2132 418 2171 navigio
433 2132 631 2171 imposuisse.
653 2131 713 2163 Sed
735 2131 846 2162 solutis
865 2129 1051 2160 rudentibus
1071 2129 1158 2159 leva-

114 2186 217 2224 tisque
230 2185 355 2216 ancoris
365 2209 372 2223 ,
386 2194 546 2215 remorum
562 2194 688 2215 summo
703 2185 818 2214 conatu
833 2182 920 2213 abire
933 2191 996 2212 non
1010 2181 1158 2220 potuisse.

117 2239 225 2275 ltaque
241 2239 323 2267 ratos
339 2236 448 2266 (livino
462 2236 593 2266 numine
607 2236 668 2266 hoe
685 2235 770 2274 lieri,
786 2234 991 2265 simulacrum
1007 2241 1023 2263 e
1037 2232 1159 2271 navigio

118 2297 227 2317 rursus
255 2288 424 2326 extulisse,
451 2287 482 2317 in
508 2287 678 2326 littoreque
698 2286 898 2325 deposuisse;
927 2283 1106 2322 oblatisque
1131 2282 1160 2313 ei

116 2339 204 2379 libis,
219 2342 304 2370 metu
320 2341 481 2379 perculsos
491 2339 612 2370 abiisse.
633 2338 788 2370 Postridie
801 2346 894 2368 mane
908 2345 1007 2376 quum
1023 2335 1158 2366 indicas-

116 2393 163 2421 set
190 2391 323 2421 Adnwta
353 2391 519 2421 evanuisse
545 2391 771 2426 simulacrum,
803 2390 886 2420 sacta
913 2387 1158 2427 perquisitione,

116 2444 277 2481 taipertum
296 2452 361 2472 esse
376 2442 407 2472 in
427 2443 517 2472 litore
531 2451 548 2472 a
568 2441 786 2481 quaerentibus
810 2453 815 2471 :
835 2440 893 2470 lios
905 2440 1030 2476 autem,
1052 2439 1161 2478 utpote

119 2493 270 2523 barbaros
288 2495 384 2524 Cares
396 2517 403 2530 ‚
420 2494 502 2523 ultro
517 2484 675 2532 aufugisse
689 2492 899 2523 simulacrum
919 2490 1102 2529 opinantes,
1121 2489 1160 2520 ad

119 2545 223 2575 salicis
240 2547 389 2575 truncum
413 2545 491 2575 illud
511 2545 669 2584 alligasse,
692 2546 722 2575 et
738 2543 882 2575 attractis
908 2543 1070 2582 utrimque
1095 2542 1160 2572 lon·

119 2597 254 2635 gis-simis·
283 2596 377 2625 ramis
404 2596 542 2635 undique
564 2596 643 2626 illud
667 2595 940 2626 circumvolvisse.
993 2593 1160 2625 Admetam

122 2657 196 2678 vero
213 2643 395 2686 expeditum
411 2657 422 2676 1
433 2648 544 2678 int-ulis
558 2648 757 2687 purificasse,
773 2649 803 2678 et
818 2647 848 2677 in
862 2645 948 2685 basi,
965 2646 994 2676 in
1013 2654 1076 2686 qua
1089 2647 1162 2675 ante

120 2699 261 2729 locatum
281 2699 400 2735 tuerat,
423 2707 530 2728 rursus
547 2699 756 2729 constituisse.
816 2700 923 2734 Quare
946 2696 986 2728 ab
1010 2697 1064 2727 illo
1090 2695 1162 2726 inde

120 2751 264 2788 tempor(-
281 2749 452 2788 quotannis
471 2758 487 2777 e
501 2752 671 2788 conspectu
687 2750 755 2780 tolli
772 2748 978 2779 simulacrum
990 2773 998 2787 ‚
1016 2749 1048 2778 et
1073 2747 1104 2777 in
1122 2747 1157 2777 li-

121 2803 172 2832 tus
185 2801 296 2831 ‹lesen-ri
310 2825 317 2838 ‚
331 2801 456 2840 libaque
467 2801 493 2831 ri
506 2802 620 2840 apponi
631 2813 639 2840 ;
652 2804 683 2832 et
700 2804 808 2833 Tenea
822 2801 928 2832 vocari
944 2800 1021 2831 illud
1034 2800 1160 2838 festum,

121 2853 195 2892 quia
209 2852 335 2882 intentis
347 2852 481 2882 vinculis
493 2852 676 2892 (συντόνως)
692 2853 900 2883 constrictum
913 2852 1021 2883 fuisset
1031 2850 1162 2882 simula-

121 2913 212 2933 crum
224 2903 263 2933 al)
280 2903 341 2941 eis,
361 2903 413 2942 qni
430 2903 566 2941 primum
585 2903 661 2933 illud
675 2904 897 2942 investigatum
912 2903 1045 2934 iverant.

170 2960 216 2987 ill.
244 2969 257 2982 «
289 2957 423 2986 Narrant
446 2964 539 2992 vcro,
567 2956 626 2985 sul)
652 2956 734 2986 idem
766 2958 892 2996 tempus
917 2958 1030 2995 Cares,
1057 2955 1163 2987 obtata

122 3007 235 3038 animis
256 3007 421 3045 religione,
439 3007 603 3037 oraculum
629 3006 677 3037 (lei
701 3007 813 3038 adiisse
835 3007 971 3046 Hyblam
996 3016 1003 3036 :
1031 3007 1062 3037 et
1085 3014 1160 3036 eon·

122 3057 300 3089 sulentibus
326 3057 364 3087 tle
386 3058 432 3087 liis
450 3067 522 3097 qnae
545 3057 727 3088 acciderant
755 3058 949 3099 respondisse
966 3057 1161 3097 Apollinem,

124 3118 248 3149 ptenam
271 3108 338 3138 (leae
357 3109 426 3139 illos
449 3109 522 3138 (lare
539 3108 653 3138 debere
672 3109 782 3147 sponte
804 3117 860 3148 per
879 3117 912 3139 se
924 3132 932 3146 ,
948 3109 980 3139 et
997 3108 1074 3141 citra
1091 3117 1162 3147 gra-

126 3163 248 3191 viorem
266 3161 477 3191 mlamitatrm
495 3185 500 3190 .
521 3161 789 3199 ‹111al‹·1npu·1iain
810 3160 1024 3199 superioribus
1043 3162 1164 3200 tempo-

126 3213 212 3242 rilms
229 3213 374 3251 ‚luppiter
401 3213 589 3242 Prometheo
613 3212 773 3243 statuisset
797 3214 926 3252 propter
945 3212 1048 3251 ignem
1080 3214 1164 3243 t'urto

124 3265 285 3302 ablatum,
304 3273 403 3304 quum
421 3264 611 3303 gravissimis
627 3273 699 3294 eum
717 3263 852 3295 vinculis
870 3264 1025 3295 solvisset.
1053 3268 1162 3301 Quum

125 3317 208 3346 enim
223 3316 372 3347 voluisset
382 3316 433 3347 ille
446 3316 528 3347 ultro
541 3316 690 3346 leviorem
705 3316 846 3355 aliquam
857 3315 1015 3355 suscipere
1026 3324 1162 3355 pirnam,

128 3369 207 3398 lianc
236 3369 261 3398 ei
289 3368 470 3408 imposuisse
499 3370 600 3399 terunt
628 3377 811 3407 supremum
832 3367 938 3399 «teum.
969 3369 1071 3407 Atque
1092 3367 1164 3398 inde
1192 3373 1196 3401 1

1220 2032 1314 2055 usum
1329 2031 1457 2054 coronae
1467 2047 1475 2062 ,
1490 2023 1544 2062 qui
1561 2022 1749 2053 Prometheo
1763 2023 1865 2053 suerat
1879 2023 2025 2053 ostensus
2035 2046 2043 2061 ,
2058 2022 2162 2053 abillo
2176 2021 2262 2052 haud

1221 2076 1324 2107 multo
1341 2077 1411 2115 post
1434 2075 1473 2106 ad
1488 2075 1566 2106 alios
1588 2075 1682 2106 etiam
1703 2075 1863 2113 homines,
1887 2074 1996 2106 donati
2013 2075 2092 2114 ignis
2107 2074 2260 2106 beneficio

1220 2128 1260 2158 ab
1287 2127 1398 2158 eodem
1425 2127 1574 2165 affectos,
1594 2134 1744 2157 manasse.
1766 2128 1879 2165 ltaque
1902 2125 1998 2157 etiam
2018 2126 2151 2157 Caribus
2166 2126 2261 2158 simili

1221 2180 1367 2211 instituto
1390 2179 1554 2210 mandavit
1574 2178 1670 2216 deus,
1689 2179 1726 2208 ut
1752 2178 1846 2209 vitice
1868 2187 1924 2218 pro
1945 2179 2172 2209 coronamento
2189 2179 2260 2209 ute—

1221 2235 1345 2270 rentur,
1361 2233 1392 2262 et
1409 2230 1512 2270 capita
1534 2239 1589 2261 sua
1613 2230 1708 2260 ramis
1732 2229 1850 2260 eisdem
1873 2230 2124 2269 obstringerent,
2145 2230 2262 2270 quibus

1223 2284 1281 2324 ipsi
1303 2283 1395 2315 deam
1422 2283 1642 2314 revinxissent.
1671 2282 1748 2314 Aliis
1768 2284 1876 2313 autem
1902 2282 2261 2314 omnibuscoronarmn

1221 2336 1386 2375 generibus
1402 2334 1559 2366 abstinere
1578 2343 1631 2365 eos
1650 2334 1759 2373 jussit,
1789 2336 1924 2373 excepta
1951 2334 2070 2365 laurea.
2116 2335 2206 2365 Hanc
2230 2342 2264 2365 se

1222 2389 1325 2428 ipsum
1354 2387 1435 2418 dixit
1454 2387 1527 2418 solis
1554 2387 1601 2417 liis
1627 2387 1681 2427 qui
1701 2386 1768 2418 deae
1788 2387 2003 2418 ministrarent
2031 2389 2185 2427 tanquam
2206 2386 2261 2418 do-

1222 2450 1301 2474 num
1332 2440 1481 2471 tribuere.
1515 2439 1576 2476 Qui
1610 2440 1789 2479 paruissent
1820 2439 1940 2470 oraculi
1975 2448 2146 2479 responso,
2175 2441 2207 2471 et
2230 2439 2262 2471 in

1224 2493 1378 2534 conviviis
1405 2493 1647 2523 convenientem
1676 2501 1802 2532 poenam
1830 2492 1897 2523 (leae
1924 2492 2029 2523 daturi
2060 2493 2182 2531 essent,
2203 2492 2261 2523 hos

1224 2547 1328 2577 salvos
1345 2547 1376 2577 et
1393 2554 1487 2576 noxae
1507 2546 1650 2584 expertes
1665 2545 1743 2576 sore.
1763 2547 1875 2585 ltaque
1888 2547 2002 2583 Caras,
2020 2553 2143 2576 morem
2156 2552 2264 2584 gerere

1222 2598 1366 2628 volentes
1378 2597 1508 2628 oraculo
1519 2621 1527 2635 ,
1541 2596 1664 2627 omissis
1677 2596 1745 2627 aliis
1761 2598 2062 2628 coronamentorum
2079 2596 2262 2636 generibus,

1224 2658 1297 2688 quse
1323 2650 1396 2680 ante
1416 2648 1447 2678 in
1476 2657 1534 2678 usu
1560 2648 1711 2686 fuissent,
1731 2648 1945 2687 vitice,x·ulgo
1973 2656 2083 2679 omnes
2101 2648 2168 2687 uti,
2195 2647 2264 2679 deae

1224 2700 1375 2731 ministris
1399 2699 1619 2739 permittentes
1646 2699 1788 2730 lauream
1819 2701 1941 2739 gestare
1968 2707 2137 2739 coronam,
2172 2698 2264 2738 quus

1223 2751 1365 2792 gestandi
1382 2759 1451 2782 mos
1467 2752 1642 2782 etiamnum
1659 2750 1764 2782 durat.

1269 2806 1315 2837 14.
1336 2816 1350 2831 ιι
1370 2803 1505 2835 Videtur
1530 2805 1637 2834 autem
1660 2803 1879 2835 coronamenti
1904 2811 1945 2834 ex
1970 2802 2066 2834 vitice
2084 2802 2266 2834 meminisse

1223 2856 1424 2895 aliquatenus
1440 2855 1536 2886 etiam
1551 2854 1742 2893 Nicaenetus,
1760 2855 1867 2894 epicus
1879 2855 1989 2894 poeta,
2007 2854 2107 2893 patria
2123 2854 2261 2893 Samius,

1224 2905 1256 2936 in
1285 2905 1590 2944 Epigrammatibus‚
1615 2906 1648 2935 et
1672 2904 1823 2936 affectum
1845 2913 1940 2935 suum
1956 2903 2108 2936 adversus
2129 2904 2264 2944 patriam

1225 2958 1386 2991 historiam
1405 2958 1584 3000 frequenter
1606 2956 1781 2988 declarans.
1805 2956 1904 2995 Cujus
1926 2956 1958 2987 hi
1979 2958 2054 2988 sunt
2076 2965 2186 2989 versus
2212 2970 2221 2989 ι

1259 3053 1261 3055 ’
1296 3054 1369 3081 Nolo
1381 3075 1389 3086 ,
1405 3054 1592 3086 l’hilotliere,
1611 3056 1640 3081 ln
1658 3053 1750 3086 urbe,
1766 3052 1814 3080 secl
1835 3052 1865 3079 in
1883 3059 1957 3087 agro

1330 3099 1443 3135 epulari
1459 3109 1465 3125 ι
1486 3098 1611 3134 Zephyri
1631 3105 1701 3126 aura
1714 3097 1856 3128 delector.

1295 3144 1410 3172 Sul'tieit
1424 3144 1494 3171 mihi
1509 3143 1591 3171 humi
1604 3145 1712 3175 stratus
1725 3143 1778 3171 sub
1794 3142 1934 3170 lateribus
1947 3144 2029 3170 torus
2044 3153 2051 3173 ;

1330 3189 1360 3217 in
1381 3191 1521 3225 promptu
1540 3191 1582 3216 est
1601 3188 1681 3216 enim
1700 3188 1839 3221 indigena
1858 3195 1894 3220 ex
1915 3188 2018 3214 tamari
2040 3187 2150 3221 lectus.

1296 3237 1326 3263 et
1339 3235 1416 3262 vitex
1428 3255 1437 3268 ‚
1452 3234 1583 3269 priscum
1597 3236 1704 3261 Carum
1718 3235 1976 3261 coronamentum.
1996 3235 2034 3260 At
2047 3231 2188 3262 alteratur

1332 3282 1451 3311 vinum.
1469 3283 1499 3308 et
1518 3282 1667 3308 Musarum
1686 3279 1818 3307 amabilis
1836 3279 1899 3313 lyra
1920 3289 1926 3305 :

1297 3328 1354 3355 lseti
1374 3330 1510 3362 potantes
1524 3330 1556 3354 ut
1574 3327 1658 3358 Jovis
1671 3326 1814 3360 inclytam
1828 3334 1964 3362 sponsam

1333 3380 1484 3405 canamus,
1500 3373 1600 3401 insula:
1612 3372 1761 3400 dominam
1776 3375 1893 3403 nostrat.
