2338 3765
169 157 238 189 344

164 239 311 286 egregie
338 238 471 271 meruit
494 235 551 283 (fr
591 236 646 284 3).
671 237 724 270 Ex
750 237 869 270 Ponto
898 238 934 270 in
958 239 1101 271 Ioniam
1135 250 1196 272 re-

165 296 242 330 dux
271 295 485 329 Judaeorum
519 306 663 328 causam
693 306 816 328 coram
839 296 1001 342 Agrippa
1033 295 1198 330 defendit

167 353 229 400 (fr.
249 365 296 399 92
312 351 336 400 ).
357 352 500 386 Deinde
519 364 603 385 cum
620 351 770 386 Herode
785 353 943 387 Romam
957 352 1004 387 ad
1022 353 1197 388 Ca‘sarem

167 410 355 456 profectus
370 416 434 445 est.
454 410 581 444 Paullo
597 416 716 452 antea,
735 421 818 455 rege
831 410 1016 454 hortante,
1030 411 1198 444 historias

163 467 349 501 scribendi
376 474 524 513 ceperat
546 467 752 501 consilium.
776 468 865 501 Mox
887 480 1002 514 quum
1031 468 1198 502 Herodes

165 536 185 558 a
203 525 334 570 Syllaeo
350 524 449 570 apud
467 524 641 558 Caesarem
656 531 844 559 accusatus
861 525 907 559 de
925 525 1035 559 rebus
1053 526 1126 559 suis
1137 537 1197 558 ve-

163 581 355 615 hementer
368 582 654 627 periclitaretur,
672 582 867 628 Nicolaus,
889 583 1021 617 iterum
1040 584 1196 617 Romam

161 639 366 685 profectus,
385 639 563 674 industria
580 652 643 674 sua
661 647 696 674 et
716 640 913 686 prudentia
931 641 1051 675 effecit
1074 648 1111 674 ut
1132 653 1195 674 rex

163 699 198 730 in
221 698 420 731 amicitiam
441 698 595 744 Augusti
621 698 877 732 restitueretur
909 698 990 745 (an.
1024 699 1045 732 ὃ
1072 711 1104 732 a.
1129 699 1193 741 C.;

163 755 208 790 fr.
223 754 303 802 94).
317 756 359 788 In
371 755 513 800 Syriam
528 767 694 789 reversus
704 755 906 799 Herodem,
924 756 969 790 dc
984 755 1195 790 Alexandro

162 818 198 845 ct
209 811 425 846 Aristobulo
437 811 533 855 filiis,
547 825 641 859 quos
652 814 842 859 Antipater
853 813 964 847 frater
973 813 1054 857 conj
1061 814 1196 847 uratio-

162 869 216 902 nis
228 869 702 915 insimulaverat,judicium
727 872 987 915 instituentem,
1002 871 1197 904 admonuit

162 934 203 960 ut
219 927 412 962 moderate
433 940 469 962 se
490 936 653 975 gereret,
672 937 893 975 caveretque
909 941 954 963 ne
978 930 1014 962 in
1032 929 1197 962 immedi-

164 985 282 1020 cabile
296 986 435 1020 malum
450 985 632 1020 incideret
649 985 714 1034 (fr.
732 986 751 1021 5
765 986 789 1033 J,
811 986 921 1032 Quod
938 987 1094 1020 salutare
1112 999 1195 1020 con·

164 1042 285 1076 silium
304 1044 357 1078 ira
374 1045 469 1090 regis
489 1045 659 1090 neglexit.
683 1044 792 1079 Haud
810 1045 926 1078 multo
944 1051 1039 1090 post,
1059 1044 1195 1078 scelere

161 1101 348 1147 Antipatri
368 1101 513 1136 detecto
528 1128 537 1144 ,
557 1102 729 1136 Nicolaus
746 1103 965 1136 accusatoris
979 1108 1099 1148 partes
1115 1113 1194 1135 sus·

164 1158 274 1192 tinuit
296 1158 367 1205 (fr.
401 1157 436 1195 5.
460 1158 546 1205 95).
575 1159 758 1193 Defuncto
790 1159 941 1193 Herode
974 1163 1016 1205 ,4
1040 1171 1072 1194 a.
1106 1159 1192 1208 C.)‚

162 1215 387 1250 Archelaum
400 1243 410 1260 ,
429 1228 539 1262 quem
556 1217 690 1250 iterum
708 1218 915 1262 iterumque
929 1224 1070 1251 mutato
1087 1224 1194 1251 testa-

162 1280 288 1308 mento
307 1275 468 1308 moriens
497 1281 602 1320 pater
632 1274 807 1308 heredem
835 1275 939 1321 regni
967 1275 1193 1319 instituerat,

162 1342 291 1366 contra
316 1332 488 1377 Antipain
509 1339 544 1365 et
563 1331 779 1365 Judaeorum
800 1333 936 1379 legatos
952 1332 1052 1378 apud
1068 1334 1196 1379 Augu-

160 1395 256 1422 stum
269 1389 445 1425 defendit.
458 1390 545 1434 Quae
559 1389 731 1436 deinceps
744 1390 816 1424 fata
830 1389 906 1435 ejus
921 1390 1056 1424 suerint
1071 1417 1078 1433 ,
1095 1390 1195 1424 haud

160 1446 291 1492 liquet.
310 1448 350 1480 In
367 1454 552 1493 postrema
572 1448 843 1493 Excerptorum
865 1455 970 1494 parte
986 1447 1047 1495 (fr.
1071 1446 1112 1495 G)
1132 1449 1196 1482 Ni-

161 1504 286 1538 colaus
320 1504 499 1548 traditur,
530 1506 693 1550 quamvis
725 1518 745 1540 a
778 1505 959 1540 ditissimis
987 1507 1195 1552 potentissi-

159 1562 302 1607 misque
314 1563 489 1596 Romanis
502 1563 609 1596 etiam
623 1569 733 1608 atque
747 1564 854 1597 etiam
868 1572 1062 1609 rogaretur
1076 1571 1115 1598 ut
1130 1564 1195 1598 do-

160 1631 240 1652 mus
257 1631 385 1653 eorum
405 1619 674 1665 frequentaret,
692 1621 859 1654 maluisse
890 1628 1009 1655 tamen
1024 1621 1192 1667 plebeio-

160 1688 244 1710 rum
270 1676 466 1710 hominum
481 1678 653 1712 convictu
668 1678 742 1721 uti,
765 1684 938 1724 totosque
964 1679 1040 1713 dies
1066 1679 1191 1725 philo—

159 1735 297 1780 sophiae
319 1734 446 1769 studiis
474 1735 703 1781 impendere.
724 1736 832 1770 Unde
851 1737 1043 1783 collegeris
1066 1739 1193 1771 Romae

159 1804 281 1826 senem
298 1793 469 1826 ultimum
483 1794 564 1826 vitae
578 1800 721 1839 teinpus
735 1795 906 1840 exegisse.
924 1797 1060 1830 Verum
1079 1808 1193 1841 quum

161 1851 228 1896 (fr.
252 1863 316 1885 101
337 1850 440 1897 init.)
457 1850 503 1885 dc
518 1852 672 1885 Octavio
689 1851 901 1886 studiorum
918 1866 1023 1887 causa
1039 1855 1193 1900 Apollo-

159 1909 258 1942 niam
276 1908 445 1955 profecto
474 1908 573 1942 dicat
602 1921 609 1942 :
637 1906 681 1944 ‘O
713 1906 785 1949 νέος
811 1910 972 1959 Καῖσαρ..
990 1910 1195 1946 ἐνταυθοῖ

161 1964 348 2012 ἐπεδήμει,
374 1967 582 2012 Apolloniae
613 1967 738 2013 potius
764 1967 925 2014 degisse,
957 1975 1055 2003 certe
1075 1970 1194 2004 Vitam

160 2024 316 2070 Augusti
336 2024 520 2069 scripsisse
537 2025 574 2057 in
603 2025 671 2058 hac
691 2025 785 2058 urbe
804 2025 963 2069 videtur,
985 2038 1066 2072 quae
1086 2028 1195 2061 literis

161 2087 248 2115 tunc
269 2081 401 2115 eximie
421 2080 558 2115 florens
574 2094 594 2116 a
614 2083 791 2116 Romanis
807 2095 917 2128 qnam
935 2084 1102 2129 plurimis
1121 2085 1195 2119 fre-

162 2138 422 2184 quentabatur.
446 2138 622 2176 Ceterum
650 2141 678 2174 si
698 2141 788 2174 Vitae
806 2141 1025 2187 scriptorem
1047 2142 1192 2186 audias,

160 2197 271 2231 nullis
286 2204 408 2232 noster
424 2210 500 2231 non
518 2204 667 2232 ornatus
682 2205 760 2232 erat
779 2199 992 2234 virtutibus.
1015 2199 1113 2245 Quas
1132 2212 1194 2235 re-

162 2265 310 2289 censere
326 2255 549 2301 supersedeo
569 2255 623 2306 Γ).

215 2314 367 2360 Scripsit
390 2315 564 2349 Nicolaus
585 2322 621 2350 et
648 2316 796 2361 poetica
822 2323 857 2349 et
882 2317 1140 2363 philosophica
1161 2324 1195 2352 et

161 2370 350 2406 historica.
370 2372 583 2419 Tragoedias
608 2380 641 2407 et
659 2373 860 2408 comoedIas
885 2387 961 2408 non
981 2375 1058 2409 sine
1087 2376 1195 2410 laude

162 2428 208 2462 ab
231 2440 275 2462 eo
297 2430 519 2476 compositas
538 2442 612 2465 esse
638 2431 811 2465 discimus
831 2444 874 2465 ex
893 2433 982 2467 Vitae
1000 2433 1130 2478 fragm.
1157 2434 1192 2470 3.

161 2484 251 2530 Quae
281 2486 430 2530 quidem
454 2486 632 2531 juvenilia
659 2489 854 2523 conamina
883 2489 989 2524 fuisse
1009 2491 1193 2534 videntur,

162 2554 325 2587 quorum
347 2544 484 2578 certior
501 2545 681 2579 memoria
707 2546 856 2581 interiit.
878 2546 970 2582 Nam
992 2548 1095 2593 quod
1119 2550 1195 2582 Eu—

162 2600 315 2634 stathius
345 2600 411 2647 (ad
436 2601 589 2647 Dionys.
618 2603 699 2638 Per.
734 2602 831 2650 976)
864 2603 954 2638 (licit
982 2617 990 2638 ε
1025 2603 1196 2653 Ἀρριανὸς

163 2654 219 2691 διὰ
236 2658 294 2692 τοῦ
309 2657 327 2692 δ
344 2656 450 2693 κλίνει
471 2658 647 2707 Τίγριδος,
666 2658 755 2694 καθὰ
771 2660 827 2695 καὶ
845 2662 862 2696 ὁ
882 2660 1015 2710 γράψας
1028 2661 1066 2697 τὸ
1081 2662 1195 2711 δρᾶμα

163 2715 223 2757 τῆς
249 2713 456 2759 Σωσάννης,
478 2708 601 2762 οἶμαι
627 2717 645 2751 ὃ
671 2717 982 2762 Δαμασκηνός,
1004 2719 1042 2753 id
1062 2720 1108 2754 ad
1129 2733 1196 2754 nos

162 2773 223 2806 vix
238 2774 411 2818 pertinet.
428 2774 659 2820 Quamquam
677 2776 822 2809 Nicolai
832 2777 1044 2811 Damasceni
1061 2784 1195 2824 tragoe-

164 2829 262 2864 diam
281 2832 402 2866 notari
424 2838 603 2877 putarunt
629 2833 809 2873 Valesius,
836 2835 1000 2877 vossius,
1021 2835 1193 2879 chinus,

163 2888 339 2931 Orethus,
360 2889 438 2930 alii3
469 2890 604 2924 rectius
619 2898 740 2924 tamen
757 2892 888 2937 procul
911 2891 1027 2926 dubio
1046 2892 1195 2928 Holste-

164 2945 245 2979 nius
278 2952 313 2979 et
338 2946 597 2992 Bernhardyus
625 2948 672 2981 ad
692 2949 844 2994 Dionys.
875 2950 899 2983 l.
930 2950 954 2985 l.
987 2950 1195 2985 johannem

163 3003 429 3038 Danmsccnmn
444 3031 452 3046 ,
473 3004 696 3049 hymnorum
716 3007 1045 3041 ecclesiasticorum
1067 3016 1197 3042 aucto-

165 3072 258 3103 rem,
278 3061 431 3108 intelligi
444 3060 640 3106 jusserunt.
655 3064 708 3096 Ex
724 3064 906 3099 comoedia
920 3065 1061 3099 Nicolai
1074 3079 1197 3101 versus

207 3196 246 3233 (Ἴ
264 3196 312 3226 Cf.
329 3195 422 3226 etiam
437 3197 552 3227 Julian.
572 3197 602 3227 in
620 3198 715 3236 Epist.
729 3198 768 3228 ad
783 3198 934 3230 Thr-mist.
951 3209 981 3238 p.
1000 3203 1059 3231 480
1078 3211 1083 3230 :
1101 3202 1194 3232 Νικό-

165 3243 235 3276 ἰαος
249 3242 279 3271 δὲ
294 3242 428 3280 πράξεων
449 3244 501 3281 μὲν
519 3242 570 3273 οὖν
589 3245 728 3282 μεγαλών
755 3245 917 3284 &amoma
935 3246 988 3282 ἢν·
1008 3248 1155 3286 γν(ι’1ῑ,ιμο;
1170 3249 1194 3278 δ’

166 3298 228 3318 εστι
247 3288 357 3325 μᾶλλον
375 3289 422 3318 διὰ
443 3290 509 3324 τοὺς
529 3290 602 3328 ὑπὲρ
621 3290 718 3320 αὐτῶν
736 3291 850 3328 λό’μινς,

973 149 1173 187 NICOLAI
1203 150 1491 188 DAMASCENI

1260 238 1504 284 quadraginta
1526 243 1704 282 quattuor
1725 236 1831 271 affert
1847 237 2013 273 Stobaeus
2027 239 2066 273 iu
2085 240 2287 288 Florilegio

1261 296 1381 340 (xlv,
1405 307 1422 338 7
1461 321 1470 336 ,
1497 306 1590 339 quos
1613 293 1766 327 Nicolao
1798 295 2025 329 Damasceno
2052 296 2287 331 vindicarunt

1258 353 1459 394 Fabricius,
1472 351 1640 397 Orellius,
1652 351 1828 397 Corayus,
1840 353 1914 389 alii.
1930 354 2067 387 Verum
2081 354 2175 388 lianc
2190 367 2286 401 quo-

1260 422 1332 455 que
1346 409 1558 443 sententiam
1571 419 1701 454 parum
1712 408 1946 454 probabilem
1960 422 2031 446 esse
2043 419 2163 446 censet
2172 412 2289 456 judex

1258 467 1388 501 harum
1417 479 1541 501 rerum
1563 467 1821 513 peritissimus,
1851 468 2051 503 Meinekius
2078 469 2116 502 in
2146 470 2284 505 Histor.

1258 525 1339 560 crit.
1363 525 1593 558 comicorum
1609 536 1648 570 p.
1671 524 1760 571 495.
1788 540 1803 557 α
1827 526 1954 560 Totius
1972 527 2069 560 enim
2087 528 2285 572 orationis,

1258 583 1327 624 ait,
1348 588 1384 615 et
1399 583 1607 629 argumenti
1627 583 1655 616 is
1671 584 1775 617 color
1795 590 1860 626 est,
1878 590 1919 617 ut
1936 595 2014 618 non
2039 583 2288 621 dubitandum

1257 639 1439 682 videatur,
1459 641 1551 686 quin
1573 640 1670 674 illius
1698 640 1893 688 fragmenti
1922 648 2053 675 auctor
2081 642 2137 676 vel
2157 642 2287 677 niediae

1257 698 1313 730 vel
1332 709 1439 730 novae
1458 697 1649 731 comoediae
1666 705 1778 744 poeta
1796 698 1920 734 fuerit.
1945 699 2074 744 Neque
2100 698 2139 732 id
2155 698 2287 745 fugisse

1256 754 1402 789 videtur
1418 755 1702 790 Valckenarium
1714 783 1723 799 ,
1744 757 1808 802 qui
1829 768 1944 802 quum
1960 756 2154 791 Nicolaum
2170 759 2285 791 comi-

1257 826 1341 847 cum
1366 825 1548 858 nusquam
1568 819 1745 859 praeterea
1764 820 2011 848 memoratum
2034 814 2200 861 vidisset,
2221 816 2287 850 Ni-

1257 871 1405 904 costrati
1437 882 1577 904 nomen
1604 870 1804 907 substituit.
1838 873 1890 905 Ac
1924 870 2043 905 fateor
2075 884 2134 906 me
2166 873 2286 918 ipsum

1256 927 1456 973 aliquando
1497 928 1640 962 Nicolai
1678 939 1817 962 nomen
1853 935 2061 974 suspectum
2099 928 2285 974 habuisse,

1256 984 1406 1030 ejusque
1420 985 1458 1018 in
1468 985 1593 1019 locum
1604 985 1870 1020 Nicomachum
1881 986 2175 1020 substituendum
2193 1000 2285 1021 con-

1252 1040 1403 1086 jecisse3
1426 1055 1537 1088 quam
1555 1042 1706 1088 quidem
1726 1043 1942 1089 opinionem
1958 1055 2035 1076 non
2047 1043 2290 1079 mediocriter

1255 1100 1345 1133 mihi
1375 1101 1525 1147 insignis
1548 1100 1716 1146 quaedam
1745 1101 1923 1135 orationis
1951 1101 2173 1144 similitudo,
2206 1114 2288 1148 quae

1255 1157 1309 1190 illi
1343 1158 1444 1204 apud
1480 1158 1667 1192 Stobaeum
1700 1158 1909 1205 fragmento
1950 1170 2034 1193 eum
2072 1159 2287 1194 Nicomachi

1256 1215 1383 1262 ecloga
1397 1215 1497 1262 apud
1514 1216 1731 1250 Athenaeum
1751 1217 1813 1259 VI,
1838 1228 1876 1262 p.
1897 1228 1987 1262 290,
2008 1217 2048 1259 E,
2066 1224 2205 1252 servata
2228 1218 2288 1251 in—

1255 1271 1427 1314 tercedit,
1453 1271 1673 1307 confirmare
1693 1273 1906 1309 videbatur.
1926 1273 1999 1308 Sed
2017 1273 2288 1309 dubitationem

1257 1328 1382 1374 injecit
1408 1330 1560 1364 Photius
1579 1330 1672 1366 Bibl.
1695 1329 1779 1365 cod.
1806 1330 1874 1374 167
1896 1342 1935 1376 p.
1963 1329 2052 1375 115,
2075 1331 2114 1364 in
2135 1343 2288 1366 recensu

1255 1393 1451 1432 poetarum
1464 1414 1473 1430 ‚
1497 1387 1633 1434 quibus
1650 1387 1815 1422 Stobaeus
1831 1388 1869 1421 in
1887 1388 2146 1423 concinnando
2166 1390 2291 1424 Flori-

1256 1443 1352 1490 legio
1372 1456 1458 1479 usus
1472 1452 1545 1488 est,
1563 1445 1698 1480 diserte
1713 1446 1907 1480 Nicolaum
1923 1458 2143 1481 memorans.
2159 1448 2290 1493 Itaque

1254 1501 1428 1535 Nicolaus
1439 1501 1604 1536 obtineat
1612 1514 1719 1536 suum
1730 1502 1999 1538 intercomicos
2012 1504 2286 1549 poetaslocum‚

1256 1557 1376 1592 donec
1391 1559 1623 1605 gravioribus
1636 1561 1861 1607 argumentis
1876 1560 1921 1595 de
1932 1561 2154 1607 possessione
2167 1560 2288 1608 depel-

1257 1616 1365 1653 latur,
1389 1632 1402 1647 υ

1307 1673 1419 1719 Quod
1442 1673 1702 1721 philosophica
1725 1675 1875 1719 attinet,
1894 1675 2037 1709 Nicolai
2062 1673 2148 1723 Περὶ
2167 1676 2233 1710 τῶν
2252 1675 2286 1710 ἐν

1257 1735 1324 1772 τοῖς
1341 1736 1541 1780 πρακτικοῖς
1554 1732 1668 1768 καλῶν
1684 1730 1922 1782 πραγματείαν
1940 1733 2067 1767 laudat
2080 1734 2290 1779 Simplicius

1255 1790 1301 1824 ad
1317 1791 1473 1836 Epictet.
1492 1804 1524 1825 c.
1544 1790 1655 1838 37‚p.
1675 1796 1742 1837 194
1765 1791 1825 1826 ed.
1839 1791 1968 1826 Didot.
1984 1791 2118 1826 Libros
2135 1793 2188 1826 De
2204 1793 2287 1838 phi-

1255 1848 1423 1894 losophia
1436 1849 1653 1893 Aristotelis,
1668 1850 1722 1883 De
1737 1849 1820 1893 diis,
1837 1851 1891 1883 De
1908 1849 2287 1896 philosophiaprima,

1256 1906 1498 1952 paraphrasin
1525 1907 1564 1940 in
1581 1907 1787 1941 Aristotelis
1811 1907 2078 1953 Metaphysica‚
2107 1908 2145 1941 in
2171 1908 2289 1942 libros

1258 1964 1309 1997 De
1329 1964 1423 1998 coelo
1448 1972 1483 1999 et
1501 1966 1556 1999 De
1576 1965 1695 2012 anima
1712 1964 1811 1999 idem
1828 1973 2010 1999 memorat
2028 1966 2236 2012 Simplicius
2251 1967 2290 2000 in

1256 2021 1407 2057 Aristot.
1427 2034 1467 2068 p.
1487 2022 1523 2065 6,
1541 2018 1594 2066 6¹²,
1617 2020 1664 2064 1²³,
1687 2021 1750 2069 32,
1776 2035 1823 2070 97
1840 2030 1908 2058 etc.
1928 2024 2027 2057 Inter
2043 2035 2106 2057 eos
2122 2024 2186 2069 qui
2204 2025 2282 2070 Epi-

1256 2080 1335 2112 curi
1356 2079 1565 2114 doctrinam
1585 2081 1857 2127 impugnarint,
1884 2082 2057 2117 Nicolaus
2078 2089 2290 2116 recensetur

1256 2137 1356 2183 apud
1390 2139 1595 2185 Diogenem
1630 2140 1674 2173 L.
1707 2140 1766 2185 X,
1802 2143 1837 2180 4.
1872 2139 1956 2174 vid.
1994 2140 2175 2174 Patricius
2202 2141 2289 2175 Dis-

1256 2207 1347 2230 cuss.
1380 2196 1575 2242 Peripatet.
1603 2196 1669 2230 lib.
1688 2197 1744 2239 X,
1769 2209 1807 2243 p.
1840 2197 1930 2241 1363
1953 2198 2141 2232 Fabricius
2159 2199 2198 2231 B.
2220 2198 2286 2232 Gr.

1257 2253 1324 2295 IX,
1340 2265 1377 2298 p.
1397 2253 1470 2287 683
1487 2254 1606 2297 Harl.;
1622 2254 1729 2288 Buhl.
1749 2254 1796 2288 ad
1811 2255 1961 2292 Aristot.
1981 2262 2070 2290 tom.
2086 2256 2116 2297 I,
2135 2267 2173 2301 p.
2193 2254 2287 2297 308;

1256 2311 1406 2357 Roeper.
1436 2312 1581 2346 Nicolai
1609 2313 1716 2346 Dam.
1748 2311 1795 2346 de
1823 2313 2030 2347 Aristotelis
2053 2313 2288 2359 philosophia

1257 2368 1418 2414 reliquiae
1440 2369 1477 2403 in
1495 2369 1737 2403 Lectionibus
1755 2369 2087 2417 Abulpharagianis
2105 2369 2279 2416 (Danzig,

1262 2424 1373 2468 1844,
1403 2427 1443 2471 4)
1464 2438 1501 2472 p.
1527 2424 1666 2468 35-43.
1686 2427 1804 2471 Quem
1832 2426 1968 2460 librum
1998 2427 2179 2473 inspicere
2212 2441 2289 2462 non

1257 2482 1403 2517 licebat.
1427 2482 1608 2517 Praeterea
1632 2483 1746 2517 libros
1766 2482 1859 2517 duos
1886 2484 1943 2517 De
1956 2485 2119 2529 plateas,
2141 2485 2202 2530 qui
2221 2485 2288 2519 sub

1257 2539 1460 2573 Aristotelis
1487 2540 1638 2574 nomine
1670 2540 2000 2587 circumferuntur,
2030 2542 2184 2576 Nicolao
2211 2543 2285 2576 Da-

1257 2607 1425 2630 masceno
1455 2597 1700 2632 vindicandos
1730 2610 1803 2632 esse
1837 2599 2000 2646 putavit,
2039 2600 2105 2633 sub
2138 2599 2289 2646 ejusque

1257 2654 1406 2688 nomine
1427 2654 1543 2688 edidit
1561 2653 1602 2689 C.
1622 2656 1791 2701 Meyerus
1815 2655 1936 2703 (Lips.
1960 2656 2053 2698 1841
2071 2654 2096 2705 ).

1309 2711 1492 2746 Ilistoriea
1513 2724 1626 2759 opera
1646 2715 1817 2748 novimus
1837 2720 2013 2759 quattuor
2030 2725 2038 2750 ε

1313 2780 1335 2805 1.
1366 2766 1584 2819 Ἵστορίαι
1617 2768 1790 2820 (Ἱστορία
1822 2770 1988 2816 καθολική
2025 2771 2156 2821 Suid.)
2193 2769 2286 2820 βιὸλ.

1259 2824 1349 2874 ρμδ’,

1310 2896 1337 2920 2.
1360 2882 1458 2925 Βίος
1483 2886 1718 2935 Καίσαρος.

1310 2953 1340 2978 3.
1376 2941 1569 2991 ΙΙερὶτοῧ
1592 2943 1706 2979 ἰδίου
1726 2942 1827 2993 βίου.

1309 3010 1337 3035 4.
1369 2998 1637 3048 Παραδόξων
1656 3001 1757 3036 ἐθῶν
1779 2999 2024 3048 συναγωγή.

1309 3057 1339 3092 Ι.
1369 3058 1571 3094 Ilisroniffl.
1596 3060 1638 3093 In
1665 3060 1745 3094 Vita
1774 3060 1916 3094 Nicolai
1954 3059 2021 3105 (fr.
2055 3059 2097 3105 4)
2119 3059 2288 3095 Herodes

1258 3114 1394 3148 dicitur
1419 3122 1502 3160 post
1528 3116 1596 3150 alia
1625 3117 1744 3151 studia
1773 3123 1925 3163 repente
1957 3117 2117 3151 historiae
2146 3129 2284 3164 cogno-

1257 3171 1399 3205 scendae
1422 3184 1548 3206 amore
1567 3181 1781 3219 correptum
1801 3185 1897 3219 esse,
1917 3172 2158 3214 ἐπαινέσαντος
2179 3174 2287 3210 Νικο-

1257 3227 1340 3263 Mon
1369 3227 1407 3263 τὸ
1433 3234 1578 3278 πρᾶγμα
1610 3228 1669 3264 καὶ
1700 3228 1965 3265 πολιτικώτατον
1997 3222 2081 3265 εἶναι
2110 3229 2283 3278 λέγοντος,

1258 3284 1428 3333 χρήσιμον
1451 3284 1484 3321 δὲ
1511 3286 1567 3322 καὶ
1595 3288 1747 3336 βασιλεῖ,
1769 3289 1812 3328 ὡς
1842 3286 1882 3323 τὰ
1912 3289 1978 3323 τῶν
2003 3287 2174 3338 προτέρων
2203 3285 2282 3337 ἔργα
