<?xml version="1.0" encoding="UTF-8"?>
<!DOCTYPE html PUBLIC "-//W3C//DTD XHTML 1.0 Transitional//EN"
    "http://www.w3.org/TR/xhtml1/DTD/xhtml1-transitional.dtd">
<html xmlns="http://www.w3.org/1999/xhtml" xml:lang="en" lang="en">
 <head>
  <title>
</title>
<meta http-equiv="Content-Type" content="text/html;charset=utf-8" />
  <meta name='ocr-system' content='tesseract 3.04.00' />
  <meta name='ocr-capabilities' content='ocr_page ocr_carea ocr_par ocr_line ocrx_word'/>
</head>
<body>
  <div class='ocr_page' id='page_1' title='image "./fragmentahistori03mueluoft_0650.png"; bbox 0 0 2338 3765; ppageno 0'>
   <div class='ocr_carea' id='block_1_1' title="bbox 153 200 226 232">
    <p class='ocr_par' dir='ltr' id='par_1_1' title="bbox 153 200 226 232">
     <span class='ocr_line' id='line_1_1' title="bbox 153 200 226 232; baseline 0 -1"><span class='ocrx_word' id='word_1_1' title='bbox 153 200 226 232; x_wconf 72' lang='lat'>(340</span> 
     </span>
    </p>
   </div>
   <div class='ocr_carea' id='block_1_2' title="bbox 151 268 1175 321">
    <p class='ocr_par' dir='ltr' id='par_1_2' title="bbox 151 268 1175 321">
     <span class='ocr_line' id='line_1_2' title="bbox 151 268 1175 321; baseline -0.013 -6"><span class='ocrx_word' id='word_1_2' title='bbox 151 282 218 321; x_wconf 70' lang='grc' dir='ltr'>λοῒς</span> <span class='ocrx_word' id='word_1_3' title='bbox 235 277 390 317; x_wconf 68' lang='grc' dir='ltr'>πλοίοιςς</span> <span class='ocrx_word' id='word_1_4' title='bbox 380 274 511 310; x_wconf 77' lang='grc' dir='ltr'>εἰσ-πλε</span> <span class='ocrx_word' id='word_1_5' title='bbox 484 275 578 308; x_wconf 79' lang='grc' dir='ltr'>υσαι</span> <span class='ocrx_word' id='word_1_6' title='bbox 599 286 653 307; x_wconf 82' lang='grc' dir='ltr'>τον</span> <span class='ocrx_word' id='word_1_7' title='bbox 677 269 743 312; x_wconf 60' lang='lat' dir='ltr'>EC}</span> <span class='ocrx_word' id='word_1_8' title='bbox 748 284 847 306; x_wconf 86' lang='grc' dir='ltr'>εινον.</span> <span class='ocrx_word' id='word_1_9' title='bbox 870 268 938 306; x_wconf 71' lang='grc' dir='ltr'>Καί</span> <span class='ocrx_word' id='word_1_10' title='bbox 960 283 1049 308; x_wconf 75' lang='grc' dir='ltr'>τινας</span> <span class='ocrx_word' id='word_1_11' title='bbox 1066 268 1175 303; x_wconf 73' lang='grc' dir='ltr'>αὐτῶν</span> 
     </span>
    </p>
   </div>
   <div class='ocr_carea' id='block_1_3' title="bbox 151 328 1180 672">
    <p class='ocr_par' dir='ltr' id='par_1_3' title="bbox 151 328 1180 672">
     <span class='ocr_line' id='line_1_3' title="bbox 153 328 1175 378; baseline -0.013 -6"><span class='ocrx_word' id='word_1_12' title='bbox 153 334 458 377; x_wconf 72' lang='grc' dir='ltr'>ἀποπ)αν··ν,07,ναι,</span> <span class='ocrx_word' id='word_1_13' title='bbox 491 328 548 365; x_wconf 79' lang='grc' dir='ltr'>καὶ</span> <span class='ocrx_word' id='word_1_14' title='bbox 570 343 602 364; x_wconf 86' lang='grc' dir='ltr'>εν</span> <span class='ocrx_word' id='word_1_15' title='bbox 626 332 688 378; x_wconf 72' lang='grc' dir='ltr'>μιᾶ,</span> <span class='ocrx_word' id='word_1_16' title='bbox 708 341 774 362; x_wconf 77' lang='grc' dir='ltr'>των</span> <span class='ocrx_word' id='word_1_17' title='bbox 794 340 882 371; x_wconf 76' lang='grc' dir='ltr'>νηυν</span> <span class='ocrx_word' id='word_1_18' title='bbox 912 328 996 361; x_wconf 81' lang='grc' dir='ltr'>εἰναι</span> <span class='ocrx_word' id='word_1_19' title='bbox 1018 339 1093 366; x_wconf 83' lang='grc' dir='ltr'>τους</span> <span class='ocrx_word' id='word_1_20' title='bbox 1110 339 1175 359; x_wconf 76' lang='grc' dir='ltr'>των</span> 
     </span>
     <span class='ocr_line' id='line_1_4' title="bbox 151 381 1176 440; baseline -0.013 -10.883"><span class='ocrx_word' id='word_1_21' title='bbox 151 391 369 440; x_wconf 76' lang='grc' dir='ltr'>Ιυνδαριδων</span> <span class='ocrx_word' id='word_1_22' title='bbox 399 387 555 436; x_wconf 59' lang='grc' dir='ltr'>ἡνιόχους</span> <span class='ocrx_word' id='word_1_23' title='bbox 567 414 576 431; x_wconf 84' lang='lat'>‚</span> <span class='ocrx_word' id='word_1_24' title='bbox 597 385 671 430; x_wconf 80' lang='grc' dir='ltr'>ἦτοι</span> <span class='ocrx_word' id='word_1_25' title='bbox 689 399 763 425; x_wconf 91' lang='grc' dir='ltr'>τους</span> <span class='ocrx_word' id='word_1_26' title='bbox 781 399 847 419; x_wconf 79' lang='grc' dir='ltr'>των</span> <span class='ocrx_word' id='word_1_27' title='bbox 865 381 1095 432; x_wconf 73' lang='grc' dir='ltr'>Διοσκούρων,</span> <span class='ocrx_word' id='word_1_28' title='bbox 1118 382 1176 431; x_wconf 59' lang='grc' dir='ltr'>ἀφ’</span> 
     </span>
     <span class='ocr_line' id='line_1_5' title="bbox 151 438 1176 492; baseline -0.012 -7"><span class='ocrx_word' id='word_1_29' title='bbox 151 453 197 485; x_wconf 67' lang='lat' dir='ltr'><em>‹‘·›o</em></span> <span class='ocrx_word' id='word_1_30' title='bbox 217 449 258 485; x_wconf 87' lang='grc' dir='ltr'>κλ</span> <span class='ocrx_word' id='word_1_31' title='bbox 260 449 382 492; x_wconf 70' lang='grc' dir='ltr'>’[,Οῆναι</span> <span class='ocrx_word' id='word_1_32' title='bbox 402 444 444 481; x_wconf 84' lang='grc' dir='ltr'>τὰ</span> <span class='ocrx_word' id='word_1_33' title='bbox 467 444 544 488; x_wconf 75' lang='grc' dir='ltr'>ἔΟν-ν,</span> <span class='ocrx_word' id='word_1_34' title='bbox 569 457 644 483; x_wconf 84' lang='grc' dir='ltr'>τους</span> <span class='ocrx_word' id='word_1_35' title='bbox 665 440 843 490; x_wconf 71' lang='grc' dir='ltr'>ΙΙνιόχους</span> <span class='ocrx_word' id='word_1_36' title='bbox 862 455 919 476; x_wconf 87' lang='grc' dir='ltr'>και</span> <span class='ocrx_word' id='word_1_37' title='bbox 945 453 1021 480; x_wconf 83' lang='grc' dir='ltr'>τους</span> <span class='ocrx_word' id='word_1_38' title='bbox 1041 438 1176 476; x_wconf 79' lang='grc' dir='ltr'>Ἰυνδα-</span> 
     </span>
     <span class='ocr_line' id='line_1_6' title="bbox 155 495 1178 557; baseline -0.011 -15"><span class='ocrx_word' id='word_1_39' title='bbox 155 507 262 557; x_wconf 73' lang='grc' dir='ltr'>ρίδας·</span> <span class='ocrx_word' id='word_1_40' title='bbox 283 503 338 540; x_wconf 80' lang='grc' dir='ltr'>ναὶ</span> <span class='ocrx_word' id='word_1_41' title='bbox 364 502 431 552; x_wconf 78' lang='grc' dir='ltr'>μὴν</span> <span class='ocrx_word' id='word_1_42' title='bbox 453 501 511 539; x_wconf 80' lang='grc' dir='ltr'>καὶ</span> <span class='ocrx_word' id='word_1_43' title='bbox 538 500 600 546; x_wconf 75' lang='grc' dir='ltr'>τὴν</span> <span class='ocrx_word' id='word_1_44' title='bbox 628 497 854 550; x_wconf 78' lang='grc' dir='ltr'>Διοσκουρίδα</span> <span class='ocrx_word' id='word_1_45' title='bbox 875 495 1009 548; x_wconf 76' lang='grc' dir='ltr'>χώραν,</span> <span class='ocrx_word' id='word_1_46' title='bbox 1038 496 1094 532; x_wconf 78' lang='grc' dir='ltr'>τὸν</span> <span class='ocrx_word' id='word_1_47' title='bbox 1119 498 1178 532; x_wconf 77' lang='grc' dir='ltr'>τοῦ</span> 
     </span>
     <span class='ocr_line' id='line_1_7' title="bbox 153 555 1178 611; baseline -0.011 -11"><span class='ocrx_word' id='word_1_48' title='bbox 153 562 310 606; x_wconf 79' lang='grc' dir='ltr'>Εὐξείνου</span> <span class='ocrx_word' id='word_1_49' title='bbox 327 576 448 611; x_wconf 67' lang='grc' dir='ltr'>μυχον,</span> <span class='ocrx_word' id='word_1_50' title='bbox 468 559 571 608; x_wconf 75' lang='grc' dir='ltr'>ἤγουν</span> <span class='ocrx_word' id='word_1_51' title='bbox 592 557 648 594; x_wconf 82' lang='grc' dir='ltr'>τὸν</span> <span class='ocrx_word' id='word_1_52' title='bbox 680 556 824 607; x_wconf 77' lang='grc' dir='ltr'>ἔσγατον</span> <span class='ocrx_word' id='word_1_53' title='bbox 851 570 934 606; x_wconf 87' lang='grc' dir='ltr'>προς</span> <span class='ocrx_word' id='word_1_54' title='bbox 951 557 994 604; x_wconf 70' lang='grc' dir='ltr'>τῇ</span> <span class='ocrx_word' id='word_1_55' title='bbox 1021 555 1178 603; x_wconf 63' lang='grc' dir='ltr'>Κολχικῇ</span> 
     </span>
     <span class='ocr_line' id='line_1_8' title="bbox 154 614 1180 672; baseline -0.013 -13.872"><span class='ocrx_word' id='word_1_56' title='bbox 154 622 388 672; x_wconf 72' lang='grc' dir='ltr'>Ἰραπεζοῧντι</span> <span class='ocrx_word' id='word_1_57' title='bbox 418 618 540 654; x_wconf 71' lang='grc' dir='ltr'>πλοῦν.</span> <span class='ocrx_word' id='word_1_58' title='bbox 572 617 625 652; x_wconf 83' lang='lat' dir='ltr'>Cf.</span> <span class='ocrx_word' id='word_1_59' title='bbox 658 616 791 651; x_wconf 88' lang='lat' dir='ltr'>Strabo</span> <span class='ocrx_word' id='word_1_60' title='bbox 817 616 890 660; x_wconf 77' lang='lat' dir='ltr'>XI,</span> <span class='ocrx_word' id='word_1_61' title='bbox 916 626 955 661; x_wconf 85' lang='lat' dir='ltr'>p.</span> <span class='ocrx_word' id='word_1_62' title='bbox 991 614 1083 661; x_wconf 63' lang='lat'>4963</span> <span class='ocrx_word' id='word_1_63' title='bbox 1116 614 1180 646; x_wconf 86' lang='lat' dir='ltr'>lu-</span> 
     </span>
    </p>
   </div>
   <div class='ocr_carea' id='block_1_4' title="bbox 154 673 746 789">
    <p class='ocr_par' dir='ltr' id='par_1_4' title="bbox 154 673 746 789">
     <span class='ocr_line' id='line_1_9' title="bbox 154 673 746 720; baseline -0.014 -4"><span class='ocrx_word' id='word_1_64' title='bbox 154 682 236 715; x_wconf 79' lang='lat' dir='ltr'>stin.</span> <span class='ocrx_word' id='word_1_65' title='bbox 256 679 382 720; x_wconf 84' lang='lat' dir='ltr'>XLII,</span> <span class='ocrx_word' id='word_1_66' title='bbox 405 677 448 720; x_wconf 80' lang='lat'>33</span> <span class='ocrx_word' id='word_1_67' title='bbox 470 676 609 711; x_wconf 80' lang='lat' dir='ltr'>Plinius</span> <span class='ocrx_word' id='word_1_68' title='bbox 624 676 671 710; x_wconf 93' lang='lat' dir='ltr'>VI</span> <span class='ocrx_word' id='word_1_69' title='bbox 684 701 693 718; x_wconf 90' lang='lat'>‚</span> <span class='ocrx_word' id='word_1_70' title='bbox 712 673 746 708; x_wconf 88' lang='lat'>5.</span> 
     </span>
     <span class='ocr_line' id='line_1_10' title="bbox 641 754 696 789; baseline 0 0"><span class='ocrx_word' id='word_1_71' title='bbox 641 754 696 789; x_wconf 86' lang='lat'>16.</span> 
     </span>
    </p>
   </div>
   <div class='ocr_carea' id='block_1_5' title="bbox 156 837 1183 1024">
    <p class='ocr_par' dir='ltr' id='par_1_5' title="bbox 156 837 1183 1012">
     <span class='ocr_line' id='line_1_11' title="bbox 207 837 1183 907; baseline -0.012 -26"><span class='ocrx_word' id='word_1_72' title='bbox 207 845 328 881; x_wconf 88' lang='lat' dir='ltr'>Sehol.</span> <span class='ocrx_word' id='word_1_73' title='bbox 350 843 397 878; x_wconf 87' lang='lat' dir='ltr'>ad</span> <span class='ocrx_word' id='word_1_74' title='bbox 410 843 562 889; x_wconf 64' lang='lat' dir='ltr'>Dionys</span> <span class='ocrx_word' id='word_1_75' title='bbox 581 840 663 876; x_wconf 84' lang='lat' dir='ltr'>Per&#39;</span> <span class='ocrx_word' id='word_1_76' title='bbox 657 852 726 887; x_wconf 73' lang='lat' dir='ltr'>leg</span> <span class='ocrx_word' id='word_1_77' title='bbox 747 839 788 874; x_wconf 75' lang='grc' dir='ltr'>δ’</span> <span class='ocrx_word' id='word_1_78' title='bbox 775 858 815 907; x_wconf 66' lang='grc' dir='ltr'>ι,</span> <span class='ocrx_word' id='word_1_79' title='bbox 830 838 876 873; x_wconf 89' lang='lat' dir='ltr'>de</span> <span class='ocrx_word' id='word_1_80' title='bbox 897 837 1078 873; x_wconf 91' lang='lat' dir='ltr'>columnis</span> <span class='ocrx_word' id='word_1_81' title='bbox 1095 837 1183 870; x_wconf 89' lang='lat' dir='ltr'>Her-</span> 
     </span>
     <span class='ocr_line' id='line_1_12' title="bbox 156 905 267 939; baseline -0.011 0"><span class='ocrx_word' id='word_1_82' title='bbox 156 905 267 939; x_wconf 84' lang='lat' dir='ltr'>culis:</span> 
     </span>
     <span class='ocr_line' id='line_1_13' title="bbox 158 949 1183 1024; baseline -0.013 -26"><span class='ocrx_word' id='word_1_83' title='bbox 158 976 232 1012; x_wconf 84' lang='grc' dir='ltr'>ρους</span> <span class='ocrx_word' id='word_1_84' title='bbox 253 959 400 1003; x_wconf 71' lang='grc' dir='ltr'>Κάὶπη,</span> <span class='ocrx_word' id='word_1_85' title='bbox 420 955 508 993; x_wconf 77' lang='grc' dir='ltr'>κατὰ</span> <span class='ocrx_word' id='word_1_86' title='bbox 529 954 564 992; x_wconf 77' lang='grc' dir='ltr'>δὲ</span> <span class='ocrx_word' id='word_1_87' title='bbox 579 954 626 991; x_wconf 73' lang='grc' dir='ltr'>Ἥ</span> <span class='ocrx_word' id='word_1_88' title='bbox 629 955 754 999; x_wconf 80' lang='grc' dir='ltr'>λληνας</span> <span class='ocrx_word' id='word_1_89' title='bbox 772 951 914 1023; x_wconf 55' lang='grc' dir='ltr'><em>ἈΜΕ-π,-</em></span> <span class='ocrx_word' id='word_1_90' title='bbox 935 954 976 1021; x_wconf 59' lang='grc' dir='ltr'>τῇ</span> <span class='ocrx_word' id='word_1_91' title='bbox 995 951 1029 988; x_wconf 77' lang='grc' dir='ltr'>δὲ</span> <span class='ocrx_word' id='word_1_92' title='bbox 1048 949 1183 1024; x_wconf 59' lang='grc' dir='ltr'>Λιουκῇ</span> 
     </span>
    </p>
   </div>
   <div class='ocr_carea' id='block_1_6' title="bbox 290 891 1184 948">
    <p class='ocr_par' dir='ltr' id='par_1_6' title="bbox 290 891 1184 948">
     <span class='ocr_line' id='line_1_14' title="bbox 290 891 1184 948; baseline -0.011 -10.795"><span class='ocrx_word' id='word_1_93' title='bbox 290 899 468 948; x_wconf 87' lang='grc' dir='ltr'>Ὄνομα</span> <span class='ocrx_word' id='word_1_94' title='bbox 451 898 485 935; x_wconf 80' lang='grc' dir='ltr'>οὲ</span> <span class='ocrx_word' id='word_1_95' title='bbox 501 914 542 948; x_wconf 85' lang='grc' dir='ltr'>τῃ</span> <span class='ocrx_word' id='word_1_96' title='bbox 563 897 604 946; x_wconf 77' lang='grc' dir='ltr'>μὲ</span> <span class='ocrx_word' id='word_1_97' title='bbox 608 914 623 933; x_wconf 94' lang='grc' dir='ltr'>ν</span> <span class='ocrx_word' id='word_1_98' title='bbox 650 898 693 934; x_wconf 74' lang='grc' dir='ltr'>Ιί’</span> <span class='ocrx_word' id='word_1_99' title='bbox 681 895 838 946; x_wconf 76' lang='grc' dir='ltr'>υρωπαία</span> <span class='ocrx_word' id='word_1_100' title='bbox 855 893 945 931; x_wconf 71' lang='grc' dir='ltr'>κατὰ</span> <span class='ocrx_word' id='word_1_101' title='bbox 967 892 1008 942; x_wconf 78' lang='grc' dir='ltr'>μὲ</span> <span class='ocrx_word' id='word_1_102' title='bbox 1012 909 1026 929; x_wconf 92' lang='grc' dir='ltr'>ν</span> <span class='ocrx_word' id='word_1_103' title='bbox 1052 891 1184 943; x_wconf 61' lang='grc' dir='ltr'>βαρὲά-</span> 
     </span>
    </p>
   </div>
   <div class='ocr_carea' id='block_1_7' title="bbox 157 1007 1196 1918">
    <p class='ocr_par' dir='ltr' id='par_1_7' title="bbox 157 1007 1186 1355">
     <span class='ocr_line' id='line_1_15' title="bbox 157 1007 1184 1065; baseline -0.012 -11"><span class='ocrx_word' id='word_1_104' title='bbox 157 1017 246 1054; x_wconf 77' lang='grc' dir='ltr'>κατὰ</span> <span class='ocrx_word' id='word_1_105' title='bbox 272 1016 334 1065; x_wconf 83' lang='grc' dir='ltr'>μὲν</span> <span class='ocrx_word' id='word_1_106' title='bbox 362 1014 452 1052; x_wconf 76' lang='grc' dir='ltr'>ἽΞλλ</span> <span class='ocrx_word' id='word_1_107' title='bbox 446 1029 535 1060; x_wconf 85' lang='grc' dir='ltr'>ηνας</span> <span class='ocrx_word' id='word_1_108' title='bbox 566 1010 802 1061; x_wconf 77' lang='grc' dir='ltr'>Κυνηγετικὴ,</span> <span class='ocrx_word' id='word_1_109' title='bbox 819 1009 908 1047; x_wconf 78' lang='grc' dir='ltr'>κατὰ</span> <span class='ocrx_word' id='word_1_110' title='bbox 936 1008 970 1045; x_wconf 76' lang='grc' dir='ltr'>δὲ</span> <span class='ocrx_word' id='word_1_111' title='bbox 993 1007 1184 1058; x_wconf 64' lang='grc' dir='ltr'>βαρὲάρους</span> 
     </span>
     <span class='ocr_line' id='line_1_16' title="bbox 157 1059 1185 1122; baseline -0.012 -10.858"><span class='ocrx_word' id='word_1_112' title='bbox 157 1074 302 1111; x_wconf 63' lang='grc' dir='ltr'>Αὲεννα</span> <span class='ocrx_word' id='word_1_113' title='bbox 324 1075 334 1122; x_wconf 83' lang='grc'>(</span> <span class='ocrx_word' id='word_1_114' title='bbox 352 1071 495 1109; x_wconf 67' lang='grc' dir='ltr'>’Λὸιννα</span> <span class='ocrx_word' id='word_1_115' title='bbox 515 1083 590 1106; x_wconf 60' lang='lat' dir='ltr'>xar.</span> <span class='ocrx_word' id='word_1_116' title='bbox 609 1071 634 1104; x_wconf 95' lang='lat' dir='ltr'>l.</span> <span class='ocrx_word' id='word_1_117' title='bbox 657 1069 728 1119; x_wconf 84' lang='lat'>),‘</span> <span class='ocrx_word' id='word_1_118' title='bbox 712 1084 756 1110; x_wconf 81' lang='grc' dir='ltr'>ως</span> <span class='ocrx_word' id='word_1_119' title='bbox 775 1065 923 1117; x_wconf 62' lang='grc' dir='ltr'>Χάραξ“</span> <span class='ocrx_word' id='word_1_120' title='bbox 916 1081 1023 1117; x_wconf 80' lang='grc' dir='ltr'>ιστορε</span> <span class='ocrx_word' id='word_1_121' title='bbox 1011 1071 1051 1103; x_wconf 91' lang='grc' dir='ltr'>ῖ.</span> <span class='ocrx_word' id='word_1_122' title='bbox 1074 1059 1147 1102; x_wconf 53' lang='lat' dir='ltr'>Ag:</span> <span class='ocrx_word' id='word_1_123' title='bbox 1152 1079 1185 1100; x_wconf 78' lang='grc' dir='ltr'>αι</span> 
     </span>
     <span class='ocr_line' id='line_1_17' title="bbox 162 1123 1184 1183; baseline -0.012 -14"><span class='ocrx_word' id='word_1_124' title='bbox 162 1132 197 1169; x_wconf 77' lang='grc' dir='ltr'>δὲ</span> <span class='ocrx_word' id='word_1_125' title='bbox 217 1131 378 1183; x_wconf 81' lang='grc' dir='ltr'>πρότερον</span> <span class='ocrx_word' id='word_1_126' title='bbox 397 1128 529 1179; x_wconf 67' lang='grc' dir='ltr'>Κρόνου</span> <span class='ocrx_word' id='word_1_127' title='bbox 547 1125 600 1164; x_wconf 83' lang='grc' dir='ltr'>ἐλ</span> <span class='ocrx_word' id='word_1_128' title='bbox 576 1141 702 1177; x_wconf 82' lang='grc' dir='ltr'>εγοντο</span> <span class='ocrx_word' id='word_1_129' title='bbox 716 1127 851 1170; x_wconf 80' lang='grc' dir='ltr'>στ’ἧλαι,</span> <span class='ocrx_word' id='word_1_130' title='bbox 872 1123 927 1161; x_wconf 76' lang='grc' dir='ltr'>οιὰ</span> <span class='ocrx_word' id='word_1_131' title='bbox 947 1139 984 1160; x_wconf 88' lang='grc' dir='ltr'>το</span> <span class='ocrx_word' id='word_1_132' title='bbox 1000 1137 1100 1173; x_wconf 74' lang='grc' dir='ltr'>μεχρι</span> <span class='ocrx_word' id='word_1_133' title='bbox 1120 1124 1184 1158; x_wconf 78' lang='grc' dir='ltr'>τῶν</span> 
     </span>
     <span class='ocr_line' id='line_1_18' title="bbox 161 1177 1186 1238; baseline -0.01 -12"><span class='ocrx_word' id='word_1_134' title='bbox 161 1190 242 1233; x_wconf 70' lang='grc' dir='ltr'>τ-7δε</span> <span class='ocrx_word' id='word_1_135' title='bbox 275 1188 444 1238; x_wconf 78' lang='grc' dir='ltr'>ὁρίζεσθαι</span> <span class='ocrx_word' id='word_1_136' title='bbox 470 1186 568 1231; x_wconf 65' lang='grc' dir='ltr'>δῆθεν</span> <span class='ocrx_word' id='word_1_137' title='bbox 594 1184 655 1229; x_wconf 78' lang='grc' dir='ltr'>τὴν</span> <span class='ocrx_word' id='word_1_138' title='bbox 683 1182 793 1234; x_wconf 75' lang='grc' dir='ltr'>ἀρχὴν</span> <span class='ocrx_word' id='word_1_139' title='bbox 826 1183 942 1218; x_wconf 72' lang='grc' dir='ltr'>αὐτοῦ’.</span> <span class='ocrx_word' id='word_1_140' title='bbox 963 1180 1127 1231; x_wconf 80' lang='grc' dir='ltr'>Δεύτερον</span> <span class='ocrx_word' id='word_1_141' title='bbox 1152 1177 1186 1216; x_wconf 76' lang='grc' dir='ltr'>δε</span> 
     </span>
     <span class='ocr_line' id='line_1_19' title="bbox 162 1236 1186 1296; baseline -0.01 -13"><span class='ocrx_word' id='word_1_142' title='bbox 162 1246 351 1296; x_wconf 73' lang='grc' dir='ltr'>ἐλ;·[οησαν</span> <span class='ocrx_word' id='word_1_143' title='bbox 385 1243 558 1296; x_wconf 78' lang='grc' dir='ltr'>Βριάρεω,</span> <span class='ocrx_word' id='word_1_144' title='bbox 589 1241 633 1284; x_wconf 82' lang='grc' dir='ltr'>ὥς</span> <span class='ocrx_word' id='word_1_145' title='bbox 663 1256 764 1292; x_wconf 69' lang='grc' dir='ltr'>φησιν</span> <span class='ocrx_word' id='word_1_146' title='bbox 798 1238 990 1291; x_wconf 72' lang='grc' dir='ltr'>Εὐφορίων,</span> <span class='ocrx_word' id='word_1_147' title='bbox 1012 1237 1122 1289; x_wconf 85' lang='grc' dir='ltr'>τρίτον</span> <span class='ocrx_word' id='word_1_148' title='bbox 1152 1236 1186 1274; x_wconf 76' lang='grc' dir='ltr'>δὲ</span> 
     </span>
     <span class='ocr_line' id='line_1_20' title="bbox 161 1302 383 1355; baseline -0.021 -11.713"><span class='ocrx_word' id='word_1_149' title='bbox 161 1302 314 1355; x_wconf 59' lang='lat' dir='ltr'>‘silpmdl</span> <span class='ocrx_word' id='word_1_150' title='bbox 317 1319 383 1345; x_wconf 84' lang='grc' dir='ltr'>ους.</span> 
     </span>
    </p>

    <p class='ocr_par' dir='ltr' id='par_1_8' title="bbox 163 1355 1196 1868">
     <span class='ocr_line' id='line_1_21' title="bbox 214 1355 1185 1405; baseline -0.007 -7"><span class='ocrx_word' id='word_1_151' title='bbox 214 1363 352 1398; x_wconf 84' lang='lat' dir='ltr'>Eadem</span> <span class='ocrx_word' id='word_1_152' title='bbox 385 1360 588 1395; x_wconf 79' lang='lat' dir='ltr'>Eustathius</span> <span class='ocrx_word' id='word_1_153' title='bbox 615 1369 808 1405; x_wconf 84' lang='lat' dir='ltr'>suppresso</span> <span class='ocrx_word' id='word_1_154' title='bbox 836 1357 986 1390; x_wconf 89' lang='lat' dir='ltr'>nomine</span> <span class='ocrx_word' id='word_1_155' title='bbox 1014 1355 1185 1391; x_wconf 87' lang='lat' dir='ltr'>auctoris.</span> 
     </span>
     <span class='ocr_line' id='line_1_22' title="bbox 167 1413 1190 1463; baseline -0.01 -8"><span class='ocrx_word' id='word_1_156' title='bbox 167 1420 221 1456; x_wconf 87' lang='lat' dir='ltr'>Cf.</span> <span class='ocrx_word' id='word_1_157' title='bbox 245 1420 390 1455; x_wconf 80' lang='lat' dir='ltr'>Mullcr.</span> <span class='ocrx_word' id='word_1_158' title='bbox 411 1420 499 1453; x_wconf 82' lang='lat' dir='ltr'>Dor.</span> <span class='ocrx_word' id='word_1_159' title='bbox 520 1418 557 1459; x_wconf 89' lang='lat'>1,</span> <span class='ocrx_word' id='word_1_160' title='bbox 578 1428 616 1463; x_wconf 88' lang='lat' dir='ltr'>p.</span> <span class='ocrx_word' id='word_1_161' title='bbox 643 1415 714 1456; x_wconf 65' lang='lat'>452</span> <span class='ocrx_word' id='word_1_162' title='bbox 736 1421 770 1450; x_wconf 88' lang='lat' dir='ltr'>et</span> <span class='ocrx_word' id='word_1_163' title='bbox 788 1426 881 1460; x_wconf 84' lang='lat' dir='ltr'>quos</span> <span class='ocrx_word' id='word_1_164' title='bbox 900 1413 1042 1457; x_wconf 86' lang='lat' dir='ltr'>laudat,</span> <span class='ocrx_word' id='word_1_165' title='bbox 1058 1413 1190 1448; x_wconf 81' lang='lat' dir='ltr'>Forbi-</span> 
     </span>
     <span class='ocr_line' id='line_1_23' title="bbox 163 1470 1192 1525; baseline -0.008 -14"><span class='ocrx_word' id='word_1_166' title='bbox 163 1490 228 1525; x_wconf 80' lang='lat' dir='ltr'>ger</span> <span class='ocrx_word' id='word_1_167' title='bbox 257 1479 338 1510; x_wconf 74' lang='lat' dir='ltr'>Alte</span> <span class='ocrx_word' id='word_1_168' title='bbox 365 1477 493 1521; x_wconf 75' lang='lat' dir='ltr'>Geogr.</span> <span class='ocrx_word' id='word_1_169' title='bbox 529 1481 616 1508; x_wconf 87' lang='lat' dir='ltr'>tom.</span> <span class='ocrx_word' id='word_1_170' title='bbox 648 1474 706 1516; x_wconf 87' lang='grc' dir='ltr'>ΙΙ,</span> <span class='ocrx_word' id='word_1_171' title='bbox 734 1484 770 1518; x_wconf 90' lang='lat' dir='ltr'>p.</span> <span class='ocrx_word' id='word_1_172' title='bbox 802 1470 875 1505; x_wconf 78' lang='grc'>866</span> <span class='ocrx_word' id='word_1_173' title='bbox 911 1483 965 1516; x_wconf 84' lang='lat' dir='ltr'>sq.</span> <span class='ocrx_word' id='word_1_174' title='bbox 990 1470 1079 1515; x_wconf 83' lang='lat' dir='ltr'>Quae</span> <span class='ocrx_word' id='word_1_175' title='bbox 1105 1482 1192 1504; x_wconf 85' lang='lat' dir='ltr'>mox</span> 
     </span>
     <span class='ocr_line' id='line_1_24' title="bbox 165 1525 1192 1580; baseline -0.008 -11"><span class='ocrx_word' id='word_1_176' title='bbox 165 1534 461 1580; x_wconf 80' lang='lat' dir='ltr'>subjunguntur:</span> <span class='ocrx_word' id='word_1_177' title='bbox 484 1529 581 1567; x_wconf 73' lang='grc' dir='ltr'>Φασὶ</span> <span class='ocrx_word' id='word_1_178' title='bbox 598 1527 632 1564; x_wconf 75' lang='grc' dir='ltr'>δὲ</span> <span class='ocrx_word' id='word_1_179' title='bbox 653 1526 702 1564; x_wconf 70' lang='grc' dir='ltr'>ὅτι</span> <span class='ocrx_word' id='word_1_180' title='bbox 723 1526 781 1564; x_wconf 83' lang='grc' dir='ltr'>καὶ</span> <span class='ocrx_word' id='word_1_181' title='bbox 802 1525 1011 1577; x_wconf 61' lang='grc' dir='ltr'>ἸΙρακλέους</span> <span class='ocrx_word' id='word_1_182' title='bbox 1027 1525 1192 1576; x_wconf 80' lang='grc' dir='ltr'>βαρέως</span> 
     </span>
     <span class='ocr_line' id='line_1_25' title="bbox 164 1582 1193 1637; baseline -0.009 -10"><span class='ocrx_word' id='word_1_183' title='bbox 164 1592 346 1627; x_wconf 63' lang='grc' dir='ltr'>καλοῦνται</span> <span class='ocrx_word' id='word_1_184' title='bbox 375 1589 444 1637; x_wconf 82' lang='lat' dir='ltr'>(sc.</span> <span class='ocrx_word' id='word_1_185' title='bbox 480 1585 703 1634; x_wconf 83' lang='lat' dir='ltr'>columnae),</span> <span class='ocrx_word' id='word_1_186' title='bbox 733 1586 876 1632; x_wconf 77' lang='lat' dir='ltr'>corrige</span> <span class='ocrx_word' id='word_1_187' title='bbox 907 1597 915 1618; x_wconf 89' lang='lat'>:</span> <span class='ocrx_word' id='word_1_188' title='bbox 947 1582 1007 1620; x_wconf 76' lang='lat' dir='ltr'>‘H.</span> <span class='ocrx_word' id='word_1_189' title='bbox 1049 1582 1193 1633; x_wconf 83' lang='grc' dir='ltr'>βάρεις</span> 
     </span>
     <span class='ocr_line' id='line_1_26' title="bbox 165 1642 1186 1696; baseline -0.005 -14"><span class='ocrx_word' id='word_1_190' title='bbox 165 1653 174 1696; x_wconf 84' lang='grc'>(</span> <span class='ocrx_word' id='word_1_191' title='bbox 193 1650 215 1685; x_wconf 91' lang='lat' dir='ltr'>i.</span> <span class='ocrx_word' id='word_1_192' title='bbox 238 1662 267 1683; x_wconf 88' lang='lat' dir='ltr'>e.</span> <span class='ocrx_word' id='word_1_193' title='bbox 282 1646 447 1696; x_wconf 78' lang='grc' dir='ltr'>πύργους)</span> <span class='ocrx_word' id='word_1_194' title='bbox 472 1645 668 1680; x_wconf 70' lang='grc' dir='ltr'>καλοῦνται.</span> <span class='ocrx_word' id='word_1_195' title='bbox 688 1644 864 1678; x_wconf 81' lang='lat' dir='ltr'>Similiter</span> <span class='ocrx_word' id='word_1_196' title='bbox 877 1643 1041 1689; x_wconf 85' lang='lat' dir='ltr'>Toupius</span> <span class='ocrx_word' id='word_1_197' title='bbox 1051 1642 1098 1677; x_wconf 83' lang='lat' dir='ltr'>ad</span> <span class='ocrx_word' id='word_1_198' title='bbox 1113 1643 1186 1677; x_wconf 85' lang='lat' dir='ltr'>Sui-</span> 
     </span>
     <span class='ocr_line' id='line_1_27' title="bbox 167 1696 1195 1752; baseline -0.007 -12"><span class='ocrx_word' id='word_1_199' title='bbox 167 1706 250 1740; x_wconf 86' lang='lat' dir='ltr'>dam</span> <span class='ocrx_word' id='word_1_200' title='bbox 264 1718 300 1740; x_wconf 79' lang='lat' dir='ltr'>V.</span> <span class='ocrx_word' id='word_1_201' title='bbox 318 1700 553 1752; x_wconf 78' lang='grc' dir='ltr'>Καινοπρεπὲς</span> <span class='ocrx_word' id='word_1_202' title='bbox 569 1700 777 1736; x_wconf 74' lang='lat' dir='ltr'>emendavit</span> <span class='ocrx_word' id='word_1_203' title='bbox 794 1713 801 1734; x_wconf 87' lang='lat'><strong>:</strong></span> <span class='ocrx_word' id='word_1_204' title='bbox 818 1698 1008 1735; x_wconf 79' lang='grc' dir='ltr'>Ἀποκλείει</span> <span class='ocrx_word' id='word_1_205' title='bbox 1022 1696 1080 1739; x_wconf 77' lang='grc' dir='ltr'>τὰς</span> <span class='ocrx_word' id='word_1_206' title='bbox 1093 1696 1195 1748; x_wconf 77' lang='grc' dir='ltr'>ὄχθας</span> 
     </span>
     <span class='ocr_line' id='line_1_28' title="bbox 167 1754 1196 1808; baseline -0.006 -11"><span class='ocrx_word' id='word_1_207' title='bbox 167 1762 210 1797; x_wconf 80' lang='grc' dir='ltr'>δι’</span> <span class='ocrx_word' id='word_1_208' title='bbox 230 1762 331 1797; x_wconf 74' lang='grc' dir='ltr'>αὐτοῦ</span> <span class='ocrx_word' id='word_1_209' title='bbox 357 1762 414 1796; x_wconf 68' lang='grc' dir='ltr'>τοῦ</span> <span class='ocrx_word' id='word_1_210' title='bbox 440 1760 616 1807; x_wconf 77' lang='grc' dir='ltr'>ποταμοῦ,</span> <span class='ocrx_word' id='word_1_211' title='bbox 632 1755 837 1808; x_wconf 79' lang='grc' dir='ltr'>ἑκατέρωθεν</span> <span class='ocrx_word' id='word_1_212' title='bbox 858 1755 1027 1798; x_wconf 77' lang='grc' dir='ltr'>σκευάσας</span> <span class='ocrx_word' id='word_1_213' title='bbox 1052 1754 1196 1806; x_wconf 79' lang='grc' dir='ltr'>βάρεις</span> 
     </span>
     <span class='ocr_line' id='line_1_29' title="bbox 171 1816 480 1868; baseline -0.003 -14"><span class='ocrx_word' id='word_1_214' title='bbox 171 1820 263 1867; x_wconf 79' lang='lat' dir='ltr'>(vgo</span> <span class='ocrx_word' id='word_1_215' title='bbox 283 1816 480 1868; x_wconf 74' lang='grc' dir='ltr'>Δαρείους).</span> 
     </span>
    </p>

    <p class='ocr_par' dir='ltr' id='par_1_9' title="bbox 656 1886 714 1918">
     <span class='ocr_line' id='line_1_30' title="bbox 656 1886 714 1918; baseline 0.034 -10"><span class='ocrx_word' id='word_1_216' title='bbox 656 1886 714 1918; x_wconf 86' lang='lat'>17.</span> 
     </span>
    </p>
   </div>
   <div class='ocr_carea' id='block_1_8' title="bbox 171 1958 1199 2300">
    <p class='ocr_par' dir='ltr' id='par_1_10' title="bbox 171 1958 1199 2300">
     <span class='ocr_line' id='line_1_31' title="bbox 222 1958 1195 2009; baseline -0.004 -11"><span class='ocrx_word' id='word_1_217' title='bbox 222 1965 283 2000; x_wconf 85' lang='lat' dir='ltr'>J0.</span> <span class='ocrx_word' id='word_1_218' title='bbox 304 1962 429 2009; x_wconf 81' lang='lat' dir='ltr'>Lydus</span> <span class='ocrx_word' id='word_1_219' title='bbox 458 1961 567 2008; x_wconf 86' lang='lat' dir='ltr'>frgm.</span> <span class='ocrx_word' id='word_1_220' title='bbox 592 1961 647 1995; x_wconf 88' lang='lat' dir='ltr'>De</span> <span class='ocrx_word' id='word_1_221' title='bbox 675 1971 805 1996; x_wconf 86' lang='lat' dir='ltr'>menss.</span> <span class='ocrx_word' id='word_1_222' title='bbox 826 1970 862 2006; x_wconf 85' lang='lat' dir='ltr'>p.</span> <span class='ocrx_word' id='word_1_223' title='bbox 884 1962 957 2003; x_wconf 65' lang='lat'>274</span> <span class='ocrx_word' id='word_1_224' title='bbox 989 1958 1049 1994; x_wconf 87' lang='lat' dir='ltr'>ed.</span> <span class='ocrx_word' id='word_1_225' title='bbox 1070 1959 1165 1993; x_wconf 86' lang='lat' dir='ltr'>Hase</span> <span class='ocrx_word' id='word_1_226' title='bbox 1187 1969 1195 1994; x_wconf 71' lang='grc' dir='ltr'>ε</span> 
     </span>
     <span class='ocr_line' id='line_1_32' title="bbox 172 2013 1182 2068; baseline -0.007 -12"><span class='ocrx_word' id='word_1_227' title='bbox 172 2018 240 2057; x_wconf 70' lang='grc' dir='ltr'>Καὶ</span> <span class='ocrx_word' id='word_1_228' title='bbox 256 2019 457 2068; x_wconf 72' lang='grc' dir='ltr'>βασιλεῦσαι</span> <span class='ocrx_word' id='word_1_229' title='bbox 472 2015 505 2054; x_wconf 80' lang='grc' dir='ltr'>δὲ</span> <span class='ocrx_word' id='word_1_230' title='bbox 519 2015 618 2052; x_wconf 80' lang='grc' dir='ltr'>αὐτὸν</span> <span class='ocrx_word' id='word_1_231' title='bbox 636 2018 701 2063; x_wconf 80' lang='lat' dir='ltr'>(sc,</span> <span class='ocrx_word' id='word_1_232' title='bbox 717 2014 774 2051; x_wconf 71' lang='grc' dir='ltr'>τὸν</span> <span class='ocrx_word' id='word_1_233' title='bbox 788 2013 937 2065; x_wconf 88' lang='grc' dir='ltr'>Κρόνον)</span> <span class='ocrx_word' id='word_1_234' title='bbox 951 2017 972 2059; x_wconf 85' lang='grc' dir='ltr'>ἡ</span> <span class='ocrx_word' id='word_1_235' title='bbox 987 2013 1119 2064; x_wconf 80' lang='grc' dir='ltr'>ἱστορία</span> <span class='ocrx_word' id='word_1_236' title='bbox 1133 2029 1182 2049; x_wconf 91' lang='grc' dir='ltr'>πα</span> 
     </span>
     <span class='ocr_line' id='line_1_33' title="bbox 172 2071 1198 2127; baseline -0.007 -13"><span class='ocrx_word' id='word_1_237' title='bbox 172 2077 377 2127; x_wconf 73' lang='grc' dir='ltr'>ραδίδωσι...</span> <span class='ocrx_word' id='word_1_238' title='bbox 392 2075 481 2112; x_wconf 85' lang='grc' dir='ltr'>κατά</span> <span class='ocrx_word' id='word_1_239' title='bbox 496 2090 531 2111; x_wconf 88' lang='grc' dir='ltr'>τε</span> <span class='ocrx_word' id='word_1_240' title='bbox 546 2073 607 2118; x_wconf 80' lang='grc' dir='ltr'>τὴν</span> <span class='ocrx_word' id='word_1_241' title='bbox 624 2072 755 2118; x_wconf 51' lang='lat' dir='ltr'>Argu-m</span> <span class='ocrx_word' id='word_1_242' title='bbox 770 2072 828 2109; x_wconf 84' lang='grc' dir='ltr'>καὶ</span> <span class='ocrx_word' id='word_1_243' title='bbox 849 2071 1024 2117; x_wconf 80' lang='grc' dir='ltr'>Σικελίαν,</span> <span class='ocrx_word' id='word_1_244' title='bbox 1043 2072 1056 2121; x_wconf 82' lang='grc'>[</span> <span class='ocrx_word' id='word_1_245' title='bbox 1071 2071 1198 2108; x_wconf 81' lang='grc' dir='ltr'>οἰκίσαι</span> 
     </span>
     <span class='ocr_line' id='line_1_34' title="bbox 171 2128 1196 2181; baseline -0.008 -9"><span class='ocrx_word' id='word_1_246' title='bbox 171 2151 207 2172; x_wconf 87' lang='grc' dir='ltr'>τε</span> <span class='ocrx_word' id='word_1_247' title='bbox 225 2134 300 2176; x_wconf 76' lang='grc' dir='ltr'>τοὺς</span> <span class='ocrx_word' id='word_1_248' title='bbox 318 2133 455 2179; x_wconf 80' lang='grc' dir='ltr'>τό]πους</span> <span class='ocrx_word' id='word_1_249' title='bbox 472 2132 530 2169; x_wconf 76' lang='grc' dir='ltr'>καὶ</span> <span class='ocrx_word' id='word_1_250' title='bbox 546 2130 680 2181; x_wconf 83' lang='grc' dir='ltr'>[πόλ]ιν</span> <span class='ocrx_word' id='word_1_251' title='bbox 698 2130 830 2176; x_wconf 82' lang='grc' dir='ltr'>κτίσαι,</span> <span class='ocrx_word' id='word_1_252' title='bbox 846 2132 891 2172; x_wconf 84' lang='grc' dir='ltr'>ὡς</span> <span class='ocrx_word' id='word_1_253' title='bbox 913 2131 929 2166; x_wconf 84' lang='grc' dir='ltr'><em>ὃ</em></span> <span class='ocrx_word' id='word_1_254' title='bbox 949 2128 1069 2180; x_wconf 75' lang='grc' dir='ltr'>Χάραξ</span> <span class='ocrx_word' id='word_1_255' title='bbox 1091 2128 1173 2179; x_wconf 75' lang='grc' dir='ltr'>φησὶ</span> <span class='ocrx_word' id='word_1_256' title='bbox 1187 2158 1196 2174; x_wconf 88' lang='grc'><em>,</em></span> 
     </span>
     <span class='ocr_line' id='line_1_35' title="bbox 172 2186 1198 2242; baseline -0.005 -14"><span class='ocrx_word' id='word_1_257' title='bbox 172 2192 249 2242; x_wconf 74' lang='grc' dir='ltr'>ἰ’[ὴν</span> <span class='ocrx_word' id='word_1_258' title='bbox 266 2192 340 2228; x_wconf 87' lang='grc' dir='ltr'>τότε</span> <span class='ocrx_word' id='word_1_259' title='bbox 359 2190 420 2239; x_wconf 83' lang='grc' dir='ltr'>μὲν</span> <span class='ocrx_word' id='word_1_260' title='bbox 437 2189 639 2239; x_wconf 79' lang='grc' dir='ltr'>λεγ]ομε’νην</span> <span class='ocrx_word' id='word_1_261' title='bbox 659 2187 824 2239; x_wconf 86' lang='grc' dir='ltr'>Κρονίαν,</span> <span class='ocrx_word' id='word_1_262' title='bbox 839 2191 896 2224; x_wconf 75' lang='grc' dir='ltr'>νῦν</span> <span class='ocrx_word' id='word_1_263' title='bbox 914 2186 949 2224; x_wconf 79' lang='grc' dir='ltr'>δὲ</span> <span class='ocrx_word' id='word_1_264' title='bbox 965 2186 1073 2236; x_wconf 86' lang='grc' dir='ltr'>Ἱερὰν</span> <span class='ocrx_word' id='word_1_265' title='bbox 1087 2187 1198 2233; x_wconf 85' lang='grc' dir='ltr'>πόλιν,</span> 
     </span>
     <span class='ocr_line' id='line_1_36' title="bbox 172 2244 1199 2300; baseline -0.005 -14"><span class='ocrx_word' id='word_1_266' title='bbox 172 2251 235 2300; x_wconf 80' lang='grc' dir='ltr'>ὼ[ς</span> <span class='ocrx_word' id='word_1_267' title='bbox 259 2249 450 2298; x_wconf 78' lang='grc' dir='ltr'>Ἰ]σίγον[ος</span> <span class='ocrx_word' id='word_1_268' title='bbox 483 2248 561 2298; x_wconf 81' lang='grc' dir='ltr'>περὶ</span> <span class='ocrx_word' id='word_1_269' title='bbox 580 2247 810 2293; x_wconf 54' lang='grc' dir='ltr'>(Ελληνῂκῶν</span> <span class='ocrx_word' id='word_1_270' title='bbox 837 2248 919 2282; x_wconf 85' lang='grc' dir='ltr'>Οεῶν</span> <span class='ocrx_word' id='word_1_271' title='bbox 946 2245 1003 2282; x_wconf 80' lang='grc' dir='ltr'>καὶ</span> <span class='ocrx_word' id='word_1_272' title='bbox 1026 2244 1199 2293; x_wconf 78' lang='grc' dir='ltr'>Πολέμων</span> 
     </span>
    </p>
   </div>
   <div class='ocr_carea' id='block_1_9' title="bbox 909 178 1482 220">
    <p class='ocr_par' dir='ltr' id='par_1_11' title="bbox 909 178 1482 220">
     <span class='ocr_line' id='line_1_37' title="bbox 909 178 1482 220; baseline -0.009 0"><span class='ocrx_word' id='word_1_273' title='bbox 909 179 1157 220; x_wconf 77' lang='lat' dir='ltr'>CHARACIS</span> <span class='ocrx_word' id='word_1_274' title='bbox 1187 178 1482 217; x_wconf 72' lang='lat' dir='ltr'><strong>PERGAMEM</strong></span> 
     </span>
    </p>
   </div>
   <div class='ocr_carea' id='block_1_10' title="bbox 1270 257 2263 310">
    <p class='ocr_par' dir='ltr' id='par_1_12' title="bbox 1270 257 2263 310">
     <span class='ocr_line' id='line_1_38' title="bbox 1270 257 2263 310; baseline -0.005 -11"><span class='ocrx_word' id='word_1_275' title='bbox 1270 268 1310 301; x_wconf 74' lang='lat' dir='ltr'>si.</span> <span class='ocrx_word' id='word_1_276' title='bbox 1343 279 1408 300; x_wconf 79' lang='lat'>10¹).</span> <span class='ocrx_word' id='word_1_277' title='bbox 1433 290 1437 302; x_wconf 84' lang='grc'><strong>.</strong></span> <span class='ocrx_word' id='word_1_278' title='bbox 1459 278 1515 298; x_wconf 75' lang='grc' dir='ltr'>και</span> <span class='ocrx_word' id='word_1_279' title='bbox 1538 261 1743 310; x_wconf 60' lang='grc' dir='ltr'>Χὶσχυὶος</span> <span class='ocrx_word' id='word_1_280' title='bbox 1730 275 1762 295; x_wconf 83' lang='grc' dir='ltr'>εν</span> <span class='ocrx_word' id='word_1_281' title='bbox 1785 260 1825 308; x_wconf 86' lang='grc' dir='ltr'><em>τ7,’</em></span> <span class='ocrx_word' id='word_1_282' title='bbox 1849 257 1984 307; x_wconf 69' lang='grc' dir='ltr'>Αἴτνη(</span> <span class='ocrx_word' id='word_1_283' title='bbox 2011 260 2032 293; x_wconf 91' lang='lat' dir='ltr'>l.</span> <span class='ocrx_word' id='word_1_284' title='bbox 2056 258 2263 308; x_wconf 78' lang='grc' dir='ltr'>Αἰτναίαις)</span> 
     </span>
    </p>
   </div>
   <div class='ocr_carea' id='block_1_11' title="bbox 1240 270 2129 372">
    <p class='ocr_par' dir='ltr' id='par_1_13' title="bbox 1240 270 2114 372">
     <span class='ocr_line' id='line_1_39' title="bbox 1242 270 1246 294; baseline 0 0"><span class='ocrx_word' id='word_1_285' title='bbox 1242 270 1246 294; x_wconf 65' lang='grc' dir='ltr'>ί</span> 
     </span>
     <span class='ocr_line' id='line_1_40' title="bbox 1242 297 1248 316; baseline 0 0"><span class='ocrx_word' id='word_1_286' title='bbox 1242 297 1248 316; x_wconf 66' lang='lat' dir='ltr'>l</span> 
     </span>
     <span class='ocr_line' id='line_1_41' title="bbox 1240 318 2129 372; baseline 0 -21"><span class='ocrx_word' id='word_1_287' title='bbox 1240 322 1369 372; x_wconf 48' lang='lat' dir='ltr'>rimas]</span> <span class='ocrx_word' id='word_1_288' title='bbox 1374 335 1398 351; x_wconf 62' lang='lat'><em>2</em></span> <span class='ocrx_word' id='word_1_289' title='bbox 1389 320 1541 367; x_wconf 56' lang='grc' dir='ltr'>ἷόχσιν)</span> <span class='ocrx_word' id='word_1_290' title='bbox 1567 319 1828 365; x_wconf 68' lang='lat' dir='ltr'>Supplementa</span> <span class='ocrx_word' id='word_1_291' title='bbox 1848 324 1931 351; x_wconf 84' lang='lat' dir='ltr'>sunt</span> <span class='ocrx_word' id='word_1_292' title='bbox 1952 318 1990 353; x_wconf 79' lang='grc' dir='ltr'>Ι).</span> <span class='ocrx_word' id='word_1_293' title='bbox 2018 318 2129 351; x_wconf 79' lang='lat' dir='ltr'>llasii.</span> 
     </span>
    </p>
   </div>
   <div class='ocr_carea' id='block_1_12' title="bbox 1726 397 1781 431">
    <p class='ocr_par' dir='ltr' id='par_1_14' title="bbox 1726 397 1781 431">
     <span class='ocr_line' id='line_1_42' title="bbox 1726 397 1781 431; baseline -0.036 0"><span class='ocrx_word' id='word_1_294' title='bbox 1726 397 1781 431; x_wconf 79' lang='lat'>18.</span> 
     </span>
    </p>
   </div>
   <div class='ocr_carea' id='block_1_13' title="bbox 1243 474 2272 701">
    <p class='ocr_par' dir='ltr' id='par_1_15' title="bbox 1243 474 2272 701">
     <span class='ocr_line' id='line_1_43' title="bbox 1295 474 2267 527; baseline -0.004 -11"><span class='ocrx_word' id='word_1_295' title='bbox 1295 479 1569 527; x_wconf 58' lang='lat' dir='ltr'>xlql1lap81‚</span> <span class='ocrx_word' id='word_1_296' title='bbox 1606 490 1644 511; x_wconf 88' lang='lat'>11</span> <span class='ocrx_word' id='word_1_297' title='bbox 1671 477 1729 513; x_wconf 91' lang='lat' dir='ltr'>ed.</span> <span class='ocrx_word' id='word_1_298' title='bbox 1758 478 1880 511; x_wconf 85' lang='lat' dir='ltr'>Bonn.</span> <span class='ocrx_word' id='word_1_299' title='bbox 1906 474 2046 512; x_wconf 73' lang='grc' dir='ltr'>ιΜετὰ</span> <span class='ocrx_word' id='word_1_300' title='bbox 2081 474 2116 511; x_wconf 88' lang='grc' dir='ltr'>δὲ</span> <span class='ocrx_word' id='word_1_301' title='bbox 2147 476 2267 526; x_wconf 88' lang='grc' dir='ltr'>Τρωον</span> 
     </span>
     <span class='ocr_line' id='line_1_44' title="bbox 1243 507 2272 586; baseline -0.005 -11"><span class='ocrx_word' id='word_1_302' title='bbox 1243 538 1364 575; x_wconf 74' lang='grc' dir='ltr'>ἐιῦασίλ</span> <span class='ocrx_word' id='word_1_303' title='bbox 1368 552 1444 574; x_wconf 85' lang='grc' dir='ltr'>ευσε</span> <span class='ocrx_word' id='word_1_304' title='bbox 1459 551 1525 572; x_wconf 76' lang='grc' dir='ltr'>των</span> <span class='ocrx_word' id='word_1_305' title='bbox 1546 507 1625 586; x_wconf 50' lang='lat' dir='ltr'>(ispo</span> <span class='ocrx_word' id='word_1_306' title='bbox 1628 535 1695 583; x_wconf 82' lang='grc' dir='ltr'>γῶν</span> <span class='ocrx_word' id='word_1_307' title='bbox 1711 536 1728 570; x_wconf 84' lang='grc' dir='ltr'>ὁ</span> <span class='ocrx_word' id='word_1_308' title='bbox 1747 531 1866 574; x_wconf 81' lang='grc' dir='ltr'>Ἴλιος·</span> <span class='ocrx_word' id='word_1_309' title='bbox 1887 533 1921 568; x_wconf 82' lang='grc' dir='ltr'>ἐν</span> <span class='ocrx_word' id='word_1_310' title='bbox 1939 534 2031 583; x_wconf 76' lang='grc' dir='ltr'>αὐτῷ</span> <span class='ocrx_word' id='word_1_311' title='bbox 2047 532 2081 569; x_wconf 83' lang='grc' dir='ltr'>δὲ</span> <span class='ocrx_word' id='word_1_312' title='bbox 2100 548 2148 569; x_wconf 86' lang='grc' dir='ltr'>τω</span> <span class='ocrx_word' id='word_1_313' title='bbox 2161 548 2272 584; x_wconf 83' lang='grc' dir='ltr'>καιρω</span> 
     </span>
     <span class='ocr_line' id='line_1_45' title="bbox 1243 590 2272 641; baseline -0.005 -8"><span class='ocrx_word' id='word_1_314' title='bbox 1243 597 1396 633; x_wconf 86' lang='grc' dir='ltr'>ελαλεῖτο</span> <span class='ocrx_word' id='word_1_315' title='bbox 1415 597 1435 639; x_wconf 84' lang='grc' dir='ltr'>ἡ</span> <span class='ocrx_word' id='word_1_316' title='bbox 1457 593 1532 637; x_wconf 88' lang='grc' dir='ltr'>νίκη</span> <span class='ocrx_word' id='word_1_317' title='bbox 1555 608 1615 629; x_wconf 90' lang='grc' dir='ltr'>του</span> <span class='ocrx_word' id='word_1_318' title='bbox 1645 593 1773 641; x_wconf 81' lang='grc' dir='ltr'>ἀγωνος</span> <span class='ocrx_word' id='word_1_319' title='bbox 1804 590 1961 633; x_wconf 85' lang='grc' dir='ltr'>Πέλοπος</span> <span class='ocrx_word' id='word_1_320' title='bbox 1991 594 2050 628; x_wconf 79' lang='grc' dir='ltr'>τοῦ</span> <span class='ocrx_word' id='word_1_321' title='bbox 2082 593 2193 629; x_wconf 83' lang='grc' dir='ltr'>Λυδου</span> <span class='ocrx_word' id='word_1_322' title='bbox 2213 590 2272 628; x_wconf 84' lang='grc' dir='ltr'>καὶ</span> 
     </span>
     <span class='ocr_line' id='line_1_46' title="bbox 1244 647 2272 701; baseline -0.004 -11"><span class='ocrx_word' id='word_1_323' title='bbox 1244 652 1420 701; x_wconf 82' lang='grc' dir='ltr'>Οἰνομάου</span> <span class='ocrx_word' id='word_1_324' title='bbox 1443 654 1502 688; x_wconf 79' lang='grc' dir='ltr'>τοῦ</span> <span class='ocrx_word' id='word_1_325' title='bbox 1525 649 1693 695; x_wconf 86' lang='grc' dir='ltr'>Πισαίου,</span> <span class='ocrx_word' id='word_1_326' title='bbox 1717 649 1970 685; x_wconf 79' lang='grc' dir='ltr'>ἐπιτελεσθεῒσα</span> <span class='ocrx_word' id='word_1_327' title='bbox 1996 650 2030 685; x_wconf 83' lang='grc' dir='ltr'>ἐν</span> <span class='ocrx_word' id='word_1_328' title='bbox 2053 650 2095 698; x_wconf 81' lang='grc' dir='ltr'>τῇ</span> <span class='ocrx_word' id='word_1_329' title='bbox 2122 647 2272 698; x_wconf 80' lang='grc' dir='ltr'>ἸΙλιακῇ</span> 
     </span>
    </p>
   </div>
   <div class='ocr_carea' id='block_1_14' title="bbox 1245 704 2126 761">
    <p class='ocr_par' dir='ltr' id='par_1_16' title="bbox 1245 704 2126 761">
     <span class='ocr_line' id='line_1_47' title="bbox 1245 704 2126 761; baseline -0.005 -14"><span class='ocrx_word' id='word_1_330' title='bbox 1245 713 1358 761; x_wconf 75' lang='grc' dir='ltr'>ἑορτῇ.</span> <span class='ocrx_word' id='word_1_331' title='bbox 1374 708 1492 747; x_wconf 68' lang='lat' dir='ltr'>“Ama</span> <span class='ocrx_word' id='word_1_332' title='bbox 1517 706 1754 758; x_wconf 70' lang='grc' dir='ltr'>συνεγράψατο</span> <span class='ocrx_word' id='word_1_333' title='bbox 1772 705 1893 761; x_wconf 76' lang='grc' dir='ltr'>Χάραξ</span> <span class='ocrx_word' id='word_1_334' title='bbox 1914 707 1931 742; x_wconf 85' lang='grc' dir='ltr'><strong><em>ὃ</em></strong></span> <span class='ocrx_word' id='word_1_335' title='bbox 1947 704 2126 756; x_wconf 78' lang='grc' dir='ltr'>ἱστορικός.</span> 
     </span>
    </p>
   </div>
   <div class='ocr_carea' id='block_1_15' title="bbox 1246 799 2338 2179">
    <p class='ocr_par' dir='ltr' id='par_1_17' title="bbox 1728 799 1787 834">
     <span class='ocr_line' id='line_1_48' title="bbox 1728 799 1787 834; baseline 0.034 -13"><span class='ocrx_word' id='word_1_336' title='bbox 1728 799 1787 834; x_wconf 85' lang='lat'>19.</span> 
     </span>
    </p>

    <p class='ocr_par' dir='ltr' id='par_1_18' title="bbox 1246 860 2338 2065">
     <span class='ocr_line' id='line_1_49' title="bbox 1295 860 2275 912; baseline -0.004 -12"><span class='ocrx_word' id='word_1_337' title='bbox 1295 866 1426 901; x_wconf 50' lang='lat' dir='ltr'>§.ialala</span> <span class='ocrx_word' id='word_1_338' title='bbox 1444 877 1482 912; x_wconf 87' lang='lat' dir='ltr'>p.</span> <span class='ocrx_word' id='word_1_339' title='bbox 1503 877 1515 899; x_wconf 92' lang='lat'>1</span> <span class='ocrx_word' id='word_1_340' title='bbox 1527 863 1571 909; x_wconf 74' lang='lat'>75</span> <span class='ocrx_word' id='word_1_341' title='bbox 1590 876 1598 898; x_wconf 87' lang='grc'>;</span> <span class='ocrx_word' id='word_1_342' title='bbox 1622 865 1801 909; x_wconf 87' lang='lat' dir='ltr'>Equestre</span> <span class='ocrx_word' id='word_1_343' title='bbox 1821 868 2007 897; x_wconf 89' lang='lat' dir='ltr'>certamen</span> <span class='ocrx_word' id='word_1_344' title='bbox 2023 861 2117 909; x_wconf 83' lang='lat' dir='ltr'>bigis</span> <span class='ocrx_word' id='word_1_345' title='bbox 2130 860 2275 908; x_wconf 86' lang='lat' dir='ltr'>primus</span> 
     </span>
     <span class='ocr_line' id='line_1_50' title="bbox 1246 919 2273 969; baseline -0.007 -10"><span class='ocrx_word' id='word_1_346' title='bbox 1246 924 1443 959; x_wconf 82' lang='lat' dir='ltr'>celebravit</span> <span class='ocrx_word' id='word_1_347' title='bbox 1464 922 1637 969; x_wconf 78' lang='lat' dir='ltr'>Enyalius</span> <span class='ocrx_word' id='word_1_348' title='bbox 1658 921 1668 968; x_wconf 85' lang='lat'>(</span> <span class='ocrx_word' id='word_1_349' title='bbox 1686 921 1835 954; x_wconf 78' lang='lat' dir='ltr'>Eualius</span> <span class='ocrx_word' id='word_1_350' title='bbox 1855 920 1977 955; x_wconf 86' lang='lat' dir='ltr'>Cram.</span> <span class='ocrx_word' id='word_1_351' title='bbox 2006 921 2096 963; x_wconf 86' lang='lat' dir='ltr'>An.;</span> <span class='ocrx_word' id='word_1_352' title='bbox 2122 919 2149 954; x_wconf 92' lang='lat' dir='ltr'>l.</span> <span class='ocrx_word' id='word_1_353' title='bbox 2174 919 2273 952; x_wconf 77' lang='lat' dir='ltr'>Etm-</span> 
     </span>
     <span class='ocr_line' id='line_1_51' title="bbox 1248 976 2277 1028; baseline -0.006 -12"><span class='ocrx_word' id='word_1_354' title='bbox 1248 984 1315 1016; x_wconf 72' lang='lat' dir='ltr'>lias</span> <span class='ocrx_word' id='word_1_355' title='bbox 1327 981 1336 1028; x_wconf 95' lang='lat'>)</span> <span class='ocrx_word' id='word_1_356' title='bbox 1348 1008 1356 1024; x_wconf 87' lang='lat'>‚</span> <span class='ocrx_word' id='word_1_357' title='bbox 1378 981 1539 1027; x_wconf 71' lang='lat' dir='ltr'>Neptuni</span> <span class='ocrx_word' id='word_1_358' title='bbox 1556 978 1670 1021; x_wconf 84' lang='lat' dir='ltr'>filius,</span> <span class='ocrx_word' id='word_1_359' title='bbox 1688 979 1752 1025; x_wconf 86' lang='lat' dir='ltr'>qui</span> <span class='ocrx_word' id='word_1_360' title='bbox 1765 978 1928 1024; x_wconf 78' lang='lat' dir='ltr'>Libyen,</span> <span class='ocrx_word' id='word_1_361' title='bbox 1947 977 2007 1011; x_wconf 72' lang='lat' dir='ltr'>Ius</span> <span class='ocrx_word' id='word_1_362' title='bbox 2024 983 2061 1011; x_wconf 84' lang='lat' dir='ltr'>et</span> <span class='ocrx_word' id='word_1_363' title='bbox 2080 977 2181 1011; x_wconf 84' lang='lat' dir='ltr'>Jovis</span> <span class='ocrx_word' id='word_1_364' title='bbox 2198 976 2277 1011; x_wconf 87' lang='lat' dir='ltr'>Pici</span> 
     </span>
     <span class='ocr_line' id='line_1_52' title="bbox 1246 1033 2277 1082; baseline -0.007 -8"><span class='ocrx_word' id='word_1_365' title='bbox 1246 1039 1356 1074; x_wconf 82' lang='lat' dir='ltr'>filiam</span> <span class='ocrx_word' id='word_1_366' title='bbox 1371 1066 1380 1081; x_wconf 90' lang='lat'>‚</span> <span class='ocrx_word' id='word_1_367' title='bbox 1402 1038 1557 1073; x_wconf 85' lang='lat' dir='ltr'>duxerat</span> <span class='ocrx_word' id='word_1_368' title='bbox 1576 1043 1611 1071; x_wconf 87' lang='lat' dir='ltr'>et</span> <span class='ocrx_word' id='word_1_369' title='bbox 1624 1036 1755 1071; x_wconf 83' lang='lat' dir='ltr'>Afrieae</span> <span class='ocrx_word' id='word_1_370' title='bbox 1770 1042 1913 1082; x_wconf 86' lang='lat' dir='ltr'>partem</span> <span class='ocrx_word' id='word_1_371' title='bbox 1930 1035 2118 1070; x_wconf 83' lang='lat' dir='ltr'>subactam</span> <span class='ocrx_word' id='word_1_372' title='bbox 2139 1033 2185 1068; x_wconf 83' lang='lat' dir='ltr'>de</span> <span class='ocrx_word' id='word_1_373' title='bbox 2204 1046 2277 1068; x_wconf 90' lang='lat' dir='ltr'>no—</span> 
     </span>
     <span class='ocr_line' id='line_1_53' title="bbox 1246 1091 2280 1141; baseline -0.006 -10"><span class='ocrx_word' id='word_1_374' title='bbox 1246 1097 1344 1131; x_wconf 78' lang='lat' dir='ltr'>mine</span> <span class='ocrx_word' id='word_1_375' title='bbox 1362 1097 1486 1130; x_wconf 74' lang='lat' dir='ltr'>uxoris</span> <span class='ocrx_word' id='word_1_376' title='bbox 1503 1094 1659 1141; x_wconf 82' lang='lat' dir='ltr'>Libyam</span> <span class='ocrx_word' id='word_1_377' title='bbox 1673 1093 1939 1127; x_wconf 85' lang='lat' dir='ltr'>nominaverat.</span> <span class='ocrx_word' id='word_1_378' title='bbox 1960 1092 2017 1126; x_wconf 93' lang='lat' dir='ltr'>Sic</span> <span class='ocrx_word' id='word_1_379' title='bbox 2037 1091 2280 1126; x_wconf 81' lang='lat' dir='ltr'>Callimachus</span> 
     </span>
     <span class='ocr_line' id='line_1_54' title="bbox 1247 1148 2279 1201; baseline -0.004 -13"><span class='ocrx_word' id='word_1_380' title='bbox 1247 1155 1285 1188; x_wconf 89' lang='lat' dir='ltr'>in</span> <span class='ocrx_word' id='word_1_381' title='bbox 1305 1155 1409 1188; x_wconf 79' lang='lat' dir='ltr'>AEtiis</span> <span class='ocrx_word' id='word_1_382' title='bbox 1439 1153 1575 1201; x_wconf 87' lang='lat' dir='ltr'>(quem</span> <span class='ocrx_word' id='word_1_383' title='bbox 1594 1151 1742 1186; x_wconf 83' lang='lat' dir='ltr'>Malalas</span> <span class='ocrx_word' id='word_1_384' title='bbox 1767 1162 1812 1184; x_wconf 88' lang='lat' dir='ltr'>ex</span> <span class='ocrx_word' id='word_1_385' title='bbox 1832 1150 1912 1195; x_wconf 88' lang='lat' dir='ltr'>ipso</span> <span class='ocrx_word' id='word_1_386' title='bbox 1932 1149 2090 1185; x_wconf 81' lang='lat' dir='ltr'>Charace</span> <span class='ocrx_word' id='word_1_387' title='bbox 2110 1148 2279 1184; x_wconf 86' lang='lat' dir='ltr'>adduxe-</span> 
     </span>
     <span class='ocr_line' id='line_1_55' title="bbox 1249 1206 2280 1258; baseline -0.006 -12"><span class='ocrx_word' id='word_1_388' title='bbox 1249 1212 1310 1247; x_wconf 83' lang='lat' dir='ltr'>lit</span> <span class='ocrx_word' id='word_1_389' title='bbox 1337 1212 1483 1258; x_wconf 77' lang='lat' dir='ltr'>Fragm.</span> <span class='ocrx_word' id='word_1_390' title='bbox 1505 1210 1526 1244; x_wconf 85' lang='lat'>6</span> <span class='ocrx_word' id='word_1_391' title='bbox 1556 1210 1644 1243; x_wconf 87' lang='lat' dir='ltr'>item</span> <span class='ocrx_word' id='word_1_392' title='bbox 1669 1207 1882 1243; x_wconf 81' lang='lat' dir='ltr'>Callimachi</span> <span class='ocrx_word' id='word_1_393' title='bbox 1908 1207 2118 1241; x_wconf 88' lang='lat' dir='ltr'>testimonio</span> <span class='ocrx_word' id='word_1_394' title='bbox 2136 1206 2280 1241; x_wconf 81' lang='lat' dir='ltr'>Chalax</span> 
     </span>
     <span class='ocr_line' id='line_1_56' title="bbox 1251 1260 2280 1313; baseline -0.005 -10"><span class='ocrx_word' id='word_1_395' title='bbox 1251 1268 1388 1311; x_wconf 72' lang='lat' dir='ltr'>utitur)</span> <span class='ocrx_word' id='word_1_396' title='bbox 1402 1265 1512 1304; x_wconf 73' lang='grc' dir='ltr'>εΜετ’</span> <span class='ocrx_word' id='word_1_397' title='bbox 1531 1265 1631 1301; x_wconf 77' lang='grc' dir='ltr'>αὐτὸν</span> <span class='ocrx_word' id='word_1_398' title='bbox 1649 1266 1666 1300; x_wconf 80' lang='grc' dir='ltr'>ὃ</span> <span class='ocrx_word' id='word_1_399' title='bbox 1685 1262 1894 1313; x_wconf 78' lang='grc' dir='ltr'>Ἐριχθόνιος</span> <span class='ocrx_word' id='word_1_400' title='bbox 1912 1261 2032 1299; x_wconf 82' lang='grc' dir='ltr'>ἐπετέ)</span> <span class='ocrx_word' id='word_1_401' title='bbox 2036 1277 2090 1299; x_wconf 87' lang='grc' dir='ltr'>εσε</span> <span class='ocrx_word' id='word_1_402' title='bbox 2106 1261 2163 1298; x_wconf 78' lang='grc' dir='ltr'>τὸν</span> <span class='ocrx_word' id='word_1_403' title='bbox 2179 1260 2280 1298; x_wconf 84' lang='grc' dir='ltr'>αὐτὸν</span> 
     </span>
     <span class='ocr_line' id='line_1_57' title="bbox 1253 1318 2282 1375; baseline -0.005 -14"><span class='ocrx_word' id='word_1_404' title='bbox 1253 1326 1273 1361; x_wconf 86' lang='grc' dir='ltr'>ἀ</span> <span class='ocrx_word' id='word_1_405' title='bbox 1276 1320 1698 1375; x_wconf 79' lang='grc' dir='ltr'>γῶναᾶρμασιτετραπώλ</span> <span class='ocrx_word' id='word_1_406' title='bbox 1701 1336 1767 1363; x_wconf 84' lang='grc' dir='ltr'>οις·</span> <span class='ocrx_word' id='word_1_407' title='bbox 1784 1319 1834 1356; x_wconf 79' lang='grc' dir='ltr'>διὸ</span> <span class='ocrx_word' id='word_1_408' title='bbox 1849 1318 1907 1356; x_wconf 87' lang='grc' dir='ltr'>καὶ</span> <span class='ocrx_word' id='word_1_409' title='bbox 1921 1334 1997 1370; x_wconf 84' lang='grc' dir='ltr'>περι</span> <span class='ocrx_word' id='word_1_410' title='bbox 2002 1319 2153 1365; x_wconf 59' lang='lat' dir='ltr'>Com-05⁹</span> <span class='ocrx_word' id='word_1_411' title='bbox 2138 1318 2282 1370; x_wconf 85' lang='grc' dir='ltr'>εγένετο,</span> 
     </span>
     <span class='ocr_line' id='line_1_58' title="bbox 1254 1376 2282 1431; baseline -0.006 -12"><span class='ocrx_word' id='word_1_412' title='bbox 1254 1381 1342 1419; x_wconf 76' lang='grc' dir='ltr'>καθὰ</span> <span class='ocrx_word' id='word_1_413' title='bbox 1356 1383 1389 1418; x_wconf 81' lang='grc' dir='ltr'>ἐν</span> <span class='ocrx_word' id='word_1_414' title='bbox 1402 1381 1475 1423; x_wconf 82' lang='grc' dir='ltr'>ταῖς</span> <span class='ocrx_word' id='word_1_415' title='bbox 1493 1379 1654 1431; x_wconf 81' lang='grc' dir='ltr'>Χάρακος</span> <span class='ocrx_word' id='word_1_416' title='bbox 1671 1376 1853 1429; x_wconf 72' lang='grc' dir='ltr'>ἐμφέρεται</span> <span class='ocrx_word' id='word_1_417' title='bbox 1866 1377 2030 1429; x_wconf 79' lang='grc' dir='ltr'>ἱστορίαις</span> <span class='ocrx_word' id='word_1_418' title='bbox 2045 1393 2052 1400; x_wconf 94' lang='grc'><em>·</em></span> <span class='ocrx_word' id='word_1_419' title='bbox 2069 1376 2103 1420; x_wconf 80' lang='grc' dir='ltr'>ὃς</span> <span class='ocrx_word' id='word_1_420' title='bbox 2120 1377 2282 1428; x_wconf 82' lang='grc' dir='ltr'>συνεγρά-</span> 
     </span>
     <span class='ocr_line' id='line_1_59' title="bbox 1253 1434 2283 1491; baseline -0.006 -14"><span class='ocrx_word' id='word_1_421' title='bbox 1253 1442 1342 1491; x_wconf 73' lang='grc' dir='ltr'>ψατο</span> <span class='ocrx_word' id='word_1_422' title='bbox 1358 1438 1417 1476; x_wconf 78' lang='grc' dir='ltr'>καὶ</span> <span class='ocrx_word' id='word_1_423' title='bbox 1434 1441 1542 1475; x_wconf 77' lang='grc' dir='ltr'>ταῦτα</span> <span class='ocrx_word' id='word_1_424' title='bbox 1553 1469 1561 1483; x_wconf 86' lang='grc'><em>,</em></span> <span class='ocrx_word' id='word_1_425' title='bbox 1581 1436 1633 1474; x_wconf 78' lang='grc' dir='ltr'>ὅτι</span> <span class='ocrx_word' id='word_1_426' title='bbox 1645 1439 1703 1473; x_wconf 78' lang='grc' dir='ltr'>τοῦ</span> <span class='ocrx_word' id='word_1_427' title='bbox 1720 1435 1947 1486; x_wconf 78' lang='grc' dir='ltr'>ἱπποδρομίου</span> <span class='ocrx_word' id='word_1_428' title='bbox 1965 1435 2002 1472; x_wconf 79' lang='grc' dir='ltr'>τὸ</span> <span class='ocrx_word' id='word_1_429' title='bbox 2018 1434 2148 1484; x_wconf 86' lang='grc' dir='ltr'>κτίσμα</span> <span class='ocrx_word' id='word_1_430' title='bbox 2163 1436 2208 1478; x_wconf 85' lang='grc' dir='ltr'>εἷς</span> <span class='ocrx_word' id='word_1_431' title='bbox 2221 1434 2283 1480; x_wconf 85' lang='grc' dir='ltr'>τὴν</span> 
     </span>
     <span class='ocr_line' id='line_1_60' title="bbox 1254 1492 2285 1546; baseline -0.005 -12"><span class='ocrx_word' id='word_1_432' title='bbox 1254 1501 1311 1534; x_wconf 72' lang='grc' dir='ltr'>τοῦ</span> <span class='ocrx_word' id='word_1_433' title='bbox 1328 1497 1458 1545; x_wconf 83' lang='grc' dir='ltr'>κόσμου</span> <span class='ocrx_word' id='word_1_434' title='bbox 1479 1495 1643 1541; x_wconf 83' lang='grc' dir='ltr'>διοίκησιν</span> <span class='ocrx_word' id='word_1_435' title='bbox 1663 1492 1886 1546; x_wconf 80' lang='grc' dir='ltr'>ᾠκοδομήθη,</span> <span class='ocrx_word' id='word_1_436' title='bbox 1905 1495 1995 1529; x_wconf 78' lang='grc' dir='ltr'>τοῦτ’</span> <span class='ocrx_word' id='word_1_437' title='bbox 2017 1493 2089 1530; x_wconf 81' lang='grc' dir='ltr'>ἐστὶ</span> <span class='ocrx_word' id='word_1_438' title='bbox 2105 1496 2164 1529; x_wconf 76' lang='grc' dir='ltr'>τοῦ</span> <span class='ocrx_word' id='word_1_439' title='bbox 2183 1494 2285 1544; x_wconf 79' lang='grc' dir='ltr'>οὖρα-</span> 
     </span>
     <span class='ocr_line' id='line_1_61' title="bbox 1257 1550 2285 1603; baseline -0.004 -12"><span class='ocrx_word' id='word_1_440' title='bbox 1257 1558 1313 1592; x_wconf 78' lang='grc' dir='ltr'>νοῧ</span> <span class='ocrx_word' id='word_1_441' title='bbox 1335 1554 1392 1591; x_wconf 72' lang='grc' dir='ltr'>καὶ</span> <span class='ocrx_word' id='word_1_442' title='bbox 1415 1557 1474 1599; x_wconf 65' lang='grc' dir='ltr'>τῆς</span> <span class='ocrx_word' id='word_1_443' title='bbox 1493 1556 1555 1603; x_wconf 75' lang='grc' dir='ltr'>γῆς</span> <span class='ocrx_word' id='word_1_444' title='bbox 1571 1552 1629 1590; x_wconf 85' lang='grc' dir='ltr'>καὶ</span> <span class='ocrx_word' id='word_1_445' title='bbox 1647 1555 1707 1597; x_wconf 76' lang='grc' dir='ltr'>τῆς</span> <span class='ocrx_word' id='word_1_446' title='bbox 1723 1550 1916 1597; x_wconf 82' lang='grc' dir='ltr'>θαλάσσης·</span> <span class='ocrx_word' id='word_1_447' title='bbox 1937 1550 1997 1593; x_wconf 87' lang='grc' dir='ltr'>τὰς</span> <span class='ocrx_word' id='word_1_448' title='bbox 2021 1550 2056 1587; x_wconf 75' lang='grc' dir='ltr'>δὲ</span> <span class='ocrx_word' id='word_1_449' title='bbox 2074 1550 2217 1588; x_wconf 78' lang='grc' dir='ltr'>δεκαδύο</span> <span class='ocrx_word' id='word_1_450' title='bbox 2233 1550 2285 1587; x_wconf 79' lang='grc' dir='ltr'>θύ-</span> 
     </span>
     <span class='ocr_line' id='line_1_62' title="bbox 1257 1609 2299 1663; baseline -0.005 -14"><span class='ocrx_word' id='word_1_451' title='bbox 1257 1627 1315 1663; x_wconf 73' lang='grc' dir='ltr'>ρας</span> <span class='ocrx_word' id='word_1_452' title='bbox 1329 1611 1402 1654; x_wconf 76' lang='grc' dir='ltr'>τοὺς</span> <span class='ocrx_word' id='word_1_453' title='bbox 1413 1612 1545 1648; x_wconf 78' lang='grc' dir='ltr'>δώδεκα</span> <span class='ocrx_word' id='word_1_454' title='bbox 1559 1610 1669 1652; x_wconf 88' lang='grc' dir='ltr'>οἴκους</span> <span class='ocrx_word' id='word_1_455' title='bbox 1684 1609 1843 1659; x_wconf 81' lang='grc' dir='ltr'>ἱστόρησε</span> <span class='ocrx_word' id='word_1_456' title='bbox 1858 1612 1917 1646; x_wconf 79' lang='grc' dir='ltr'>τοῦ</span> <span class='ocrx_word' id='word_1_457' title='bbox 1936 1609 2104 1652; x_wconf 74' lang='grc' dir='ltr'>ζωδιακοῦ</span> <span class='ocrx_word' id='word_1_458' title='bbox 2120 1612 2180 1645; x_wconf 77' lang='grc' dir='ltr'>τοῦ</span> <span class='ocrx_word' id='word_1_459' title='bbox 2200 1609 2299 1645; x_wconf 72' lang='grc' dir='ltr'>διοι-’</span> 
     </span>
     <span class='ocr_line' id='line_1_63' title="bbox 1256 1665 2287 1718; baseline -0.005 -11"><span class='ocrx_word' id='word_1_460' title='bbox 1256 1685 1392 1712; x_wconf 89' lang='grc' dir='ltr'>κουντος</span> <span class='ocrx_word' id='word_1_461' title='bbox 1418 1668 1479 1714; x_wconf 77' lang='grc' dir='ltr'>τὴν</span> <span class='ocrx_word' id='word_1_462' title='bbox 1505 1668 1569 1718; x_wconf 68' lang='grc' dir='ltr'>γῆν</span> <span class='ocrx_word' id='word_1_463' title='bbox 1589 1683 1648 1704; x_wconf 87' lang='grc' dir='ltr'>και</span> <span class='ocrx_word' id='word_1_464' title='bbox 1664 1666 1725 1712; x_wconf 80' lang='grc' dir='ltr'>τὴν</span> <span class='ocrx_word' id='word_1_465' title='bbox 1746 1667 1923 1704; x_wconf 73' lang='grc' dir='ltr'>θάλασσαν</span> <span class='ocrx_word' id='word_1_466' title='bbox 1941 1681 1999 1703; x_wconf 87' lang='grc' dir='ltr'>και</span> <span class='ocrx_word' id='word_1_467' title='bbox 2019 1667 2084 1703; x_wconf 77' lang='grc' dir='ltr'>τῶν</span> <span class='ocrx_word' id='word_1_468' title='bbox 2102 1665 2287 1717; x_wconf 84' lang='grc' dir='ltr'>ἀνθρώπων</span> 
     </span>
     <span class='ocr_line' id='line_1_64' title="bbox 1256 1722 2338 1777; baseline -0.004 -13"><span class='ocrx_word' id='word_1_469' title='bbox 1256 1743 1312 1764; x_wconf 89' lang='grc' dir='ltr'>τον</span> <span class='ocrx_word' id='word_1_470' title='bbox 1338 1726 1522 1777; x_wconf 76' lang='grc' dir='ltr'>παροδικὸν</span> <span class='ocrx_word' id='word_1_471' title='bbox 1542 1742 1602 1763; x_wconf 87' lang='grc' dir='ltr'>του</span> <span class='ocrx_word' id='word_1_472' title='bbox 1632 1725 1706 1776; x_wconf 85' lang='grc' dir='ltr'>βίου</span> <span class='ocrx_word' id='word_1_473' title='bbox 1727 1724 1863 1776; x_wconf 71' lang='grc' dir='ltr'>δρόμον.</span> <span class='ocrx_word' id='word_1_474' title='bbox 1883 1724 1972 1762; x_wconf 88' lang='grc' dir='ltr'>Το</span> <span class='ocrx_word' id='word_1_475' title='bbox 1955 1722 1989 1760; x_wconf 84' lang='grc' dir='ltr'>οὲ</span> <span class='ocrx_word' id='word_1_476' title='bbox 2010 1723 2127 1773; x_wconf 84' lang='grc' dir='ltr'>πέλμα</span> <span class='ocrx_word' id='word_1_477' title='bbox 2151 1727 2211 1761; x_wconf 78' lang='grc' dir='ltr'>τοῦ</span> <span class='ocrx_word' id='word_1_478' title='bbox 2237 1739 2289 1760; x_wconf 86' lang='grc' dir='ltr'>ιπ</span> <span class='ocrx_word' id='word_1_479' title='bbox 2337 1763 2338 1771; x_wconf 50' lang='grc'><em>,</em></span> 
     </span>
     <span class='ocr_line' id='line_1_65' title="bbox 1257 1775 2338 1834; baseline -0.004 -12"><span class='ocrx_word' id='word_1_480' title='bbox 1257 1800 1357 1822; x_wconf 81' lang='grc' dir='ltr'>πικου</span> <span class='ocrx_word' id='word_1_481' title='bbox 1379 1783 1440 1831; x_wconf 75' lang='grc' dir='ltr'>τὴν</span> <span class='ocrx_word' id='word_1_482' title='bbox 1461 1787 1523 1834; x_wconf 82' lang='grc' dir='ltr'>γ’ῆν</span> <span class='ocrx_word' id='word_1_483' title='bbox 1544 1789 1659 1821; x_wconf 77' lang='grc' dir='ltr'>πᾶσαν</span> <span class='ocrx_word' id='word_1_484' title='bbox 1677 1786 1781 1829; x_wconf 80' lang='grc' dir='ltr'>εἶναι,</span> <span class='ocrx_word' id='word_1_485' title='bbox 1799 1798 1856 1819; x_wconf 90' lang='grc' dir='ltr'>τον</span> <span class='ocrx_word' id='word_1_486' title='bbox 1877 1781 1912 1819; x_wconf 85' lang='grc' dir='ltr'>δὲ</span> <span class='ocrx_word' id='word_1_487' title='bbox 1930 1780 2065 1832; x_wconf 84' lang='grc' dir='ltr'>εὔριπον</span> <span class='ocrx_word' id='word_1_488' title='bbox 2084 1780 2145 1826; x_wconf 86' lang='grc' dir='ltr'>τὴν</span> <span class='ocrx_word' id='word_1_489' title='bbox 2164 1781 2288 1818; x_wconf 81' lang='grc' dir='ltr'>Θάλασ-</span> <span class='ocrx_word' id='word_1_490' title='bbox 2337 1775 2338 1779; x_wconf 26' lang='lat'>¹</span> 
     </span>
     <span class='ocr_line' id='line_1_66' title="bbox 1258 1838 2288 1891; baseline -0.004 -11"><span class='ocrx_word' id='word_1_491' title='bbox 1258 1859 1320 1880; x_wconf 88' lang='grc' dir='ltr'>σαν</span> <span class='ocrx_word' id='word_1_492' title='bbox 1349 1843 1414 1880; x_wconf 77' lang='grc' dir='ltr'>ὑπὸ</span> <span class='ocrx_word' id='word_1_493' title='bbox 1439 1858 1498 1888; x_wconf 89' lang='grc' dir='ltr'>της</span> <span class='ocrx_word' id='word_1_494' title='bbox 1527 1845 1588 1891; x_wconf 78' lang='grc' dir='ltr'>γῆς</span> <span class='ocrx_word' id='word_1_495' title='bbox 1609 1840 1856 1890; x_wconf 81' lang='grc' dir='ltr'>μεσαζομένην,</span> <span class='ocrx_word' id='word_1_496' title='bbox 1880 1839 1936 1876; x_wconf 81' lang='grc' dir='ltr'>τὸν</span> <span class='ocrx_word' id='word_1_497' title='bbox 1965 1838 2000 1876; x_wconf 81' lang='grc' dir='ltr'>δὲ</span> <span class='ocrx_word' id='word_1_498' title='bbox 2026 1838 2083 1876; x_wconf 84' lang='grc' dir='ltr'>ἐπὶ</span> <span class='ocrx_word' id='word_1_499' title='bbox 2107 1838 2167 1881; x_wconf 84' lang='grc' dir='ltr'>τὰς</span> <span class='ocrx_word' id='word_1_500' title='bbox 2186 1838 2288 1890; x_wconf 83' lang='grc' dir='ltr'>θύρας</span> 
     </span>
     <span class='ocr_line' id='line_1_67' title="bbox 1258 1895 2287 1949; baseline -0.004 -13"><span class='ocrx_word' id='word_1_501' title='bbox 1258 1899 1417 1949; x_wconf 79' lang='grc' dir='ltr'>καμπτὸν</span> <span class='ocrx_word' id='word_1_502' title='bbox 1440 1898 1501 1944; x_wconf 80' lang='grc' dir='ltr'>τὴν</span> <span class='ocrx_word' id='word_1_503' title='bbox 1523 1899 1705 1946; x_wconf 82' lang='grc' dir='ltr'>ἀνατολὴν,</span> <span class='ocrx_word' id='word_1_504' title='bbox 1730 1898 1786 1934; x_wconf 80' lang='grc' dir='ltr'>τὸν</span> <span class='ocrx_word' id='word_1_505' title='bbox 1806 1896 1842 1934; x_wconf 79' lang='grc' dir='ltr'>δὲ</span> <span class='ocrx_word' id='word_1_506' title='bbox 1864 1896 1922 1933; x_wconf 81' lang='grc' dir='ltr'>ἐπὶ</span> <span class='ocrx_word' id='word_1_507' title='bbox 1941 1895 2003 1942; x_wconf 75' lang='grc' dir='ltr'>τὴν</span> <span class='ocrx_word' id='word_1_508' title='bbox 2024 1895 2205 1948; x_wconf 77' lang='grc' dir='ltr'>σφενδόνην</span> <span class='ocrx_word' id='word_1_509' title='bbox 2225 1895 2287 1941; x_wconf 76' lang='grc' dir='ltr'>τὴν</span> 
     </span>
     <span class='ocr_line' id='line_1_68' title="bbox 1259 1952 2290 2006; baseline -0.005 -12"><span class='ocrx_word' id='word_1_510' title='bbox 1259 1957 1418 2003; x_wconf 77' lang='grc' dir='ltr'>δύσιν,τὰ</span> <span class='ocrx_word' id='word_1_511' title='bbox 1430 1955 1466 1993; x_wconf 78' lang='grc' dir='ltr'>δὲ</span> <span class='ocrx_word' id='word_1_512' title='bbox 1479 1956 1567 1994; x_wconf 79' lang='grc' dir='ltr'>ἑπτὰ</span> <span class='ocrx_word' id='word_1_513' title='bbox 1581 1956 1710 1993; x_wconf 84' lang='grc' dir='ltr'>σπάτια</span> <span class='ocrx_word' id='word_1_514' title='bbox 1721 1954 1778 1992; x_wconf 77' lang='grc' dir='ltr'>τὸν</span> <span class='ocrx_word' id='word_1_515' title='bbox 1790 1954 1914 2006; x_wconf 82' lang='grc' dir='ltr'>δρόμον</span> <span class='ocrx_word' id='word_1_516' title='bbox 1928 1953 1986 1991; x_wconf 81' lang='grc' dir='ltr'>καὶ</span> <span class='ocrx_word' id='word_1_517' title='bbox 2000 1952 2060 1999; x_wconf 82' lang='grc' dir='ltr'>τὴν</span> <span class='ocrx_word' id='word_1_518' title='bbox 2073 1953 2203 1999; x_wconf 89' lang='grc' dir='ltr'>κίνησιν</span> <span class='ocrx_word' id='word_1_519' title='bbox 2214 1954 2290 2004; x_wconf 80' lang='grc' dir='ltr'>(τῆς</span> 
     </span>
     <span class='ocr_line' id='line_1_69' title="bbox 1259 2011 2285 2065; baseline -0.003 -13"><span class='ocrx_word' id='word_1_520' title='bbox 1259 2015 1503 2065; x_wconf 85' lang='grc' dir='ltr'>ἀστρονομίας)</span> <span class='ocrx_word' id='word_1_521' title='bbox 1518 2017 1584 2051; x_wconf 81' lang='grc' dir='ltr'>τῶν</span> <span class='ocrx_word' id='word_1_522' title='bbox 1597 2013 1683 2051; x_wconf 82' lang='grc' dir='ltr'>ἑπτὰ</span> <span class='ocrx_word' id='word_1_523' title='bbox 1698 2013 1850 2064; x_wconf 82' lang='grc' dir='ltr'>ἀστέρων</span> <span class='ocrx_word' id='word_1_524' title='bbox 1868 2013 1948 2062; x_wconf 78' lang='grc' dir='ltr'>(τῆς</span> <span class='ocrx_word' id='word_1_525' title='bbox 1960 2012 2111 2061; x_wconf 83' lang='grc' dir='ltr'>μεγάλης</span> <span class='ocrx_word' id='word_1_526' title='bbox 2123 2011 2246 2063; x_wconf 81' lang='grc' dir='ltr'>ἄρκτου</span> <span class='ocrx_word' id='word_1_527' title='bbox 2258 2012 2268 2061; x_wconf 97' lang='grc'>)</span> <span class='ocrx_word' id='word_1_528' title='bbox 2278 2042 2285 2049; x_wconf 94' lang='grc'><strong>.</strong></span> 
     </span>
    </p>

    <p class='ocr_par' dir='ltr' id='par_1_19' title="bbox 1259 2072 2290 2179">
     <span class='ocr_line' id='line_1_70' title="bbox 1311 2072 2290 2111; baseline -0.004 -2"><span class='ocrx_word' id='word_1_529' title='bbox 1311 2075 1449 2111; x_wconf 88' lang='lat' dir='ltr'>Eadem</span> <span class='ocrx_word' id='word_1_530' title='bbox 1463 2087 1508 2110; x_wconf 83' lang='lat' dir='ltr'>ex</span> <span class='ocrx_word' id='word_1_531' title='bbox 1521 2075 1690 2111; x_wconf 85' lang='lat' dir='ltr'>Characis</span> <span class='ocrx_word' id='word_1_532' title='bbox 1703 2073 1875 2108; x_wconf 86' lang='lat' dir='ltr'>Historiis</span> <span class='ocrx_word' id='word_1_533' title='bbox 1895 2072 2100 2107; x_wconf 83' lang='lat' dir='ltr'>afferuntur</span> <span class='ocrx_word' id='word_1_534' title='bbox 2119 2072 2165 2106; x_wconf 86' lang='lat' dir='ltr'>ab</span> <span class='ocrx_word' id='word_1_535' title='bbox 2184 2073 2290 2106; x_wconf 89' lang='lat' dir='ltr'>Ano-</span> 
     </span>
     <span class='ocr_line' id='line_1_71' title="bbox 1259 2130 2286 2179; baseline -0.003 -13"><span class='ocrx_word' id='word_1_536' title='bbox 1259 2144 1373 2179; x_wconf 77' lang='lat' dir='ltr'>nymo</span> <span class='ocrx_word' id='word_1_537' title='bbox 1390 2133 1426 2166; x_wconf 90' lang='lat' dir='ltr'>in</span> <span class='ocrx_word' id='word_1_538' title='bbox 1441 2132 1604 2168; x_wconf 85' lang='lat' dir='ltr'>Crameri</span> <span class='ocrx_word' id='word_1_539' title='bbox 1617 2131 1802 2167; x_wconf 90' lang='lat' dir='ltr'>Anecdot.</span> <span class='ocrx_word' id='word_1_540' title='bbox 1821 2131 1973 2166; x_wconf 87' lang='lat' dir='ltr'>Parisin.</span> <span class='ocrx_word' id='word_1_541' title='bbox 1988 2136 2080 2164; x_wconf 87' lang='lat' dir='ltr'>tom.</span> <span class='ocrx_word' id='word_1_542' title='bbox 2095 2130 2144 2172; x_wconf 90' lang='lat' dir='ltr'>II,</span> <span class='ocrx_word' id='word_1_543' title='bbox 2162 2140 2200 2175; x_wconf 88' lang='lat' dir='ltr'>p.</span> <span class='ocrx_word' id='word_1_544' title='bbox 2216 2140 2286 2175; x_wconf 84' lang='lat'>291</span> 
     </span>
    </p>
   </div>
   <div class='ocr_carea' id='block_1_16' title="bbox 1246 2186 2289 2237">
    <p class='ocr_par' dir='ltr' id='par_1_20' title="bbox 1246 2186 2289 2237">
     <span class='ocr_line' id='line_1_72' title="bbox 1246 2186 2289 2237; baseline -0.003 -14"><span class='ocrx_word' id='word_1_545' title='bbox 1246 2188 1273 2237; x_wconf 89' lang='grc'>(</span> <span class='ocrx_word' id='word_1_546' title='bbox 1290 2190 1354 2223; x_wconf 91' lang='lat' dir='ltr'>ubi</span> <span class='ocrx_word' id='word_1_547' title='bbox 1372 2190 1524 2225; x_wconf 85' lang='lat' dir='ltr'>mendas</span> <span class='ocrx_word' id='word_1_548' title='bbox 1544 2190 1834 2236; x_wconf 87' lang='lat' dir='ltr'>quamplurimas</span> <span class='ocrx_word' id='word_1_549' title='bbox 1858 2200 1902 2223; x_wconf 82' lang='lat' dir='ltr'>ex</span> <span class='ocrx_word' id='word_1_550' title='bbox 1928 2186 2061 2223; x_wconf 78' lang='lat' dir='ltr'>Matala</span> <span class='ocrx_word' id='word_1_551' title='bbox 2078 2214 2087 2230; x_wconf 90' lang='lat'>,</span> <span class='ocrx_word' id='word_1_552' title='bbox 2103 2187 2289 2222; x_wconf 85' lang='lat' dir='ltr'>Chronico</span> 
     </span>
    </p>
   </div>
   <div class='ocr_carea' id='block_1_17' title="bbox 1261 2238 2292 2291">
    <p class='ocr_par' dir='ltr' id='par_1_21' title="bbox 1261 2238 2292 2291">
     <span class='ocr_line' id='line_1_73' title="bbox 1261 2238 2292 2291; baseline -0.003 -10"><span class='ocrx_word' id='word_1_553' title='bbox 1261 2247 1423 2282; x_wconf 86' lang='lat' dir='ltr'>Pasehali</span> <span class='ocrx_word' id='word_1_554' title='bbox 1441 2254 1476 2282; x_wconf 87' lang='lat' dir='ltr'>et</span> <span class='ocrx_word' id='word_1_555' title='bbox 1492 2247 1674 2291; x_wconf 88' lang='lat' dir='ltr'>Cedreno,</span> <span class='ocrx_word' id='word_1_556' title='bbox 1690 2254 1768 2282; x_wconf 81' lang='lat' dir='ltr'>tuni</span> <span class='ocrx_word' id='word_1_557' title='bbox 1787 2248 1824 2281; x_wconf 89' lang='lat' dir='ltr'>in</span> <span class='ocrx_word' id='word_1_558' title='bbox 1841 2247 1898 2281; x_wconf 84' lang='lat' dir='ltr'>his</span> <span class='ocrx_word' id='word_1_559' title='bbox 1913 2252 1992 2280; x_wconf 91' lang='lat' dir='ltr'>tum</span> <span class='ocrx_word' id='word_1_560' title='bbox 2012 2246 2051 2279; x_wconf 90' lang='lat' dir='ltr'>in</span> <span class='ocrx_word' id='word_1_561' title='bbox 2071 2238 2148 2279; x_wconf 83' lang='lat' dir='ltr'>aliis</span> <span class='ocrx_word' id='word_1_562' title='bbox 2161 2244 2292 2279; x_wconf 90' lang='lat' dir='ltr'>tollere</span> 
     </span>
    </p>
   </div>
   <div class='ocr_carea' id='block_1_18' title="bbox 191 2321 2295 2334">
    <p class='ocr_par' dir='ltr' id='par_1_22' title="bbox 191 2321 2295 2334">
     <span class='ocr_line' id='line_1_74' title="bbox 191 2321 2295 2334; baseline 0 1431"><span class='ocrx_word' id='word_1_563' title='bbox 191 2321 2295 2334; x_wconf 95' lang='lat' dir='ltr'> </span> 
     </span>
    </p>
   </div>
   <div class='ocr_carea' id='block_1_19' title="bbox 176 2356 1203 2549">
    <p class='ocr_par' dir='ltr' id='par_1_23' title="bbox 176 2356 1203 2549">
     <span class='ocr_line' id='line_1_75' title="bbox 176 2356 1201 2398; baseline -0.005 -8"><span class='ocrx_word' id='word_1_564' title='bbox 176 2369 239 2390; x_wconf 87' lang='lat' dir='ltr'>una</span> <span class='ocrx_word' id='word_1_565' title='bbox 263 2368 363 2398; x_wconf 76' lang='lat' dir='ltr'>nare,</span> <span class='ocrx_word' id='word_1_566' title='bbox 389 2361 425 2390; x_wconf 93' lang='lat' dir='ltr'>ut</span> <span class='ocrx_word' id='word_1_567' title='bbox 446 2359 572 2398; x_wconf 68' lang='lat' dir='ltr'>vulgata</span> <span class='ocrx_word' id='word_1_568' title='bbox 588 2358 627 2389; x_wconf 85' lang='lat' dir='ltr'>de</span> <span class='ocrx_word' id='word_1_569' title='bbox 648 2361 728 2396; x_wconf 81' lang='lat' dir='ltr'>Argo</span> <span class='ocrx_word' id='word_1_570' title='bbox 751 2357 856 2388; x_wconf 88' lang='lat' dir='ltr'>sabula</span> <span class='ocrx_word' id='word_1_571' title='bbox 873 2356 1034 2396; x_wconf 78' lang='lat' dir='ltr'>perhibet,</span> <span class='ocrx_word' id='word_1_572' title='bbox 1051 2356 1105 2386; x_wconf 88' lang='lat' dir='ltr'>sed</span> <span class='ocrx_word' id='word_1_573' title='bbox 1119 2364 1201 2386; x_wconf 83' lang='lat' dir='ltr'>com·</span> 
     </span>
     <span class='ocr_line' id='line_1_76' title="bbox 177 2406 1202 2449; baseline -0.003 -10"><span class='ocrx_word' id='word_1_574' title='bbox 177 2410 357 2449; x_wconf 82' lang='lat' dir='ltr'>pluribusin</span> <span class='ocrx_word' id='word_1_575' title='bbox 374 2411 506 2441; x_wconf 80' lang='lat' dir='ltr'>Pontum</span> <span class='ocrx_word' id='word_1_576' title='bbox 527 2410 685 2439; x_wconf 78' lang='lat' dir='ltr'>Euxinum</span> <span class='ocrx_word' id='word_1_577' title='bbox 708 2408 913 2445; x_wconf 80' lang='lat' dir='ltr'>innavigasse.</span> <span class='ocrx_word' id='word_1_578' title='bbox 939 2406 1111 2437; x_wconf 79' lang='lat' dir='ltr'>Nonnullas</span> <span class='ocrx_word' id='word_1_579' title='bbox 1127 2414 1202 2436; x_wconf 78' lang='lat' dir='ltr'>vero</span> 
     </span>
     <span class='ocr_line' id='line_1_77' title="bbox 177 2456 1203 2500; baseline -0.006 -8"><span class='ocrx_word' id='word_1_580' title='bbox 177 2471 195 2492; x_wconf 85' lang='lat' dir='ltr'>a</span> <span class='ocrx_word' id='word_1_581' title='bbox 209 2462 259 2492; x_wconf 73' lang='lat' dir='ltr'>via</span> <span class='ocrx_word' id='word_1_582' title='bbox 280 2462 456 2498; x_wconf 84' lang='lat' dir='ltr'>aberrasse,</span> <span class='ocrx_word' id='word_1_583' title='bbox 473 2468 606 2500; x_wconf 89' lang='lat' dir='ltr'>quarum</span> <span class='ocrx_word' id='word_1_584' title='bbox 624 2460 655 2490; x_wconf 92' lang='lat' dir='ltr'>in</span> <span class='ocrx_word' id='word_1_585' title='bbox 678 2468 739 2489; x_wconf 87' lang='lat' dir='ltr'>una</span> <span class='ocrx_word' id='word_1_586' title='bbox 763 2458 855 2489; x_wconf 82' lang='lat' dir='ltr'>fuisse</span> <span class='ocrx_word' id='word_1_587' title='bbox 874 2456 1123 2496; x_wconf 68' lang='lat' dir='ltr'>Tyndaridai-um</span> <span class='ocrx_word' id='word_1_588' title='bbox 1137 2457 1203 2487; x_wconf 79' lang='lat' dir='ltr'>sive</span> 
     </span>
     <span class='ocr_line' id='line_1_78' title="bbox 179 2507 1203 2549; baseline -0.007 -5"><span class='ocrx_word' id='word_1_589' title='bbox 179 2513 401 2544; x_wconf 69' lang='lat' dir='ltr'>mosem-eruin</span> <span class='ocrx_word' id='word_1_590' title='bbox 415 2511 557 2549; x_wconf 62' lang='lat' dir='ltr'>aurigas(</span> <span class='ocrx_word' id='word_1_591' title='bbox 571 2510 746 2549; x_wconf 73' lang='grc' dir='ltr'>ἡνιόχους),</span> <span class='ocrx_word' id='word_1_592' title='bbox 761 2517 778 2538; x_wconf 90' lang='lat' dir='ltr'>a</span> <span class='ocrx_word' id='word_1_593' title='bbox 789 2508 905 2547; x_wconf 79' lang='lat' dir='ltr'>quibus</span> <span class='ocrx_word' id='word_1_594' title='bbox 916 2507 1066 2538; x_wconf 75' lang='lat' dir='ltr'>Heniochi</span> <span class='ocrx_word' id='word_1_595' title='bbox 1077 2509 1108 2538; x_wconf 84' lang='lat' dir='ltr'>et</span> <span class='ocrx_word' id='word_1_596' title='bbox 1122 2510 1203 2546; x_wconf 70' lang='lat' dir='ltr'>Tyn-</span> 
     </span>
    </p>
   </div>
   <div class='ocr_carea' id='block_1_20' title="bbox 179 2557 1235 2601">
    <p class='ocr_par' dir='ltr' id='par_1_24' title="bbox 179 2557 1235 2601">
     <span class='ocr_line' id='line_1_79' title="bbox 179 2557 1235 2601; baseline -0.006 -8"><span class='ocrx_word' id='word_1_597' title='bbox 179 2563 295 2593; x_wconf 77' lang='lat' dir='ltr'>darida:</span> <span class='ocrx_word' id='word_1_598' title='bbox 312 2565 417 2601; x_wconf 68' lang='lat' dir='ltr'>gentes</span> <span class='ocrx_word' id='word_1_599' title='bbox 435 2570 550 2592; x_wconf 85' lang='lat' dir='ltr'>nomen</span> <span class='ocrx_word' id='word_1_600' title='bbox 581 2561 733 2598; x_wconf 88' lang='lat' dir='ltr'>habeant;</span> <span class='ocrx_word' id='word_1_601' title='bbox 762 2568 819 2590; x_wconf 88' lang='lat' dir='ltr'>nec</span> <span class='ocrx_word' id='word_1_602' title='bbox 837 2567 898 2589; x_wconf 93' lang='lat' dir='ltr'>non</span> <span class='ocrx_word' id='word_1_603' title='bbox 917 2557 1130 2589; x_wconf 84' lang='lat' dir='ltr'>Dioscuridem</span> <span class='ocrx_word' id='word_1_604' title='bbox 1154 2566 1202 2588; x_wconf 87' lang='lat' dir='ltr'>re·</span> <span class='ocrx_word' id='word_1_605' title='bbox 1231 2580 1235 2587; x_wconf 86' lang='lat'>.</span> 
     </span>
    </p>
   </div>
   <div class='ocr_carea' id='block_1_21' title="bbox 179 2609 1210 3225">
    <p class='ocr_par' dir='ltr' id='par_1_25' title="bbox 179 2609 1203 2747">
     <span class='ocr_line' id='line_1_80' title="bbox 179 2609 1203 2652; baseline -0.006 -7"><span class='ocrx_word' id='word_1_606' title='bbox 179 2616 301 2652; x_wconf 54' lang='lat' dir='ltr'>aionem</span> <span class='ocrx_word' id='word_1_607' title='bbox 314 2637 322 2651; x_wconf 92' lang='lat'>‚</span> <span class='ocrx_word' id='word_1_608' title='bbox 336 2623 408 2652; x_wconf 77' lang='lat' dir='ltr'>‹111ae</span> <span class='ocrx_word' id='word_1_609' title='bbox 422 2614 452 2644; x_wconf 90' lang='lat' dir='ltr'>in</span> <span class='ocrx_word' id='word_1_610' title='bbox 467 2613 578 2643; x_wconf 86' lang='lat' dir='ltr'>ultimo</span> <span class='ocrx_word' id='word_1_611' title='bbox 596 2612 707 2642; x_wconf 77' lang='lat' dir='ltr'>Euxini</span> <span class='ocrx_word' id='word_1_612' title='bbox 725 2611 814 2641; x_wconf 81' lang='lat' dir='ltr'>Ponti</span> <span class='ocrx_word' id='word_1_613' title='bbox 831 2618 951 2640; x_wconf 85' lang='lat' dir='ltr'>recessu</span> <span class='ocrx_word' id='word_1_614' title='bbox 967 2609 1005 2640; x_wconf 85' lang='lat' dir='ltr'>ad</span> <span class='ocrx_word' id='word_1_615' title='bbox 1024 2610 1203 2649; x_wconf 85' lang='lat' dir='ltr'>Trapezun-</span> 
     </span>
     <span class='ocr_line' id='line_1_81' title="bbox 180 2662 974 2702; baseline -0.008 -5"><span class='ocrx_word' id='word_1_616' title='bbox 180 2669 244 2698; x_wconf 89' lang='lat' dir='ltr'>tem</span> <span class='ocrx_word' id='word_1_617' title='bbox 268 2665 443 2697; x_wconf 78' lang='lat' dir='ltr'>Colchicam</span> <span class='ocrx_word' id='word_1_618' title='bbox 456 2664 514 2695; x_wconf 85' lang='lat' dir='ltr'>sita</span> <span class='ocrx_word' id='word_1_619' title='bbox 530 2665 593 2701; x_wconf 87' lang='lat' dir='ltr'>est,</span> <span class='ocrx_word' id='word_1_620' title='bbox 608 2663 681 2693; x_wconf 86' lang='lat' dir='ltr'>hine</span> <span class='ocrx_word' id='word_1_621' title='bbox 700 2662 885 2702; x_wconf 77' lang='lat' dir='ltr'>appellatam</span> <span class='ocrx_word' id='word_1_622' title='bbox 897 2670 974 2692; x_wconf 89' lang='lat' dir='ltr'>esse.</span> 
     </span>
     <span class='ocr_line' id='line_1_82' title="bbox 666 2717 719 2747; baseline 0 0"><span class='ocrx_word' id='word_1_623' title='bbox 666 2717 719 2747; x_wconf 77' lang='lat'>16.</span> 
     </span>
    </p>

    <p class='ocr_par' dir='ltr' id='par_1_26' title="bbox 184 2770 1209 3068">
     <span class='ocr_line' id='line_1_83' title="bbox 224 2770 1204 2813; baseline -0.005 -8"><span class='ocrx_word' id='word_1_624' title='bbox 224 2776 375 2813; x_wconf 73' lang='lat' dir='ltr'>Europoea</span> <span class='ocrx_word' id='word_1_625' title='bbox 404 2771 546 2803; x_wconf 76' lang='lat' dir='ltr'>Herculis</span> <span class='ocrx_word' id='word_1_626' title='bbox 565 2771 710 2802; x_wconf 87' lang='lat' dir='ltr'>columna</span> <span class='ocrx_word' id='word_1_627' title='bbox 735 2770 817 2810; x_wconf 89' lang='lat' dir='ltr'>apud</span> <span class='ocrx_word' id='word_1_628' title='bbox 837 2770 985 2800; x_wconf 83' lang='lat' dir='ltr'>barbaros</span> <span class='ocrx_word' id='word_1_629' title='bbox 999 2770 1106 2809; x_wconf 86' lang='lat' dir='ltr'>Calpe,</span> <span class='ocrx_word' id='word_1_630' title='bbox 1123 2770 1204 2809; x_wconf 85' lang='lat' dir='ltr'>apud</span> 
     </span>
     <span class='ocr_line' id='line_1_84' title="bbox 184 2820 1206 2862; baseline -0.007 -5"><span class='ocrx_word' id='word_1_631' title='bbox 184 2826 310 2857; x_wconf 70' lang='lat' dir='ltr'>Graecos</span> <span class='ocrx_word' id='word_1_632' title='bbox 324 2823 420 2862; x_wconf 53' lang='lat' dir='ltr'>Alybe</span> <span class='ocrx_word' id='word_1_633' title='bbox 433 2833 440 2859; x_wconf 82' lang='lat'>3</span> <span class='ocrx_word' id='word_1_634' title='bbox 455 2822 568 2861; x_wconf 70' lang='lat' dir='ltr'>Libyca</span> <span class='ocrx_word' id='word_1_635' title='bbox 581 2830 654 2852; x_wconf 69' lang='lat' dir='ltr'>vero</span> <span class='ocrx_word' id='word_1_636' title='bbox 669 2821 751 2860; x_wconf 88' lang='lat' dir='ltr'>apud</span> <span class='ocrx_word' id='word_1_637' title='bbox 766 2822 893 2851; x_wconf 75' lang='lat' dir='ltr'>Grmcos</span> <span class='ocrx_word' id='word_1_638' title='bbox 907 2820 1106 2859; x_wconf 67' lang='lat' dir='ltr'>cynegetice,</span> <span class='ocrx_word' id='word_1_639' title='bbox 1124 2820 1206 2859; x_wconf 84' lang='lat' dir='ltr'>apud</span> 
     </span>
     <span class='ocr_line' id='line_1_85' title="bbox 186 2872 1206 2910; baseline -0.005 -4"><span class='ocrx_word' id='word_1_640' title='bbox 186 2875 334 2907; x_wconf 79' lang='lat' dir='ltr'>barbaros</span> <span class='ocrx_word' id='word_1_641' title='bbox 356 2873 483 2904; x_wconf 84' lang='lat' dir='ltr'>Abenna</span> <span class='ocrx_word' id='word_1_642' title='bbox 508 2874 650 2910; x_wconf 78' lang='lat' dir='ltr'>vocatur,</span> <span class='ocrx_word' id='word_1_643' title='bbox 668 2873 703 2902; x_wconf 86' lang='lat' dir='ltr'>ut</span> <span class='ocrx_word' id='word_1_644' title='bbox 721 2872 843 2902; x_wconf 76' lang='lat' dir='ltr'>Charax</span> <span class='ocrx_word' id='word_1_645' title='bbox 861 2873 977 2902; x_wconf 84' lang='lat' dir='ltr'>narrat.</span> <span class='ocrx_word' id='word_1_646' title='bbox 996 2873 1051 2902; x_wconf 74' lang='lat' dir='ltr'>11ae</span> <span class='ocrx_word' id='word_1_647' title='bbox 1070 2872 1206 2909; x_wconf 86' lang='lat' dir='ltr'>primum</span> 
     </span>
     <span class='ocr_line' id='line_1_86' title="bbox 187 2923 1207 2963; baseline -0.005 -5"><span class='ocrx_word' id='word_1_648' title='bbox 187 2926 312 2959; x_wconf 81' lang='lat' dir='ltr'>Saturni</span> <span class='ocrx_word' id='word_1_649' title='bbox 341 2925 495 2955; x_wconf 79' lang='lat' dir='ltr'>columnae</span> <span class='ocrx_word' id='word_1_650' title='bbox 514 2924 767 2963; x_wconf 73' lang='lat' dir='ltr'>nominabantur,</span> <span class='ocrx_word' id='word_1_651' title='bbox 786 2923 870 2962; x_wconf 80' lang='lat' dir='ltr'>quod</span> <span class='ocrx_word' id='word_1_652' title='bbox 896 2923 1059 2962; x_wconf 86' lang='lat' dir='ltr'>hueusque</span> <span class='ocrx_word' id='word_1_653' title='bbox 1080 2932 1207 2962; x_wconf 77' lang='lat' dir='ltr'>regnum</span> 
     </span>
     <span class='ocr_line' id='line_1_87' title="bbox 186 2974 1209 3016; baseline -0.003 -8"><span class='ocrx_word' id='word_1_654' title='bbox 186 2978 253 3016; x_wconf 79' lang='lat' dir='ltr'>ejus</span> <span class='ocrx_word' id='word_1_655' title='bbox 277 2976 467 3016; x_wconf 49' lang='lat' dir='ltr'>pertinerem</span> <span class='ocrx_word' id='word_1_656' title='bbox 492 2975 603 3005; x_wconf 78' lang='lat' dir='ltr'>deinde</span> <span class='ocrx_word' id='word_1_657' title='bbox 631 2975 815 3005; x_wconf 82' lang='lat' dir='ltr'>dicebantur</span> <span class='ocrx_word' id='word_1_658' title='bbox 836 2974 949 3005; x_wconf 80' lang='lat' dir='ltr'>Briarei</span> <span class='ocrx_word' id='word_1_659' title='bbox 971 2974 1145 3012; x_wconf 79' lang='lat' dir='ltr'>columnae,</span> <span class='ocrx_word' id='word_1_660' title='bbox 1174 2977 1209 3005; x_wconf 95' lang='lat' dir='ltr'>ut</span> 
     </span>
     <span class='ocr_line' id='line_1_88' title="bbox 189 3026 768 3068; baseline -0.007 -8"><span class='ocrx_word' id='word_1_661' title='bbox 189 3029 346 3068; x_wconf 80' lang='lat' dir='ltr'>Euphorio</span> <span class='ocrx_word' id='word_1_662' title='bbox 363 3027 424 3065; x_wconf 88' lang='lat' dir='ltr'>ait,</span> <span class='ocrx_word' id='word_1_663' title='bbox 439 3029 506 3058; x_wconf 90' lang='lat' dir='ltr'>tum</span> <span class='ocrx_word' id='word_1_664' title='bbox 522 3035 595 3057; x_wconf 71' lang='lat' dir='ltr'>vero</span> <span class='ocrx_word' id='word_1_665' title='bbox 615 3026 768 3058; x_wconf 87' lang='lat' dir='ltr'>llerculis.</span> 
     </span>
    </p>

    <p class='ocr_par' dir='ltr' id='par_1_27' title="bbox 672 3080 725 3111">
     <span class='ocr_line' id='line_1_89' title="bbox 672 3080 725 3111; baseline -0.019 0"><span class='ocrx_word' id='word_1_666' title='bbox 672 3080 725 3111; x_wconf 88' lang='grc'>17.</span> 
     </span>
    </p>

    <p class='ocr_par' dir='ltr' id='par_1_28' title="bbox 228 3133 1210 3172">
     <span class='ocr_line' id='line_1_90' title="bbox 228 3133 1210 3172; baseline -0.004 -5"><span class='ocrx_word' id='word_1_667' title='bbox 228 3136 380 3167; x_wconf 85' lang='lat' dir='ltr'>Saturnus</span> <span class='ocrx_word' id='word_1_668' title='bbox 397 3134 530 3165; x_wconf 74' lang='lat' dir='ltr'>traditur</span> <span class='ocrx_word' id='word_1_669' title='bbox 545 3141 688 3172; x_wconf 73' lang='lat' dir='ltr'>regnasse</span> <span class='ocrx_word' id='word_1_670' title='bbox 702 3134 731 3163; x_wconf 89' lang='lat' dir='ltr'>in</span> <span class='ocrx_word' id='word_1_671' title='bbox 747 3133 846 3163; x_wconf 76' lang='lat' dir='ltr'>Sicilia</span> <span class='ocrx_word' id='word_1_672' title='bbox 858 3157 865 3171; x_wconf 86' lang='lat'><strong><em>,</em></strong></span> <span class='ocrx_word' id='word_1_673' title='bbox 880 3133 1025 3171; x_wconf 76' lang='lat' dir='ltr'>locosque</span> <span class='ocrx_word' id='word_1_674' title='bbox 1039 3133 1079 3163; x_wconf 86' lang='lat' dir='ltr'>ibi</span> <span class='ocrx_word' id='word_1_675' title='bbox 1103 3133 1210 3164; x_wconf 87' lang='lat' dir='ltr'>ineolis</span> 
     </span>
    </p>

    <p class='ocr_par' dir='ltr' id='par_1_29' title="bbox 188 3183 1210 3225">
     <span class='ocr_line' id='line_1_91' title="bbox 188 3183 1210 3225; baseline -0.004 -7"><span class='ocrx_word' id='word_1_676' title='bbox 188 3187 399 3225; x_wconf 67' lang='lat' dir='ltr'>frequentasse</span> <span class='ocrx_word' id='word_1_677' title='bbox 428 3185 601 3223; x_wconf 81' lang='lat' dir='ltr'>urbemque</span> <span class='ocrx_word' id='word_1_678' title='bbox 635 3183 824 3220; x_wconf 70' lang='lat' dir='ltr'>condidisse,</span> <span class='ocrx_word' id='word_1_679' title='bbox 851 3183 990 3214; x_wconf 80' lang='lat' dir='ltr'>Charace</span> <span class='ocrx_word' id='word_1_680' title='bbox 1024 3185 1120 3220; x_wconf 87' lang='lat' dir='ltr'>teste,</span> <span class='ocrx_word' id='word_1_681' title='bbox 1138 3193 1210 3223; x_wconf 80' lang='lat' dir='ltr'>quae</span> 
     </span>
    </p>
   </div>
   <div class='ocr_carea' id='block_1_22' title="bbox 1228 2372 1235 2576">
    <p class='ocr_par' dir='ltr' id='par_1_30' title="bbox 1228 2372 1235 2576">
     <span class='ocr_line' id='line_1_92' title="bbox 1228 2372 1235 2576; baseline 0 1189"><span class='ocrx_word' id='word_1_682' title='bbox 1228 2372 1235 2576; x_wconf 95' lang='lat' dir='ltr'> </span> 
     </span>
    </p>
   </div>
   <div class='ocr_carea' id='block_1_23' title="bbox 1753 2360 1808 2390">
    <p class='ocr_par' dir='ltr' id='par_1_31' title="bbox 1753 2360 1808 2390">
     <span class='ocr_line' id='line_1_93' title="bbox 1753 2360 1808 2390; baseline -0.036 0"><span class='ocrx_word' id='word_1_683' title='bbox 1753 2360 1808 2390; x_wconf 90' lang='lat'>18.</span> 
     </span>
    </p>
   </div>
   <div class='ocr_carea' id='block_1_24' title="bbox 1261 2427 2295 2621">
    <p class='ocr_par' dir='ltr' id='par_1_32' title="bbox 1261 2427 2295 2621">
     <span class='ocr_line' id='line_1_94' title="bbox 1304 2427 2294 2469; baseline -0.003 -9"><span class='ocrx_word' id='word_1_684' title='bbox 1304 2431 1376 2461; x_wconf 80' lang='lat' dir='ltr'>Post</span> <span class='ocrx_word' id='word_1_685' title='bbox 1389 2431 1506 2460; x_wconf 88' lang='lat' dir='ltr'>Troum</span> <span class='ocrx_word' id='word_1_686' title='bbox 1522 2429 1695 2469; x_wconf 79' lang='lat' dir='ltr'>Phrygibus</span> <span class='ocrx_word' id='word_1_687' title='bbox 1708 2429 1874 2468; x_wconf 86' lang='lat' dir='ltr'>imperavit</span> <span class='ocrx_word' id='word_1_688' title='bbox 1892 2428 1977 2459; x_wconf 82' lang='lat' dir='ltr'>llius.</span> <span class='ocrx_word' id='word_1_689' title='bbox 1995 2429 2060 2458; x_wconf 83' lang='lat' dir='ltr'>Hoc</span> <span class='ocrx_word' id='word_1_690' title='bbox 2074 2427 2140 2466; x_wconf 84' lang='lat' dir='ltr'>ipso</span> <span class='ocrx_word' id='word_1_691' title='bbox 2152 2429 2294 2466; x_wconf 88' lang='lat' dir='ltr'>tempore</span> 
     </span>
     <span class='ocr_line' id='line_1_95' title="bbox 1261 2477 2295 2518; baseline -0.004 -7"><span class='ocrx_word' id='word_1_692' title='bbox 1261 2480 1456 2511; x_wconf 85' lang='lat' dir='ltr'>sermonibus</span> <span class='ocrx_word' id='word_1_693' title='bbox 1470 2480 1686 2511; x_wconf 81' lang='lat' dir='ltr'>celebrabatur</span> <span class='ocrx_word' id='word_1_694' title='bbox 1703 2479 1836 2510; x_wconf 87' lang='lat' dir='ltr'>victoria</span> <span class='ocrx_word' id='word_1_695' title='bbox 1849 2479 1919 2517; x_wconf 82' lang='lat' dir='ltr'>illa,</span> <span class='ocrx_word' id='word_1_696' title='bbox 1937 2487 2031 2518; x_wconf 83' lang='lat' dir='ltr'>quam</span> <span class='ocrx_word' id='word_1_697' title='bbox 2054 2478 2165 2517; x_wconf 75' lang='lat' dir='ltr'>Pelops</span> <span class='ocrx_word' id='word_1_698' title='bbox 2188 2477 2295 2517; x_wconf 78' lang='lat' dir='ltr'>Lydus</span> 
     </span>
     <span class='ocr_line' id='line_1_96' title="bbox 1262 2529 2294 2569; baseline -0.003 -6"><span class='ocrx_word' id='word_1_699' title='bbox 1262 2541 1334 2563; x_wconf 89' lang='lat' dir='ltr'>cum</span> <span class='ocrx_word' id='word_1_700' title='bbox 1360 2533 1518 2563; x_wconf 84' lang='lat' dir='ltr'>OEnomao</span> <span class='ocrx_word' id='word_1_701' title='bbox 1536 2532 1640 2563; x_wconf 84' lang='lat' dir='ltr'>Pisata</span> <span class='ocrx_word' id='word_1_702' title='bbox 1653 2532 1775 2562; x_wconf 86' lang='lat' dir='ltr'>certans</span> <span class='ocrx_word' id='word_1_703' title='bbox 1791 2531 1874 2561; x_wconf 90' lang='lat' dir='ltr'>ludis</span> <span class='ocrx_word' id='word_1_704' title='bbox 1892 2530 2004 2562; x_wconf 84' lang='lat' dir='ltr'>Eiiacis</span> <span class='ocrx_word' id='word_1_705' title='bbox 2018 2529 2200 2569; x_wconf 85' lang='lat' dir='ltr'>reportavit.</span> <span class='ocrx_word' id='word_1_706' title='bbox 2215 2531 2294 2567; x_wconf 80' lang='lat' dir='ltr'>Quoe</span> 
     </span>
     <span class='ocr_line' id='line_1_97' title="bbox 1264 2581 1898 2621; baseline -0.002 -8"><span class='ocrx_word' id='word_1_707' title='bbox 1264 2583 1348 2614; x_wconf 83' lang='lat' dir='ltr'>libris</span> <span class='ocrx_word' id='word_1_708' title='bbox 1367 2582 1560 2621; x_wconf 75' lang='lat' dir='ltr'>consignavit</span> <span class='ocrx_word' id='word_1_709' title='bbox 1582 2583 1706 2613; x_wconf 80' lang='lat' dir='ltr'>Charax</span> <span class='ocrx_word' id='word_1_710' title='bbox 1720 2581 1898 2613; x_wconf 89' lang='lat' dir='ltr'>historicus.</span> 
     </span>
    </p>
   </div>
   <div class='ocr_carea' id='block_1_25' title="bbox 1762 2652 1816 2684">
    <p class='ocr_par' dir='ltr' id='par_1_33' title="bbox 1762 2652 1816 2684">
     <span class='ocr_line' id='line_1_98' title="bbox 1762 2652 1816 2684; baseline 0 -1"><span class='ocrx_word' id='word_1_711' title='bbox 1762 2652 1816 2684; x_wconf 89' lang='grc'>19.</span> 
     </span>
    </p>
   </div>
   <div class='ocr_carea' id='block_1_26' title="bbox 1266 2719 2323 3219">
    <p class='ocr_par' dir='ltr' id='par_1_34' title="bbox 1266 2719 2329 3219">
     <span class='ocr_line' id='line_1_99' title="bbox 1311 2719 2293 2763; baseline -0.004 -9"><span class='ocrx_word' id='word_1_712' title='bbox 1311 2726 1381 2755; x_wconf 82' lang='lat' dir='ltr'>Post</span> <span class='ocrx_word' id='word_1_713' title='bbox 1406 2723 1572 2763; x_wconf 80' lang='lat' dir='ltr'>Enyalium</span> <span class='ocrx_word' id='word_1_714' title='bbox 1590 2721 1795 2761; x_wconf 76' lang='lat' dir='ltr'>(Enalz‘um)</span> <span class='ocrx_word' id='word_1_715' title='bbox 1814 2720 2037 2752; x_wconf 79' lang='lat' dir='ltr'>Erichthonius</span> <span class='ocrx_word' id='word_1_716' title='bbox 2063 2719 2073 2759; x_wconf 88' lang='lat'>(</span> <span class='ocrx_word' id='word_1_717' title='bbox 2089 2719 2293 2757; x_wconf 82' lang='lat' dir='ltr'>OEnomaus)</span> 
     </span>
     <span class='ocr_line' id='line_1_100' title="bbox 1267 2769 2294 2813; baseline -0.005 -8"><span class='ocrx_word' id='word_1_718' title='bbox 1267 2776 1422 2805; x_wconf 70' lang='lat' dir='ltr'>certamen</span> <span class='ocrx_word' id='word_1_719' title='bbox 1435 2775 1492 2805; x_wconf 87' lang='lat' dir='ltr'>hoe</span> <span class='ocrx_word' id='word_1_720' title='bbox 1503 2775 1648 2813; x_wconf 86' lang='lat' dir='ltr'>equestre</span> <span class='ocrx_word' id='word_1_721' title='bbox 1658 2772 1817 2812; x_wconf 81' lang='lat' dir='ltr'>quadrigis</span> <span class='ocrx_word' id='word_1_722' title='bbox 1830 2771 1967 2811; x_wconf 80' lang='lat' dir='ltr'>peregit:</span> <span class='ocrx_word' id='word_1_723' title='bbox 1983 2770 2067 2802; x_wconf 87' lang='lat' dir='ltr'>unde</span> <span class='ocrx_word' id='word_1_724' title='bbox 2080 2778 2227 2810; x_wconf 84' lang='lat' dir='ltr'>magnum</span> <span class='ocrx_word' id='word_1_725' title='bbox 2237 2769 2294 2801; x_wconf 91' lang='lat' dir='ltr'>sibi</span> 
     </span>
     <span class='ocr_line' id='line_1_101' title="bbox 1266 2820 2293 2864; baseline -0.006 -8"><span class='ocrx_word' id='word_1_726' title='bbox 1266 2834 1379 2856; x_wconf 80' lang='lat' dir='ltr'>nomen</span> <span class='ocrx_word' id='word_1_727' title='bbox 1388 2826 1591 2864; x_wconf 87' lang='lat' dir='ltr'>comparavit,</span> <span class='ocrx_word' id='word_1_728' title='bbox 1601 2824 1692 2855; x_wconf 84' lang='lat' dir='ltr'>sicuti</span> <span class='ocrx_word' id='word_1_729' title='bbox 1704 2823 1855 2863; x_wconf 87' lang='lat' dir='ltr'>scriptum</span> <span class='ocrx_word' id='word_1_730' title='bbox 1866 2821 1993 2861; x_wconf 88' lang='lat' dir='ltr'>reliquit</span> <span class='ocrx_word' id='word_1_731' title='bbox 2001 2821 2136 2852; x_wconf 81' lang='lat' dir='ltr'>Charax.</span> <span class='ocrx_word' id='word_1_732' title='bbox 2145 2820 2207 2857; x_wconf 90' lang='lat' dir='ltr'>Qui</span> <span class='ocrx_word' id='word_1_733' title='bbox 2218 2828 2293 2860; x_wconf 81' lang='lat' dir='ltr'>prae-</span> 
     </span>
     <span class='ocr_line' id='line_1_102' title="bbox 1266 2872 2294 2915; baseline -0.007 -6"><span class='ocrx_word' id='word_1_734' title='bbox 1266 2879 1350 2909; x_wconf 74' lang='lat' dir='ltr'>terea</span> <span class='ocrx_word' id='word_1_735' title='bbox 1363 2877 1447 2909; x_wconf 85' lang='lat' dir='ltr'>addit</span> <span class='ocrx_word' id='word_1_736' title='bbox 1461 2878 1657 2908; x_wconf 82' lang='lat' dir='ltr'>exstructum</span> <span class='ocrx_word' id='word_1_737' title='bbox 1672 2876 1764 2907; x_wconf 76' lang='lat' dir='ltr'>fuisse</span> <span class='ocrx_word' id='word_1_738' title='bbox 1777 2874 2019 2915; x_wconf 85' lang='lat' dir='ltr'>hippodromum</span> <span class='ocrx_word' id='word_1_739' title='bbox 2032 2873 2071 2904; x_wconf 90' lang='lat' dir='ltr'>ad</span> <span class='ocrx_word' id='word_1_740' title='bbox 2085 2873 2217 2904; x_wconf 81' lang='lat' dir='ltr'>sormam</span> <span class='ocrx_word' id='word_1_741' title='bbox 2228 2872 2294 2904; x_wconf 91' lang='lat' dir='ltr'>uni-</span> 
     </span>
     <span class='ocr_line' id='line_1_103' title="bbox 1267 2922 2296 2968; baseline -0.006 -9"><span class='ocrx_word' id='word_1_742' title='bbox 1267 2929 1359 2967; x_wconf 73' lang='lat' dir='ltr'>versi,</span> <span class='ocrx_word' id='word_1_743' title='bbox 1371 2937 1483 2968; x_wconf 84' lang='lat' dir='ltr'>nempe</span> <span class='ocrx_word' id='word_1_744' title='bbox 1494 2929 1529 2959; x_wconf 91' lang='lat' dir='ltr'>ut</span> <span class='ocrx_word' id='word_1_745' title='bbox 1539 2927 1667 2965; x_wconf 71' lang='lat' dir='ltr'>caeluni,</span> <span class='ocrx_word' id='word_1_746' title='bbox 1676 2928 1794 2958; x_wconf 85' lang='lat' dir='ltr'>terram</span> <span class='ocrx_word' id='word_1_747' title='bbox 1805 2927 1837 2957; x_wconf 88' lang='lat' dir='ltr'>et</span> <span class='ocrx_word' id='word_1_748' title='bbox 1848 2933 1933 2956; x_wconf 88' lang='lat' dir='ltr'>mare</span> <span class='ocrx_word' id='word_1_749' title='bbox 1947 2925 2185 2964; x_wconf 58' lang='lat' dir='ltr'>repraesentaret</span> <span class='ocrx_word' id='word_1_750' title='bbox 2197 2936 2204 2954; x_wconf 77' lang='lat' dir='ltr'>z</span> <span class='ocrx_word' id='word_1_751' title='bbox 2215 2922 2296 2954; x_wconf 79' lang='lat' dir='ltr'>sores</span> 
     </span>
     <span class='ocr_line' id='line_1_104' title="bbox 1267 2974 2296 3013; baseline -0.007 -3"><span class='ocrx_word' id='word_1_752' title='bbox 1267 2979 1433 3010; x_wconf 85' lang='lat' dir='ltr'>duodecim</span> <span class='ocrx_word' id='word_1_753' title='bbox 1449 2979 1487 3009; x_wconf 85' lang='lat' dir='ltr'>ad</span> <span class='ocrx_word' id='word_1_754' title='bbox 1502 2978 1621 3009; x_wconf 84' lang='lat' dir='ltr'>zodiaci</span> <span class='ocrx_word' id='word_1_755' title='bbox 1636 2978 1750 3009; x_wconf 91' lang='lat' dir='ltr'>domus</span> <span class='ocrx_word' id='word_1_756' title='bbox 1762 2976 1930 3007; x_wconf 85' lang='lat' dir='ltr'>duodecim</span> <span class='ocrx_word' id='word_1_757' title='bbox 1947 2974 2066 3013; x_wconf 88' lang='lat' dir='ltr'>retulit,</span> <span class='ocrx_word' id='word_1_758' title='bbox 2083 2974 2137 3013; x_wconf 84' lang='lat' dir='ltr'>qui</span> <span class='ocrx_word' id='word_1_759' title='bbox 2150 2974 2250 3005; x_wconf 82' lang='lat' dir='ltr'>terras</span> <span class='ocrx_word' id='word_1_760' title='bbox 2264 2974 2296 3004; x_wconf 87' lang='lat' dir='ltr'>et</span> 
     </span>
     <span class='ocr_line' id='line_1_105' title="bbox 1268 3023 2323 3067; baseline -0.007 -8"><span class='ocrx_word' id='word_1_761' title='bbox 1268 3030 1365 3059; x_wconf 87' lang='lat' dir='ltr'>maria</span> <span class='ocrx_word' id='word_1_762' title='bbox 1392 3029 1545 3067; x_wconf 68' lang='lat' dir='ltr'>gubernat</span> <span class='ocrx_word' id='word_1_763' title='bbox 1573 3028 1734 3067; x_wconf 76' lang='lat' dir='ltr'>uiamque</span> <span class='ocrx_word' id='word_1_764' title='bbox 1762 3025 1927 3057; x_wconf 88' lang='lat' dir='ltr'>hominum</span> <span class='ocrx_word' id='word_1_765' title='bbox 1957 3023 2178 3054; x_wconf 85' lang='lat' dir='ltr'>transitoriam.</span> <span class='ocrx_word' id='word_1_766' title='bbox 2200 3024 2295 3053; x_wconf 89' lang='lat' dir='ltr'>Porro</span> <span class='ocrx_word' id='word_1_767' title='bbox 2318 3056 2323 3059; x_wconf 26' lang='lat' dir='ltr'>v</span> 
     </span>
     <span class='ocr_line' id='line_1_106' title="bbox 1268 3072 2294 3119; baseline -0.008 -8"><span class='ocrx_word' id='word_1_768' title='bbox 1268 3088 1373 3111; x_wconf 86' lang='lat' dir='ltr'>aream</span> <span class='ocrx_word' id='word_1_769' title='bbox 1394 3078 1590 3119; x_wconf 90' lang='lat' dir='ltr'>hippodromi</span> <span class='ocrx_word' id='word_1_770' title='bbox 1611 3080 1658 3109; x_wconf 80' lang='lat' dir='ltr'>tei</span> <span class='ocrx_word' id='word_1_771' title='bbox 1661 3086 1747 3116; x_wconf 87' lang='lat' dir='ltr'>ram</span> <span class='ocrx_word' id='word_1_772' title='bbox 1764 3076 1910 3115; x_wconf 86' lang='lat' dir='ltr'>euripum</span> <span class='ocrx_word' id='word_1_773' title='bbox 1929 3075 1972 3113; x_wconf 88' lang='lat' dir='ltr'>(s.</span> <span class='ocrx_word' id='word_1_774' title='bbox 1987 3073 2141 3114; x_wconf 80' lang='lat' dir='ltr'>spinam)</span> <span class='ocrx_word' id='word_1_775' title='bbox 2158 3080 2245 3103; x_wconf 85' lang='lat' dir='ltr'>mare</span> <span class='ocrx_word' id='word_1_776' title='bbox 2263 3072 2294 3103; x_wconf 88' lang='lat' dir='ltr'>in</span> 
     </span>
     <span class='ocr_line' id='line_1_107' title="bbox 1269 3123 2321 3170; baseline -0.007 -9"><span class='ocrx_word' id='word_1_777' title='bbox 1269 3132 1371 3161; x_wconf 82' lang='lat' dir='ltr'>media</span> <span class='ocrx_word' id='word_1_778' title='bbox 1397 3132 1481 3162; x_wconf 88' lang='lat' dir='ltr'>terra</span> <span class='ocrx_word' id='word_1_779' title='bbox 1501 3131 1655 3170; x_wconf 69' lang='lat' dir='ltr'>posituim</span> <span class='ocrx_word' id='word_1_780' title='bbox 1671 3129 1790 3160; x_wconf 83' lang='lat' dir='ltr'>ssexum</span> <span class='ocrx_word' id='word_1_781' title='bbox 1805 3128 1859 3167; x_wconf 82' lang='lat' dir='ltr'>qui</span> <span class='ocrx_word' id='word_1_782' title='bbox 1881 3127 1919 3158; x_wconf 86' lang='lat' dir='ltr'>ad</span> <span class='ocrx_word' id='word_1_783' title='bbox 1937 3126 2033 3164; x_wconf 84' lang='lat' dir='ltr'>ostia,</span> <span class='ocrx_word' id='word_1_784' title='bbox 2050 3126 2223 3163; x_wconf 79' lang='lat' dir='ltr'>orientem;</span> <span class='ocrx_word' id='word_1_785' title='bbox 2241 3123 2295 3163; x_wconf 89' lang='lat' dir='ltr'>qui</span> <span class='ocrx_word' id='word_1_786' title='bbox 2316 3143 2321 3147; x_wconf 92' lang='lat'>-</span> 
     </span>
     <span class='ocr_line' id='line_1_108' title="bbox 1269 3175 2295 3219; baseline -0.008 -7"><span class='ocrx_word' id='word_1_787' title='bbox 1269 3182 1308 3212; x_wconf 86' lang='lat' dir='ltr'>ad</span> <span class='ocrx_word' id='word_1_788' title='bbox 1324 3181 1468 3219; x_wconf 80' lang='lat' dir='ltr'>fundam,</span> <span class='ocrx_word' id='word_1_789' title='bbox 1482 3190 1648 3219; x_wconf 80' lang='lat' dir='ltr'>occasuni;</span> <span class='ocrx_word' id='word_1_790' title='bbox 1663 3181 1782 3219; x_wconf 77' lang='lat' dir='ltr'>septem</span> <span class='ocrx_word' id='word_1_791' title='bbox 1797 3178 1931 3217; x_wconf 71' lang='lat' dir='ltr'>denique</span> <span class='ocrx_word' id='word_1_792' title='bbox 1943 3176 2041 3216; x_wconf 85' lang='lat' dir='ltr'>spatia</span> <span class='ocrx_word' id='word_1_793' title='bbox 2056 3177 2175 3206; x_wconf 88' lang='lat' dir='ltr'>motum</span> <span class='ocrx_word' id='word_1_794' title='bbox 2185 3175 2217 3205; x_wconf 89' lang='lat' dir='ltr'>et</span> <span class='ocrx_word' id='word_1_795' title='bbox 2226 3182 2295 3205; x_wconf 87' lang='lat' dir='ltr'>cur-</span> 
     </span>
    </p>
   </div>
   <div class='ocr_carea' id='block_1_27' title="bbox 190 3215 2333 3327">
    <p class='ocr_par' dir='ltr' id='par_1_35' title="bbox 190 3215 2333 3327">
     <span class='ocr_line' id='line_1_109' title="bbox 190 3215 2333 3295; baseline -0.005 -30"><span class='ocrx_word' id='word_1_796' title='bbox 190 3238 325 3276; x_wconf 78' lang='lat' dir='ltr'>primum</span> <span class='ocrx_word' id='word_1_797' title='bbox 343 3235 455 3266; x_wconf 85' lang='lat' dir='ltr'>Cronia</span> <span class='ocrx_word' id='word_1_798' title='bbox 481 3235 636 3274; x_wconf 85' lang='lat' dir='ltr'>appellata</span> <span class='ocrx_word' id='word_1_799' title='bbox 653 3234 704 3271; x_wconf 86' lang='lat' dir='ltr'>sit,</span> <span class='ocrx_word' id='word_1_800' title='bbox 723 3242 805 3264; x_wconf 82' lang='lat' dir='ltr'>nunc</span> <span class='ocrx_word' id='word_1_801' title='bbox 830 3235 960 3263; x_wconf 74' lang='lat' dir='ltr'>vocetur</span> <span class='ocrx_word' id='word_1_802' title='bbox 978 3234 1159 3272; x_wconf 81' lang='lat' dir='ltr'>Hierapolis,</span> <span class='ocrx_word' id='word_1_803' title='bbox 1177 3236 1212 3264; x_wconf 92' lang='lat' dir='ltr'>ut</span> <span class='ocrx_word' id='word_1_804' title='bbox 1238 3254 1242 3295; x_wconf 85' lang='grc'><em>,</em></span> <span class='ocrx_word' id='word_1_805' title='bbox 1269 3241 1339 3263; x_wconf 87' lang='lat' dir='ltr'>sum</span> <span class='ocrx_word' id='word_1_806' title='bbox 1359 3233 1603 3263; x_wconf 73' lang='lat' dir='ltr'>astionomicum</span> <span class='ocrx_word' id='word_1_807' title='bbox 1627 3234 1744 3271; x_wconf 81' lang='lat' dir='ltr'>septem</span> <span class='ocrx_word' id='word_1_808' title='bbox 1763 3230 1958 3270; x_wconf 82' lang='lat' dir='ltr'>planetarum</span> <span class='ocrx_word' id='word_1_809' title='bbox 1977 3228 2025 3268; x_wconf 88' lang='lat' dir='ltr'>(et</span> <span class='ocrx_word' id='word_1_810' title='bbox 2047 3235 2128 3258; x_wconf 78' lang='lat' dir='ltr'>ursae</span> <span class='ocrx_word' id='word_1_811' title='bbox 2151 3215 2333 3270; x_wconf 46' lang='grc' dir='ltr'>ι’[ιειῑοτίερι</span> 
     </span>
     <span class='ocr_line' id='line_1_110' title="bbox 191 3283 1560 3327; baseline -0.004 -8"><span class='ocrx_word' id='word_1_812' title='bbox 191 3287 330 3324; x_wconf 54' lang='lat' dir='ltr'>isigonus</span> <span class='ocrx_word' id='word_1_813' title='bbox 342 3288 384 3317; x_wconf 86' lang='lat' dir='ltr'>De</span> <span class='ocrx_word' id='word_1_814' title='bbox 397 3286 454 3315; x_wconf 83' lang='lat' dir='ltr'>diis</span> <span class='ocrx_word' id='word_1_815' title='bbox 468 3285 586 3317; x_wconf 57' lang='lat' dir='ltr'>Grau-is</span> <span class='ocrx_word' id='word_1_816' title='bbox 599 3287 626 3316; x_wconf 84' lang='lat' dir='ltr'>et</span> <span class='ocrx_word' id='word_1_817' title='bbox 644 3285 769 3317; x_wconf 80' lang='lat' dir='ltr'>Polemo</span> <span class='ocrx_word' id='word_1_818' title='bbox 780 3286 811 3315; x_wconf 79' lang='lat' dir='ltr'>et</span> <span class='ocrx_word' id='word_1_819' title='bbox 824 3284 988 3322; x_wconf 63' lang='lat' dir='ltr'>AEschyius</span> <span class='ocrx_word' id='word_1_820' title='bbox 1006 3284 1034 3314; x_wconf 91' lang='lat' dir='ltr'>in</span> <span class='ocrx_word' id='word_1_821' title='bbox 1052 3285 1143 3315; x_wconf 68' lang='lat' dir='ltr'>Aitna</span> <span class='ocrx_word' id='word_1_822' title='bbox 1159 3285 1209 3322; x_wconf 79' lang='lat' dir='ltr'>(in</span> <span class='ocrx_word' id='word_1_823' title='bbox 1239 3299 1241 3327; x_wconf 72' lang='grc' dir='ltr'>Ι</span> <span class='ocrx_word' id='word_1_824' title='bbox 1269 3283 1429 3323; x_wconf 68' lang='lat' dir='ltr'>designare</span> <span class='ocrx_word' id='word_1_825' title='bbox 1445 3285 1560 3314; x_wconf 81' lang='lat' dir='ltr'>censet</span> 
     </span>
    </p>
   </div>
   <div class='ocr_carea' id='block_1_28' title="bbox 192 3336 510 3375">
    <p class='ocr_par' dir='ltr' id='par_1_36' title="bbox 192 3336 510 3375">
     <span class='ocr_line' id='line_1_111' title="bbox 192 3336 510 3375; baseline -0.009 -5"><span class='ocrx_word' id='word_1_826' title='bbox 192 3338 350 3375; x_wconf 76' lang='lat' dir='ltr'>Ailnoeis)</span> <span class='ocrx_word' id='word_1_827' title='bbox 373 3336 510 3368; x_wconf 80' lang='lat' dir='ltr'>tradunt.</span> 
     </span>
    </p>
   </div>
   <div class='ocr_carea' id='block_1_29' title="bbox 2287 0 2338 1731">
    <p class='ocr_par' dir='ltr' id='par_1_37' title="bbox 2287 0 2338 1731">
     <span class='ocr_line' id='line_1_112' title="bbox 2287 0 2338 1731; baseline 0 0"><span class='ocrx_word' id='word_1_828' title='bbox 2287 0 2338 1731; x_wconf 95' lang='lat' dir='ltr'> </span> 
     </span>
    </p>
   </div>
  </div>
 </body>
</html>
