<?xml version="1.0" encoding="UTF-8"?>
<!DOCTYPE html PUBLIC "-//W3C//DTD XHTML 1.0 Transitional//EN"
    "http://www.w3.org/TR/xhtml1/DTD/xhtml1-transitional.dtd">
<html xmlns="http://www.w3.org/1999/xhtml" xml:lang="en" lang="en">
 <head>
  <title>
</title>
<meta http-equiv="Content-Type" content="text/html;charset=utf-8" />
  <meta name='ocr-system' content='tesseract 3.04.00' />
  <meta name='ocr-capabilities' content='ocr_page ocr_carea ocr_par ocr_line ocrx_word'/>
</head>
<body>
  <div class='ocr_page' id='page_1' title='image "./fragmentahistori03mueluoft_0622.png"; bbox 0 0 2338 3765; ppageno 0'>
   <div class='ocr_carea' id='block_1_1' title="bbox 159 170 231 200">
    <p class='ocr_par' dir='ltr' id='par_1_1' title="bbox 159 170 231 200">
     <span class='ocr_line' id='line_1_1' title="bbox 159 170 231 200; baseline 0 -1"><span class='ocrx_word' id='word_1_1' title='bbox 159 170 231 200; x_wconf 78' lang='lat'>012</span> 
     </span>
    </p>
   </div>
   <div class='ocr_carea' id='block_1_2' title="bbox 156 248 1190 1686">
    <p class='ocr_par' dir='ltr' id='par_1_2' title="bbox 156 248 1190 1686">
     <span class='ocr_line' id='line_1_2' title="bbox 159 248 1187 299; baseline 0.006 -15"><span class='ocrx_word' id='word_1_2' title='bbox 159 250 232 292; x_wconf 78' lang='grc' dir='ltr'>Τἧς</span> <span class='ocrx_word' id='word_1_3' title='bbox 252 249 285 285; x_wconf 72' lang='grc' dir='ltr'>δὲ</span> <span class='ocrx_word' id='word_1_4' title='bbox 310 251 477 299; x_wconf 75' lang='grc' dir='ltr'>Χαριτοῦς</span> <span class='ocrx_word' id='word_1_5' title='bbox 506 248 695 299; x_wconf 70' lang='grc' dir='ltr'>παράδοξον</span> <span class='ocrx_word' id='word_1_6' title='bbox 716 248 813 299; x_wconf 82' lang='grc' dir='ltr'>λόγον</span> <span class='ocrx_word' id='word_1_7' title='bbox 844 250 1033 297; x_wconf 73' lang='grc' dir='ltr'>ἀκουούσης</span> <span class='ocrx_word' id='word_1_8' title='bbox 1063 253 1187 298; x_wconf 65' lang='grc' dir='ltr'>συνέῧη</span> 
     </span>
     <span class='ocr_line' id='line_1_3' title="bbox 159 305 1188 357; baseline 0.007 -16"><span class='ocrx_word' id='word_1_9' title='bbox 159 305 218 349; x_wconf 74' lang='grc' dir='ltr'>τὴν</span> <span class='ocrx_word' id='word_1_10' title='bbox 242 306 356 356; x_wconf 70' lang='grc' dir='ltr'>ψυχὴν</span> <span class='ocrx_word' id='word_1_11' title='bbox 372 306 409 343; x_wconf 79' lang='grc' dir='ltr'>τὸ</span> <span class='ocrx_word' id='word_1_12' title='bbox 431 306 490 355; x_wconf 80' lang='grc' dir='ltr'>μὲν</span> <span class='ocrx_word' id='word_1_13' title='bbox 513 308 648 357; x_wconf 81' lang='grc' dir='ltr'>πρῶτον</span> <span class='ocrx_word' id='word_1_14' title='bbox 669 308 825 356; x_wconf 72' lang='grc' dir='ltr'>ἐκπλαγῆ</span> <span class='ocrx_word' id='word_1_15' title='bbox 843 309 1025 357; x_wconf 81' lang='grc' dir='ltr'>γενομένην</span> <span class='ocrx_word' id='word_1_16' title='bbox 1045 310 1188 356; x_wconf 70' lang='grc' dir='ltr'>ἐκλυθῆ-</span> 
     </span>
     <span class='ocr_line' id='line_1_4' title="bbox 159 362 1188 419; baseline 0.007 -21"><span class='ocrx_word' id='word_1_17' title='bbox 159 378 214 398; x_wconf 99' lang='grc' dir='ltr'>ναι</span> <span class='ocrx_word' id='word_1_18' title='bbox 242 362 296 399; x_wconf 75' lang='grc' dir='ltr'>διὰ</span> <span class='ocrx_word' id='word_1_19' title='bbox 315 362 352 399; x_wconf 85' lang='grc' dir='ltr'>τὸ</span> <span class='ocrx_word' id='word_1_20' title='bbox 373 363 511 413; x_wconf 80' lang='grc' dir='ltr'>μέγεθος</span> <span class='ocrx_word' id='word_1_21' title='bbox 530 366 589 408; x_wconf 86' lang='grc' dir='ltr'>τ’ἧς</span> <span class='ocrx_word' id='word_1_22' title='bbox 614 365 773 413; x_wconf 78' lang='grc' dir='ltr'>ἀγγελίας</span> <span class='ocrx_word' id='word_1_23' title='bbox 796 365 853 419; x_wconf 74' lang='grc' dir='ltr'>καὶ</span> <span class='ocrx_word' id='word_1_24' title='bbox 875 365 929 402; x_wconf 81' lang='grc' dir='ltr'>διὰ</span> <span class='ocrx_word' id='word_1_25' title='bbox 948 366 1010 411; x_wconf 73' lang='grc' dir='ltr'>τὴν</span> <span class='ocrx_word' id='word_1_26' title='bbox 1033 368 1188 419; x_wconf 74' lang='grc' dir='ltr'>ταραχὴν</span> 
     </span>
     <span class='ocr_line' id='line_1_5' title="bbox 157 420 1190 475; baseline 0.007 -19"><span class='ocrx_word' id='word_1_27' title='bbox 157 422 216 463; x_wconf 63' lang='grc' dir='ltr'>τῆς</span> <span class='ocrx_word' id='word_1_28' title='bbox 236 424 377 472; x_wconf 84' lang='grc' dir='ltr'>τροφοῦ,</span> <span class='ocrx_word' id='word_1_29' title='bbox 401 420 487 469; x_wconf 85' lang='grc' dir='ltr'>μετὰ</span> <span class='ocrx_word' id='word_1_30' title='bbox 518 420 638 471; x_wconf 81' lang='grc' dir='ltr'>μικρὸν</span> <span class='ocrx_word' id='word_1_31' title='bbox 665 421 699 457; x_wconf 82' lang='grc' dir='ltr'>δὲ</span> <span class='ocrx_word' id='word_1_32' title='bbox 721 425 928 470; x_wconf 87' lang='grc' dir='ltr'>μνησθεῖσαν</span> <span class='ocrx_word' id='word_1_33' title='bbox 949 426 1006 470; x_wconf 75' lang='grc' dir='ltr'>τῆς</span> <span class='ocrx_word' id='word_1_34' title='bbox 1028 425 1190 475; x_wconf 82' lang='grc' dir='ltr'>θυγατρὸς</span> 
     </span>
     <span class='ocr_line' id='line_1_6' title="bbox 158 477 1190 532; baseline 0.005 -19"><span class='ocrx_word' id='word_1_35' title='bbox 158 477 300 522; x_wconf 79' lang='grc' dir='ltr'>κλαίειν,</span> <span class='ocrx_word' id='word_1_36' title='bbox 317 478 358 514; x_wconf 85' lang='grc' dir='ltr'>τὰ</span> <span class='ocrx_word' id='word_1_37' title='bbox 378 478 411 515; x_wconf 75' lang='grc' dir='ltr'>δὲ</span> <span class='ocrx_word' id='word_1_38' title='bbox 429 478 560 529; x_wconf 72' lang='grc' dir='ltr'>ἔσχατα</span> <span class='ocrx_word' id='word_1_39' title='bbox 578 481 794 528; x_wconf 76' lang='grc' dir='ltr'>καταγνῶναι</span> <span class='ocrx_word' id='word_1_40' title='bbox 812 482 871 525; x_wconf 72' lang='grc' dir='ltr'>τῆς</span> <span class='ocrx_word' id='word_1_41' title='bbox 888 481 1109 532; x_wconf 68' lang='grc' dir='ltr'>πρεσὸύτιδος</span> <span class='ocrx_word' id='word_1_42' title='bbox 1127 499 1190 532; x_wconf 90' lang='grc' dir='ltr'>μα-</span> 
     </span>
     <span class='ocr_line' id='line_1_7' title="bbox 158 534 1186 590; baseline 0.009 -21"><span class='ocrx_word' id='word_1_43' title='bbox 158 534 243 580; x_wconf 88' lang='grc' dir='ltr'>νίαν,</span> <span class='ocrx_word' id='word_1_44' title='bbox 265 536 414 572; x_wconf 78' lang='grc' dir='ltr'>κελεύειν</span> <span class='ocrx_word' id='word_1_45' title='bbox 445 552 481 573; x_wconf 86' lang='grc' dir='ltr'>τε</span> <span class='ocrx_word' id='word_1_46' title='bbox 513 536 795 575; x_wconf 75' lang='grc' dir='ltr'>ἀπαλλάττεσθαι</span> <span class='ocrx_word' id='word_1_47' title='bbox 827 539 885 575; x_wconf 79' lang='grc' dir='ltr'>ἀπ’</span> <span class='ocrx_word' id='word_1_48' title='bbox 909 541 1014 586; x_wconf 68' lang='grc' dir='ltr'>αὐτῆς</span> <span class='ocrx_word' id='word_1_49' title='bbox 1041 541 1186 590; x_wconf 78' lang='grc' dir='ltr'>ταχέως.</span> 
     </span>
     <span class='ocr_line' id='line_1_8' title="bbox 159 591 1190 667; baseline 0.008 -40"><span class='ocrx_word' id='word_1_50' title='bbox 159 591 409 663; x_wconf 30' lang='grc' dir='ltr'>’(&gt;)νειδιζούσἠς</span> <span class='ocrx_word' id='word_1_51' title='bbox 428 593 461 630; x_wconf 78' lang='grc' dir='ltr'>δὲ</span> <span class='ocrx_word' id='word_1_52' title='bbox 479 596 539 638; x_wconf 70' lang='grc' dir='ltr'>τ’7,ς</span> <span class='ocrx_word' id='word_1_53' title='bbox 559 598 691 667; x_wconf 75' lang='grc' dir='ltr'>τροφοῦ</span> <span class='ocrx_word' id='word_1_54' title='bbox 703 595 759 632; x_wconf 84' lang='grc' dir='ltr'>καὶ</span> <span class='ocrx_word' id='word_1_55' title='bbox 777 594 942 645; x_wconf 80' lang='grc' dir='ltr'>λεγούσης</span> <span class='ocrx_word' id='word_1_56' title='bbox 959 598 1046 646; x_wconf 79' lang='grc' dir='ltr'>μετὰ</span> <span class='ocrx_word' id='word_1_57' title='bbox 1061 614 1190 649; x_wconf 87' lang='grc' dir='ltr'>παρρη-</span> 
     </span>
     <span class='ocr_line' id='line_1_9' title="bbox 158 649 1190 723; baseline 0.008 -38"><span class='ocrx_word' id='word_1_58' title='bbox 158 649 250 695; x_wconf 86' lang='grc' dir='ltr'>σίας,</span> <span class='ocrx_word' id='word_1_59' title='bbox 269 653 313 692; x_wconf 73' lang='grc' dir='ltr'>ὡς</span> <span class='ocrx_word' id='word_1_60' title='bbox 336 667 396 700; x_wconf 83' lang='grc' dir='ltr'>μεν</span> <span class='ocrx_word' id='word_1_61' title='bbox 415 652 581 723; x_wconf 75' lang='grc' dir='ltr'>φρονεῖτε</span> <span class='ocrx_word' id='word_1_62' title='bbox 601 667 660 689; x_wconf 89' lang='grc' dir='ltr'>και</span> <span class='ocrx_word' id='word_1_63' title='bbox 679 653 775 702; x_wconf 79' lang='grc' dir='ltr'>υγιής</span> <span class='ocrx_word' id='word_1_64' title='bbox 804 655 906 700; x_wconf 88' lang='grc' dir='ltr'>ἐστιν,</span> <span class='ocrx_word' id='word_1_65' title='bbox 925 658 946 700; x_wconf 85' lang='grc' dir='ltr'>ἡ</span> <span class='ocrx_word' id='word_1_66' title='bbox 969 655 1002 692; x_wconf 79' lang='grc' dir='ltr'>δὲ</span> <span class='ocrx_word' id='word_1_67' title='bbox 1033 657 1073 692; x_wconf 79' lang='grc' dir='ltr'>δι’</span> <span class='ocrx_word' id='word_1_68' title='bbox 1094 656 1190 693; x_wconf 84' lang='grc' dir='ltr'>ὄκνον</span> 
     </span>
     <span class='ocr_line' id='line_1_10' title="bbox 158 708 1190 768; baseline 0.01 -25"><span class='ocrx_word' id='word_1_69' title='bbox 158 709 194 744; x_wconf 84' lang='grc' dir='ltr'>οὐ</span> <span class='ocrx_word' id='word_1_70' title='bbox 217 708 372 758; x_wconf 84' lang='grc' dir='ltr'>βούλοιτο</span> <span class='ocrx_word' id='word_1_71' title='bbox 397 725 458 754; x_wconf 91' lang='grc' dir='ltr'>την</span> <span class='ocrx_word' id='word_1_72' title='bbox 479 709 565 746; x_wconf 76' lang='grc' dir='ltr'>ἰδίαν</span> <span class='ocrx_word' id='word_1_73' title='bbox 583 711 751 762; x_wconf 85' lang='grc' dir='ltr'>θυγατέρα</span> <span class='ocrx_word' id='word_1_74' title='bbox 772 713 868 761; x_wconf 78' lang='grc' dir='ltr'>ἰδεῖν,</span> <span class='ocrx_word' id='word_1_75' title='bbox 891 714 987 762; x_wconf 85' lang='grc' dir='ltr'>μόλις</span> <span class='ocrx_word' id='word_1_76' title='bbox 1008 717 1028 760; x_wconf 79' lang='grc' dir='ltr'>ἡ</span> <span class='ocrx_word' id='word_1_77' title='bbox 1049 715 1190 768; x_wconf 84' lang='grc' dir='ltr'>Χαριτω</span> 
     </span>
     <span class='ocr_line' id='line_1_11' title="bbox 158 764 1187 823; baseline 0.01 -23"><span class='ocrx_word' id='word_1_78' title='bbox 158 764 198 801; x_wconf 86' lang='grc' dir='ltr'>τὰ</span> <span class='ocrx_word' id='word_1_79' title='bbox 221 781 280 814; x_wconf 67' lang='grc' dir='ltr'>μεν</span> <span class='ocrx_word' id='word_1_80' title='bbox 311 769 511 803; x_wconf 60' lang='grc' dir='ltr'>,ιασθεῖσα“</span> <span class='ocrx_word' id='word_1_81' title='bbox 500 767 565 804; x_wconf 84' lang='grc' dir='ltr'>υπὸ</span> <span class='ocrx_word' id='word_1_82' title='bbox 584 784 643 814; x_wconf 91' lang='grc' dir='ltr'>της</span> <span class='ocrx_word' id='word_1_83' title='bbox 661 773 805 820; x_wconf 83' lang='grc' dir='ltr'>τροφοῦ,</span> <span class='ocrx_word' id='word_1_84' title='bbox 834 771 876 807; x_wconf 87' lang='grc' dir='ltr'>τὰ</span> <span class='ocrx_word' id='word_1_85' title='bbox 900 770 934 808; x_wconf 91' lang='lat'>35</span> <span class='ocrx_word' id='word_1_86' title='bbox 955 773 1089 817; x_wconf 70' lang='grc' dir='ltr'>εἷδῆσαι</span> <span class='ocrx_word' id='word_1_87' title='bbox 1107 778 1187 823; x_wconf 85' lang='grc' dir='ltr'>βου-</span> 
     </span>
     <span class='ocr_line' id='line_1_12' title="bbox 157 823 1189 880; baseline 0.009 -22"><span class='ocrx_word' id='word_1_88' title='bbox 157 824 282 872; x_wconf 68' lang='grc' dir='ltr'>λοιιένη</span> <span class='ocrx_word' id='word_1_89' title='bbox 304 823 342 860; x_wconf 83' lang='grc' dir='ltr'>τὸ</span> <span class='ocrx_word' id='word_1_90' title='bbox 360 823 469 872; x_wconf 63' lang='grc' dir='ltr'>συμῧε</span> <span class='ocrx_word' id='word_1_91' title='bbox 475 824 579 870; x_wconf 68' lang='grc' dir='ltr'>ὃηκὸς</span> <span class='ocrx_word' id='word_1_92' title='bbox 593 840 704 876; x_wconf 89' lang='grc' dir='ltr'>παρα</span> <span class='ocrx_word' id='word_1_93' title='bbox 691 825 820 863; x_wconf 80' lang='grc' dir='ltr'>Γίνεται</span> <span class='ocrx_word' id='word_1_94' title='bbox 836 828 918 879; x_wconf 88' lang='grc' dir='ltr'>πρὸς</span> <span class='ocrx_word' id='word_1_95' title='bbox 934 827 993 871; x_wconf 81' lang='grc' dir='ltr'>τὰς</span> <span class='ocrx_word' id='word_1_96' title='bbox 1013 829 1114 880; x_wconf 73' lang='grc' dir='ltr'>θύρας</span> <span class='ocrx_word' id='word_1_97' title='bbox 1130 834 1189 867; x_wconf 92' lang='grc' dir='ltr'>τοῦ</span> 
     </span>
     <span class='ocr_line' id='line_1_13' title="bbox 159 880 1188 937; baseline 0.008 -21.142"><span class='ocrx_word' id='word_1_98' title='bbox 159 880 311 923; x_wconf 75' lang='grc' dir='ltr'>ξενῶνος·</span> <span class='ocrx_word' id='word_1_99' title='bbox 333 881 388 917; x_wconf 79' lang='grc' dir='ltr'>διὰ</span> <span class='ocrx_word' id='word_1_100' title='bbox 419 882 452 932; x_wconf 76' lang='grc' dir='ltr'>[ο</span> <span class='ocrx_word' id='word_1_101' title='bbox 455 881 485 932; x_wconf 84' lang='grc' dir='ltr'>ε]</span> <span class='ocrx_word' id='word_1_102' title='bbox 507 882 544 919; x_wconf 86' lang='grc' dir='ltr'>τὸ</span> <span class='ocrx_word' id='word_1_103' title='bbox 565 898 736 932; x_wconf 87' lang='grc' dir='ltr'>γεγονεναι</span> <span class='ocrx_word' id='word_1_104' title='bbox 757 884 897 923; x_wconf 83' lang='grc' dir='ltr'>πλείονα</span> <span class='ocrx_word' id='word_1_105' title='bbox 915 886 1052 937; x_wconf 74' lang='grc' dir='ltr'>χρόνον,</span> <span class='ocrx_word' id='word_1_106' title='bbox 1083 891 1127 930; x_wconf 78' lang='grc' dir='ltr'>ὡς</span> <span class='ocrx_word' id='word_1_107' title='bbox 1149 888 1188 924; x_wconf 77' lang='grc' dir='ltr'>ἂν</span> 
     </span>
     <span class='ocr_line' id='line_1_14' title="bbox 161 938 1190 995; baseline 0.008 -20.016"><span class='ocrx_word' id='word_1_108' title='bbox 161 953 253 976; x_wconf 79' lang='grc' dir='ltr'>οευτε</span> <span class='ocrx_word' id='word_1_109' title='bbox 240 938 316 989; x_wconf 85' lang='grc' dir='ltr'>’ρας</span> <span class='ocrx_word' id='word_1_110' title='bbox 333 940 452 989; x_wconf 87' lang='grc' dir='ltr'>ἀγγελ</span> <span class='ocrx_word' id='word_1_111' title='bbox 444 956 493 983; x_wconf 87' lang='grc' dir='ltr'>ιας</span> <span class='ocrx_word' id='word_1_112' title='bbox 511 942 519 989; x_wconf 92' lang='grc'>(</span> <span class='ocrx_word' id='word_1_113' title='bbox 539 955 627 977; x_wconf 89' lang='lat' dir='ltr'>num</span> <span class='ocrx_word' id='word_1_114' title='bbox 648 944 692 984; x_wconf 83' lang='grc' dir='ltr'>ὡς</span> <span class='ocrx_word' id='word_1_115' title='bbox 712 940 751 979; x_wconf 82' lang='grc' dir='ltr'>ἂν</span> <span class='ocrx_word' id='word_1_116' title='bbox 771 942 863 993; x_wconf 82' lang='grc' dir='ltr'>ὥρας</span> <span class='ocrx_word' id='word_1_117' title='bbox 877 944 1066 995; x_wconf 81' lang='grc' dir='ltr'>δευτέρας’</span> <span class='ocrx_word' id='word_1_118' title='bbox 1049 961 1116 982; x_wconf 83' lang='grc' dir='ltr'>απο</span> <span class='ocrx_word' id='word_1_119' title='bbox 1131 961 1190 990; x_wconf 83' lang='grc' dir='ltr'>της</span> 
     </span>
     <span class='ocr_line' id='line_1_15' title="bbox 159 996 1190 1053; baseline 0.006 -20"><span class='ocrx_word' id='word_1_120' title='bbox 159 999 237 1045; x_wconf 77' lang='grc' dir='ltr'>ἀγ.(</span> <span class='ocrx_word' id='word_1_121' title='bbox 249 996 290 1047; x_wconf 71' lang='grc' dir='ltr'>Ῥ)</span> <span class='ocrx_word' id='word_1_122' title='bbox 310 999 469 1034; x_wconf 80' lang='grc' dir='ltr'>συντετε)</span> <span class='ocrx_word' id='word_1_123' title='bbox 473 998 617 1047; x_wconf 86' lang='grc' dir='ltr'>εσμένης</span> <span class='ocrx_word' id='word_1_124' title='bbox 605 1029 632 1047; x_wconf 77' lang='lat'>,</span> <span class='ocrx_word' id='word_1_125' title='bbox 647 999 710 1050; x_wconf 74' lang='grc' dir='ltr'>ὀψέ</span> <span class='ocrx_word' id='word_1_126' title='bbox 726 1015 806 1037; x_wconf 86' lang='grc' dir='ltr'>ποτε</span> <span class='ocrx_word' id='word_1_127' title='bbox 822 1005 904 1046; x_wconf 92' lang='grc' dir='ltr'>ηκεν</span> <span class='ocrx_word' id='word_1_128' title='bbox 919 1018 939 1048; x_wconf 92' lang='grc' dir='ltr'>η</span> <span class='ocrx_word' id='word_1_129' title='bbox 958 1004 1112 1053; x_wconf 77' lang='grc' dir='ltr'>Χαριτω.</span> <span class='ocrx_word' id='word_1_130' title='bbox 1128 1003 1190 1040; x_wconf 78' lang='grc' dir='ltr'>Διὸ</span> 
     </span>
     <span class='ocr_line' id='line_1_16' title="bbox 157 1054 1189 1111; baseline 0.007 -22"><span class='ocrx_word' id='word_1_131' title='bbox 157 1054 385 1091; x_wconf 64' lang='grc' dir='ltr'>συνέὸαινεν</span> <span class='ocrx_word' id='word_1_132' title='bbox 372 1071 426 1092; x_wconf 83' lang='grc' dir='ltr'>εκε</span> <span class='ocrx_word' id='word_1_133' title='bbox 431 1055 516 1098; x_wconf 88' lang='grc' dir='ltr'>ίνους</span> <span class='ocrx_word' id='word_1_134' title='bbox 534 1055 574 1105; x_wconf 78' lang='grc' dir='ltr'>μὲ</span> <span class='ocrx_word' id='word_1_135' title='bbox 578 1073 594 1092; x_wconf 94' lang='grc' dir='ltr'>ν</span> <span class='ocrx_word' id='word_1_136' title='bbox 610 1057 676 1103; x_wconf 74' lang='grc' dir='ltr'>ἤδη</span> <span class='ocrx_word' id='word_1_137' title='bbox 695 1058 945 1098; x_wconf 82' lang='grc' dir='ltr'>ἀναπαύεσθαι.</span> <span class='ocrx_word' id='word_1_138' title='bbox 969 1059 1189 1111; x_wconf 58' lang='grc' dir='ltr'>Ἀνακύφασα</span> 
     </span>
     <span class='ocr_line' id='line_1_17' title="bbox 158 1113 1190 1169; baseline 0.006 -21"><span class='ocrx_word' id='word_1_139' title='bbox 158 1113 186 1148; x_wconf 76' lang='grc' dir='ltr'>δ’</span> <span class='ocrx_word' id='word_1_140' title='bbox 205 1115 261 1149; x_wconf 74' lang='grc' dir='ltr'>οὖν</span> <span class='ocrx_word' id='word_1_141' title='bbox 281 1115 301 1157; x_wconf 78' lang='grc' dir='ltr'>ἡ</span> <span class='ocrx_word' id='word_1_142' title='bbox 321 1128 435 1164; x_wconf 89' lang='grc' dir='ltr'>μητηρ</span> <span class='ocrx_word' id='word_1_143' title='bbox 453 1129 494 1150; x_wconf 82' lang='grc' dir='ltr'>τα</span> <span class='ocrx_word' id='word_1_144' title='bbox 513 1114 554 1162; x_wconf 85' lang='grc' dir='ltr'>μὲ</span> <span class='ocrx_word' id='word_1_145' title='bbox 558 1130 574 1150; x_wconf 95' lang='grc' dir='ltr'>ν</span> <span class='ocrx_word' id='word_1_146' title='bbox 594 1114 717 1163; x_wconf 87' lang='grc' dir='ltr'>ιμάτια</span> <span class='ocrx_word' id='word_1_147' title='bbox 738 1130 795 1152; x_wconf 83' lang='grc' dir='ltr'>και</span> <span class='ocrx_word' id='word_1_148' title='bbox 811 1115 866 1152; x_wconf 82' lang='grc' dir='ltr'>τὸν</span> <span class='ocrx_word' id='word_1_149' title='bbox 883 1115 987 1153; x_wconf 83' lang='grc' dir='ltr'>τύπον</span> <span class='ocrx_word' id='word_1_150' title='bbox 1007 1120 1049 1153; x_wconf 85' lang='grc' dir='ltr'>τ7·</span> <span class='ocrx_word' id='word_1_151' title='bbox 1045 1135 1067 1162; x_wconf 87' lang='grc' dir='ltr'>,ς</span> <span class='ocrx_word' id='word_1_152' title='bbox 1084 1117 1190 1169; x_wconf 57' lang='grc' dir='ltr'>ὄφεως</span> 
     </span>
     <span class='ocr_line' id='line_1_18' title="bbox 158 1170 1188 1220; baseline 0.006 -14"><span class='ocrx_word' id='word_1_153' title='bbox 158 1170 336 1218; x_wconf 81' lang='grc' dir='ltr'>ἐνόμιζεν’</span> <span class='ocrx_word' id='word_1_154' title='bbox 322 1170 569 1220; x_wconf 81' lang='grc' dir='ltr'>επιγινώσκειν,</span> <span class='ocrx_word' id='word_1_155' title='bbox 584 1171 644 1218; x_wconf 85' lang='grc' dir='ltr'>την</span> <span class='ocrx_word' id='word_1_156' title='bbox 658 1171 692 1209; x_wconf 78' lang='grc' dir='ltr'>δὲ</span> <span class='ocrx_word' id='word_1_157' title='bbox 706 1174 748 1208; x_wconf 84' lang='grc' dir='ltr'>ἀλ</span> <span class='ocrx_word' id='word_1_158' title='bbox 750 1173 866 1218; x_wconf 77' lang='grc' dir='ltr'>τ’,θειαν</span> <span class='ocrx_word' id='word_1_159' title='bbox 879 1174 1033 1217; x_wconf 78' lang='grc' dir='ltr'>ἐξετάσαι</span> <span class='ocrx_word' id='word_1_160' title='bbox 1046 1191 1111 1211; x_wconf 85' lang='grc' dir='ltr'>κατ</span> <span class='ocrx_word' id='word_1_161' title='bbox 1134 1177 1188 1212; x_wconf 80' lang='grc' dir='ltr'>οὐ·</span> 
     </span>
     <span class='ocr_line' id='line_1_19' title="bbox 158 1227 1188 1283; baseline 0.006 -20"><span class='ocrx_word' id='word_1_162' title='bbox 158 1227 235 1264; x_wconf 78' lang='grc' dir='ltr'>δένα</span> <span class='ocrx_word' id='word_1_163' title='bbox 269 1227 392 1278; x_wconf 85' lang='grc' dir='ltr'>τρόπον</span> <span class='ocrx_word' id='word_1_164' title='bbox 421 1229 591 1277; x_wconf 76' lang='grc' dir='ltr'>δυναμένη</span> <span class='ocrx_word' id='word_1_165' title='bbox 612 1228 672 1275; x_wconf 78' lang='grc' dir='ltr'>τὴν</span> <span class='ocrx_word' id='word_1_166' title='bbox 704 1230 850 1280; x_wconf 71' lang='grc' dir='ltr'>ἡσυχίαν</span> <span class='ocrx_word' id='word_1_167' title='bbox 878 1231 964 1281; x_wconf 87' lang='grc' dir='ltr'>ᾤετο</span> <span class='ocrx_word' id='word_1_168' title='bbox 994 1233 1060 1269; x_wconf 82' lang='grc' dir='ltr'>δεῖν</span> <span class='ocrx_word' id='word_1_169' title='bbox 1082 1232 1188 1283; x_wconf 71' lang='grc' dir='ltr'>ἔχειν·</span> 
     </span>
     <span class='ocr_line' id='line_1_20' title="bbox 157 1284 1188 1341; baseline 0.006 -20"><span class='ocrx_word' id='word_1_170' title='bbox 157 1285 246 1336; x_wconf 81' lang='grc' dir='ltr'>πρωὶ</span> <span class='ocrx_word' id='word_1_171' title='bbox 260 1284 324 1334; x_wconf 81' lang='grc' dir='ltr'>γὰρ</span> <span class='ocrx_word' id='word_1_172' title='bbox 341 1285 480 1331; x_wconf 84' lang='grc' dir='ltr'>ἤλπιζεν</span> <span class='ocrx_word' id='word_1_173' title='bbox 501 1290 680 1323; x_wconf 75' lang='grc' dir='ltr'>ἀναστᾶσα</span> <span class='ocrx_word' id='word_1_174' title='bbox 701 1288 961 1340; x_wconf 68' lang='grc' dir='ltr'>καταλήψεσθαι</span> <span class='ocrx_word' id='word_1_175' title='bbox 978 1290 1038 1334; x_wconf 68' lang='grc' dir='ltr'>τὴν</span> <span class='ocrx_word' id='word_1_176' title='bbox 1061 1289 1188 1341; x_wconf 82' lang='grc' dir='ltr'>ἅνθρω·</span> 
     </span>
     <span class='ocr_line' id='line_1_21' title="bbox 157 1342 1190 1398; baseline 0.005 -19"><span class='ocrx_word' id='word_1_177' title='bbox 157 1359 219 1380; x_wconf 86' lang='grc' dir='ltr'>πον</span> <span class='ocrx_word' id='word_1_178' title='bbox 235 1359 242 1366; x_wconf 87' lang='grc'><em>·</em></span> <span class='ocrx_word' id='word_1_179' title='bbox 261 1342 317 1380; x_wconf 83' lang='grc' dir='ltr'>ἐὰν</span> <span class='ocrx_word' id='word_1_180' title='bbox 340 1343 373 1379; x_wconf 76' lang='grc' dir='ltr'>δὲ</span> <span class='ocrx_word' id='word_1_181' title='bbox 395 1344 585 1394; x_wconf 68' lang='grc' dir='ltr'>ὃστερησῃ,</span> <span class='ocrx_word' id='word_1_182' title='bbox 606 1345 822 1394; x_wconf 70' lang='grc' dir='ltr'>διερωτήσειν</span> <span class='ocrx_word' id='word_1_183' title='bbox 844 1346 899 1382; x_wconf 82' lang='grc' dir='ltr'>τὸν</span> <span class='ocrx_word' id='word_1_184' title='bbox 918 1348 1091 1397; x_wconf 73' lang='grc' dir='ltr'>Μαχάτην</span> <span class='ocrx_word' id='word_1_185' title='bbox 1112 1348 1190 1398; x_wconf 79' lang='grc' dir='ltr'>περὶ</span> 
     </span>
     <span class='ocr_line' id='line_1_22' title="bbox 158 1401 1190 1456; baseline 0.004 -19"><span class='ocrx_word' id='word_1_186' title='bbox 158 1401 305 1437; x_wconf 70' lang='grc' dir='ltr'>πάντ-(ον’</span> <span class='ocrx_word' id='word_1_187' title='bbox 327 1402 363 1437; x_wconf 74' lang='grc' dir='ltr'>οὗ</span> <span class='ocrx_word' id='word_1_188' title='bbox 383 1401 448 1453; x_wconf 82' lang='grc' dir='ltr'>γὰρ</span> <span class='ocrx_word' id='word_1_189' title='bbox 467 1402 506 1438; x_wconf 84' lang='grc' dir='ltr'>ἀν</span> <span class='ocrx_word' id='word_1_190' title='bbox 530 1417 610 1438; x_wconf 84' lang='grc' dir='ltr'>ποτε</span> <span class='ocrx_word' id='word_1_191' title='bbox 628 1402 820 1452; x_wconf 72' lang='grc' dir='ltr'>ψεύσασθαι</span> <span class='ocrx_word' id='word_1_192' title='bbox 840 1404 1048 1449; x_wconf 77' lang='grc' dir='ltr'>τηλικαύτην</span> <span class='ocrx_word' id='word_1_193' title='bbox 1069 1405 1190 1456; x_wconf 71' lang='grc' dir='ltr'>πρᾶξιν</span> 
     </span>
     <span class='ocr_line' id='line_1_23' title="bbox 158 1459 1189 1513; baseline 0.004 -18"><span class='ocrx_word' id='word_1_194' title='bbox 158 1459 376 1509; x_wconf 76' lang='grc' dir='ltr'>ἐριι)τ(ι’)μενον</span> <span class='ocrx_word' id='word_1_195' title='bbox 395 1460 497 1496; x_wconf 78' lang='grc' dir='ltr'>αὐτόν</span> <span class='ocrx_word' id='word_1_196' title='bbox 515 1474 521 1482; x_wconf 93' lang='grc'><em>·</em></span> <span class='ocrx_word' id='word_1_197' title='bbox 541 1459 658 1510; x_wconf 78' lang='grc' dir='ltr'>διόπερ</span> <span class='ocrx_word' id='word_1_198' title='bbox 688 1460 895 1505; x_wconf 74' lang='grc' dir='ltr'>σιωπήσασα</span> <span class='ocrx_word' id='word_1_199' title='bbox 917 1463 1080 1508; x_wconf 67' lang='grc' dir='ltr'>ἀπῆλθεν.</span> <span class='ocrx_word' id='word_1_200' title='bbox 1099 1461 1189 1513; x_wconf 66' lang='lat' dir='ltr'>&#39;Op-</span> 
     </span>
     <span class='ocr_line' id='line_1_24' title="bbox 157 1516 1189 1569; baseline 0.004 -16"><span class='ocrx_word' id='word_1_201' title='bbox 157 1521 235 1560; x_wconf 83' lang='grc' dir='ltr'>θρου</span> <span class='ocrx_word' id='word_1_202' title='bbox 254 1516 288 1553; x_wconf 53' lang='lat' dir='ltr'>&gt;g</span> <span class='ocrx_word' id='word_1_203' title='bbox 309 1516 489 1565; x_wconf 80' lang='grc' dir='ltr'>γενομένου</span> <span class='ocrx_word' id='word_1_204' title='bbox 511 1517 572 1561; x_wconf 78' lang='grc' dir='ltr'>τὴν</span> <span class='ocrx_word' id='word_1_205' title='bbox 593 1517 654 1565; x_wconf 80' lang='grc' dir='ltr'>μὲν</span> <span class='ocrx_word' id='word_1_206' title='bbox 676 1517 741 1553; x_wconf 82' lang='grc' dir='ltr'>εἴτε</span> <span class='ocrx_word' id='word_1_207' title='bbox 760 1517 815 1554; x_wconf 77' lang='grc' dir='ltr'>διὰ</span> <span class='ocrx_word' id='word_1_208' title='bbox 832 1518 923 1555; x_wconf 89' lang='grc' dir='ltr'>θείαν</span> <span class='ocrx_word' id='word_1_209' title='bbox 944 1520 1106 1569; x_wconf 87' lang='grc' dir='ltr'>βούλησιν</span> <span class='ocrx_word' id='word_1_210' title='bbox 1123 1519 1189 1557; x_wconf 87' lang='grc' dir='ltr'>εἴτε</span> 
     </span>
     <span class='ocr_line' id='line_1_25' title="bbox 156 1574 1190 1624; baseline 0.005 -14"><span class='ocrx_word' id='word_1_211' title='bbox 156 1576 232 1611; x_wconf 76' lang='grc' dir='ltr'>κατ’</span> <span class='ocrx_word' id='word_1_212' title='bbox 251 1574 506 1623; x_wconf 72' lang='grc' dir='ltr'>αὐτοματισμὸν</span> <span class='ocrx_word' id='word_1_213' title='bbox 530 1576 700 1611; x_wconf 85' lang='grc' dir='ltr'>λαθοῦσαν</span> <span class='ocrx_word' id='word_1_214' title='bbox 722 1576 879 1613; x_wconf 76' lang='grc' dir='ltr'>ἀπελθεῖν</span> <span class='ocrx_word' id='word_1_215' title='bbox 900 1576 1025 1622; x_wconf 63' lang='grc' dir='ltr'>συνέῧη</span> <span class='ocrx_word' id='word_1_216' title='bbox 1043 1609 1051 1624; x_wconf 82' lang='grc'>,</span> <span class='ocrx_word' id='word_1_217' title='bbox 1072 1577 1134 1623; x_wconf 76' lang='grc' dir='ltr'>τὴν</span> <span class='ocrx_word' id='word_1_218' title='bbox 1155 1579 1190 1615; x_wconf 75' lang='grc' dir='ltr'>δὲ</span> 
     </span>
     <span class='ocr_line' id='line_1_26' title="bbox 157 1631 1189 1686; baseline 0.005 -19"><span class='ocrx_word' id='word_1_219' title='bbox 157 1631 433 1682; x_wconf 65' lang='grc' dir='ltr'>παραγινομένην</span> <span class='ocrx_word' id='word_1_220' title='bbox 455 1631 508 1668; x_wconf 80' lang='grc' dir='ltr'>διὰ</span> <span class='ocrx_word' id='word_1_221' title='bbox 528 1648 589 1676; x_wconf 93' lang='grc' dir='ltr'>την</span> <span class='ocrx_word' id='word_1_222' title='bbox 610 1631 775 1668; x_wconf 76' lang='grc' dir='ltr'>ἀπόλυσιν</span> <span class='ocrx_word' id='word_1_223' title='bbox 797 1634 992 1685; x_wconf 77' lang='grc' dir='ltr'>δυσφορεῖν·</span> <span class='ocrx_word' id='word_1_224' title='bbox 1011 1637 1059 1686; x_wconf 84' lang='grc' dir='ltr'>τῷ</span> <span class='ocrx_word' id='word_1_225' title='bbox 1079 1635 1189 1672; x_wconf 77' lang='grc' dir='ltr'>νεανί·</span> 
     </span>
    </p>
   </div>
   <div class='ocr_carea' id='block_1_3' title="bbox 158 1688 641 1740">
    <p class='ocr_par' dir='ltr' id='par_1_3' title="bbox 158 1688 641 1740">
     <span class='ocr_line' id='line_1_27' title="bbox 158 1688 641 1740; baseline 0.002 -15"><span class='ocrx_word' id='word_1_226' title='bbox 158 1705 229 1725; x_wconf 89' lang='grc' dir='ltr'>σκω</span> <span class='ocrx_word' id='word_1_227' title='bbox 251 1688 284 1725; x_wconf 77' lang='grc' dir='ltr'>δὲ</span> <span class='ocrx_word' id='word_1_228' title='bbox 303 1691 351 1725; x_wconf 83' lang='grc' dir='ltr'>τῶ</span> <span class='ocrx_word' id='word_1_229' title='bbox 373 1688 454 1740; x_wconf 81' lang='grc' dir='ltr'>ξένω</span> <span class='ocrx_word' id='word_1_230' title='bbox 474 1689 587 1725; x_wconf 83' lang='grc' dir='ltr'>πάντα</span> <span class='ocrx_word' id='word_1_231' title='bbox 608 1688 641 1732; x_wconf 78' lang='grc' dir='ltr'>ἐξ</span> 
     </span>
    </p>
   </div>
   <div class='ocr_carea' id='block_1_4' title="bbox 156 1690 1192 2030">
    <p class='ocr_par' dir='ltr' id='par_1_4' title="bbox 156 1690 1192 2030">
     <span class='ocr_line' id='line_1_28' title="bbox 670 1690 1190 1740; baseline 0.008 -15"><span class='ocrx_word' id='word_1_232' title='bbox 670 1692 778 1740; x_wconf 69' lang='grc' dir='ltr'>ἀρχῆς</span> <span class='ocrx_word' id='word_1_233' title='bbox 799 1690 1058 1740; x_wconf 79' lang='grc' dir='ltr'>ἐξηγησαμένην</span> <span class='ocrx_word' id='word_1_234' title='bbox 1080 1692 1190 1736; x_wconf 82' lang='grc' dir='ltr'>ἀξιοῦν</span> 
     </span>
     <span class='ocr_line' id='line_1_29' title="bbox 156 1746 1190 1799; baseline 0.003 -16"><span class='ocrx_word' id='word_1_235' title='bbox 156 1763 234 1798; x_wconf 84' lang='grc' dir='ltr'>περι</span> <span class='ocrx_word' id='word_1_236' title='bbox 252 1746 293 1783; x_wconf 86' lang='grc' dir='ltr'>τὰ</span> <span class='ocrx_word' id='word_1_237' title='bbox 311 1746 436 1796; x_wconf 90' lang='grc' dir='ltr'>γόνατα</span> <span class='ocrx_word' id='word_1_238' title='bbox 452 1747 746 1798; x_wconf 82' lang='grc' dir='ltr'>περιπλεκομένην</span> <span class='ocrx_word' id='word_1_239' title='bbox 765 1751 822 1786; x_wconf 88' lang='grc' dir='ltr'>τοῦ</span> <span class='ocrx_word' id='word_1_240' title='bbox 841 1749 1013 1799; x_wconf 74' lang='grc' dir='ltr'>Μαχάτου</span> <span class='ocrx_word' id='word_1_241' title='bbox 1027 1748 1088 1795; x_wconf 77' lang='grc' dir='ltr'>τὴν</span> <span class='ocrx_word' id='word_1_242' title='bbox 1104 1750 1190 1796; x_wconf 85' lang='grc' dir='ltr'>ἀλή-</span> 
     </span>
     <span class='ocr_line' id='line_1_30' title="bbox 157 1803 1192 1857; baseline 0.005 -17"><span class='ocrx_word' id='word_1_243' title='bbox 157 1808 248 1840; x_wconf 86' lang='grc' dir='ltr'>θειαν</span> <span class='ocrx_word' id='word_1_244' title='bbox 270 1806 375 1841; x_wconf 83' lang='grc' dir='ltr'>εἰπεῖν</span> <span class='ocrx_word' id='word_1_245' title='bbox 405 1803 511 1852; x_wconf 72' lang='grc' dir='ltr'>μηδὲν</span> <span class='ocrx_word' id='word_1_246' title='bbox 541 1805 838 1857; x_wconf 73' lang='grc' dir='ltr'>ἀποκρυψάμενον.</span> <span class='ocrx_word' id='word_1_247' title='bbox 877 1806 921 1845; x_wconf 88' lang='grc' dir='ltr'>Ὁ</span> <span class='ocrx_word' id='word_1_248' title='bbox 953 1806 988 1843; x_wconf 79' lang='grc' dir='ltr'>δὲ</span> <span class='ocrx_word' id='word_1_249' title='bbox 1020 1807 1192 1850; x_wconf 82' lang='grc' dir='ltr'>νεανίσκος</span> 
     </span>
     <span class='ocr_line' id='line_1_31' title="bbox 158 1860 1190 1914; baseline 0.006 -18"><span class='ocrx_word' id='word_1_250' title='bbox 158 1860 352 1910; x_wconf 81' lang='grc' dir='ltr'>ἀγωνιάσας</span> <span class='ocrx_word' id='word_1_251' title='bbox 370 1860 430 1906; x_wconf 76' lang='grc' dir='ltr'>τὴν</span> <span class='ocrx_word' id='word_1_252' title='bbox 461 1861 571 1912; x_wconf 68' lang='grc' dir='ltr'>ἀρχὴν</span> <span class='ocrx_word' id='word_1_253' title='bbox 593 1862 654 1910; x_wconf 80' lang='grc' dir='ltr'>μὲν</span> <span class='ocrx_word' id='word_1_254' title='bbox 682 1863 913 1914; x_wconf 70' lang='grc' dir='ltr'>διεταράχθη,</span> <span class='ocrx_word' id='word_1_255' title='bbox 936 1864 1032 1912; x_wconf 85' lang='grc' dir='ltr'>μόλις</span> <span class='ocrx_word' id='word_1_256' title='bbox 1054 1864 1089 1902; x_wconf 82' lang='grc' dir='ltr'>δέ</span> <span class='ocrx_word' id='word_1_257' title='bbox 1108 1881 1190 1903; x_wconf 85' lang='grc' dir='ltr'>ποτε</span> 
     </span>
     <span class='ocr_line' id='line_1_32' title="bbox 156 1919 1190 1975; baseline 0.005 -20"><span class='ocrx_word' id='word_1_258' title='bbox 156 1919 193 1956; x_wconf 84' lang='grc' dir='ltr'>τὸ</span> <span class='ocrx_word' id='word_1_259' title='bbox 210 1919 317 1968; x_wconf 83' lang='grc' dir='ltr'>ὄνομα</span> <span class='ocrx_word' id='word_1_260' title='bbox 337 1919 553 1971; x_wconf 68' lang='grc' dir='ltr'>διεσάφησεν,</span> <span class='ocrx_word' id='word_1_261' title='bbox 574 1919 623 1957; x_wconf 76' lang='grc' dir='ltr'>ὅτι</span> <span class='ocrx_word' id='word_1_262' title='bbox 643 1922 817 1959; x_wconf 82' lang='grc' dir='ltr'>Φιλίννιον</span> <span class='ocrx_word' id='word_1_263' title='bbox 836 1921 887 1967; x_wconf 83' lang='grc' dir='ltr'>εἴη</span> <span class='ocrx_word' id='word_1_264' title='bbox 899 1937 906 1945; x_wconf 91' lang='grc'><em>·</em></span> <span class='ocrx_word' id='word_1_265' title='bbox 923 1923 981 1959; x_wconf 85' lang='grc' dir='ltr'>καὶ</span> <span class='ocrx_word' id='word_1_266' title='bbox 1000 1923 1062 1968; x_wconf 72' lang='grc' dir='ltr'>τὴν</span> <span class='ocrx_word' id='word_1_267' title='bbox 1080 1923 1190 1975; x_wconf 80' lang='grc' dir='ltr'>ἀρχὴν</span> 
     </span>
     <span class='ocr_line' id='line_1_33' title="bbox 157 1977 1190 2030; baseline 0.005 -17"><span class='ocrx_word' id='word_1_268' title='bbox 157 1977 345 2027; x_wconf 74' lang='grc' dir='ltr'>διηγήσατο</span> <span class='ocrx_word' id='word_1_269' title='bbox 362 1979 421 2022; x_wconf 82' lang='grc' dir='ltr'>τ’ῆς</span> <span class='ocrx_word' id='word_1_270' title='bbox 447 1978 597 2025; x_wconf 72' lang='grc' dir='ltr'>εἰσόδου,</span> <span class='ocrx_word' id='word_1_271' title='bbox 622 1979 681 2016; x_wconf 81' lang='grc' dir='ltr'>καὶ</span> <span class='ocrx_word' id='word_1_272' title='bbox 701 1979 762 2025; x_wconf 71' lang='grc' dir='ltr'>τὴν</span> <span class='ocrx_word' id='word_1_273' title='bbox 784 1980 967 2030; x_wconf 81' lang='grc' dir='ltr'>ἐπιθυμίαν</span> <span class='ocrx_word' id='word_1_274' title='bbox 985 1982 1089 2027; x_wconf 71' lang='grc' dir='ltr'>αὐτῆς</span> <span class='ocrx_word' id='word_1_275' title='bbox 1109 1982 1190 2027; x_wconf 79' lang='grc' dir='ltr'>ἐδή-</span> 
     </span>
    </p>
   </div>
   <div class='ocr_carea' id='block_1_5' title="bbox 920 165 1534 206">
    <p class='ocr_par' dir='ltr' id='par_1_5' title="bbox 920 165 1534 206">
     <span class='ocr_line' id='line_1_34' title="bbox 920 165 1534 206; baseline 0.007 -5"><span class='ocrx_word' id='word_1_276' title='bbox 920 165 1233 206; x_wconf 81' lang='lat' dir='ltr'>PHLEGONTlS</span> <span class='ocrx_word' id='word_1_277' title='bbox 1260 168 1534 205; x_wconf 63' lang='lat' dir='ltr'>TRALLlANl</span> 
     </span>
    </p>
   </div>
   <div class='ocr_carea' id='block_1_6' title="bbox 1249 246 2280 593">
    <p class='ocr_par' dir='ltr' id='par_1_6' title="bbox 1249 246 2280 593">
     <span class='ocr_line' id='line_1_35' title="bbox 1251 246 2277 306; baseline 0.006 -17"><span class='ocrx_word' id='word_1_278' title='bbox 1251 255 1358 290; x_wconf 76' lang='grc' dir='ltr'>λωσεν</span> <span class='ocrx_word' id='word_1_279' title='bbox 1377 258 1421 295; x_wconf 77' lang='grc' dir='ltr'>ὡς</span> <span class='ocrx_word' id='word_1_280' title='bbox 1447 253 1521 297; x_wconf 75' lang='grc' dir='ltr'>ἥκει</span> <span class='ocrx_word' id='word_1_281' title='bbox 1546 254 1615 301; x_wconf 80' lang='grc' dir='ltr'>(ὡς</span> <span class='ocrx_word' id='word_1_282' title='bbox 1641 246 1730 302; x_wconf 66' lang='grc' dir='ltr'>εἶχεν</span> <span class='ocrx_word' id='word_1_283' title='bbox 1757 254 1943 302; x_wconf 81' lang='lat' dir='ltr'>Leopardi</span> <span class='ocrx_word' id='word_1_284' title='bbox 1961 254 1992 304; x_wconf 90' lang='lat'>)‚</span> <span class='ocrx_word' id='word_1_285' title='bbox 2012 253 2063 291; x_wconf 79' lang='grc' dir='ltr'>ὅτι</span> <span class='ocrx_word' id='word_1_286' title='bbox 2083 255 2191 306; x_wconf 76' lang='grc' dir='ltr'>λάθρα</span> <span class='ocrx_word' id='word_1_287' title='bbox 2211 251 2277 294; x_wconf 74' lang='grc' dir='ltr'>τῶν</span> 
     </span>
     <span class='ocr_line' id='line_1_36' title="bbox 1249 309 2278 363; baseline 0.007 -17"><span class='ocrx_word' id='word_1_288' title='bbox 1249 312 1482 360; x_wconf 76' lang='grc' dir='ltr'>γεννησάντων</span> <span class='ocrx_word' id='word_1_289' title='bbox 1511 310 1575 362; x_wconf 86' lang='grc' dir='ltr'>ἔφη</span> <span class='ocrx_word' id='word_1_290' title='bbox 1613 309 1862 360; x_wconf 84' lang='grc' dir='ltr'>παραγίνεσθαι</span> <span class='ocrx_word' id='word_1_291' title='bbox 1905 311 1987 363; x_wconf 86' lang='grc' dir='ltr'>πρὸς</span> <span class='ocrx_word' id='word_1_292' title='bbox 2019 313 2134 360; x_wconf 81' lang='grc' dir='ltr'>αὐτὸν,</span> <span class='ocrx_word' id='word_1_293' title='bbox 2167 315 2208 352; x_wconf 87' lang='grc' dir='ltr'>τά</span> <span class='ocrx_word' id='word_1_294' title='bbox 2242 331 2278 353; x_wconf 89' lang='grc' dir='ltr'>τε</span> 
     </span>
     <span class='ocr_line' id='line_1_37' title="bbox 1250 366 2278 419; baseline 0.004 -14"><span class='ocrx_word' id='word_1_295' title='bbox 1250 368 1523 417; x_wconf 77' lang='grc' dir='ltr'>ὑπολελειμμένα</span> <span class='ocrx_word' id='word_1_296' title='bbox 1555 366 1619 404; x_wconf 80' lang='grc' dir='ltr'>ὑπὸ</span> <span class='ocrx_word' id='word_1_297' title='bbox 1647 370 1708 412; x_wconf 79' lang='grc' dir='ltr'>τῆς</span> <span class='ocrx_word' id='word_1_298' title='bbox 1729 368 1928 418; x_wconf 81' lang='grc' dir='ltr'>ἀνθρώπου,</span> <span class='ocrx_word' id='word_1_299' title='bbox 1956 369 2156 419; x_wconf 87' lang='grc' dir='ltr'>βουλόμενος</span> <span class='ocrx_word' id='word_1_300' title='bbox 2177 375 2278 417; x_wconf 77' lang='grc' dir='ltr'>ποιῆ·</span> 
     </span>
     <span class='ocr_line' id='line_1_38' title="bbox 1249 424 2279 501; baseline 0.005 -39"><span class='ocrx_word' id='word_1_301' title='bbox 1249 441 1306 462; x_wconf 89' lang='grc' dir='ltr'>σαι</span> <span class='ocrx_word' id='word_1_302' title='bbox 1335 425 1372 462; x_wconf 84' lang='grc' dir='ltr'>τὸ</span> <span class='ocrx_word' id='word_1_303' title='bbox 1401 432 1546 476; x_wconf 83' lang='grc' dir='ltr'>πρᾶγμα</span> <span class='ocrx_word' id='word_1_304' title='bbox 1575 424 1708 471; x_wconf 80' lang='grc' dir='ltr'>πιστὸν,</span> <span class='ocrx_word' id='word_1_305' title='bbox 1738 425 1870 469; x_wconf 83' lang='grc' dir='ltr'>ἀνοίξας</span> <span class='ocrx_word' id='word_1_306' title='bbox 1897 426 1953 463; x_wconf 83' lang='grc' dir='ltr'>τὸν</span> <span class='ocrx_word' id='word_1_307' title='bbox 1983 426 2110 501; x_wconf 81' lang='grc' dir='ltr'>ῥίσκον,</span> <span class='ocrx_word' id='word_1_308' title='bbox 2133 428 2279 481; x_wconf 82' lang='grc' dir='ltr'>ἐξαιρεῖ,</span> 
     </span>
     <span class='ocr_line' id='line_1_39' title="bbox 1249 482 2280 536; baseline 0.007 -18"><span class='ocrx_word' id='word_1_309' title='bbox 1249 484 1304 519; x_wconf 80' lang='grc' dir='ltr'>τόν</span> <span class='ocrx_word' id='word_1_310' title='bbox 1324 499 1359 519; x_wconf 89' lang='grc' dir='ltr'>τε</span> <span class='ocrx_word' id='word_1_311' title='bbox 1378 482 1558 520; x_wconf 82' lang='grc' dir='ltr'>δακτύλιον</span> <span class='ocrx_word' id='word_1_312' title='bbox 1578 483 1634 519; x_wconf 83' lang='grc' dir='ltr'>τὸν</span> <span class='ocrx_word' id='word_1_313' title='bbox 1655 486 1803 533; x_wconf 74' lang='grc' dir='ltr'>χρυσοῦν</span> <span class='ocrx_word' id='word_1_314' title='bbox 1821 482 1856 520; x_wconf 83' lang='grc' dir='ltr'>ὃν</span> <span class='ocrx_word' id='word_1_315' title='bbox 1875 482 1979 521; x_wconf 72' lang='grc' dir='ltr'>ἔλαὸε</span> <span class='ocrx_word' id='word_1_316' title='bbox 1998 487 2080 536; x_wconf 91' lang='grc' dir='ltr'>παρ’</span> <span class='ocrx_word' id='word_1_317' title='bbox 2098 487 2204 532; x_wconf 79' lang='grc' dir='ltr'>αὐτῆς</span> <span class='ocrx_word' id='word_1_318' title='bbox 2221 488 2280 525; x_wconf 84' lang='grc' dir='ltr'>καὶ</span> 
     </span>
     <span class='ocr_line' id='line_1_40' title="bbox 1249 539 2275 593; baseline 0.006 -17"><span class='ocrx_word' id='word_1_319' title='bbox 1249 539 1310 585; x_wconf 75' lang='grc' dir='ltr'>τὴν</span> <span class='ocrx_word' id='word_1_320' title='bbox 1336 539 1585 589; x_wconf 75' lang='grc' dir='ltr'>στηθοδεσμίδα</span> <span class='ocrx_word' id='word_1_321' title='bbox 1604 544 1646 586; x_wconf 92' lang='grc' dir='ltr'>ην</span> <span class='ocrx_word' id='word_1_322' title='bbox 1670 540 1890 578; x_wconf 80' lang='grc' dir='ltr'>ἀπολελοίπει</span> <span class='ocrx_word' id='word_1_323' title='bbox 1910 557 1951 592; x_wconf 86' lang='grc' dir='ltr'>τῃ</span> <span class='ocrx_word' id='word_1_324' title='bbox 1978 542 2144 593; x_wconf 89' lang='grc' dir='ltr'>πρότερον</span> <span class='ocrx_word' id='word_1_325' title='bbox 2165 545 2275 584; x_wconf 88' lang='grc' dir='ltr'>νυκτί.</span> 
     </span>
    </p>
   </div>
   <div class='ocr_carea' id='block_1_7' title="bbox 1250 594 2279 654">
    <p class='ocr_par' dir='ltr' id='par_1_7' title="bbox 1250 594 2279 654">
     <span class='ocr_line' id='line_1_41' title="bbox 1250 594 2279 654; baseline 0.006 -20"><span class='ocrx_word' id='word_1_326' title='bbox 1250 598 1309 640; x_wconf 79' lang='grc' dir='ltr'>Ὡς</span> <span class='ocrx_word' id='word_1_327' title='bbox 1326 598 1360 634; x_wconf 77' lang='grc' dir='ltr'>δὲ</span> <span class='ocrx_word' id='word_1_328' title='bbox 1382 594 1466 635; x_wconf 69' lang='grc' dir='ltr'>εἶδεν</span> <span class='ocrx_word' id='word_1_329' title='bbox 1488 601 1508 643; x_wconf 82' lang='grc' dir='ltr'>ἡ</span> <span class='ocrx_word' id='word_1_330' title='bbox 1526 597 1670 649; x_wconf 89' lang='grc' dir='ltr'>Χαριτὼ</span> <span class='ocrx_word' id='word_1_331' title='bbox 1687 600 1878 644; x_wconf 88' lang='grc' dir='ltr'>τηλικαῦτα</span> <span class='ocrx_word' id='word_1_332' title='bbox 1897 600 2024 648; x_wconf 77' lang='grc' dir='ltr'>σημεῖα</span> <span class='ocrx_word' id='word_1_333' title='bbox 2039 630 2049 648; x_wconf 83' lang='grc'>,</span> <span class='ocrx_word' id='word_1_334' title='bbox 2069 601 2200 654; x_wconf 68' lang='grc' dir='ltr'>ἀναὸοᾷ</span> <span class='ocrx_word' id='word_1_335' title='bbox 2219 603 2279 640; x_wconf 82' lang='grc' dir='ltr'>καὶ</span> 
     </span>
    </p>
   </div>
   <div class='ocr_carea' id='block_1_8' title="bbox 1250 655 2321 707">
    <p class='ocr_par' dir='ltr' id='par_1_8' title="bbox 1250 655 2321 707">
     <span class='ocr_line' id='line_1_42' title="bbox 1250 655 2321 707; baseline 0.005 -15"><span class='ocrx_word' id='word_1_336' title='bbox 1250 655 1460 707; x_wconf 77' lang='grc' dir='ltr'>διαρρήξασα</span> <span class='ocrx_word' id='word_1_337' title='bbox 1479 657 1600 700; x_wconf 71' lang='grc' dir='ltr'>ἑαυτῆς</span> <span class='ocrx_word' id='word_1_338' title='bbox 1620 656 1663 692; x_wconf 89' lang='grc' dir='ltr'>τά</span> <span class='ocrx_word' id='word_1_339' title='bbox 1680 671 1715 692; x_wconf 84' lang='grc' dir='ltr'>τε</span> <span class='ocrx_word' id='word_1_340' title='bbox 1732 655 1906 705; x_wconf 82' lang='grc' dir='ltr'>ἐνδύματα</span> <span class='ocrx_word' id='word_1_341' title='bbox 1921 657 1980 694; x_wconf 85' lang='grc' dir='ltr'>καὶ</span> <span class='ocrx_word' id='word_1_342' title='bbox 1994 657 2032 695; x_wconf 82' lang='grc' dir='ltr'>τὸ</span> <span class='ocrx_word' id='word_1_343' title='bbox 2047 658 2195 706; x_wconf 83' lang='grc' dir='ltr'>ἱμάτιον,</span> <span class='ocrx_word' id='word_1_344' title='bbox 2211 660 2280 697; x_wconf 84' lang='grc' dir='ltr'>ἀπό</span> <span class='ocrx_word' id='word_1_345' title='bbox 2318 688 2321 690; x_wconf 88' lang='grc'>-</span> 
     </span>
    </p>
   </div>
   <div class='ocr_carea' id='block_1_9' title="bbox 1248 713 2284 2035">
    <p class='ocr_par' dir='ltr' id='par_1_9' title="bbox 1248 713 2284 2035">
     <span class='ocr_line' id='line_1_43' title="bbox 1248 713 2281 766; baseline 0.006 -17"><span class='ocrx_word' id='word_1_346' title='bbox 1248 728 1283 749; x_wconf 91' lang='grc' dir='ltr'>τε</span> <span class='ocrx_word' id='word_1_347' title='bbox 1300 716 1360 758; x_wconf 68' lang='grc' dir='ltr'>τῆς</span> <span class='ocrx_word' id='word_1_348' title='bbox 1375 714 1525 765; x_wconf 71' lang='grc' dir='ltr'>κεφαλῆς</span> <span class='ocrx_word' id='word_1_349' title='bbox 1544 713 1673 764; x_wconf 69' lang='grc' dir='ltr'>ῥίψασα</span> <span class='ocrx_word' id='word_1_350' title='bbox 1689 713 1745 750; x_wconf 82' lang='grc' dir='ltr'>τὸν</span> <span class='ocrx_word' id='word_1_351' title='bbox 1763 714 1993 766; x_wconf 85' lang='grc' dir='ltr'>κεκρύφαλον,</span> <span class='ocrx_word' id='word_1_352' title='bbox 2007 717 2160 753; x_wconf 86' lang='grc' dir='ltr'>πεσοῦσά</span> <span class='ocrx_word' id='word_1_353' title='bbox 2179 733 2215 754; x_wconf 85' lang='grc' dir='ltr'>τε</span> <span class='ocrx_word' id='word_1_354' title='bbox 2234 720 2281 760; x_wconf 86' lang='grc' dir='ltr'>εἷς</span> 
     </span>
     <span class='ocr_line' id='line_1_44' title="bbox 1250 769 2281 826; baseline 0.004 -19"><span class='ocrx_word' id='word_1_355' title='bbox 1250 769 1309 815; x_wconf 83' lang='grc' dir='ltr'>τὴν</span> <span class='ocrx_word' id='word_1_356' title='bbox 1338 774 1402 821; x_wconf 67' lang='grc' dir='ltr'>γῆν</span> <span class='ocrx_word' id='word_1_357' title='bbox 1422 771 1480 808; x_wconf 81' lang='grc' dir='ltr'>καὶ</span> <span class='ocrx_word' id='word_1_358' title='bbox 1512 775 1734 822; x_wconf 77' lang='grc' dir='ltr'>περιχυθεῖσα</span> <span class='ocrx_word' id='word_1_359' title='bbox 1766 777 1834 814; x_wconf 87' lang='grc' dir='ltr'>τοῖς</span> <span class='ocrx_word' id='word_1_360' title='bbox 1853 772 2086 823; x_wconf 88' lang='grc' dir='ltr'>γνωρίσμασιν</span> <span class='ocrx_word' id='word_1_361' title='bbox 2109 773 2142 817; x_wconf 83' lang='grc' dir='ltr'>ἐξ</span> <span class='ocrx_word' id='word_1_362' title='bbox 2172 776 2281 826; x_wconf 73' lang='grc' dir='ltr'>ἀρχῆς</span> 
     </span>
     <span class='ocr_line' id='line_1_45' title="bbox 1250 829 2282 882; baseline 0.006 -17"><span class='ocrx_word' id='word_1_363' title='bbox 1250 829 1354 866; x_wconf 82' lang='grc' dir='ltr'>ἐποίει</span> <span class='ocrx_word' id='word_1_364' title='bbox 1374 829 1410 866; x_wconf 77' lang='grc' dir='ltr'>τὸ</span> <span class='ocrx_word' id='word_1_365' title='bbox 1431 830 1562 872; x_wconf 83' lang='grc' dir='ltr'>πένθος.</span> <span class='ocrx_word' id='word_1_366' title='bbox 1585 833 1735 882; x_wconf 58' lang='lat' dir='ltr'>&amp;empsim</span> <span class='ocrx_word' id='word_1_367' title='bbox 1759 830 1794 867; x_wconf 88' lang='grc' dir='ltr'>δὲ</span> <span class='ocrx_word' id='word_1_368' title='bbox 1822 832 1840 867; x_wconf 81' lang='grc' dir='ltr'>ὁ</span> <span class='ocrx_word' id='word_1_369' title='bbox 1867 829 1955 874; x_wconf 83' lang='grc' dir='ltr'>ξένος</span> <span class='ocrx_word' id='word_1_370' title='bbox 1971 830 2010 868; x_wconf 80' lang='grc' dir='ltr'>τὸ</span> <span class='ocrx_word' id='word_1_371' title='bbox 2028 832 2203 882; x_wconf 86' lang='grc' dir='ltr'>γινόμενον</span> <span class='ocrx_word' id='word_1_372' title='bbox 2223 834 2282 871; x_wconf 83' lang='grc' dir='ltr'>καὶ</span> 
     </span>
     <span class='ocr_line' id='line_1_46' title="bbox 1250 887 2282 940; baseline 0.006 -17"><span class='ocrx_word' id='word_1_373' title='bbox 1250 887 1381 930; x_wconf 88' lang='grc' dir='ltr'>πάντας</span> <span class='ocrx_word' id='word_1_374' title='bbox 1401 887 1498 930; x_wconf 79' lang='grc' dir='ltr'>ὄντας</span> <span class='ocrx_word' id='word_1_375' title='bbox 1526 889 1731 939; x_wconf 82' lang='grc' dir='ltr'>ὑπερπαθεῗς</span> <span class='ocrx_word' id='word_1_376' title='bbox 1760 887 1818 926; x_wconf 85' lang='grc' dir='ltr'>καὶ</span> <span class='ocrx_word' id='word_1_377' title='bbox 1839 892 2060 940; x_wconf 88' lang='grc' dir='ltr'>θρηνοῦντας,</span> <span class='ocrx_word' id='word_1_378' title='bbox 2081 890 2205 928; x_wconf 76' lang='grc' dir='ltr'>ὡσανεὶ</span> <span class='ocrx_word' id='word_1_379' title='bbox 2224 895 2282 930; x_wconf 90' lang='grc' dir='ltr'>νῦν</span> 
     </span>
     <span class='ocr_line' id='line_1_47' title="bbox 1252 945 2282 998; baseline 0.004 -16"><span class='ocrx_word' id='word_1_380' title='bbox 1252 945 1439 994; x_wconf 88' lang='grc' dir='ltr'>μέλλοντας</span> <span class='ocrx_word' id='word_1_381' title='bbox 1468 945 1687 996; x_wconf 83' lang='grc' dir='ltr'>κατορύττειν</span> <span class='ocrx_word' id='word_1_382' title='bbox 1717 945 1779 991; x_wconf 83' lang='grc' dir='ltr'>τὴν</span> <span class='ocrx_word' id='word_1_383' title='bbox 1809 945 1998 998; x_wconf 82' lang='grc' dir='ltr'>ἄνθρωπον,</span> <span class='ocrx_word' id='word_1_384' title='bbox 2029 948 2203 998; x_wconf 72' lang='grc' dir='ltr'>συνεχεῖτο</span> <span class='ocrx_word' id='word_1_385' title='bbox 2222 948 2282 986; x_wconf 77' lang='grc' dir='ltr'>καὶ</span> 
     </span>
     <span class='ocr_line' id='line_1_48' title="bbox 1249 1002 2282 1054; baseline 0.003 -15"><span class='ocrx_word' id='word_1_386' title='bbox 1249 1003 1437 1054; x_wconf 87' lang='grc' dir='ltr'>παρεκάλει</span> <span class='ocrx_word' id='word_1_387' title='bbox 1469 1002 1625 1051; x_wconf 82' lang='grc' dir='ltr'>δεόμενος</span> <span class='ocrx_word' id='word_1_388' title='bbox 1652 1002 1869 1049; x_wconf 88' lang='grc' dir='ltr'>παύσασθαι,</span> <span class='ocrx_word' id='word_1_389' title='bbox 1897 1003 2192 1053; x_wconf 85' lang='grc' dir='ltr'>ἐπαγγελλόμενος</span> <span class='ocrx_word' id='word_1_390' title='bbox 2224 1004 2282 1042; x_wconf 84' lang='grc' dir='ltr'>ἐὰν</span> 
     </span>
     <span class='ocr_line' id='line_1_49' title="bbox 1249 1059 2281 1112; baseline 0.002 -15"><span class='ocrx_word' id='word_1_391' title='bbox 1249 1060 1486 1112; x_wconf 81' lang='grc' dir='ltr'>παραγένηται</span> <span class='ocrx_word' id='word_1_392' title='bbox 1503 1059 1620 1104; x_wconf 78' lang='grc' dir='ltr'>δείξειν</span> <span class='ocrx_word' id='word_1_393' title='bbox 1641 1060 1762 1105; x_wconf 80' lang='grc' dir='ltr'>αὐτήν.</span> <span class='ocrx_word' id='word_1_394' title='bbox 1784 1059 1830 1098; x_wconf 86' lang='grc' dir='ltr'><strong>Ἥ</strong></span> <span class='ocrx_word' id='word_1_395' title='bbox 1851 1060 1886 1097; x_wconf 85' lang='grc' dir='ltr'>δὲ</span> <span class='ocrx_word' id='word_1_396' title='bbox 1905 1064 2082 1098; x_wconf 87' lang='grc' dir='ltr'>πεισθεῖσα</span> <span class='ocrx_word' id='word_1_397' title='bbox 2099 1061 2158 1098; x_wconf 83' lang='grc' dir='ltr'>καὶ</span> <span class='ocrx_word' id='word_1_398' title='bbox 2176 1063 2281 1099; x_wconf 81' lang='grc' dir='ltr'>ἐντει-</span> 
     </span>
     <span class='ocr_line' id='line_1_50' title="bbox 1249 1116 2282 1170; baseline 0.003 -16"><span class='ocrx_word' id='word_1_399' title='bbox 1249 1119 1381 1166; x_wconf 81' lang='grc' dir='ltr'>λαμένη</span> <span class='ocrx_word' id='word_1_400' title='bbox 1403 1119 1495 1169; x_wconf 80' lang='grc' dir='ltr'>αὐτῷ</span> <span class='ocrx_word' id='word_1_401' title='bbox 1516 1117 1693 1170; x_wconf 80' lang='grc' dir='ltr'>φροντίσαι</span> <span class='ocrx_word' id='word_1_402' title='bbox 1714 1116 1761 1166; x_wconf 87' lang='grc' dir='ltr'>μὴ</span> <span class='ocrx_word' id='word_1_403' title='bbox 1782 1117 1962 1169; x_wconf 81' lang='grc' dir='ltr'>παρέργως</span> <span class='ocrx_word' id='word_1_404' title='bbox 1980 1119 2048 1155; x_wconf 84' lang='grc' dir='ltr'>τῶν</span> <span class='ocrx_word' id='word_1_405' title='bbox 2067 1119 2282 1169; x_wconf 82' lang='grc' dir='ltr'>ἐπηγγελμέ·</span> 
     </span>
     <span class='ocr_line' id='line_1_51' title="bbox 1253 1175 2283 1227; baseline 0.002 -15"><span class='ocrx_word' id='word_1_406' title='bbox 1253 1192 1316 1212; x_wconf 90' lang='grc' dir='ltr'>νων</span> <span class='ocrx_word' id='word_1_407' title='bbox 1340 1177 1490 1222; x_wconf 78' lang='grc' dir='ltr'>ἀπελύθη</span> <span class='ocrx_word' id='word_1_408' title='bbox 1512 1176 1595 1227; x_wconf 84' lang='grc' dir='ltr'>πρὸς</span> <span class='ocrx_word' id='word_1_409' title='bbox 1612 1175 1733 1220; x_wconf 79' lang='grc' dir='ltr'>αὑτήν.</span> <span class='ocrx_word' id='word_1_410' title='bbox 1760 1175 1892 1218; x_wconf 59' lang='grc' dir='ltr'>Νυκτὸς</span> <span class='ocrx_word' id='word_1_411' title='bbox 1911 1176 1945 1213; x_wconf 83' lang='grc' dir='ltr'>δὲ</span> <span class='ocrx_word' id='word_1_412' title='bbox 1964 1176 2206 1226; x_wconf 80' lang='grc' dir='ltr'>ἐπιγενομένης</span> <span class='ocrx_word' id='word_1_413' title='bbox 2223 1178 2283 1215; x_wconf 83' lang='grc' dir='ltr'>καὶ</span> 
     </span>
     <span class='ocr_line' id='line_1_52' title="bbox 1253 1232 2282 1285; baseline 0.002 -15"><span class='ocrx_word' id='word_1_414' title='bbox 1253 1250 1311 1279; x_wconf 88' lang='grc' dir='ltr'>της</span> <span class='ocrx_word' id='word_1_415' title='bbox 1328 1232 1417 1285; x_wconf 74' lang='grc' dir='ltr'>ὧρας</span> <span class='ocrx_word' id='word_1_416' title='bbox 1434 1233 1555 1280; x_wconf 78' lang='grc' dir='ltr'>οὔσης,</span> <span class='ocrx_word' id='word_1_417' title='bbox 1577 1237 1652 1271; x_wconf 86' lang='grc' dir='ltr'>καθ’</span> <span class='ocrx_word' id='word_1_418' title='bbox 1674 1234 1714 1280; x_wconf 73' lang='grc' dir='ltr'>ἣν</span> <span class='ocrx_word' id='word_1_419' title='bbox 1730 1237 1751 1278; x_wconf 85' lang='grc' dir='ltr'>ἡ</span> <span class='ocrx_word' id='word_1_420' title='bbox 1774 1232 1950 1272; x_wconf 84' lang='grc' dir='ltr'>Φιλίννιον</span> <span class='ocrx_word' id='word_1_421' title='bbox 1970 1234 2078 1270; x_wconf 82' lang='grc' dir='ltr'>εἰώθει</span> <span class='ocrx_word' id='word_1_422' title='bbox 2095 1235 2282 1285; x_wconf 80' lang='grc' dir='ltr'>παραγίνε-</span> 
     </span>
     <span class='ocr_line' id='line_1_53' title="bbox 1253 1291 2284 1343; baseline 0.001 -15"><span class='ocrx_word' id='word_1_423' title='bbox 1253 1294 1330 1328; x_wconf 82' lang='grc' dir='ltr'>σθαι</span> <span class='ocrx_word' id='word_1_424' title='bbox 1350 1292 1433 1343; x_wconf 80' lang='grc' dir='ltr'>πρὸς</span> <span class='ocrx_word' id='word_1_425' title='bbox 1451 1292 1566 1338; x_wconf 81' lang='grc' dir='ltr'>αὐτὸν,</span> <span class='ocrx_word' id='word_1_426' title='bbox 1589 1294 1619 1328; x_wconf 80' lang='grc' dir='ltr'>οἱ</span> <span class='ocrx_word' id='word_1_427' title='bbox 1640 1291 1700 1341; x_wconf 77' lang='grc' dir='ltr'>μὲν</span> <span class='ocrx_word' id='word_1_428' title='bbox 1726 1291 1959 1343; x_wconf 80' lang='grc' dir='ltr'>προσετήρουν</span> <span class='ocrx_word' id='word_1_429' title='bbox 1985 1292 2117 1337; x_wconf 84' lang='grc' dir='ltr'>εἷδησαι</span> <span class='ocrx_word' id='word_1_430' title='bbox 2135 1291 2284 1335; x_wconf 83' lang='grc' dir='ltr'>θέλοντες</span> 
     </span>
     <span class='ocr_line' id='line_1_54' title="bbox 1251 1348 2283 1420; baseline 0.002 -35"><span class='ocrx_word' id='word_1_431' title='bbox 1251 1349 1311 1394; x_wconf 78' lang='grc' dir='ltr'>τὴν</span> <span class='ocrx_word' id='word_1_432' title='bbox 1331 1349 1408 1401; x_wconf 77' lang='grc' dir='ltr'>ἅφιξ</span> <span class='ocrx_word' id='word_1_433' title='bbox 1414 1365 1452 1386; x_wconf 58' lang='grc' dir='ltr'>ιν*</span> <span class='ocrx_word' id='word_1_434' title='bbox 1474 1365 1494 1395; x_wconf 88' lang='grc' dir='ltr'>η</span> <span class='ocrx_word' id='word_1_435' title='bbox 1523 1349 1556 1386; x_wconf 81' lang='grc' dir='ltr'>δὲ</span> <span class='ocrx_word' id='word_1_436' title='bbox 1577 1354 1672 1395; x_wconf 81' lang='grc' dir='ltr'>ἡκεν.</span> <span class='ocrx_word' id='word_1_437' title='bbox 1708 1348 1972 1420; x_wconf 80' lang='grc' dir='ltr'>Εἷσε)θούσης</span> <span class='ocrx_word' id='word_1_438' title='bbox 1955 1348 1990 1386; x_wconf 79' lang='grc' dir='ltr'>οὲ</span> <span class='ocrx_word' id='word_1_439' title='bbox 2011 1348 2101 1385; x_wconf 84' lang='grc' dir='ltr'>κατὰ</span> <span class='ocrx_word' id='word_1_440' title='bbox 2119 1349 2176 1386; x_wconf 86' lang='grc' dir='ltr'>τὸν</span> <span class='ocrx_word' id='word_1_441' title='bbox 2197 1351 2283 1387; x_wconf 85' lang='grc' dir='ltr'>εἰθι-</span> 
     </span>
     <span class='ocr_line' id='line_1_55' title="bbox 1252 1405 2281 1459; baseline 0.002 -17"><span class='ocrx_word' id='word_1_442' title='bbox 1252 1421 1375 1455; x_wconf 70' lang='grc' dir='ltr'>σμενον</span> <span class='ocrx_word' id='word_1_443' title='bbox 1395 1407 1510 1459; x_wconf 80' lang='grc' dir='ltr'>καιρὸν</span> <span class='ocrx_word' id='word_1_444' title='bbox 1537 1407 1595 1444; x_wconf 83' lang='grc' dir='ltr'>καὶ</span> <span class='ocrx_word' id='word_1_445' title='bbox 1614 1405 1840 1456; x_wconf 70' lang='grc' dir='ltr'>καθεζομένης</span> <span class='ocrx_word' id='word_1_446' title='bbox 1869 1406 1924 1443; x_wconf 82' lang='grc' dir='ltr'>ἐπι</span> <span class='ocrx_word' id='word_1_447' title='bbox 1947 1422 2009 1452; x_wconf 86' lang='grc' dir='ltr'>την</span> <span class='ocrx_word' id='word_1_448' title='bbox 2038 1405 2156 1452; x_wconf 86' lang='grc' dir='ltr'>κλίνην</span> <span class='ocrx_word' id='word_1_449' title='bbox 2187 1407 2281 1444; x_wconf 78' lang='grc' dir='ltr'>οὐδὲν</span> 
     </span>
     <span class='ocr_line' id='line_1_56' title="bbox 1252 1464 2281 1516; baseline 0.002 -16"><span class='ocrx_word' id='word_1_450' title='bbox 1252 1466 1491 1515; x_wconf 81' lang='grc' dir='ltr'>προσποιηθεὶς</span> <span class='ocrx_word' id='word_1_451' title='bbox 1507 1468 1524 1502; x_wconf 85' lang='grc' dir='ltr'><em>ὃ</em></span> <span class='ocrx_word' id='word_1_452' title='bbox 1548 1465 1735 1516; x_wconf 71' lang='grc' dir='ltr'>Μαχάτης,</span> <span class='ocrx_word' id='word_1_453' title='bbox 1753 1464 1906 1508; x_wconf 82' lang='grc' dir='ltr'>ἐξετάσαι</span> <span class='ocrx_word' id='word_1_454' title='bbox 1924 1464 1959 1501; x_wconf 82' lang='grc' dir='ltr'>δὲ</span> <span class='ocrx_word' id='word_1_455' title='bbox 1979 1464 2016 1501; x_wconf 84' lang='grc' dir='ltr'>τὸ</span> <span class='ocrx_word' id='word_1_456' title='bbox 2035 1470 2182 1515; x_wconf 76' lang='grc' dir='ltr'>πρᾶγμα</span> <span class='ocrx_word' id='word_1_457' title='bbox 2201 1467 2281 1515; x_wconf 86' lang='grc' dir='ltr'>βου-</span> 
     </span>
     <span class='ocr_line' id='line_1_57' title="bbox 1252 1521 2282 1573; baseline 0.001 -15"><span class='ocrx_word' id='word_1_458' title='bbox 1252 1522 1409 1571; x_wconf 88' lang='grc' dir='ltr'>λόμενος,</span> <span class='ocrx_word' id='word_1_459' title='bbox 1426 1523 1464 1560; x_wconf 77' lang='grc' dir='ltr'>τὸ</span> <span class='ocrx_word' id='word_1_460' title='bbox 1480 1523 1582 1560; x_wconf 85' lang='grc' dir='ltr'>πλέον</span> <span class='ocrx_word' id='word_1_461' title='bbox 1599 1524 1636 1559; x_wconf 80' lang='grc' dir='ltr'>οὐ</span> <span class='ocrx_word' id='word_1_462' title='bbox 1652 1521 1835 1568; x_wconf 86' lang='grc' dir='ltr'>πιστεύων,</span> <span class='ocrx_word' id='word_1_463' title='bbox 1852 1523 1879 1558; x_wconf 86' lang='grc' dir='ltr'>εἰ</span> <span class='ocrx_word' id='word_1_464' title='bbox 1897 1527 2000 1573; x_wconf 75' lang='grc' dir='ltr'>νεκρᾷ</span> <span class='ocrx_word' id='word_1_465' title='bbox 2021 1521 2206 1568; x_wconf 83' lang='grc' dir='ltr'>πλησιάζοι</span> <span class='ocrx_word' id='word_1_466' title='bbox 2226 1521 2282 1559; x_wconf 77' lang='grc' dir='ltr'>οὕ-</span> 
     </span>
     <span class='ocr_line' id='line_1_58' title="bbox 1251 1578 2284 1631; baseline 0.002 -15"><span class='ocrx_word' id='word_1_467' title='bbox 1251 1595 1315 1621; x_wconf 90' lang='grc' dir='ltr'>τως</span> <span class='ocrx_word' id='word_1_468' title='bbox 1333 1581 1505 1629; x_wconf 81' lang='grc' dir='ltr'>ἐπιμελῶς</span> <span class='ocrx_word' id='word_1_469' title='bbox 1521 1579 1778 1631; x_wconf 80' lang='grc' dir='ltr'>παραγινομένη</span> <span class='ocrx_word' id='word_1_470' title='bbox 1791 1579 1880 1616; x_wconf 86' lang='grc' dir='ltr'>κατὰ</span> <span class='ocrx_word' id='word_1_471' title='bbox 1895 1578 1951 1616; x_wconf 79' lang='grc' dir='ltr'>τὸν</span> <span class='ocrx_word' id='word_1_472' title='bbox 1969 1578 2070 1616; x_wconf 77' lang='grc' dir='ltr'>αὐτὸν</span> <span class='ocrx_word' id='word_1_473' title='bbox 2088 1580 2218 1631; x_wconf 85' lang='grc' dir='ltr'>καιρὸν,</span> <span class='ocrx_word' id='word_1_474' title='bbox 2232 1579 2284 1618; x_wconf 83' lang='grc' dir='ltr'>ἔτι</span> 
     </span>
     <span class='ocr_line' id='line_1_59' title="bbox 1251 1635 2284 1686; baseline 0.001 -13"><span class='ocrx_word' id='word_1_475' title='bbox 1251 1635 1285 1673; x_wconf 87' lang='lat'>35</span> <span class='ocrx_word' id='word_1_476' title='bbox 1310 1636 1509 1682; x_wconf 76' lang='grc' dir='ltr'>δειπνούσης</span> <span class='ocrx_word' id='word_1_477' title='bbox 1531 1638 1603 1683; x_wconf 89' lang='grc' dir='ltr'>μετ’</span> <span class='ocrx_word' id='word_1_478' title='bbox 1631 1638 1733 1675; x_wconf 81' lang='grc' dir='ltr'>αὐτοῦ</span> <span class='ocrx_word' id='word_1_479' title='bbox 1759 1652 1818 1674; x_wconf 88' lang='grc' dir='ltr'>και</span> <span class='ocrx_word' id='word_1_480' title='bbox 1848 1636 2101 1686; x_wconf 86' lang='grc' dir='ltr'>συμπινούσης,</span> <span class='ocrx_word' id='word_1_481' title='bbox 2133 1637 2284 1681; x_wconf 87' lang='grc' dir='ltr'>ἀπίστως</span> 
     </span>
     <span class='ocr_line' id='line_1_60' title="bbox 1252 1693 2279 1746; baseline 0.002 -15"><span class='ocrx_word' id='word_1_482' title='bbox 1252 1698 1341 1745; x_wconf 74' lang='grc' dir='ltr'>εἶχεν</span> <span class='ocrx_word' id='word_1_483' title='bbox 1362 1698 1409 1737; x_wconf 84' lang='grc' dir='ltr'>οῖς</span> <span class='ocrx_word' id='word_1_484' title='bbox 1429 1696 1551 1732; x_wconf 84' lang='grc' dir='ltr'>ἐκεῖνοι</span> <span class='ocrx_word' id='word_1_485' title='bbox 1566 1694 1808 1746; x_wconf 84' lang='grc' dir='ltr'>προηγγειλαν·</span> <span class='ocrx_word' id='word_1_486' title='bbox 1829 1693 1914 1745; x_wconf 85' lang='grc' dir='ltr'>ὤετο</span> <span class='ocrx_word' id='word_1_487' title='bbox 1934 1694 1974 1740; x_wconf 85' lang='grc' dir='ltr'>δὴ</span> <span class='ocrx_word' id='word_1_488' title='bbox 1989 1694 2213 1746; x_wconf 87' lang='grc' dir='ltr'>νεκρορύκτας</span> <span class='ocrx_word' id='word_1_489' title='bbox 2229 1711 2279 1733; x_wconf 87' lang='grc' dir='ltr'>τι-</span> 
     </span>
     <span class='ocr_line' id='line_1_61' title="bbox 1253 1752 2283 1805; baseline 0.002 -17"><span class='ocrx_word' id='word_1_490' title='bbox 1253 1756 1311 1794; x_wconf 88' lang='grc' dir='ltr'>νὰς</span> <span class='ocrx_word' id='word_1_491' title='bbox 1341 1752 1543 1804; x_wconf 72' lang='grc' dir='ltr'>διωρυγέναι</span> <span class='ocrx_word' id='word_1_492' title='bbox 1562 1752 1618 1789; x_wconf 81' lang='grc' dir='ltr'>τὸν</span> <span class='ocrx_word' id='word_1_493' title='bbox 1637 1752 1742 1805; x_wconf 83' lang='grc' dir='ltr'>τάφον</span> <span class='ocrx_word' id='word_1_494' title='bbox 1762 1752 1821 1790; x_wconf 85' lang='grc' dir='ltr'>καὶ</span> <span class='ocrx_word' id='word_1_495' title='bbox 1851 1752 2065 1804; x_wconf 87' lang='grc' dir='ltr'>πεπρακέναι</span> <span class='ocrx_word' id='word_1_496' title='bbox 2092 1752 2134 1790; x_wconf 85' lang='grc' dir='ltr'>τὰ</span> <span class='ocrx_word' id='word_1_497' title='bbox 2161 1753 2283 1802; x_wconf 80' lang='grc' dir='ltr'>ἱμάτια</span> 
     </span>
     <span class='ocr_line' id='line_1_62' title="bbox 1254 1809 2284 1863; baseline 0.003 -18"><span class='ocrx_word' id='word_1_498' title='bbox 1254 1825 1311 1846; x_wconf 88' lang='grc' dir='ltr'>και</span> <span class='ocrx_word' id='word_1_499' title='bbox 1333 1809 1375 1846; x_wconf 86' lang='grc' dir='ltr'>τὰ</span> <span class='ocrx_word' id='word_1_500' title='bbox 1392 1809 1519 1862; x_wconf 77' lang='grc' dir='ltr'>χρύσια</span> <span class='ocrx_word' id='word_1_501' title='bbox 1546 1826 1595 1863; x_wconf 84' lang='grc' dir='ltr'>τῳ</span> <span class='ocrx_word' id='word_1_502' title='bbox 1614 1811 1719 1862; x_wconf 84' lang='grc' dir='ltr'>πατρὶ</span> <span class='ocrx_word' id='word_1_503' title='bbox 1742 1813 1802 1856; x_wconf 81' lang='grc' dir='ltr'>τ’ῆς</span> <span class='ocrx_word' id='word_1_504' title='bbox 1822 1810 2014 1861; x_wconf 87' lang='grc' dir='ltr'>ἀνθρώπου.</span> <span class='ocrx_word' id='word_1_505' title='bbox 2072 1810 2284 1860; x_wconf 87' lang='grc' dir='ltr'>Βουλόμενος</span> 
     </span>
     <span class='ocr_line' id='line_1_63' title="bbox 1252 1866 2283 1918; baseline 0.002 -15"><span class='ocrx_word' id='word_1_506' title='bbox 1252 1870 1308 1903; x_wconf 82' lang='grc' dir='ltr'>οὐν</span> <span class='ocrx_word' id='word_1_507' title='bbox 1325 1866 1386 1912; x_wconf 82' lang='grc' dir='ltr'>τὴν</span> <span class='ocrx_word' id='word_1_508' title='bbox 1409 1867 1584 1918; x_wconf 66' lang='grc' dir='ltr'>ἀκρίὸειοιν</span> <span class='ocrx_word' id='word_1_509' title='bbox 1607 1868 1760 1917; x_wconf 76' lang='grc' dir='ltr'>εἷδησαι,</span> <span class='ocrx_word' id='word_1_510' title='bbox 1778 1867 1907 1916; x_wconf 86' lang='grc' dir='ltr'>πέμπει</span> <span class='ocrx_word' id='word_1_511' title='bbox 1926 1883 2003 1910; x_wconf 88' lang='grc' dir='ltr'>τους</span> <span class='ocrx_word' id='word_1_512' title='bbox 2030 1868 2155 1910; x_wconf 84' lang='grc' dir='ltr'>παῖδας</span> <span class='ocrx_word' id='word_1_513' title='bbox 2173 1867 2283 1918; x_wconf 88' lang='grc' dir='ltr'>λάθρα</span> 
     </span>
     <span class='ocr_line' id='line_1_64' title="bbox 1252 1924 2284 1978; baseline 0.002 -17"><span class='ocrx_word' id='word_1_514' title='bbox 1252 1927 1318 1962; x_wconf 81' lang='grc' dir='ltr'>κα)</span> <span class='ocrx_word' id='word_1_515' title='bbox 1312 1929 1441 1968; x_wconf 90' lang='grc' dir='ltr'>οῦντας</span> <span class='ocrx_word' id='word_1_516' title='bbox 1463 1925 1595 1978; x_wconf 80' lang='grc' dir='ltr'>αὐτούς.</span> <span class='ocrx_word' id='word_1_517' title='bbox 1643 1925 1789 1977; x_wconf 77' lang='grc' dir='ltr'>Ταχέως</span> <span class='ocrx_word' id='word_1_518' title='bbox 1809 1924 1843 1963; x_wconf 76' lang='grc' dir='ltr'>δὲ</span> <span class='ocrx_word' id='word_1_519' title='bbox 1863 1925 2150 1977; x_wconf 80' lang='grc' dir='ltr'>παραγενομένων</span> <span class='ocrx_word' id='word_1_520' title='bbox 2168 1928 2228 1962; x_wconf 84' lang='grc' dir='ltr'>τοῦ</span> <span class='ocrx_word' id='word_1_521' title='bbox 2247 1940 2284 1963; x_wconf 87' lang='grc' dir='ltr'>τε</span> 
     </span>
     <span class='ocr_line' id='line_1_65' title="bbox 1252 1982 2281 2035; baseline 0.002 -16"><span class='ocrx_word' id='word_1_522' title='bbox 1252 1983 1499 2033; x_wconf 81' lang='grc' dir='ltr'>Δημοστράτου</span> <span class='ocrx_word' id='word_1_523' title='bbox 1523 1983 1581 2020; x_wconf 85' lang='grc' dir='ltr'>καὶ</span> <span class='ocrx_word' id='word_1_524' title='bbox 1597 1986 1657 2029; x_wconf 80' lang='grc' dir='ltr'>τ’ἦς</span> <span class='ocrx_word' id='word_1_525' title='bbox 1674 1986 1864 2035; x_wconf 84' lang='grc' dir='ltr'>Χαριτοῦς,</span> <span class='ocrx_word' id='word_1_526' title='bbox 1881 1983 2018 2020; x_wconf 82' lang='grc' dir='ltr'>ἰδόντων</span> <span class='ocrx_word' id='word_1_527' title='bbox 2039 1998 2075 2020; x_wconf 87' lang='grc' dir='ltr'>τε</span> <span class='ocrx_word' id='word_1_528' title='bbox 2097 1982 2202 2028; x_wconf 82' lang='grc' dir='ltr'>αὐτὴν</span> <span class='ocrx_word' id='word_1_529' title='bbox 2224 1983 2281 2021; x_wconf 83' lang='grc' dir='ltr'>καὶ</span> 
     </span>
    </p>
   </div>
   <div class='ocr_carea' id='block_1_10' title="bbox 162 2058 2270 2072">
    <p class='ocr_par' dir='ltr' id='par_1_10' title="bbox 162 2058 2270 2072">
     <span class='ocr_line' id='line_1_66' title="bbox 162 2058 2270 2072; baseline 0 1693"><span class='ocrx_word' id='word_1_530' title='bbox 162 2058 2270 2072; x_wconf 95' lang='lat' dir='ltr'> </span> 
     </span>
    </p>
   </div>
   <div class='ocr_carea' id='block_1_11' title="bbox 154 2086 1192 3354">
    <p class='ocr_par' dir='ltr' id='par_1_11' title="bbox 154 2086 1192 3354">
     <span class='ocr_line' id='line_1_67' title="bbox 155 2086 1188 2129; baseline 0.007 -14"><span class='ocrx_word' id='word_1_531' title='bbox 155 2086 241 2117; x_wconf 86' lang='lat' dir='ltr'>tricis</span> <span class='ocrx_word' id='word_1_532' title='bbox 266 2088 484 2126; x_wconf 85' lang='lat' dir='ltr'>consternata,</span> <span class='ocrx_word' id='word_1_533' title='bbox 502 2088 599 2118; x_wconf 82' lang='lat' dir='ltr'>animi</span> <span class='ocrx_word' id='word_1_534' title='bbox 621 2090 667 2118; x_wconf 86' lang='lat' dir='ltr'>est</span> <span class='ocrx_word' id='word_1_535' title='bbox 681 2097 772 2128; x_wconf 85' lang='lat' dir='ltr'>passa</span> <span class='ocrx_word' id='word_1_536' title='bbox 795 2089 971 2129; x_wconf 81' lang='lat' dir='ltr'>deliquium</span> <span class='ocrx_word' id='word_1_537' title='bbox 991 2103 997 2120; x_wconf 90' lang='lat'>:</span> <span class='ocrx_word' id='word_1_538' title='bbox 1025 2100 1100 2122; x_wconf 88' lang='lat' dir='ltr'>mox</span> <span class='ocrx_word' id='word_1_539' title='bbox 1116 2091 1188 2123; x_wconf 76' lang='lat' dir='ltr'>sillae</span> 
     </span>
     <span class='ocr_line' id='line_1_68' title="bbox 155 2139 1190 2183; baseline 0.006 -15"><span class='ocrx_word' id='word_1_540' title='bbox 155 2139 335 2177; x_wconf 83' lang='lat' dir='ltr'>recordata,</span> <span class='ocrx_word' id='word_1_541' title='bbox 356 2139 444 2170; x_wconf 78' lang='lat' dir='ltr'>flevit</span> <span class='ocrx_word' id='word_1_542' title='bbox 463 2152 468 2170; x_wconf 79' lang='lat' dir='ltr'><em>z</em></span> <span class='ocrx_word' id='word_1_543' title='bbox 489 2139 616 2171; x_wconf 87' lang='lat' dir='ltr'>tandem</span> <span class='ocrx_word' id='word_1_544' title='bbox 646 2140 780 2172; x_wconf 80' lang='lat' dir='ltr'>insanire</span> <span class='ocrx_word' id='word_1_545' title='bbox 808 2142 963 2173; x_wconf 86' lang='lat' dir='ltr'>nutricem</span> <span class='ocrx_word' id='word_1_546' title='bbox 981 2143 1073 2182; x_wconf 77' lang='lat' dir='ltr'>dixit,</span> <span class='ocrx_word' id='word_1_547' title='bbox 1095 2145 1190 2183; x_wconf 83' lang='lat' dir='ltr'>atque</span> 
     </span>
     <span class='ocr_line' id='line_1_69' title="bbox 154 2190 1188 2235; baseline 0.006 -15"><span class='ocrx_word' id='word_1_548' title='bbox 154 2190 240 2221; x_wconf 82' lang='lat' dir='ltr'>abire</span> <span class='ocrx_word' id='word_1_549' title='bbox 261 2190 354 2229; x_wconf 83' lang='lat' dir='ltr'>jussit</span> <span class='ocrx_word' id='word_1_550' title='bbox 379 2191 532 2222; x_wconf 73' lang='lat' dir='ltr'>celeriter.</span> <span class='ocrx_word' id='word_1_551' title='bbox 558 2192 688 2224; x_wconf 85' lang='lat' dir='ltr'>Nutrice</span> <span class='ocrx_word' id='word_1_552' title='bbox 703 2201 778 2224; x_wconf 87' lang='lat' dir='ltr'>vero</span> <span class='ocrx_word' id='word_1_553' title='bbox 792 2194 847 2233; x_wconf 79' lang='lat' dir='ltr'>ipsi</span> <span class='ocrx_word' id='word_1_554' title='bbox 865 2194 1087 2234; x_wconf 83' lang='lat' dir='ltr'>exprobrante,</span> <span class='ocrx_word' id='word_1_555' title='bbox 1103 2196 1188 2235; x_wconf 86' lang='lat' dir='ltr'>quod</span> 
     </span>
     <span class='ocr_line' id='line_1_70' title="bbox 156 2241 1189 2285; baseline 0.007 -15"><span class='ocrx_word' id='word_1_556' title='bbox 156 2249 220 2280; x_wconf 66' lang='lat' dir='ltr'>prae</span> <span class='ocrx_word' id='word_1_557' title='bbox 246 2241 367 2279; x_wconf 77' lang='lat' dir='ltr'>ignavia</span> <span class='ocrx_word' id='word_1_558' title='bbox 380 2250 470 2273; x_wconf 87' lang='lat' dir='ltr'>suam</span> <span class='ocrx_word' id='word_1_559' title='bbox 485 2242 577 2272; x_wconf 86' lang='lat' dir='ltr'>tiliam</span> <span class='ocrx_word' id='word_1_560' title='bbox 596 2243 701 2274; x_wconf 83' lang='lat' dir='ltr'>videre</span> <span class='ocrx_word' id='word_1_561' title='bbox 718 2244 885 2283; x_wconf 69' lang='lat' dir='ltr'>negligeret</span> <span class='ocrx_word' id='word_1_562' title='bbox 902 2247 910 2284; x_wconf 95' lang='lat'>(</span> <span class='ocrx_word' id='word_1_563' title='bbox 926 2254 1000 2276; x_wconf 88' lang='lat' dir='ltr'>nam</span> <span class='ocrx_word' id='word_1_564' title='bbox 1015 2254 1047 2276; x_wconf 86' lang='lat' dir='ltr'>se</span> <span class='ocrx_word' id='word_1_565' title='bbox 1063 2246 1189 2285; x_wconf 87' lang='lat' dir='ltr'>quidem</span> 
     </span>
     <span class='ocr_line' id='line_1_71' title="bbox 157 2292 1190 2334; baseline 0.007 -15"><span class='ocrx_word' id='word_1_566' title='bbox 157 2298 264 2320; x_wconf 84' lang='lat' dir='ltr'>sanam</span> <span class='ocrx_word' id='word_1_567' title='bbox 291 2299 356 2321; x_wconf 81' lang='lat' dir='ltr'>esse</span> <span class='ocrx_word' id='word_1_568' title='bbox 367 2314 376 2329; x_wconf 91' lang='lat'>,</span> <span class='ocrx_word' id='word_1_569' title='bbox 406 2292 502 2330; x_wconf 85' lang='lat' dir='ltr'>atque</span> <span class='ocrx_word' id='word_1_570' title='bbox 529 2292 634 2323; x_wconf 83' lang='lat' dir='ltr'>animo</span> <span class='ocrx_word' id='word_1_571' title='bbox 665 2293 722 2323; x_wconf 84' lang='lat' dir='ltr'>sibi</span> <span class='ocrx_word' id='word_1_572' title='bbox 751 2296 893 2324; x_wconf 81' lang='lat' dir='ltr'>constare</span> <span class='ocrx_word' id='word_1_573' title='bbox 907 2296 916 2333; x_wconf 96' lang='lat'><em>)</em></span> <span class='ocrx_word' id='word_1_574' title='bbox 931 2318 939 2333; x_wconf 94' lang='lat'>‚</span> <span class='ocrx_word' id='word_1_575' title='bbox 957 2303 1039 2334; x_wconf 82' lang='lat' dir='ltr'>aegre</span> <span class='ocrx_word' id='word_1_576' title='bbox 1063 2295 1190 2326; x_wconf 83' lang='lat' dir='ltr'>taudem</span> 
     </span>
     <span class='ocr_line' id='line_1_72' title="bbox 155 2340 1189 2385; baseline 0.007 -15"><span class='ocrx_word' id='word_1_577' title='bbox 155 2340 284 2371; x_wconf 78' lang='lat' dir='ltr'>Chai-ito</span> <span class='ocrx_word' id='word_1_578' title='bbox 298 2341 411 2380; x_wconf 84' lang='lat' dir='ltr'>partim</span> <span class='ocrx_word' id='word_1_579' title='bbox 429 2350 446 2372; x_wconf 87' lang='lat' dir='ltr'>a</span> <span class='ocrx_word' id='word_1_580' title='bbox 459 2343 580 2374; x_wconf 88' lang='lat' dir='ltr'>nutrice</span> <span class='ocrx_word' id='word_1_581' title='bbox 591 2345 700 2375; x_wconf 74' lang='lat' dir='ltr'>coacta</span> <span class='ocrx_word' id='word_1_582' title='bbox 711 2367 718 2380; x_wconf 92' lang='lat'>,</span> <span class='ocrx_word' id='word_1_583' title='bbox 732 2344 846 2383; x_wconf 85' lang='lat' dir='ltr'>partim</span> <span class='ocrx_word' id='word_1_584' title='bbox 857 2345 963 2376; x_wconf 77' lang='lat' dir='ltr'>videre</span> <span class='ocrx_word' id='word_1_585' title='bbox 976 2347 1105 2385; x_wconf 87' lang='lat' dir='ltr'>cupiens</span> <span class='ocrx_word' id='word_1_586' title='bbox 1115 2347 1189 2385; x_wconf 90' lang='lat' dir='ltr'>quid</span> 
     </span>
     <span class='ocr_line' id='line_1_73' title="bbox 157 2391 1190 2436; baseline 0.007 -16"><span class='ocrx_word' id='word_1_587' title='bbox 157 2391 198 2421; x_wconf 85' lang='lat' dir='ltr'>rei</span> <span class='ocrx_word' id='word_1_588' title='bbox 213 2391 395 2431; x_wconf 79' lang='lat' dir='ltr'>accidisset,</span> <span class='ocrx_word' id='word_1_589' title='bbox 413 2392 452 2423; x_wconf 85' lang='lat' dir='ltr'>ad</span> <span class='ocrx_word' id='word_1_590' title='bbox 467 2393 547 2424; x_wconf 86' lang='lat' dir='ltr'>sores</span> <span class='ocrx_word' id='word_1_591' title='bbox 559 2394 682 2433; x_wconf 86' lang='lat' dir='ltr'>hospitii</span> <span class='ocrx_word' id='word_1_592' title='bbox 693 2403 725 2425; x_wconf 87' lang='lat' dir='ltr'>sc</span> <span class='ocrx_word' id='word_1_593' title='bbox 741 2395 861 2426; x_wconf 74' lang='lat' dir='ltr'>confert</span> <span class='ocrx_word' id='word_1_594' title='bbox 878 2408 884 2426; x_wconf 71' lang='grc' dir='ltr'>ε</span> <span class='ocrx_word' id='word_1_595' title='bbox 900 2396 994 2435; x_wconf 88' lang='lat' dir='ltr'>idque</span> <span class='ocrx_word' id='word_1_596' title='bbox 1010 2405 1090 2436; x_wconf 88' lang='lat' dir='ltr'>sero,</span> <span class='ocrx_word' id='word_1_597' title='bbox 1105 2397 1190 2436; x_wconf 87' lang='lat' dir='ltr'>quod</span> 
     </span>
     <span class='ocr_line' id='line_1_74' title="bbox 156 2443 1189 2488; baseline 0.007 -16"><span class='ocrx_word' id='word_1_598' title='bbox 156 2443 293 2473; x_wconf 90' lang='lat' dir='ltr'>multum</span> <span class='ocrx_word' id='word_1_599' title='bbox 305 2443 475 2475; x_wconf 77' lang='lat' dir='ltr'>effluxisset</span> <span class='ocrx_word' id='word_1_600' title='bbox 487 2446 654 2485; x_wconf 85' lang='lat' dir='ltr'>temporis,</span> <span class='ocrx_word' id='word_1_601' title='bbox 669 2446 746 2476; x_wconf 88' lang='lat' dir='ltr'>dum</span> <span class='ocrx_word' id='word_1_602' title='bbox 762 2447 919 2478; x_wconf 88' lang='lat' dir='ltr'>secundus</span> <span class='ocrx_word' id='word_1_603' title='bbox 935 2448 1064 2479; x_wconf 88' lang='lat' dir='ltr'>nuntius</span> <span class='ocrx_word' id='word_1_604' title='bbox 1078 2450 1189 2488; x_wconf 81' lang='lat' dir='ltr'>perfer·</span> 
     </span>
     <span class='ocr_line' id='line_1_75' title="bbox 158 2496 1187 2539; baseline 0.006 -14"><span class='ocrx_word' id='word_1_605' title='bbox 158 2497 209 2525; x_wconf 86' lang='lat' dir='ltr'>tur</span> <span class='ocrx_word' id='word_1_606' title='bbox 227 2496 314 2534; x_wconf 75' lang='lat' dir='ltr'>(sive</span> <span class='ocrx_word' id='word_1_607' title='bbox 328 2497 359 2527; x_wconf 87' lang='lat' dir='ltr'>et</span> <span class='ocrx_word' id='word_1_608' title='bbox 371 2496 506 2527; x_wconf 80' lang='lat' dir='ltr'>secunda</span> <span class='ocrx_word' id='word_1_609' title='bbox 517 2497 582 2536; x_wconf 87' lang='lat' dir='ltr'>jam</span> <span class='ocrx_word' id='word_1_610' title='bbox 598 2498 673 2528; x_wconf 79' lang='lat' dir='ltr'>liora</span> <span class='ocrx_word' id='word_1_611' title='bbox 689 2507 706 2529; x_wconf 86' lang='lat' dir='ltr'>a</span> <span class='ocrx_word' id='word_1_612' title='bbox 720 2499 821 2538; x_wconf 89' lang='lat' dir='ltr'>primo</span> <span class='ocrx_word' id='word_1_613' title='bbox 833 2500 943 2530; x_wconf 87' lang='lat' dir='ltr'>nuntio</span> <span class='ocrx_word' id='word_1_614' title='bbox 955 2501 1065 2531; x_wconf 81' lang='lat' dir='ltr'>exacta</span> <span class='ocrx_word' id='word_1_615' title='bbox 1076 2502 1187 2539; x_wconf 84' lang='lat' dir='ltr'>esset).</span> 
     </span>
     <span class='ocr_line' id='line_1_76' title="bbox 156 2547 1190 2590; baseline 0.007 -15"><span class='ocrx_word' id='word_1_616' title='bbox 156 2548 227 2582; x_wconf 90' lang='lat' dir='ltr'>Quo</span> <span class='ocrx_word' id='word_1_617' title='bbox 252 2547 368 2577; x_wconf 76' lang='lat' dir='ltr'>tactum</span> <span class='ocrx_word' id='word_1_618' title='bbox 393 2549 439 2578; x_wconf 85' lang='lat' dir='ltr'>est</span> <span class='ocrx_word' id='word_1_619' title='bbox 463 2550 498 2577; x_wconf 87' lang='lat' dir='ltr'>ut</span> <span class='ocrx_word' id='word_1_620' title='bbox 514 2548 556 2578; x_wconf 92' lang='lat' dir='ltr'>illi</span> <span class='ocrx_word' id='word_1_621' title='bbox 572 2547 636 2586; x_wconf 86' lang='lat' dir='ltr'>jam</span> <span class='ocrx_word' id='word_1_622' title='bbox 654 2549 859 2587; x_wconf 76' lang='lat' dir='ltr'>quiescerent.</span> <span class='ocrx_word' id='word_1_623' title='bbox 883 2552 981 2581; x_wconf 86' lang='lat' dir='ltr'>Mater</span> <span class='ocrx_word' id='word_1_624' title='bbox 1003 2551 1096 2590; x_wconf 81' lang='lat' dir='ltr'>igitur</span> <span class='ocrx_word' id='word_1_625' title='bbox 1115 2560 1190 2582; x_wconf 90' lang='lat' dir='ltr'>con-</span> 
     </span>
     <span class='ocr_line' id='line_1_77' title="bbox 159 2596 1192 2640; baseline 0.006 -14"><span class='ocrx_word' id='word_1_626' title='bbox 159 2596 250 2634; x_wconf 84' lang='lat' dir='ltr'>tuita,</span> <span class='ocrx_word' id='word_1_627' title='bbox 262 2598 365 2627; x_wconf 78' lang='lat' dir='ltr'>vestes</span> <span class='ocrx_word' id='word_1_628' title='bbox 376 2597 503 2635; x_wconf 81' lang='lat' dir='ltr'>quidem</span> <span class='ocrx_word' id='word_1_629' title='bbox 517 2599 548 2628; x_wconf 89' lang='lat' dir='ltr'>et</span> <span class='ocrx_word' id='word_1_630' title='bbox 558 2598 746 2629; x_wconf 80' lang='lat' dir='ltr'>lineamenta</span> <span class='ocrx_word' id='word_1_631' title='bbox 761 2599 866 2630; x_wconf 73' lang='lat' dir='ltr'>vultus</span> <span class='ocrx_word' id='word_1_632' title='bbox 884 2599 951 2630; x_wconf 84' lang='lat' dir='ltr'>visa</span> <span class='ocrx_word' id='word_1_633' title='bbox 972 2600 1030 2631; x_wconf 89' lang='lat' dir='ltr'>sibi</span> <span class='ocrx_word' id='word_1_634' title='bbox 1045 2602 1091 2632; x_wconf 81' lang='lat' dir='ltr'>est</span> <span class='ocrx_word' id='word_1_635' title='bbox 1103 2609 1192 2640; x_wconf 81' lang='lat' dir='ltr'>agno·</span> 
     </span>
     <span class='ocr_line' id='line_1_78' title="bbox 156 2648 1192 2690; baseline 0.006 -14"><span class='ocrx_word' id='word_1_636' title='bbox 156 2655 255 2677; x_wconf 87' lang='lat' dir='ltr'>scere.</span> <span class='ocrx_word' id='word_1_637' title='bbox 281 2649 389 2683; x_wconf 87' lang='lat' dir='ltr'>Quum</span> <span class='ocrx_word' id='word_1_638' title='bbox 408 2649 513 2678; x_wconf 85' lang='lat' dir='ltr'>autem</span> <span class='ocrx_word' id='word_1_639' title='bbox 532 2648 616 2678; x_wconf 82' lang='lat' dir='ltr'>nulla</span> <span class='ocrx_word' id='word_1_640' title='bbox 629 2653 709 2680; x_wconf 87' lang='lat' dir='ltr'>essct</span> <span class='ocrx_word' id='word_1_641' title='bbox 730 2649 867 2681; x_wconf 84' lang='lat' dir='ltr'>veritatis</span> <span class='ocrx_word' id='word_1_642' title='bbox 888 2651 932 2681; x_wconf 89' lang='lat' dir='ltr'>rei</span> <span class='ocrx_word' id='word_1_643' title='bbox 958 2652 1192 2690; x_wconf 79' lang='lat' dir='ltr'>perscrutandae</span> 
     </span>
     <span class='ocr_line' id='line_1_79' title="bbox 159 2697 1190 2739; baseline 0.006 -12"><span class='ocrx_word' id='word_1_644' title='bbox 159 2697 239 2728; x_wconf 80' lang='lat' dir='ltr'>ratio</span> <span class='ocrx_word' id='word_1_645' title='bbox 251 2721 259 2735; x_wconf 86' lang='lat'>,</span> <span class='ocrx_word' id='word_1_646' title='bbox 278 2697 502 2736; x_wconf 85' lang='lat' dir='ltr'>quiescendum</span> <span class='ocrx_word' id='word_1_647' title='bbox 530 2699 587 2729; x_wconf 66' lang='lat' dir='ltr'>silli</span> <span class='ocrx_word' id='word_1_648' title='bbox 606 2699 713 2737; x_wconf 77' lang='lat' dir='ltr'>duxit,</span> <span class='ocrx_word' id='word_1_649' title='bbox 727 2709 853 2739; x_wconf 84' lang='lat' dir='ltr'>sperans</span> <span class='ocrx_word' id='word_1_650' title='bbox 868 2710 900 2731; x_wconf 92' lang='lat' dir='ltr'>se</span> <span class='ocrx_word' id='word_1_651' title='bbox 917 2710 1009 2732; x_wconf 86' lang='lat' dir='ltr'>mane</span> <span class='ocrx_word' id='word_1_652' title='bbox 1031 2705 1190 2733; x_wconf 87' lang='lat' dir='ltr'>surrectu-</span> 
     </span>
     <span class='ocr_line' id='line_1_80' title="bbox 158 2748 1190 2792; baseline 0.008 -15"><span class='ocrx_word' id='word_1_653' title='bbox 158 2756 237 2786; x_wconf 83' lang='lat' dir='ltr'>ram,</span> <span class='ocrx_word' id='word_1_654' title='bbox 254 2748 414 2787; x_wconf 84' lang='lat' dir='ltr'>filiamque</span> <span class='ocrx_word' id='word_1_655' title='bbox 424 2748 707 2789; x_wconf 50' lang='lat' dir='ltr'>‹leprelmnsuranu</span> <span class='ocrx_word' id='word_1_656' title='bbox 723 2753 794 2790; x_wconf 88' lang='lat' dir='ltr'>aut,</span> <span class='ocrx_word' id='word_1_657' title='bbox 808 2752 831 2782; x_wconf 90' lang='lat' dir='ltr'>si</span> <span class='ocrx_word' id='word_1_658' title='bbox 843 2753 941 2783; x_wconf 84' lang='lat' dir='ltr'>serius</span> <span class='ocrx_word' id='word_1_659' title='bbox 951 2753 1083 2792; x_wconf 76' lang='lat' dir='ltr'>veniret,</span> <span class='ocrx_word' id='word_1_660' title='bbox 1095 2764 1112 2785; x_wconf 90' lang='lat' dir='ltr'>e</span> <span class='ocrx_word' id='word_1_661' title='bbox 1123 2756 1190 2785; x_wconf 79' lang='lat' dir='ltr'>Ma-</span> 
     </span>
     <span class='ocr_line' id='line_1_81' title="bbox 160 2799 1190 2842; baseline 0.008 -14"><span class='ocrx_word' id='word_1_662' title='bbox 160 2799 252 2830; x_wconf 72' lang='lat' dir='ltr'>chata</span> <span class='ocrx_word' id='word_1_663' title='bbox 277 2800 377 2829; x_wconf 79' lang='lat' dir='ltr'>totam</span> <span class='ocrx_word' id='word_1_664' title='bbox 408 2809 472 2830; x_wconf 88' lang='lat' dir='ltr'>rem</span> <span class='ocrx_word' id='word_1_665' title='bbox 495 2801 689 2839; x_wconf 77' lang='lat' dir='ltr'>cognituram</span> <span class='ocrx_word' id='word_1_666' title='bbox 715 2811 720 2831; x_wconf 81' lang='lat' dir='ltr'><em>z</em></span> <span class='ocrx_word' id='word_1_667' title='bbox 746 2811 847 2842; x_wconf 82' lang='lat' dir='ltr'>neque</span> <span class='ocrx_word' id='word_1_668' title='bbox 873 2804 956 2834; x_wconf 85' lang='lat' dir='ltr'>enim</span> <span class='ocrx_word' id='word_1_669' title='bbox 983 2805 1190 2836; x_wconf 78' lang='lat' dir='ltr'>mentitur-um</span> 
     </span>
     <span class='ocr_line' id='line_1_82' title="bbox 160 2850 1192 2895; baseline 0.008 -15"><span class='ocrx_word' id='word_1_670' title='bbox 160 2859 244 2889; x_wconf 84' lang='lat' dir='ltr'>eum,</span> <span class='ocrx_word' id='word_1_671' title='bbox 258 2851 282 2881; x_wconf 89' lang='lat' dir='ltr'>si</span> <span class='ocrx_word' id='word_1_672' title='bbox 297 2850 335 2881; x_wconf 87' lang='lat' dir='ltr'>de</span> <span class='ocrx_word' id='word_1_673' title='bbox 348 2852 434 2881; x_wconf 74' lang='lat' dir='ltr'>tanta</span> <span class='ocrx_word' id='word_1_674' title='bbox 447 2861 478 2882; x_wconf 88' lang='lat' dir='ltr'>re</span> <span class='ocrx_word' id='word_1_675' title='bbox 490 2852 743 2892; x_wconf 71' lang='lat' dir='ltr'>interrogaretur.</span> <span class='ocrx_word' id='word_1_676' title='bbox 761 2856 869 2895; x_wconf 82' lang='lat' dir='ltr'>ltaque</span> <span class='ocrx_word' id='word_1_677' title='bbox 879 2856 972 2887; x_wconf 82' lang='lat' dir='ltr'>silens</span> <span class='ocrx_word' id='word_1_678' title='bbox 985 2857 1070 2887; x_wconf 87' lang='lat' dir='ltr'>abiit.</span> <span class='ocrx_word' id='word_1_679' title='bbox 1089 2858 1192 2888; x_wconf 87' lang='lat' dir='ltr'>Prima</span> 
     </span>
     <span class='ocr_line' id='line_1_83' title="bbox 162 2902 1191 2946; baseline 0.007 -14"><span class='ocrx_word' id='word_1_680' title='bbox 162 2902 232 2932; x_wconf 82' lang='lat' dir='ltr'>luee</span> <span class='ocrx_word' id='word_1_681' title='bbox 249 2902 317 2940; x_wconf 85' lang='lat' dir='ltr'>illa,</span> <span class='ocrx_word' id='word_1_682' title='bbox 332 2902 397 2933; x_wconf 84' lang='lat' dir='ltr'>sive</span> <span class='ocrx_word' id='word_1_683' title='bbox 413 2902 461 2933; x_wconf 85' lang='lat' dir='ltr'>dei</span> <span class='ocrx_word' id='word_1_684' title='bbox 480 2903 614 2942; x_wconf 82' lang='lat' dir='ltr'>quodam</span> <span class='ocrx_word' id='word_1_685' title='bbox 632 2907 710 2935; x_wconf 88' lang='lat' dir='ltr'>nutu</span> <span class='ocrx_word' id='word_1_686' title='bbox 725 2906 789 2937; x_wconf 77' lang='lat' dir='ltr'>sive</span> <span class='ocrx_word' id='word_1_687' title='bbox 803 2915 875 2937; x_wconf 87' lang='lat' dir='ltr'>casu</span> <span class='ocrx_word' id='word_1_688' title='bbox 893 2907 1009 2946; x_wconf 78' lang='lat' dir='ltr'>aliquo,</span> <span class='ocrx_word' id='word_1_689' title='bbox 1027 2908 1134 2939; x_wconf 83' lang='lat' dir='ltr'>abiens</span> <span class='ocrx_word' id='word_1_690' title='bbox 1150 2910 1191 2939; x_wconf 88' lang='lat' dir='ltr'>se-</span> 
     </span>
     <span class='ocr_line' id='line_1_84' title="bbox 160 2953 1190 2997; baseline 0.007 -15"><span class='ocrx_word' id='word_1_691' title='bbox 160 2953 248 2984; x_wconf 78' lang='lat' dir='ltr'>t‘ellit.</span> <span class='ocrx_word' id='word_1_692' title='bbox 266 2954 365 2983; x_wconf 81' lang='lat' dir='ltr'>Mater</span> <span class='ocrx_word' id='word_1_693' title='bbox 379 2955 484 2983; x_wconf 84' lang='lat' dir='ltr'>autem</span> <span class='ocrx_word' id='word_1_694' title='bbox 496 2978 503 2992; x_wconf 94' lang='lat'>‚</span> <span class='ocrx_word' id='word_1_695' title='bbox 518 2963 616 2993; x_wconf 89' lang='lat' dir='ltr'>quum</span> <span class='ocrx_word' id='word_1_696' title='bbox 629 2955 813 2994; x_wconf 68' lang='lat' dir='ltr'>advenisset,</span> <span class='ocrx_word' id='word_1_697' title='bbox 828 2966 908 2995; x_wconf 68' lang='lat' dir='ltr'>(egre</span> <span class='ocrx_word' id='word_1_698' title='bbox 919 2958 1090 2988; x_wconf 81' lang='lat' dir='ltr'>admodum</span> <span class='ocrx_word' id='word_1_699' title='bbox 1106 2959 1190 2997; x_wconf 86' lang='lat' dir='ltr'>tulit,</span> 
     </span>
     <span class='ocr_line' id='line_1_85' title="bbox 162 3004 1189 3049; baseline 0.009 -18"><span class='ocrx_word' id='word_1_700' title='bbox 162 3004 246 3042; x_wconf 81' lang='lat' dir='ltr'>quod</span> <span class='ocrx_word' id='word_1_701' title='bbox 272 3012 341 3033; x_wconf 82' lang='lat' dir='ltr'>eam</span> <span class='ocrx_word' id='word_1_702' title='bbox 368 3013 430 3033; x_wconf 87' lang='lat' dir='ltr'>nou</span> <span class='ocrx_word' id='word_1_703' title='bbox 445 3004 617 3035; x_wconf 73' lang='lat' dir='ltr'>offenderet</span> <span class='ocrx_word' id='word_1_704' title='bbox 634 3015 639 3034; x_wconf 95' lang='lat'>:</span> <span class='ocrx_word' id='word_1_705' title='bbox 661 3006 851 3038; x_wconf 80' lang='lat' dir='ltr'>adolescenti</span> <span class='ocrx_word' id='word_1_706' title='bbox 868 3010 972 3039; x_wconf 83' lang='lat' dir='ltr'>autem</span> <span class='ocrx_word' id='word_1_707' title='bbox 984 3033 992 3046; x_wconf 95' lang='lat'>,</span> <span class='ocrx_word' id='word_1_708' title='bbox 1010 3013 1041 3040; x_wconf 90' lang='lat' dir='ltr'>ct</span> <span class='ocrx_word' id='word_1_709' title='bbox 1057 3010 1167 3049; x_wconf 76' lang='lat' dir='ltr'>hospiti</span> <span class='ocrx_word' id='word_1_710' title='bbox 1182 3036 1189 3048; x_wconf 92' lang='lat'><strong>‚</strong></span> 
     </span>
     <span class='ocr_line' id='line_1_86' title="bbox 163 3054 1190 3098; baseline 0.006 -13"><span class='ocrx_word' id='word_1_711' title='bbox 163 3064 193 3085; x_wconf 84' lang='lat' dir='ltr'>re</span> <span class='ocrx_word' id='word_1_712' title='bbox 207 3057 272 3085; x_wconf 81' lang='lat' dir='ltr'>tota</span> <span class='ocrx_word' id='word_1_713' title='bbox 289 3054 328 3085; x_wconf 85' lang='lat' dir='ltr'>ab</span> <span class='ocrx_word' id='word_1_714' title='bbox 345 3054 431 3085; x_wconf 81' lang='lat' dir='ltr'>initio</span> <span class='ocrx_word' id='word_1_715' title='bbox 448 3056 606 3094; x_wconf 75' lang='lat' dir='ltr'>exposita,</span> <span class='ocrx_word' id='word_1_716' title='bbox 626 3066 725 3095; x_wconf 71' lang='lat' dir='ltr'>genua</span> <span class='ocrx_word' id='word_1_717' title='bbox 745 3059 889 3096; x_wconf 76' lang='lat' dir='ltr'>aumlexn</span> <span class='ocrx_word' id='word_1_718' title='bbox 907 3060 1075 3098; x_wconf 55' lang='lat' dir='ltr'>Min-llatae,</span> <span class='ocrx_word' id='word_1_719' title='bbox 1095 3061 1190 3091; x_wconf 80' lang='lat' dir='ltr'>bomi-</span> 
     </span>
     <span class='ocr_line' id='line_1_87' title="bbox 161 3106 1188 3149; baseline 0.007 -13"><span class='ocrx_word' id='word_1_720' title='bbox 161 3115 232 3137; x_wconf 81' lang='lat' dir='ltr'>nem</span> <span class='ocrx_word' id='word_1_721' title='bbox 246 3106 434 3145; x_wconf 78' lang='lat' dir='ltr'>obsecravit,</span> <span class='ocrx_word' id='word_1_722' title='bbox 447 3108 481 3137; x_wconf 88' lang='lat' dir='ltr'>ut</span> <span class='ocrx_word' id='word_1_723' title='bbox 491 3108 739 3139; x_wconf 77' lang='lat' dir='ltr'>nihiloccultans</span> <span class='ocrx_word' id='word_1_724' title='bbox 754 3111 916 3140; x_wconf 73' lang='lat' dir='ltr'>veritatem</span> <span class='ocrx_word' id='word_1_725' title='bbox 935 3111 1088 3149; x_wconf 74' lang='lat' dir='ltr'>proderet.</span> <span class='ocrx_word' id='word_1_726' title='bbox 1107 3113 1188 3144; x_wconf 82' lang='lat' dir='ltr'>Ado-</span> 
     </span>
     <span class='ocr_line' id='line_1_88' title="bbox 161 3158 1191 3202; baseline 0.007 -15"><span class='ocrx_word' id='word_1_727' title='bbox 161 3158 290 3195; x_wconf 70' lang='lat' dir='ltr'>lescens,</span> <span class='ocrx_word' id='word_1_728' title='bbox 306 3158 410 3187; x_wconf 78' lang='lat' dir='ltr'>animo</span> <span class='ocrx_word' id='word_1_729' title='bbox 439 3158 571 3196; x_wconf 69' lang='lat' dir='ltr'>anxius,</span> <span class='ocrx_word' id='word_1_730' title='bbox 600 3159 689 3189; x_wconf 85' lang='lat' dir='ltr'>initio</span> <span class='ocrx_word' id='word_1_731' title='bbox 715 3160 841 3199; x_wconf 83' lang='lat' dir='ltr'>quidem</span> <span class='ocrx_word' id='word_1_732' title='bbox 862 3162 1054 3201; x_wconf 76' lang='lat' dir='ltr'>perturbari,</span> <span class='ocrx_word' id='word_1_733' title='bbox 1075 3164 1191 3202; x_wconf 75' lang='lat' dir='ltr'>vixque</span> 
     </span>
     <span class='ocr_line' id='line_1_89' title="bbox 161 3208 1188 3250; baseline 0.007 -13"><span class='ocrx_word' id='word_1_734' title='bbox 161 3208 288 3238; x_wconf 75' lang='lat' dir='ltr'>(lerinum</span> <span class='ocrx_word' id='word_1_735' title='bbox 307 3217 421 3239; x_wconf 88' lang='lat' dir='ltr'>nomen</span> <span class='ocrx_word' id='word_1_736' title='bbox 435 3208 545 3248; x_wconf 87' lang='lat' dir='ltr'>edere,</span> <span class='ocrx_word' id='word_1_737' title='bbox 563 3218 629 3240; x_wconf 84' lang='lat' dir='ltr'>esse</span> <span class='ocrx_word' id='word_1_738' title='bbox 644 3219 712 3240; x_wconf 79' lang='lat' dir='ltr'>eam</span> <span class='ocrx_word' id='word_1_739' title='bbox 730 3211 874 3250; x_wconf 79' lang='lat' dir='ltr'>inquiens</span> <span class='ocrx_word' id='word_1_740' title='bbox 892 3212 1078 3243; x_wconf 75' lang='lat' dir='ltr'>Philinnium</span> <span class='ocrx_word' id='word_1_741' title='bbox 1097 3227 1102 3244; x_wconf 86' lang='lat'>:</span> <span class='ocrx_word' id='word_1_742' title='bbox 1121 3217 1188 3245; x_wconf 90' lang='lat' dir='ltr'>tum</span> 
     </span>
     <span class='ocr_line' id='line_1_90' title="bbox 162 3261 1190 3304; baseline 0.007 -16"><span class='ocrx_word' id='word_1_743' title='bbox 162 3261 347 3299; x_wconf 67' lang='lat' dir='ltr'>principium</span> <span class='ocrx_word' id='word_1_744' title='bbox 359 3261 667 3301; x_wconf 78' lang='lat' dir='ltr'>introitusexponere</span> <span class='ocrx_word' id='word_1_745' title='bbox 677 3287 684 3301; x_wconf 95' lang='lat'>,</span> <span class='ocrx_word' id='word_1_746' title='bbox 697 3264 728 3294; x_wconf 82' lang='lat' dir='ltr'>et</span> <span class='ocrx_word' id='word_1_747' title='bbox 741 3264 1104 3304; x_wconf 73' lang='lat' dir='ltr'>mulieriscupiditatem,</span> <span class='ocrx_word' id='word_1_748' title='bbox 1120 3275 1190 3304; x_wconf 58' lang='lat' dir='ltr'>quer</span> 
     </span>
     <span class='ocr_line' id='line_1_91' title="bbox 161 3311 1188 3354; baseline 0.006 -13"><span class='ocrx_word' id='word_1_749' title='bbox 161 3320 194 3342; x_wconf 80' lang='lat' dir='ltr'>se</span> <span class='ocrx_word' id='word_1_750' title='bbox 207 3311 286 3341; x_wconf 69' lang='lat' dir='ltr'>clam</span> <span class='ocrx_word' id='word_1_751' title='bbox 303 3314 446 3351; x_wconf 73' lang='lat' dir='ltr'>parentes</span> <span class='ocrx_word' id='word_1_752' title='bbox 463 3312 500 3343; x_wconf 82' lang='lat' dir='ltr'>ad</span> <span class='ocrx_word' id='word_1_753' title='bbox 517 3313 616 3352; x_wconf 75' lang='lat' dir='ltr'>ipsum</span> <span class='ocrx_word' id='word_1_754' title='bbox 635 3314 740 3344; x_wconf 71' lang='lat' dir='ltr'>venire</span> <span class='ocrx_word' id='word_1_755' title='bbox 754 3314 890 3346; x_wconf 73' lang='lat' dir='ltr'>dixisset.</span> <span class='ocrx_word' id='word_1_756' title='bbox 912 3317 1015 3354; x_wconf 74' lang='lat' dir='ltr'>thue</span> <span class='ocrx_word' id='word_1_757' title='bbox 1035 3317 1077 3346; x_wconf 84' lang='lat' dir='ltr'>rei</span> <span class='ocrx_word' id='word_1_758' title='bbox 1096 3317 1188 3347; x_wconf 76' lang='lat' dir='ltr'>tidem</span> 
     </span>
    </p>
   </div>
   <div class='ocr_carea' id='block_1_12' title="bbox 1249 2092 2285 2639">
    <p class='ocr_par' dir='ltr' id='par_1_12' title="bbox 1249 2092 2285 2639">
     <span class='ocr_line' id='line_1_92' title="bbox 1255 2092 2284 2132; baseline 0.002 -10"><span class='ocrx_word' id='word_1_759' title='bbox 1255 2092 1382 2131; x_wconf 78' lang='lat' dir='ltr'>faceret,</span> <span class='ocrx_word' id='word_1_760' title='bbox 1408 2102 1480 2132; x_wconf 84' lang='lat' dir='ltr'>quae</span> <span class='ocrx_word' id='word_1_761' title='bbox 1497 2093 1536 2124; x_wconf 86' lang='lat' dir='ltr'>ab</span> <span class='ocrx_word' id='word_1_762' title='bbox 1551 2102 1587 2124; x_wconf 87' lang='lat' dir='ltr'>ea</span> <span class='ocrx_word' id='word_1_763' title='bbox 1601 2094 1725 2124; x_wconf 81' lang='lat' dir='ltr'>fuerant</span> <span class='ocrx_word' id='word_1_764' title='bbox 1742 2093 1850 2124; x_wconf 86' lang='lat' dir='ltr'>relicta</span> <span class='ocrx_word' id='word_1_765' title='bbox 1863 2117 1871 2132; x_wconf 94' lang='lat'><em>‚</em></span> <span class='ocrx_word' id='word_1_766' title='bbox 1901 2094 2009 2132; x_wconf 83' lang='lat' dir='ltr'>aperto</span> <span class='ocrx_word' id='word_1_767' title='bbox 2035 2093 2114 2124; x_wconf 88' lang='lat' dir='ltr'>risco</span> <span class='ocrx_word' id='word_1_768' title='bbox 2131 2093 2284 2132; x_wconf 80' lang='lat' dir='ltr'>protulit,</span> 
     </span>
     <span class='ocr_line' id='line_1_93' title="bbox 1249 2144 2282 2183; baseline 0.001 -10"><span class='ocrx_word' id='word_1_769' title='bbox 1249 2144 1404 2174; x_wconf 86' lang='lat' dir='ltr'>annulum</span> <span class='ocrx_word' id='word_1_770' title='bbox 1422 2152 1517 2183; x_wconf 80' lang='lat' dir='ltr'>quern</span> <span class='ocrx_word' id='word_1_771' title='bbox 1533 2144 1573 2175; x_wconf 90' lang='lat' dir='ltr'>ab</span> <span class='ocrx_word' id='word_1_772' title='bbox 1599 2152 1635 2174; x_wconf 86' lang='lat' dir='ltr'>ea</span> <span class='ocrx_word' id='word_1_773' title='bbox 1660 2147 1822 2183; x_wconf 80' lang='lat' dir='ltr'>acceperat</span> <span class='ocrx_word' id='word_1_774' title='bbox 1838 2152 1988 2183; x_wconf 84' lang='lat' dir='ltr'>aureum,</span> <span class='ocrx_word' id='word_1_775' title='bbox 2009 2144 2040 2174; x_wconf 87' lang='lat' dir='ltr'>et</span> <span class='ocrx_word' id='word_1_776' title='bbox 2056 2144 2214 2175; x_wconf 79' lang='lat' dir='ltr'>fasciolam</span> <span class='ocrx_word' id='word_1_777' title='bbox 2231 2152 2282 2183; x_wconf 83' lang='lat' dir='ltr'>pe·</span> 
     </span>
     <span class='ocr_line' id='line_1_94' title="bbox 1250 2194 2284 2234; baseline 0.001 -10"><span class='ocrx_word' id='word_1_778' title='bbox 1250 2194 1417 2233; x_wconf 85' lang='lat' dir='ltr'>ctoralem,</span> <span class='ocrx_word' id='word_1_779' title='bbox 1443 2203 1539 2234; x_wconf 82' lang='lat' dir='ltr'>quam</span> <span class='ocrx_word' id='word_1_780' title='bbox 1558 2195 1719 2234; x_wconf 82' lang='lat' dir='ltr'>superiore</span> <span class='ocrx_word' id='word_1_781' title='bbox 1745 2196 1837 2226; x_wconf 87' lang='lat' dir='ltr'>nocte</span> <span class='ocrx_word' id='word_1_782' title='bbox 1865 2195 2046 2234; x_wconf 78' lang='lat' dir='ltr'>reliquerat.</span> <span class='ocrx_word' id='word_1_783' title='bbox 2072 2195 2202 2226; x_wconf 77' lang='lat' dir='ltr'>Cliarito</span> <span class='ocrx_word' id='word_1_784' title='bbox 2227 2194 2284 2225; x_wconf 88' lang='lat' dir='ltr'>ubi</span> 
     </span>
     <span class='ocr_line' id='line_1_95' title="bbox 1249 2240 2285 2284; baseline 0.001 -10"><span class='ocrx_word' id='word_1_785' title='bbox 1249 2245 1336 2274; x_wconf 82' lang='lat' dir='ltr'>tanta</span> <span class='ocrx_word' id='word_1_786' title='bbox 1351 2245 1429 2276; x_wconf 77' lang='lat' dir='ltr'>vidit</span> <span class='ocrx_word' id='word_1_787' title='bbox 1443 2245 1527 2284; x_wconf 84' lang='lat' dir='ltr'>signa</span> <span class='ocrx_word' id='word_1_788' title='bbox 1537 2269 1545 2283; x_wconf 91' lang='lat'>‚</span> <span class='ocrx_word' id='word_1_789' title='bbox 1561 2245 1768 2284; x_wconf 83' lang='lat' dir='ltr'>exclamavit3</span> <span class='ocrx_word' id='word_1_790' title='bbox 1783 2245 1947 2284; x_wconf 72' lang='lat' dir='ltr'>scissisque</span> <span class='ocrx_word' id='word_1_791' title='bbox 1960 2240 2116 2283; x_wconf 82' lang='lat' dir='ltr'>vestibus,</span> <span class='ocrx_word' id='word_1_792' title='bbox 2129 2247 2162 2276; x_wconf 84' lang='lat' dir='ltr'>et</span> <span class='ocrx_word' id='word_1_793' title='bbox 2174 2245 2254 2276; x_wconf 85' lang='lat' dir='ltr'>vitta</span> <span class='ocrx_word' id='word_1_794' title='bbox 2266 2252 2285 2275; x_wconf 83' lang='lat' dir='ltr'>a</span> 
     </span>
     <span class='ocr_line' id='line_1_96' title="bbox 1251 2295 2284 2335; baseline 0.001 -10"><span class='ocrx_word' id='word_1_795' title='bbox 1251 2295 1352 2334; x_wconf 84' lang='lat' dir='ltr'>capite</span> <span class='ocrx_word' id='word_1_796' title='bbox 1369 2296 1526 2334; x_wconf 80' lang='lat' dir='ltr'>projecta,</span> <span class='ocrx_word' id='word_1_797' title='bbox 1542 2296 1574 2326; x_wconf 91' lang='lat' dir='ltr'>in</span> <span class='ocrx_word' id='word_1_798' title='bbox 1592 2298 1708 2326; x_wconf 80' lang='lat' dir='ltr'>terram</span> <span class='ocrx_word' id='word_1_799' title='bbox 1723 2296 1870 2334; x_wconf 82' lang='lat' dir='ltr'>concidit,</span> <span class='ocrx_word' id='word_1_800' title='bbox 1889 2295 2072 2335; x_wconf 85' lang='lat' dir='ltr'>indiciisque</span> <span class='ocrx_word' id='word_1_801' title='bbox 2093 2295 2284 2327; x_wconf 75' lang='lat' dir='ltr'>circumfusa</span> 
     </span>
     <span class='ocr_line' id='line_1_97' title="bbox 1252 2346 2285 2386; baseline 0 -11"><span class='ocrx_word' id='word_1_802' title='bbox 1252 2346 1372 2376; x_wconf 89' lang='lat' dir='ltr'>luctum</span> <span class='ocrx_word' id='word_1_803' title='bbox 1391 2347 1430 2377; x_wconf 89' lang='lat' dir='ltr'>ab</span> <span class='ocrx_word' id='word_1_804' title='bbox 1442 2346 1529 2377; x_wconf 87' lang='lat' dir='ltr'>initio</span> <span class='ocrx_word' id='word_1_805' title='bbox 1547 2347 1678 2386; x_wconf 81' lang='lat' dir='ltr'>repetiit.</span> <span class='ocrx_word' id='word_1_806' title='bbox 1701 2349 1821 2386; x_wconf 80' lang='lat' dir='ltr'>Hospes</span> <span class='ocrx_word' id='word_1_807' title='bbox 1836 2346 1894 2377; x_wconf 87' lang='lat' dir='ltr'>ista</span> <span class='ocrx_word' id='word_1_808' title='bbox 1908 2354 2048 2383; x_wconf 87' lang='lat' dir='ltr'>cernens,</span> <span class='ocrx_word' id='word_1_809' title='bbox 2063 2354 2162 2385; x_wconf 88' lang='lat' dir='ltr'>quum</span> <span class='ocrx_word' id='word_1_810' title='bbox 2174 2354 2285 2377; x_wconf 87' lang='lat' dir='ltr'>onmes</span> 
     </span>
     <span class='ocr_line' id='line_1_98' title="bbox 1252 2396 2284 2436; baseline 0.001 -10"><span class='ocrx_word' id='word_1_811' title='bbox 1252 2396 1283 2426; x_wconf 89' lang='lat' dir='ltr'>in</span> <span class='ocrx_word' id='word_1_812' title='bbox 1307 2405 1431 2427; x_wconf 86' lang='lat' dir='ltr'>summo</span> <span class='ocrx_word' id='word_1_813' title='bbox 1450 2398 1552 2427; x_wconf 82' lang='lat' dir='ltr'>esseut</span> <span class='ocrx_word' id='word_1_814' title='bbox 1582 2406 1716 2427; x_wconf 78' lang='lat' dir='ltr'>moerore</span> <span class='ocrx_word' id='word_1_815' title='bbox 1743 2405 1779 2427; x_wconf 84' lang='lat' dir='ltr'>ac</span> <span class='ocrx_word' id='word_1_816' title='bbox 1795 2397 2055 2434; x_wconf 79' lang='lat' dir='ltr'>lamentarentur,</span> <span class='ocrx_word' id='word_1_817' title='bbox 2082 2396 2170 2436; x_wconf 81' lang='lat' dir='ltr'>quasi</span> <span class='ocrx_word' id='word_1_818' title='bbox 2197 2404 2284 2427; x_wconf 89' lang='lat' dir='ltr'>nunc</span> 
     </span>
     <span class='ocr_line' id='line_1_99' title="bbox 1251 2446 2282 2487; baseline 0 -9"><span class='ocrx_word' id='word_1_819' title='bbox 1251 2448 1430 2487; x_wconf 83' lang='lat' dir='ltr'>sepelienda</span> <span class='ocrx_word' id='word_1_820' title='bbox 1455 2448 1527 2487; x_wconf 76' lang='lat' dir='ltr'>ipsis</span> <span class='ocrx_word' id='word_1_821' title='bbox 1544 2448 1672 2479; x_wconf 73' lang='lat' dir='ltr'>Clnarito</span> <span class='ocrx_word' id='word_1_822' title='bbox 1691 2449 1771 2478; x_wconf 85' lang='lat' dir='ltr'>esset</span> <span class='ocrx_word' id='word_1_823' title='bbox 1793 2461 1799 2478; x_wconf 88' lang='lat'>:</span> <span class='ocrx_word' id='word_1_824' title='bbox 1827 2448 1932 2478; x_wconf 86' lang='lat' dir='ltr'>animo</span> <span class='ocrx_word' id='word_1_825' title='bbox 1957 2446 2144 2478; x_wconf 81' lang='lat' dir='ltr'>conturbato</span> <span class='ocrx_word' id='word_1_826' title='bbox 2170 2455 2282 2478; x_wconf 88' lang='lat' dir='ltr'>conso-</span> 
     </span>
     <span class='ocr_line' id='line_1_100' title="bbox 1253 2498 2283 2538; baseline -0.001 -9"><span class='ocrx_word' id='word_1_827' title='bbox 1253 2498 1308 2529; x_wconf 86' lang='lat' dir='ltr'>lari</span> <span class='ocrx_word' id='word_1_828' title='bbox 1329 2507 1398 2529; x_wconf 87' lang='lat' dir='ltr'>eam</span> <span class='ocrx_word' id='word_1_829' title='bbox 1425 2499 1536 2538; x_wconf 63' lang='lat' dir='ltr'>cavit,</span> <span class='ocrx_word' id='word_1_830' title='bbox 1565 2500 1600 2529; x_wconf 90' lang='lat' dir='ltr'>ut</span> <span class='ocrx_word' id='word_1_831' title='bbox 1629 2498 1721 2529; x_wconf 83' lang='lat' dir='ltr'>finem</span> <span class='ocrx_word' id='word_1_832' title='bbox 1747 2498 1883 2537; x_wconf 83' lang='lat' dir='ltr'>ejulandi</span> <span class='ocrx_word' id='word_1_833' title='bbox 1913 2498 2027 2529; x_wconf 84' lang='lat' dir='ltr'>faceret</span> <span class='ocrx_word' id='word_1_834' title='bbox 2053 2506 2182 2536; x_wconf 84' lang='lat' dir='ltr'>rogans,</span> <span class='ocrx_word' id='word_1_835' title='bbox 2213 2506 2283 2537; x_wconf 84' lang='lat' dir='ltr'>pro-</span> 
     </span>
     <span class='ocr_line' id='line_1_101' title="bbox 1251 2548 2283 2588; baseline 0 -8"><span class='ocrx_word' id='word_1_836' title='bbox 1251 2550 1442 2588; x_wconf 87' lang='lat' dir='ltr'>mittensque</span> <span class='ocrx_word' id='word_1_837' title='bbox 1468 2550 1574 2588; x_wconf 81' lang='lat' dir='ltr'>illam,</span> <span class='ocrx_word' id='word_1_838' title='bbox 1601 2550 1625 2580; x_wconf 88' lang='lat' dir='ltr'>si</span> <span class='ocrx_word' id='word_1_839' title='bbox 1653 2549 1785 2586; x_wconf 80' lang='lat' dir='ltr'>rediret,</span> <span class='ocrx_word' id='word_1_840' title='bbox 1811 2550 1838 2580; x_wconf 89' lang='lat' dir='ltr'>ei</span> <span class='ocrx_word' id='word_1_841' title='bbox 1861 2551 2110 2580; x_wconf 77' lang='lat' dir='ltr'>monstraturum</span> <span class='ocrx_word' id='word_1_842' title='bbox 2132 2562 2138 2579; x_wconf 76' lang='grc' dir='ltr'>ι</span> <span class='ocrx_word' id='word_1_843' title='bbox 2168 2548 2283 2588; x_wconf 90' lang='lat' dir='ltr'>quibus</span> 
     </span>
     <span class='ocr_line' id='line_1_102' title="bbox 1252 2598 2283 2639; baseline -0.001 -9"><span class='ocrx_word' id='word_1_844' title='bbox 1252 2601 1379 2632; x_wconf 84' lang='lat' dir='ltr'>charito</span> <span class='ocrx_word' id='word_1_845' title='bbox 1403 2602 1489 2632; x_wconf 79' lang='lat' dir='ltr'>mota</span> <span class='ocrx_word' id='word_1_846' title='bbox 1507 2601 1628 2639; x_wconf 71' lang='lat' dir='ltr'>verbis,</span> <span class='ocrx_word' id='word_1_847' title='bbox 1646 2600 1812 2637; x_wconf 86' lang='lat' dir='ltr'>mandato,</span> <span class='ocrx_word' id='word_1_848' title='bbox 1835 2602 1871 2631; x_wconf 90' lang='lat' dir='ltr'>ut</span> <span class='ocrx_word' id='word_1_849' title='bbox 1892 2608 2019 2639; x_wconf 79' lang='lat' dir='ltr'>operam</span> <span class='ocrx_word' id='word_1_850' title='bbox 2044 2599 2133 2630; x_wconf 85' lang='lat' dir='ltr'>daret</span> <span class='ocrx_word' id='word_1_851' title='bbox 2153 2598 2283 2638; x_wconf 88' lang='lat' dir='ltr'>diligen·</span> 
     </span>
    </p>
   </div>
   <div class='ocr_carea' id='block_1_13' title="bbox 1251 2650 2326 2742">
    <p class='ocr_par' dir='ltr' id='par_1_13' title="bbox 1251 2650 2326 2742">
     <span class='ocr_line' id='line_1_103' title="bbox 1251 2650 2284 2691; baseline -0.001 -10"><span class='ocrx_word' id='word_1_852' title='bbox 1251 2653 1310 2690; x_wconf 87' lang='lat' dir='ltr'>ter,</span> <span class='ocrx_word' id='word_1_853' title='bbox 1334 2660 1398 2691; x_wconf 90' lang='lat' dir='ltr'>quo</span> <span class='ocrx_word' id='word_1_854' title='bbox 1420 2652 1570 2691; x_wconf 81' lang='lat' dir='ltr'>promissa</span> <span class='ocrx_word' id='word_1_855' title='bbox 1596 2652 1756 2691; x_wconf 84' lang='lat' dir='ltr'>impleret,</span> <span class='ocrx_word' id='word_1_856' title='bbox 1778 2650 1908 2681; x_wconf 87' lang='lat' dir='ltr'>domum</span> <span class='ocrx_word' id='word_1_857' title='bbox 1933 2650 2019 2681; x_wconf 83' lang='lat' dir='ltr'>abiit.</span> <span class='ocrx_word' id='word_1_858' title='bbox 2051 2651 2092 2681; x_wconf 88' lang='lat' dir='ltr'>Ut</span> <span class='ocrx_word' id='word_1_859' title='bbox 2119 2658 2183 2680; x_wconf 76' lang='lat' dir='ltr'>nox</span> <span class='ocrx_word' id='word_1_860' title='bbox 2203 2650 2284 2680; x_wconf 81' lang='lat' dir='ltr'>sacta</span> 
     </span>
     <span class='ocr_line' id='line_1_104' title="bbox 1251 2700 2326 2742; baseline -0.003 -9"><span class='ocrx_word' id='word_1_861' title='bbox 1251 2704 1314 2741; x_wconf 87' lang='lat' dir='ltr'>est,</span> <span class='ocrx_word' id='word_1_862' title='bbox 1333 2704 1363 2733; x_wconf 92' lang='lat' dir='ltr'>et</span> <span class='ocrx_word' id='word_1_863' title='bbox 1385 2702 1462 2733; x_wconf 80' lang='lat' dir='ltr'>liora</span> <span class='ocrx_word' id='word_1_864' title='bbox 1489 2702 1637 2742; x_wconf 79' lang='lat' dir='ltr'>appetiit,</span> <span class='ocrx_word' id='word_1_865' title='bbox 1667 2710 1728 2741; x_wconf 89' lang='lat' dir='ltr'>qua</span> <span class='ocrx_word' id='word_1_866' title='bbox 1755 2701 1944 2733; x_wconf 86' lang='lat' dir='ltr'>Philinnium</span> <span class='ocrx_word' id='word_1_867' title='bbox 1973 2701 2093 2732; x_wconf 87' lang='lat' dir='ltr'>solebat</span> <span class='ocrx_word' id='word_1_868' title='bbox 2111 2700 2150 2731; x_wconf 87' lang='lat' dir='ltr'>ad</span> <span class='ocrx_word' id='word_1_869' title='bbox 2180 2700 2283 2739; x_wconf 86' lang='lat' dir='ltr'>ipsum</span> <span class='ocrx_word' id='word_1_870' title='bbox 2324 2711 2326 2715; x_wconf 95' lang='lat'>·</span> 
     </span>
    </p>
   </div>
   <div class='ocr_carea' id='block_1_14' title="bbox 1252 2752 2282 2793">
    <p class='ocr_par' dir='ltr' id='par_1_14' title="bbox 1252 2752 2282 2793">
     <span class='ocr_line' id='line_1_105' title="bbox 1252 2752 2282 2793; baseline -0.002 -9"><span class='ocrx_word' id='word_1_871' title='bbox 1252 2754 1421 2792; x_wconf 75' lang='lat' dir='ltr'>ventitare,</span> <span class='ocrx_word' id='word_1_872' title='bbox 1451 2755 1674 2793; x_wconf 75' lang='lat' dir='ltr'>exspectarunt</span> <span class='ocrx_word' id='word_1_873' title='bbox 1701 2762 1776 2785; x_wconf 87' lang='lat' dir='ltr'>sane</span> <span class='ocrx_word' id='word_1_874' title='bbox 1798 2754 1842 2784; x_wconf 90' lang='lat' dir='ltr'>illi</span> <span class='ocrx_word' id='word_1_875' title='bbox 1862 2753 2034 2784; x_wconf 84' lang='lat' dir='ltr'>adventum</span> <span class='ocrx_word' id='word_1_876' title='bbox 2062 2765 2068 2783; x_wconf 92' lang='lat'>:</span> <span class='ocrx_word' id='word_1_877' title='bbox 2088 2752 2154 2791; x_wconf 90' lang='lat' dir='ltr'>ipsa</span> <span class='ocrx_word' id='word_1_878' title='bbox 2175 2753 2282 2782; x_wconf 86' lang='lat' dir='ltr'>autem</span> 
     </span>
    </p>
   </div>
   <div class='ocr_carea' id='block_1_15' title="bbox 1252 2802 2333 2844">
    <p class='ocr_par' dir='ltr' id='par_1_15' title="bbox 1252 2802 2333 2844">
     <span class='ocr_line' id='line_1_106' title="bbox 1252 2802 2333 2844; baseline -0.001 -8"><span class='ocrx_word' id='word_1_879' title='bbox 1252 2805 1348 2836; x_wconf 68' lang='lat' dir='ltr'>venit.</span> <span class='ocrx_word' id='word_1_880' title='bbox 1368 2808 1448 2842; x_wconf 68' lang='lat' dir='ltr'>Qua:</span> <span class='ocrx_word' id='word_1_881' title='bbox 1470 2814 1569 2844; x_wconf 88' lang='lat' dir='ltr'>quum</span> <span class='ocrx_word' id='word_1_882' title='bbox 1592 2806 1743 2836; x_wconf 89' lang='lat' dir='ltr'>consueto</span> <span class='ocrx_word' id='word_1_883' title='bbox 1770 2806 1912 2843; x_wconf 79' lang='lat' dir='ltr'>ternpore</span> <span class='ocrx_word' id='word_1_884' title='bbox 1927 2804 2008 2834; x_wconf 80' lang='lat' dir='ltr'>esset</span> <span class='ocrx_word' id='word_1_885' title='bbox 2032 2803 2179 2842; x_wconf 82' lang='lat' dir='ltr'>ingressa,</span> <span class='ocrx_word' id='word_1_886' title='bbox 2194 2804 2226 2833; x_wconf 88' lang='lat' dir='ltr'>et</span> <span class='ocrx_word' id='word_1_887' title='bbox 2250 2802 2282 2833; x_wconf 89' lang='lat' dir='ltr'>in</span> <span class='ocrx_word' id='word_1_888' title='bbox 2327 2830 2333 2835; x_wconf 76' lang='grc'>.</span> 
     </span>
    </p>
   </div>
   <div class='ocr_carea' id='block_1_16' title="bbox 1250 2853 2281 3202">
    <p class='ocr_par' dir='ltr' id='par_1_16' title="bbox 1250 2853 2281 3202">
     <span class='ocr_line' id='line_1_107' title="bbox 1253 2853 2281 2895; baseline -0.003 -7"><span class='ocrx_word' id='word_1_889' title='bbox 1253 2858 1333 2889; x_wconf 87' lang='lat' dir='ltr'>lecto</span> <span class='ocrx_word' id='word_1_890' title='bbox 1346 2858 1547 2894; x_wconf 80' lang='lat' dir='ltr'>consedisset,</span> <span class='ocrx_word' id='word_1_891' title='bbox 1563 2858 1722 2889; x_wconf 85' lang='lat' dir='ltr'>Machates</span> <span class='ocrx_word' id='word_1_892' title='bbox 1740 2857 1816 2887; x_wconf 87' lang='lat' dir='ltr'>nihil</span> <span class='ocrx_word' id='word_1_893' title='bbox 1828 2864 1892 2895; x_wconf 78' lang='lat' dir='ltr'>prae</span> <span class='ocrx_word' id='word_1_894' title='bbox 1915 2864 1949 2886; x_wconf 88' lang='lat' dir='ltr'>se</span> <span class='ocrx_word' id='word_1_895' title='bbox 1963 2855 2064 2886; x_wconf 86' lang='lat' dir='ltr'>serens</span> <span class='ocrx_word' id='word_1_896' title='bbox 2075 2880 2085 2894; x_wconf 93' lang='lat'>,</span> <span class='ocrx_word' id='word_1_897' title='bbox 2102 2863 2169 2886; x_wconf 90' lang='lat' dir='ltr'>rem</span> <span class='ocrx_word' id='word_1_898' title='bbox 2185 2853 2281 2885; x_wconf 87' lang='lat' dir='ltr'>modo</span> 
     </span>
     <span class='ocr_line' id='line_1_108' title="bbox 1251 2906 2281 2949; baseline -0.003 -10"><span class='ocrx_word' id='word_1_899' title='bbox 1251 2910 1349 2948; x_wconf 75' lang='lat' dir='ltr'>ipsam</span> <span class='ocrx_word' id='word_1_900' title='bbox 1374 2910 1537 2949; x_wconf 79' lang='lat' dir='ltr'>explorare</span> <span class='ocrx_word' id='word_1_901' title='bbox 1563 2910 1708 2949; x_wconf 82' lang='lat' dir='ltr'>cupiens,</span> <span class='ocrx_word' id='word_1_902' title='bbox 1733 2908 1907 2948; x_wconf 75' lang='lat' dir='ltr'>praesertim</span> <span class='ocrx_word' id='word_1_903' title='bbox 1935 2909 1971 2938; x_wconf 89' lang='lat' dir='ltr'>ut</span> <span class='ocrx_word' id='word_1_904' title='bbox 1997 2906 2052 2946; x_wconf 90' lang='lat' dir='ltr'>qui</span> <span class='ocrx_word' id='word_1_905' title='bbox 2079 2913 2281 2946; x_wconf 86' lang='lat' dir='ltr'>nequaquam</span> 
     </span>
     <span class='ocr_line' id='line_1_109' title="bbox 1251 2957 2280 2999; baseline -0.001 -10"><span class='ocrx_word' id='word_1_906' title='bbox 1251 2960 1393 2991; x_wconf 80' lang='lat' dir='ltr'>crederet</span> <span class='ocrx_word' id='word_1_907' title='bbox 1406 2969 1438 2991; x_wconf 91' lang='lat' dir='ltr'>se</span> <span class='ocrx_word' id='word_1_908' title='bbox 1456 2969 1528 2991; x_wconf 84' lang='lat' dir='ltr'>cum</span> <span class='ocrx_word' id='word_1_909' title='bbox 1543 2962 1666 2999; x_wconf 76' lang='lat' dir='ltr'>mortua</span> <span class='ocrx_word' id='word_1_910' title='bbox 1677 2968 1742 2990; x_wconf 74' lang='lat' dir='ltr'>reni</span> <span class='ocrx_word' id='word_1_911' title='bbox 1759 2958 1886 2996; x_wconf 84' lang='lat' dir='ltr'>habere,</span> <span class='ocrx_word' id='word_1_912' title='bbox 1902 2966 1974 2997; x_wconf 78' lang='lat' dir='ltr'>quae</span> <span class='ocrx_word' id='word_1_913' title='bbox 1990 2959 2055 2988; x_wconf 86' lang='lat' dir='ltr'>tam</span> <span class='ocrx_word' id='word_1_914' title='bbox 2069 2957 2215 2988; x_wconf 83' lang='lat' dir='ltr'>accurate</span> <span class='ocrx_word' id='word_1_915' title='bbox 2227 2964 2280 2988; x_wconf 78' lang='lat' dir='ltr'>eo·</span> 
     </span>
     <span class='ocr_line' id='line_1_110' title="bbox 1250 3007 2280 3051; baseline -0.004 -10"><span class='ocrx_word' id='word_1_916' title='bbox 1250 3011 1320 3042; x_wconf 85' lang='lat' dir='ltr'>dem</span> <span class='ocrx_word' id='word_1_917' title='bbox 1338 3012 1487 3051; x_wconf 81' lang='lat' dir='ltr'>temporis</span> <span class='ocrx_word' id='word_1_918' title='bbox 1509 3011 1641 3042; x_wconf 86' lang='lat' dir='ltr'>articulo</span> <span class='ocrx_word' id='word_1_919' title='bbox 1655 3010 1693 3041; x_wconf 85' lang='lat' dir='ltr'>ad</span> <span class='ocrx_word' id='word_1_920' title='bbox 1715 3018 1747 3041; x_wconf 89' lang='lat' dir='ltr'>se</span> <span class='ocrx_word' id='word_1_921' title='bbox 1764 3009 1895 3046; x_wconf 77' lang='lat' dir='ltr'>veniret,</span> <span class='ocrx_word' id='word_1_922' title='bbox 1916 3007 1954 3038; x_wconf 89' lang='lat' dir='ltr'>ad</span> <span class='ocrx_word' id='word_1_923' title='bbox 1975 3008 2044 3038; x_wconf 81' lang='lat' dir='ltr'>liaec</span> <span class='ocrx_word' id='word_1_924' title='bbox 2061 3007 2158 3038; x_wconf 86' lang='lat' dir='ltr'>etiam</span> <span class='ocrx_word' id='word_1_925' title='bbox 2173 3015 2280 3038; x_wconf 85' lang='lat' dir='ltr'>secum</span> 
     </span>
     <span class='ocr_line' id='line_1_111' title="bbox 1250 3057 2280 3101; baseline -0.005 -9"><span class='ocrx_word' id='word_1_926' title='bbox 1250 3061 1355 3092; x_wconf 84' lang='lat' dir='ltr'>ederet</span> <span class='ocrx_word' id='word_1_927' title='bbox 1380 3064 1475 3101; x_wconf 81' lang='lat' dir='ltr'>atque</span> <span class='ocrx_word' id='word_1_928' title='bbox 1491 3061 1611 3092; x_wconf 86' lang='lat' dir='ltr'>biberet</span> <span class='ocrx_word' id='word_1_929' title='bbox 1630 3073 1637 3091; x_wconf 75' lang='lat' dir='ltr'>z</span> <span class='ocrx_word' id='word_1_930' title='bbox 1660 3062 1766 3099; x_wconf 85' lang='lat' dir='ltr'>itaque</span> <span class='ocrx_word' id='word_1_931' title='bbox 1783 3060 1878 3091; x_wconf 86' lang='lat' dir='ltr'>etiam</span> <span class='ocrx_word' id='word_1_932' title='bbox 1893 3058 1928 3089; x_wconf 86' lang='lat' dir='ltr'>iis</span> <span class='ocrx_word' id='word_1_933' title='bbox 1941 3057 2033 3089; x_wconf 77' lang='lat' dir='ltr'>sidem</span> <span class='ocrx_word' id='word_1_934' title='bbox 2055 3066 2119 3088; x_wconf 92' lang='lat' dir='ltr'>non</span> <span class='ocrx_word' id='word_1_935' title='bbox 2138 3057 2280 3094; x_wconf 85' lang='lat' dir='ltr'>haberet,</span> 
     </span>
     <span class='ocr_line' id='line_1_112' title="bbox 1250 3107 2280 3151; baseline -0.006 -8"><span class='ocrx_word' id='word_1_936' title='bbox 1250 3121 1322 3151; x_wconf 77' lang='lat' dir='ltr'>quoe</span> <span class='ocrx_word' id='word_1_937' title='bbox 1341 3112 1452 3143; x_wconf 80' lang='lat' dir='ltr'>abillis</span> <span class='ocrx_word' id='word_1_938' title='bbox 1470 3112 1690 3149; x_wconf 77' lang='lat' dir='ltr'>narrabantur,</span> <span class='ocrx_word' id='word_1_939' title='bbox 1713 3113 1900 3150; x_wconf 80' lang='lat' dir='ltr'>putaretque</span> <span class='ocrx_word' id='word_1_940' title='bbox 1922 3107 2072 3149; x_wconf 86' lang='lat' dir='ltr'>quosdam</span> <span class='ocrx_word' id='word_1_941' title='bbox 2086 3116 2206 3146; x_wconf 86' lang='lat' dir='ltr'>eorum,</span> <span class='ocrx_word' id='word_1_942' title='bbox 2226 3108 2280 3147; x_wconf 90' lang='lat' dir='ltr'>qui</span> 
     </span>
     <span class='ocr_line' id='line_1_113' title="bbox 1251 3161 2280 3202; baseline -0.006 -7"><span class='ocrx_word' id='word_1_943' title='bbox 1251 3165 1393 3195; x_wconf 87' lang='lat' dir='ltr'>mortuos</span> <span class='ocrx_word' id='word_1_944' title='bbox 1412 3164 1550 3195; x_wconf 81' lang='lat' dir='ltr'>effodere</span> <span class='ocrx_word' id='word_1_945' title='bbox 1565 3163 1679 3202; x_wconf 87' lang='lat' dir='ltr'>solent,</span> <span class='ocrx_word' id='word_1_946' title='bbox 1695 3163 1808 3194; x_wconf 75' lang='lat' dir='ltr'>effosso</span> <span class='ocrx_word' id='word_1_947' title='bbox 1825 3161 1968 3201; x_wconf 85' lang='lat' dir='ltr'>sepulcro</span> <span class='ocrx_word' id='word_1_948' title='bbox 1982 3161 2085 3191; x_wconf 78' lang='lat' dir='ltr'>vestes</span> <span class='ocrx_word' id='word_1_949' title='bbox 2100 3162 2131 3190; x_wconf 90' lang='lat' dir='ltr'>et</span> <span class='ocrx_word' id='word_1_950' title='bbox 2147 3167 2280 3190; x_wconf 87' lang='lat' dir='ltr'>aureum</span> 
     </span>
    </p>
   </div>
   <div class='ocr_carea' id='block_1_17' title="bbox 1250 3211 2338 3305">
    <p class='ocr_par' dir='ltr' id='par_1_17' title="bbox 1250 3211 2338 3305">
     <span class='ocr_line' id='line_1_114' title="bbox 1251 3211 2338 3257; baseline -0.006 -12"><span class='ocrx_word' id='word_1_951' title='bbox 1251 3214 1404 3245; x_wconf 84' lang='lat' dir='ltr'>mundum</span> <span class='ocrx_word' id='word_1_952' title='bbox 1428 3215 1506 3254; x_wconf 83' lang='lat' dir='ltr'>patri</span> <span class='ocrx_word' id='word_1_953' title='bbox 1522 3215 1633 3254; x_wconf 79' lang='lat' dir='ltr'>puellae</span> <span class='ocrx_word' id='word_1_954' title='bbox 1662 3213 1846 3245; x_wconf 81' lang='lat' dir='ltr'>vendidisse.</span> <span class='ocrx_word' id='word_1_955' title='bbox 1863 3211 1999 3251; x_wconf 86' lang='lat' dir='ltr'>Cupiens</span> <span class='ocrx_word' id='word_1_956' title='bbox 2015 3219 2086 3249; x_wconf 77' lang='lat' dir='ltr'>ergo</span> <span class='ocrx_word' id='word_1_957' title='bbox 2106 3218 2172 3241; x_wconf 87' lang='lat' dir='ltr'>rem</span> <span class='ocrx_word' id='word_1_958' title='bbox 2194 3211 2280 3240; x_wconf 85' lang='lat' dir='ltr'>certo</span> <span class='ocrx_word' id='word_1_959' title='bbox 2317 3219 2338 3257; x_wconf 27' lang='lat'>⁴·</span> 
     </span>
     <span class='ocr_line' id='line_1_115' title="bbox 1250 3261 2319 3305; baseline -0.007 -11"><span class='ocrx_word' id='word_1_960' title='bbox 1250 3266 1436 3305; x_wconf 78' lang='lat' dir='ltr'>perspicere,</span> <span class='ocrx_word' id='word_1_961' title='bbox 1451 3274 1564 3305; x_wconf 84' lang='lat' dir='ltr'>pueros</span> <span class='ocrx_word' id='word_1_962' title='bbox 1579 3265 1703 3296; x_wconf 83' lang='lat' dir='ltr'>occulte</span> <span class='ocrx_word' id='word_1_963' title='bbox 1715 3264 1812 3294; x_wconf 89' lang='lat' dir='ltr'>mittit</span> <span class='ocrx_word' id='word_1_964' title='bbox 1825 3263 1958 3294; x_wconf 86' lang='lat' dir='ltr'>accitum</span> <span class='ocrx_word' id='word_1_965' title='bbox 1972 3269 2036 3292; x_wconf 87' lang='lat' dir='ltr'>eos.</span> <span class='ocrx_word' id='word_1_966' title='bbox 2051 3263 2157 3298; x_wconf 90' lang='lat' dir='ltr'>Quum</span> <span class='ocrx_word' id='word_1_967' title='bbox 2173 3261 2278 3290; x_wconf 82' lang='lat' dir='ltr'>autem</span> <span class='ocrx_word' id='word_1_968' title='bbox 2315 3283 2319 3287; x_wconf 91' lang='lat'><em>.</em></span> 
     </span>
    </p>
   </div>
   <div class='ocr_carea' id='block_1_18' title="bbox 1252 3312 2280 3351">
    <p class='ocr_par' dir='ltr' id='par_1_18' title="bbox 1252 3312 2280 3351">
     <span class='ocr_line' id='line_1_116' title="bbox 1252 3312 2280 3351; baseline -0.006 -4"><span class='ocrx_word' id='word_1_969' title='bbox 1252 3318 1413 3349; x_wconf 67' lang='lat' dir='ltr'>confestim</span> <span class='ocrx_word' id='word_1_970' title='bbox 1431 3319 1583 3348; x_wconf 74' lang='lat' dir='ltr'>venisseut</span> <span class='ocrx_word' id='word_1_971' title='bbox 1610 3318 1826 3349; x_wconf 74' lang='lat' dir='ltr'>Demostratus</span> <span class='ocrx_word' id='word_1_972' title='bbox 1848 3317 1877 3345; x_wconf 93' lang='lat' dir='ltr'>et</span> <span class='ocrx_word' id='word_1_973' title='bbox 1897 3314 2043 3351; x_wconf 78' lang='lat' dir='ltr'>charito,</span> <span class='ocrx_word' id='word_1_974' title='bbox 2068 3312 2280 3351; x_wconf 72' lang='lat' dir='ltr'>vidissemque</span> 
     </span>
    </p>
   </div>
   <div class='ocr_carea' id='block_1_19' title="bbox 2309 3063 2338 3472">
    <p class='ocr_par' dir='ltr' id='par_1_19' title="bbox 2309 3063 2338 3472">
     <span class='ocr_line' id='line_1_117' title="bbox 2309 3063 2338 3472; baseline 0 293"><span class='ocrx_word' id='word_1_975' title='bbox 2309 3063 2338 3472; x_wconf 95' lang='lat' dir='ltr'> </span> 
     </span>
    </p>
   </div>
   <div class='ocr_carea' id='block_1_20' title="bbox 2312 3446 2338 3765">
    <p class='ocr_par' dir='ltr' id='par_1_20' title="bbox 2312 3446 2338 3765">
     <span class='ocr_line' id='line_1_118' title="bbox 2312 3446 2338 3765; textangle 90"><span class='ocrx_word' id='word_1_976' title='bbox 2312 3559 2338 3765; x_wconf 45' lang='lat' dir='ltr'>mxx-»ff</span> <span class='ocrx_word' id='word_1_977' title='bbox 2327 3543 2330 3549; x_wconf 52' lang='lat'>&lt;</span> <span class='ocrx_word' id='word_1_978' title='bbox 2320 3508 2323 3510; x_wconf 39' lang='lat' dir='ltr'>v</span> <span class='ocrx_word' id='word_1_979' title='bbox 2320 3446 2323 3449; x_wconf 41' lang='lat' dir='ltr'>v</span> 
     </span>
    </p>
   </div>
  </div>
 </body>
</html>
