2289 3728
958 158 1278 196 FRAGMENTA.

65 264 308 298 componens,
331 252 379 284 ait
406 261 413 285 :
434 248 494 285 Διὸ
508 250 625 284 τοῦτον
648 246 708 295 μὲν
728 248 744 282 ὁ
767 244 990 286 Ποσειδώνιός
1007 260 1089 294 φησι

63 307 196 357 θυρεὸν,
231 306 287 343 τὸν
309 306 343 342 δὲ
369 305 574 355 Μάρκελλον
609 304 699 354 ξίφος
719 303 785 340 ὑπὸ
809 305 875 339 τῶν
905 301 1090 350 ῬωμαίιιΝ

65 364 257 409 καλεῖσθαι,
281 362 488 414 κιρναμένην
510 361 620 406 δὲτὴν
642 360 782 398 Φαῧίου
801 359 1009 410 βεῧαιότητα
1033 358 1091 395 καὶ

64 420 252 472 ἀσφάλειαν
266 423 307 471 τῇ
340 420 547 471 Μαρκέλλου
568 417 728 468 συνηθείᾳ
754 417 919 468 σωτήριον
938 417 1093 467 γενέσθαι

65 481 134 520 τοῖς
151 477 350 526 (Ρωμαίοις.

115 537 218 571 Idem
243 536 404 571 Marcell.
429 548 459 570 c.
480 548 503 581 9
525 547 531 568 :
562 532 646 569 Ἰῧπὶ
675 531 731 568 τὸν
754 531 958 583 Μάρκελλον
978 529 1092 581 ἀφεώ-

66 607 131 642 ρων
151 592 210 628 καὶ
233 591 269 627 τὸ
286 590 471 641 θαρραλέον
495 591 598 626 αὐτοῦ
628 589 686 625 καὶ
704 588 908 639 δραστήριον
928 587 1011 639 πρὸς
1029 586 1091 631 τὴν

66 648 194 686 ἐκείνου
213 647 392 697 (Φοιὲίου)
415 646 633 698 κεραννύντες
653 646 711 682 καὶ
740 646 968 696 ἁρμόττοντες
999 644 1094 681 εὖλά·

64 706 158 743 δειαν
175 705 234 742 καὶ
258 705 418 755 πρόνοιαν
438 704 519 741 ποτὲ
539 703 598 751 μὲν
615 703 824 754 ἀμφοτέρους
844 702 917 751 ἅμα
937 717 1090 754 χειροτο-

63 767 195 805 νοῧντες
212 763 359 804 ὑπάτους
374 792 383 808 ,
398 761 478 799 ποτὲ
495 762 530 798 δὲ
550 762 583 797 ἐν
605 760 699 811 με’ρει
719 761 774 797 τὸν
801 760 862 808 μὲν
878 759 1019 806 ὕπατον,
1036 759 1093 796 τὸν

64 819 98 857 δὲ
119 819 307 858 ἀνθύπατον
330 819 540 868 ἐξέπεμπον.
563 818 607 857 ‘O
630 819 663 855 δὲ
692 817 919 860 Ποσειδώνιός
940 832 1022 869 φησι
1038 816 1093 854 τὸν

64 882 124 932 μὲν
140 882 276 921 Φάέιον
292 882 407 934 θυρεὸν
422 883 621 928 καλεῖσθαι,
634 881 690 919 τὸν
705 881 740 918 δὲ
759 881 965 932 Μάρκελλον
990 880 1092 932 ξίφος.

551 969 612 1011 45.

117 1058 225 1093 Idem
258 1056 423 1093 Marcell.
461 1068 494 1092 e.
531 1068 576 1103 ¹9
609 1067 617 1092 :
641 1053 725 1092 εὈτι
755 1053 869 1103 μέντοι
893 1053 1094 1104 Μάρκελλος

65 1114 191 1163 ἤλγησε
218 1114 275 1151 καὶ
301 1113 358 1150 τὸν
381 1112 564 1164 αὐτόχειρα
595 1114 653 1148 τοῦ
684 1110 803 1163 ἀνδρὸς
833 1111 1091 1162 (Ἀρχιμήδους)

63 1171 265 1222 ἀπεστράφη
284 1171 441 1222 καθάπερ
462 1172 588 1221 ἐναγῆ,
610 1168 686 1212 τοὺς
715 1169 749 1206 δὲ
769 1169 910 1211 οἰκείους
941 1167 1091 1220 ἀνευρὼν

63 1229 236 1277 ἐτίμησεν,
261 1230 492 1277 ὁμολογεῖται.

114 1288 155 1324 C.
174 1300 235 1324 20.
249 1288 328 1323 Τῶν
343 1284 378 1322 δὲ
390 1285 573 1334 Ῥωμαίων
587 1289 653 1327 τοῖς
670 1282 763 1325 ἐκτὸς
777 1283 966 1333 ἀνθρώποις
979 1283 1094 1319 δεινῶν

67 1344 126 1392 μὲν
142 1336 227 1380 εἶναι
242 1342 391 1391 πόλεμον
409 1342 714 1393 μεταχειρίσασθαι
726 1340 784 1377 καὶ
795 1341 948 1392 φοὸερῶν
966 1342 1012 1382 εἷς
1022 1343 1095 1391 χεῖ-

66 1416 124 1450 ρας
137 1401 242 1438 ἐλθεῖν
257 1400 497 1449 νομιζομένων,
511 1398 768 1450 εὐγνωμοσύνης
785 1398 819 1435 δὲ
835 1398 893 1435 καὶ
908 1399 1095 1449 φιλανθρω-

63 1458 143 1500 πίας
154 1458 211 1494 καὶ
223 1457 309 1499 ὅλως
323 1459 498 1502 πολιτικῆς
508 1459 628 1508 ἀρετῆς
640 1456 875 1507 ὑποδείγματα
889 1455 936 1504 μὴ
952 1455 1095 1492 δεδωκό-

67 1531 148 1563 των,
168 1517 301 1565 πρῶτος
313 1516 405 1552 δοκεῖ
423 1514 499 1552 τότε
516 1515 719 1565 Μάρκελλος
735 1512 908 1556 ὑποδεῖξαι
924 1518 992 1555 τοῖς
1011 1511 1096 1550 Ἕλ-

65 1574 145 1618 λησι
172 1572 398 1623 δικαιοτέρους
417 1572 624 1621 Ῥωμαίους.
664 1572 767 1610 Οὕτω
787 1573 852 1622 γὰρ
875 1573 1001 1623 ἐχρῆτο
1028 1576 1096 1612 τοῖς

66 1629 304 1679 συμὸάλλουσι
319 1629 376 1666 καὶ
401 1629 569 1672 τοσαύτας
585 1630 702 1672 πόλεις
717 1629 775 1667 καὶ
792 1629 928 1672 ἰδιώτας
957 1628 1092 1678 εὐεργέ-

63 1703 178 1733 τησεν,
197 1686 285 1724 ὥστε
305 1687 335 1724 εἴ
354 1703 387 1724 τι
407 1688 486 1738 περὶ
505 1686 634 1725 Ἔνναν
654 1688 676 1732 ἢ
696 1689 869 1739 Μεγαρεῖς
890 1687 911 1732 ἢ
931 1688 1092 1737 Συρακο-

65 1745 154 1787 σίους
174 1745 269 1795 ἔργον
290 1740 330 1790 ἦν
346 1745 565 1796 εἰργασμένον
584 1747 644 1781 οὐκ
665 1745 810 1787 ἐπιεικὲς
838 1746 971 1793 αὐτοῖς,
993 1748 1093 1780 τοῦτο

64 1804 130 1838 τῶν
149 1802 365 1839 πεπονθότων
386 1802 479 1853 αἰτία
498 1803 628 1850 μᾶλλον
649 1801 670 1846 ἢ
687 1804 753 1838 τῶν
774 1802 1011 1847 πεποιηκότων
1033 1803 1090 1838 δο-

740 1859 811 1901 ἑνὸς
842 1859 910 1895 ἀπὸ
941 1860 1090 1896 πολλῶν.

65 1862 135 1896 κεῖν
164 1859 352 1909 γεγονέναι.
388 1858 645 1907 Μνησθήσομαι
673 1860 705 1896 δὲ

72 1917 175 1959 Πόλις
189 1918 261 1954 ἐστὶ
286 1920 345 1961 τῆς
367 1917 525 1959 Σικελίας
554 1916 711 1967 Ἐγγύιον
733 1919 768 1954 οὐ
791 1917 924 1966 μεγάλη
939 1947 947 1963 ,
963 1917 1091 1968 ἀρχαία

62 2086 183 2116 bellicae
196 2110 203 2123 ‚
218 2088 249 2116 et
265 2094 394 2125 corpore
411 2086 540 2116 robusto
559 2087 590 2116 et
606 2094 701 2116 manu
719 2088 884 2125 promptus
895 2110 903 2123 ,
927 2088 959 2116 et
979 2087 1093 2116 natura
1179 2094 1187 2104 ‘

63 2138 134 2168 belli
145 2138 288 2177 cupidus,
300 2137 433 2176 ideoque
443 2138 474 2167 in
488 2138 711 2168 certaminibus
721 2138 856 2168 alacrem
870 2146 902 2168 se
916 2139 947 2168 et
961 2138 1095 2168 ferocem

62 2190 244 2220 ostendebat
266 2200 272 2220 :
299 2189 440 2219 moribus
465 2189 522 2220 suit
545 2189 682 2220 honestis
699 2191 730 2220 et
753 2190 930 2229 humanus;
952 2192 1094 2221 Graecaln

64 2240 259 2279 disciplinam
273 2249 309 2270 ac
322 2240 441 2271 litteras
454 2248 490 2270 eo
505 2249 604 2279 usque
619 2240 760 2279 colebat,
775 2241 877 2280 utqui
893 2241 924 2271 in
938 2241 973 2271 iis
991 2242 1094 2271 excel-

64 2291 166 2322 lerent
181 2291 211 2322 in
228 2291 434 2322 admiratione
450 2293 481 2322 et
503 2291 621 2322 honore
638 2292 783 2331 haberet,
804 2292 869 2331 ipse
888 2293 1018 2331 negotiis
1034 2293 1095 2323 im-

63 2341 205 2381 peditus,
220 2351 259 2372 ne
273 2342 414 2380 tantum,
432 2343 588 2381 quantum
603 2342 768 2382 cupiebat,
785 2343 879 2374 studii
893 2345 924 2374 et
942 2344 1095 2375 exercita-

64 2393 156 2424 tionis
171 2394 229 2425 illis
242 2394 445 2433 impenderet.

545 2444 603 2475 44.

105 2498 216 2536 ltaque
236 2496 332 2528 Fabio
350 2497 449 2536 scuti,
466 2498 614 2528 Marcello
632 2498 725 2537 gladii
749 2507 864 2529 nomen
878 2499 973 2530 tribui
996 2508 1014 2530 a
1034 2501 1093 2530 Ro-

65 2548 165 2579 manis
177 2548 305 2579 solitum
320 2549 504 2579 Posidonius
516 2549 613 2580 tradit
629 2563 635 2580 2
655 2559 691 2580 ac
707 2550 793 2580 Fabii
814 2551 845 2580 iu
867 2552 945 2582 tutis
963 2552 1098 2582 consiliis

65 2599 285 2638 constantiam,
297 2594 437 2630 Marcelli
451 2600 677 2632 consuetudine
689 2602 895 2640 temperatam
905 2624 915 2641 ,
929 2602 1097 2634 salutarem

65 2649 215 2681 Romanis
229 2649 333 2680 fuisse.
549 2694 593 2725 45

106 2746 142 2777 Id
156 2745 284 2785 quidem
298 2745 329 2775 in
343 2745 484 2776 confesso
497 2749 562 2785 est,
578 2746 747 2778 indoluisse
760 2756 796 2778 ea
809 2756 843 2779 re
860 2748 974 2787 (caedc
984 2750 1098 2781 Archi-

66 2795 195 2835 medis)
214 2796 419 2834 Marcellum,
439 2804 720 2836 percussoremque
738 2799 775 2829 ut
790 2799 977 2830 sceleratum
996 2800 1097 2831 homi-

67 2855 139 2877 nem
158 2847 253 2877 suisse
270 2846 484 2877 abominatum
495 2870 503 2883 ,
520 2848 762 2887 compet-tesque
778 2849 973 2881 Archimedis
988 2860 1096 2882 neces-

67 2897 165 2927 sarios
182 2897 353 2927 honoribus
374 2897 522 2927 affecisse.
542 2898 710 2928 Enimvero
723 2908 823 2938 quum
837 2901 968 2931 Romani
984 2903 1098 2933 exteris

67 2948 172 2979 adhuc
196 2948 279 2979 bello
303 2950 428 2979 tantum
453 2949 589 2987 gerendo
614 2951 733 2981 strenui
758 2959 923 2991 pugnaque
943 2953 1099 2985 terribiles

71 2998 264 3038 viderentur,
279 2999 460 3038 nequedum
474 3000 650 3039 aequitatis,
666 3001 882 3041 humanitatis,
897 3004 1098 3044 civiliumque

68 3049 196 3080 omnino
212 3050 367 3082 virtutum
384 3051 554 3089 specimina
570 3051 691 3090 aliquot
712 3053 928 3085 exhibuissent
946 3064 953 3084 :
979 3055 1099 3094 primus

69 3100 236 3130 Marcellus
252 3099 378 3131 videtur
397 3101 515 3132 Graecis
533 3102 721 3140 ostendisse,
739 3112 804 3134 esse
817 3103 1096 3145 justiores‚-quam

69 3149 281 3188 crederentur,
304 3153 470 3182 Romanos.
494 3152 542 3182 Ita
565 3152 649 3182 enim
671 3161 740 3192 eos,
766 3154 954 3193 quibuscum
977 3164 1025 3187 res
1043 3156 1099 3196 ipsi

70 3201 137 3231 erat
149 3224 158 3239 ‚
175 3202 323 3233 tractavit
338 3203 450 3241 totque
465 3203 533 3242 ejus
549 3203 580 3234 in
597 3203 741 3235 civitates
757 3206 789 3236 et
802 3205 941 3245 privatos
958 3206 1100 3238 homines

71 3250 258 3283 exstiterunt
273 3252 443 3292 beneficia,
460 3255 494 3284 ut
505 3278 514 3292 ‚
531 3254 555 3284 si
578 3254 654 3293 quid
673 3254 783 3286 durius
799 3257 1012 3294 Ennensibus,
1031 3260 1098 3289 Me-

71 3303 265 3342 garensibus,
285 3305 526 3343 Syracusanisve
540 3306 707 3346 acciderit,
728 3316 789 3337 non
807 3309 904 3347 magis
923 3309 981 3339 hoc
996 3309 1030 3339 iis
1045 3311 1097 3350 qui

2099 168 2167 199 271

1157 246 1331 297 Ματέρας.
1352 245 1501 297 Ἵδρυμα
1515 248 1651 297 λέγεται
1670 250 1815 299 Κρητῶν
1838 247 1991 298 γενέσθαι
2012 248 2048 285 τὸ
2067 248 2169 299 ἱερόν·

1156 302 1214 339 καὶ
1232 303 1363 353 λόγχας
1381 304 1473 346 τινὰς
1491 304 1687 341 ἐδείκνυσαν
1704 306 1762 342 καὶ
1779 306 1886 355 κράνη
1906 307 2040 356 χαλκᾶ,
2057 305 2100 342 τὰ
2117 306 2177 354 μέν

1154 358 1276 409 ἔχοντα
1299 361 1473 411 Μηριόνου
1487 390 1496 407 ,
1509 361 1551 397 τὰ
1564 361 1598 398 δὲ
1613 362 1771 412 Οὐλίξου,
1787 363 1958 400 τουτέστιν
1972 363 2180 408 Ὀδυσσέως,

1156 416 1347 467 ἐπιγραφὰς
1360 447 1369 463 ,
1390 419 1653 455 ἀνατεθεικότων
1671 421 1743 462 ταῖς
1769 421 1870 462 θεαῖς.
1896 420 2036 466 Ταύτην
2054 425 2178 471 προθυ-

1156 473 1288 521 μότατα
1326 474 1640 524 καρχηδονίζουσαν
1672 477 1812 522 Νικίας,
1840 476 1924 527 ἀνὴρ
1949 480 2081 529 πρῶτος
2112 480 2179 514 τῶν

1153 531 1317 579 πολιτῶν,
1337 530 1448 567 ἔπειθε
1465 532 1669 579 μεταθέσθαι
1683 534 1766 583 πρὸς
1785 534 2001 585 Ἱ)ωμαίους,
2026 536 2180 586 ἀναφαν-

1154 587 1209 624 δὸν
1237 589 1271 624 ἐν
1300 588 1374 630 ταῖς
1398 589 1595 633 ἐκκλησίαις
1627 592 1944 641 παρρησιαζόμενος
1975 593 2032 629 καὶ
2067 595 2180 635 κακῶς

1154 649 1358 696 φρονοῦντας
1378 645 1564 696 ἐξελέγχ(ι)ν
1583 646 1658 689 τοὺς
1677 649 1906 692 ὑπεναντίους.
1930 652 1974 688 Οἱ
2002 650 2036 687 δὲ
2056 650 2182 720 φοὲού-

1156 718 1250 751 μενοι
1268 703 1331 747 τὴν
1354 704 1497 752 δύναμιν
1519 719 1622 741 αυτου
1649 705 1707 741 καὶ
1723 721 1784 751 την
1810 707 1907 750 δόξαν
1935 708 2037 744 ἐδουλ
2041 708 2182 745 εύσαντο

1155 761 1447 810 συναρπάσαικαι
1468 763 1680 812 παραδουναι
1704 764 1772 805 τοῖς
1789 764 1910 807 Φοίνιξ
1897 780 1958 803 ιν.
1976 765 2182 814 Αἷσθόμενος

1157 821 1214 855 οὐν
1232 820 1249 854 ὃ
1269 818 1395 860 Νικίας
1416 818 1482 863 ἥδη
1500 818 1558 855 καὶ
1577 819 1930 869 παραφυλαττόμενον
1952 822 2113 865 ἀδηλο“)ς
2100 838 2182 859 εαυ-

1154 875 1210 913 τὸν
1228 875 1382 927 ἐξέφερεν
1406 877 1439 912 ἐν
1460 891 1543 927 φανε
1549 891 1596 927 ρι)
1610 876 1731 927 λόγους
1747 892 1826 928 περι
1840 894 1906 915 των
1922 880 2021 916 Ματε
2007 895 2090 930 ρων
2106 881 2182 916 ἀνε-

1156 934 1351 979 πιτηδείους
1364 933 1423 970 καὶ
1437 935 1550 971 πολλὰ
1564 934 1646 986 πρὸς
1662 935 1723 979 τὴν
1743 936 1968 984 νομιζομένην
1986 937 2183 988 ἐπιφάνειαν

1157 991 1216 1028 καὶ
1237 991 1334 1034 δόξαν
1355 994 1398 1033 ὡς
1416 993 1570 1028 ἀπιστων
1588 991 1646 1028 καὶ
1667 996 1889 1044 καταφρονῶν
1911 993 2090 1044 ἐπραττεν,
2109 995 2185 1039 ἡδο-

1160 1049 1273 1119 μένων
1305 1066 1371 1086 των
1405 1051 1549 1119 ἐχθρῶν,
1584 1050 1635 1087 ὅτι
1663 1051 1724 1095 τὴν
1754 1051 1917 1100 μεγίστην
1947 1053 2058 1089 αἰτίαν
2087 1052 2185 1095 αὐτὸς

1156 1109 1207 1159 ἐφ’
1225 1107 1345 1144 ἑαυτον
1357 1111 1402 1144 ὡν
1418 1107 1573 1144 πείσεται
1588 1110 1746 1159 παρεῖχε,
1764 1111 1792 1147 l
1795 1109 1957 1158 εγονότων
1979 1109 2013 1146 δὲ
2024 1126 2060 1146 τι
2062 1126 2090 1146 )ν
2104 1110 2186 1160 πρὸς

1155 1165 1217 1211 τὴν
1235 1165 1433 1217 σύλληψιν
1420 1165 1576 1214 ετοίμων,
1594 1169 1635 1211 ἠν
1663 1182 1724 1215 μεν
1750 1167 1914 1213 ἐκκλησία
1933 1183 1998 1204 των
2019 1170 2183 1217 πολιτῶν,

1156 1223 1223 1260 ὅδὲ
1255 1222 1378 1265 Νικίας
1399 1223 1525 1271 μεταξύ
1546 1239 1578 1261 τι
1604 1223 1714 1273 λέγων
1747 1224 1806 1261 καὶ
1834 1223 2076 1274 συμὸουλεύων
2105 1225 2187 1277 πρὸς

1158 1297 1215 1318 τον
1238 1282 1348 1331 δημον
1377 1280 1533 1340 ἐξαίφνης
1562 1283 1692 1333 ἀφ’ἧκεν
1713 1283 1758 1324 εἷς
1785 1282 1847 1328 τὴν
1867 1286 1931 1333 γῆν
1952 1282 1990 1320 τὸ
2007 1285 2108 1331 σῶμα
2128 1283 2187 1320 καὶ

1159 1354 1279 1389 μικρον
1300 1339 1484 1384 διαλιπὼν,
1498 1342 1565 1376 οἷον
1585 1339 1693 1385 εἰκὸς,
1710 1339 1858 1391 ἡσυχίας
1877 1340 1936 1376 σὺν
1955 1340 2114 1385 ἐκπλήξει
2131 1356 2186 1391 γε·

1156 1395 1321 1445 νομένης,
1341 1395 1403 1441 τὴν
1434 1395 1587 1447 κεφαλην
1613 1396 1744 1448 ἐπάρας
1772 1397 1830 1434 καὶ
1853 1397 2078 1449 περιενεγκων
2100 1400 2187 1435 ὑπο-

1159 1454 1277 1505 τρόμι)
1305 1469 1399 1505 φωνῃ
1426 1469 1486 1490 και
1512 1454 1635 1506 βαρεία
1662 1454 1752 1492 κατὰ
1784 1455 1903 1506 μικρὸν
1931 1455 2110 1493 συντείνων
2128 1456 2188 1493 καὶ

1157 1510 1356 1562 παροξύνων
1370 1526 1427 1548 τον
1447 1515 1547 1561 ἠχον,
1575 1514 1619 1554 ὼς
1639 1513 1728 1562 ἑώρα
1747 1513 1859 1583 φρίκῃ
1871 1513 1928 1550 καὶ
1949 1517 2062 1564 σιωπῇ
2082 1529 2186 1551 κατε-

1156 1569 1303 1620 χόμενον
1315 1569 1352 1606 τὸ
1372 1569 1525 1621 θέατρον,
1545 1570 1738 1621 ἀπορρίψας
1749 1571 1786 1608 τὸ
1797 1570 1933 1620 ιμάτιον
1948 1586 2006 1608 και
2023 1586 2187 1622 περιρρη-

1160 1627 1301 1676 ξάμενος
1335 1626 1392 1664 τὸν
1423 1627 1627 1678 χιτωνίσκον
1654 1627 1845 1678 ἡμίγυμνος
1861 1628 2084 1674 ἀναπηδήσας
2119 1628 2187 1665 ἔθεε

1157 1685 1241 1734 πρὸς
1257 1683 1317 1730 τὴν
1343 1684 1454 1728 ἔξοδον
1480 1689 1535 1722 τοῦ
1554 1687 1694 1736 θεάτρου
1714 1689 1801 1736 βοῶν
1829 1686 1894 1723 ὑπὸ
1921 1689 1988 1723 τῶν
2015 1687 2186 1737 Ματέρων

1158 1742 1373 1780 ἐλαύνεσθαι.
1393 1742 1548 1789 Μηδενὸς
1562 1743 1597 1780 δὲ
1611 1745 1804 1792 τολμῶντος
1814 1744 1965 1795 ἅψασθαι
1981 1744 2065 1793 μηδὲ
2077 1748 2186 1781 ἀπαν-

1158 1803 1261 1846 τῆσαι
1279 1800 1334 1837 διὰ
1352 1801 1630 1849 δεισιδαιμονίαν,
1666 1801 1745 1838 ἀλλ’
1763 1802 2036 1853 ἐκτρεπομένων),
2057 1801 2112 1838 ἐπὶ
2126 1801 2186 1843 τὰς

1125 1898 1127 1906 2
1160 1858 1269 1899 πύλας
1287 1857 1467 1909 ἐξέδραμεν
1485 1856 1561 1895 οὔτε
1583 1861 1695 1909 φωνῆς
1714 1873 1801 1901 τινος
1822 1858 1897 1895 οὔτε
1921 1859 2084 1905 κινήσεως
2103 1874 2189 1910 πρε-

1125 1911 1128 1971 f
1160 1913 1291 1961 πούσης
1307 1917 1511 1965 δαιμονῶντι
1526 1915 1584 1953 καὶ
1604 1920 1877 1968 παραφρονοῦντι
1898 1917 2113 1968 φεισάμενος.
2139 1916 2187 1955 ‘H

65 1976 99 2012 δὲ
119 1975 208 2012 πάνυ
226 1975 285 2012 καὶ
309 1975 363 2012 διὰ
387 1977 469 2012 θεῶν
493 1974 691 2027 ἐπιφάνειαν
722 1974 868 2020 ἔνδοξος,
893 1974 931 2016 ἃς
950 1977 1092 2011 καλοῦσι
1125 1977 1127 1980 ’

1162 1974 1196 2010 δὲ
1225 1974 1309 2023 γυνὴ
1343 1975 1514 2010 συνειδυῖα
1544 1974 1599 2011 καὶ
1629 1975 1901 2025 συντεχνάζουσα
1928 1977 1976 2025 τῷ
2003 1975 2098 2024 ἀνδρὶ
2125 1976 2187 2011 λα-

1160 2085 1301 2116 f‹,cissent
1313 2108 1320 2123 ,
1332 2094 1428 2124 quam
1440 2085 1494 2125 qui
1507 2086 1587 2125 passi
1599 2088 1720 2125 essent,
1735 2086 1848 2117 ascribi
1861 2085 2009 2125 potuerit.
2025 2088 2070 2117 De
2083 2085 2189 2116 multis

1158 2145 1257 2166 unum
1271 2136 1438 2175 proferam.
1455 2137 1613 2176 Oppidum
1624 2139 1669 2167 est
1681 2137 1794 2168 Siciliae
1808 2145 1871 2167 non
1885 2145 2045 2176 magnum,
2060 2137 2188 2167 nomine

1159 2187 1332 2226 Erigyium,
1356 2188 1579 2226 perantiquum
1601 2188 1706 2218 tamen
1729 2189 1760 2218 et
1786 2187 1827 2218 ob
1852 2187 1943 2225 dcaS,
1969 2196 2048 2226 quas
2072 2188 2188 2218 Matres

1160 2240 1291 2277 vocant,
1310 2239 1351 2269 ibi
1381 2239 1462 2270 visas
1488 2239 1620 2270 celebre.
1641 2240 1806 2279 Templum
1823 2239 1864 2270 ibi
1880 2248 1897 2270 a
1918 2240 2120 2271 Cretensibus
2137 2248 2189 2278 po-

1159 2290 1254 2320 situm
1268 2290 1372 2320 serunt
1388 2303 1394 2320 :
1412 2290 1716 2330 ostentabanturque
1730 2291 1827 2321 hastae
1844 2292 1875 2321 et
1888 2291 1984 2330 galeae
1998 2299 2111 2329 aeneae,
2125 2291 2189 2321 Me-

1161 2340 1257 2371 rionis
1272 2342 1303 2371 ct
1320 2341 1437 2379 Ulixae,
1453 2340 1482 2370 id
1498 2342 1544 2371 est
1563 2342 1690 2380 Ulyssis,
1706 2342 1918 2381 inscriptione,
1937 2341 1990 2380 qui
2006 2350 2057 2371 eas
2072 2341 2189 2372 deabus

1159 2390 1364 2422 dedicassem.
1382 2391 1458 2430 Ejus
1473 2391 1556 2422 cives
1573 2401 1671 2431 (pium
1689 2392 1826 2431 impense
1846 2392 1938 2423 rebus
1952 2391 2189 2431 Carthaginien-

1159 2442 1239 2472 sium
1254 2442 1411 2480 faverent,
1428 2443 1548 2481 Nicias,
1560 2443 1652 2482 primi
1667 2443 1746 2473 inter
1761 2452 1813 2473 eos
1827 2443 1956 2482 ordinis,
1973 2443 2070 2473 suasit
2084 2444 2119 2473 ut
2133 2445 2190 2473 Ro-

1163 2492 1263 2523 manis
1279 2493 1481 2531 accederent,
1501 2493 1598 2524 libere
1619 2494 1651 2524 in
1670 2494 1873 2525 concionibus
1894 2493 2088 2524 adversarios
2109 2493 2190 2524 male

1159 2545 1274 2575 sentire
1287 2554 1459 2584 coarguens
1472 2558 1479 2576 τ
1497 2546 1570 2576 athi
1584 2546 1712 2585 gloriam
1726 2546 1784 2576 viri
1797 2547 1828 2576 et
1840 2546 2012 2585 potentiam
2024 2546 2168 2576 timentes
2180 2568 2189 2582 ‚

1159 2597 1338 2626 statuerunt
1354 2598 1535 2635 correptum
1557 2605 1631 2627 eum
1655 2596 1758 2627 Poenis
1779 2596 1912 2627 tradere.
1933 2596 2036 2628 Nicias
2058 2596 2111 2626 ubi
2126 2595 2190 2634 jam

1160 2648 1282 2678 occulte
1294 2656 1327 2678 se
1339 2648 1489 2678 custodiri
1505 2649 1619 2686 sensit,
1637 2648 1676 2679 de
1693 2649 1849 2679 Matribus
1865 2657 2024 2679 sermones
2037 2648 2068 2678 in
2087 2648 2191 2687 publi-

1160 2707 1233 2728 cum
1257 2698 1371 2728 extulit
1388 2698 1529 2737 illicitos,
1554 2699 1654 2729 multa
1672 2699 1704 2730 in
1726 2708 1837 2730 eorum
1857 2700 2026 2730 numinum
2046 2699 2190 2729 contem-

1165 2752 1255 2789 ptum
1269 2750 1350 2788 egit,
1365 2752 1514 2789 tanquam
1527 2750 1671 2782 diffidens
1684 2752 1714 2781 et
1728 2752 1931 2782 contemnens
1945 2760 2016 2790 quae
2030 2751 2069 2782 de
2082 2759 2190 2781 eorum

1161 2801 1326 2840 praesentia
1342 2802 1373 2831 et
1386 2800 1548 2839 majestate
1562 2802 1753 2832 serebantur.
1770 2803 1904 2833 Gratum
1923 2802 1954 2832 id
1970 2802 2103 2833 inimicis
2117 2802 2190 2838 fuit,

1160 2852 1245 2890 quod
1261 2852 1312 2882 ille
1328 2852 1498 2882 maximam
1515 2852 1562 2882 sui
1578 2853 1658 2883 male
1676 2853 1832 2883 tractandi
1850 2861 1977 2883 causam
2001 2854 2085 2884 ultro
2103 2862 2186 2892 prae-

1160 2903 1257 2934 beret.
1276 2905 1347 2934 Jam
1364 2912 1436 2942 ergo
1454 2903 1600 2934 omnibus
1618 2903 1660 2934 ita
1675 2904 1879 2943 comparatis,
1901 2906 1935 2934 ut
1950 2904 1976 2935 ei
1994 2912 2106 2934 manus
2123 2903 2191 2941 inji-

1161 2956 1285 2993 cerent,
1310 2955 1554 2994 convocatisque
1575 2955 1606 2985 in
1628 2956 1809 2986 concionem
1835 2957 1902 2986 tum
1928 2956 2066 2994 civibus,
2090 2956 2191 2987 Nicias

1161 3005 1200 3035 ad
1215 3005 1366 3044 populum
1386 3006 1480 3036 verba
1500 3006 1631 3044 faciens,
1650 3007 1754 3037 subito
1776 3007 1813 3037 ad
1828 3008 1945 3037 terram
1963 3015 2077 3046 corpus
2095 3006 2188 3036 dimi-

1160 3057 1216 3093 sit,
1238 3065 1411 3096 parumque
1427 3059 1586 3096 moratus,
1610 3060 1646 3089 ut
1662 3067 1717 3098 par
1740 3060 1803 3097 est,
1820 3059 1943 3090 silentio
1968 3067 2038 3089 cum
2063 3060 2190 3097 stupore

1161 3106 1262 3145 sacto,
1282 3107 1353 3138 inde
1374 3108 1476 3139 levato
1498 3109 1599 3148 capite
1615 3118 1652 3139 ac
1668 3109 1880 3148 circumacto,
1897 3109 2033 3140 tremula
2058 3116 2133 3139 voce
2154 3115 2190 3137 ac

1160 3158 1245 3196 gravi
1267 3158 1424 3196 primum,
1450 3158 1562 3190 deinde
1583 3160 1696 3205 sensim
1720 3168 1789 3190 eam
1815 3159 1979 3190 intendens
1998 3160 2093 3197 atque
2116 3165 2189 3187 exa-

1163 3217 1277 3247 cuens,
1299 3211 1335 3239 ut
1350 3209 1429 3240 vidit
1447 3210 1577 3241 horrore
1593 3212 1625 3241 et
1641 3211 1764 3242 silentio
1785 3212 1969 3250 occupatam
1987 3209 2186 3244 concionem,

1164 3261 1300 3299 projecta
1314 3263 1384 3300 toga
1399 3270 1435 3292 ac
1447 3262 1616 3293 dilacerata
1630 3264 1736 3294 tunica
1746 3286 1754 3300 ,
1771 3262 1952 3293 seminudus
1966 3260 2090 3291 exsiluit.
2104 3261 2132 3290 ct
2149 3259 2187 3289 ad

1159 3313 1278 3343 exitum
1296 3313 1408 3344 theatri
1426 3322 1458 3344 se
1475 3314 1645 3353 proripuit,
1660 3314 1767 3352 agitari
1782 3322 1814 3343 se
1830 3322 1847 3344 a
1864 3312 2017 3343 Matribus
2033 3311 2181 3341 clamans.
