2338 3765
137 183 211 213 41⁸

137 257 236 306 ἧττον
259 259 504 309 ἱερουργοῦντες
526 253 705 297 διετέλουν,
723 251 798 287 οὔτε
819 251 883 287 ὑπὸ
898 254 955 287 τοῦ
976 251 1081 302 odem,
1103 254 1160 287 τοῦ

137 318 214 368 περὶ
234 320 292 361 τῆς
309 317 421 366 ψυχῆς
438 311 512 349 οὔτε
531 309 596 346 ὑπὸ
612 312 669 345 τοῦ
684 308 832 353 πλήθους
846 311 912 344 τῶν
936 308 1002 354 ἤδη
1024 323 1161 359 φονευο-

139 375 246 423 μένων
263 370 527 420 ἀναγκασθέντες
542 368 748 417 ἀποδρᾶναι,
760 372 827 402 πᾶν
839 367 867 402 δ’
885 366 904 402 ὅ
916 381 947 403 τι
964 365 1032 402 δέοι
1046 369 1163 402 παθεῖν

137 436 235 469 τοῦτο
252 430 332 481 παρ’
347 431 459 470 αὐτοῖς
478 428 659 474 ὑπομεῖναι
678 425 744 466 τοῖς
768 425 894 474 βωμοῖς
913 425 1064 475 κρεῖττον
1079 419 1164 460 εἶναι

137 486 362 539 νομίζοντες-ἢ
382 487 560 536 παρελθεῖν
581 498 613 519 τι
633 484 698 519 τῶν
714 481 880 531 νομίμων.
900 481 984 520 ”Οτι
1002 481 1036 519 δὲ
1055 483 1092 518 οὐ
1107 481 1163 518 λό-

137 564 193 597 γος
213 551 320 584 ταῦτα
339 545 440 594 μόνον
460 543 549 580 ἐστὶν
569 540 737 591 ἐγκώμιον
754 542 896 591 ψευδοῦς
913 539 1085 581 εὖσεὸείας
1103 541 1166 588 ἐμ-

138 604 300 657 φανίζων,
319 604 394 638 ἀλλ’
412 600 573 648 ἀλήθεια,
589 602 799 650 μαρτυροῦσι
815 598 937 640 πάντες
953 600 982 634 οἱ
1002 597 1062 639 τὰς
1078 595 1166 633 κατὰ

140 661 324 711 Πομπήϊον
350 658 485 709 πράξεις
506 655 781 707 ἀναγράψαντες,
800 657 833 692 ἐν
854 649 900 698 οἷς
916 655 974 692 καὶ
1000 653 1166 705 Στράὲων

140 721 197 757 καὶ
209 719 378 760 Νικόλαος
395 717 452 754 καὶ
467 715 549 767 πρὸς
562 713 689 757 τούτοις
704 713 806 756 Τίτος
822 713 957 758 Αίδιος,
974 715 990 749 ὃ
1007 715 1065 757 τῆς
1080 711 1166 749 Ῥω-

140 781 266 826 μαϊκῆς
283 776 432 827 ἱστορίας
448 771 670 823 συγγραφεύς.

624 874 681 907 8⁸.

656 904 664 918 Ι

192 976 342 1022 Josepli.
364 977 408 1011 A.
432 976 466 1010 J.
489 974 597 1017 XIV,
620 974 665 1016 6,
687 977 706 1014 l,
722 1000 730 1015 ‚
752 985 788 1019 p.
815 971 885 1014 534
912 983 919 1007 :
942 968 1029 1019 Περὶ
1051 968 1084 1004 δὲ
1111 970 1170 1013 τ’ἦς

141 1030 327 1081 Πομπηΐου
339 1030 396 1067 καὶ
417 1029 578 1068 Γαῧινίου
593 1027 770 1080 στρατείας
787 1028 840 1065 ἐπὶ
854 1027 1038 1067 Ἰουδαίους
1048 1025 1170 1077 γράφει

142 1091 309 1131 ’Νικόλαος
331 1091 348 1126 ὁ
369 1087 598 1137 Δαμασκηνὸς
626 1087 685 1123 καὶ
713 1085 880 1137 Στράὸων
908 1087 925 1121 ὃ
952 1083 1168 1132 Καππάδοξ,

141 1148 235 1185 οὐδὲν
255 1148 363 1198 ἕτερος
383 1146 496 1196 ἑτέρου
518 1144 710 1195 καινότερον
731 1144 852 1193 λέγων.

625 1250 686 1285 88.

392 1350 454 1385 iil<
477 1348 573 1385 ΤΟΥ
598 1347 796 1384 ΒΙΒΛΙΟΥ
832 1344 934 1383 ΡΙΔ’.

194 1459 386 1494 Athonaeus
402 1457 470 1500 VI,
493 1469 531 1502 p.
558 1455 653 1501 252,
675 1457 707 1489 D
727 1467 734 1489 ε
761 1452 912 1490 Λικινίου
934 1451 968 1489 δὲ
989 1452 1165 1503 Κράσσου,

142 1519 199 1553 τοῦ
217 1514 271 1552 ἐπὶ
291 1514 447 1563 Πάρθους
460 1511 726 1562 στρατεύσαντος
739 1539 749 1556 ,
770 1509 902 1547 κόλακά
919 1525 1000 1561 φησι
1016 1509 1171 1560 γενέσθαι

143 1574 310 1615 Νικόλαος
337 1574 369 1608 ἐν
389 1575 429 1622 τῇ
459 1569 814 1620 τεσσαρεσκαιδεκάτῃ
840 1567 923 1619 πρὸς
950 1570 1023 1610 ταῖς
1051 1567 1170 1604 ἑκατὸν

143 1631 373 1682 Ἀνδρόμαχον
388 1630 443 1666 τὸν
465 1627 657 1678 Καρρηνὸν,
674 1622 701 1678 ᾧ
715 1626 770 1663 τὸν
792 1628 950 1676 Κράσσον
965 1626 1077 1662 πάντα
1094 1627 1172 1662 ἀνα-

143 1689 355 1737 κοινούμενον
379 1687 584 1736 προδοθῆναι
603 1684 752 1734 Πάρθοις
773 1683 831 1720 ὑπ’
854 1685 975 1728 αὐτοῦ,
997 1683 1055 1720 καὶ
1082 1684 1171 1720 ἀπο-

142 1747 272 1784 λέσθαι.
294 1747 369 1783 Οὐκ
385 1743 597 1794 ἀτιμώρητος
619 1742 645 1778 δ’
663 1742 728 1778 ὑπὸ
749 1745 806 1778 τοῦ
829 1741 1004 1790 δαιμονίου
1026 1741 1170 1790 παρείθη

143 1807 159 1840 ὁ
177 1804 418 1854 Ἀνδρόμαχος.
443 1801 572 1839 Μισθον
595 1800 660 1850 γὰρ
679 1799 796 1836 λαίὼν
816 1802 876 1844 τῆς
892 1798 1046 1850 πράξεως
1062 1799 1099 1835 τὸ
1114 1815 1170 1835 τυ-

148 1868 276 1912 ραννεῖν
312 1862 457 1910 Καρρῶν
478 1861 536 1903 τῆς
557 1857 739 1908 πατρίδος,
761 1856 816 1893 διὰ
844 1855 905 1902 τὴν
927 1856 1090 1906 ὠμότητα
1114 1856 1171 1893 καὶ

146 1920 222 1970 βίαν
246 1918 310 1956 ὕπο
330 1921 396 1955 τῶν
419 1918 606 1968 Καρρηνῶν
629 1914 789 1966 πανοικίᾳ
805 1915 1011 1966 ἐνεπρήσθη.

627 2015 676 2062 89

378 2113 442 2149 ΕΚ
465 2111 566 2148 'ror
588 2110 788 2147 sslssAior
817 2108 934 2158 plc'.

196 2215 300 2249 Idem
325 2215 391 2258 VI,
408 2226 444 2260 p.
478 2217 551 2259 ²59
566 2240 574 2256 ‚
594 2215 624 2247 A
645 2225 652 2246 :
673 2209 843 2252 Νικόλαος
867 2210 895 2247 δ’
913 2213 930 2247 ὃ
947 2209 1176 2258 Δαμασκηνὸς

146 2265 213 2318 (εἷς
241 2271 268 2307 δ’
299 2264 339 2315 ἦν
362 2271 428 2306 τῶν
450 2271 488 2305 ἐκ
515 2272 574 2305 τοῦ
595 2267 806 2320 περιπάτου)
837 2268 870 2304 ἐν
904 2269 945 2317 τῇ
973 2266 1174 2317 πολυὸίὲλῳ

144 2328 292 2379 Ἱστορίᾳ
310 2328 319 2380 (
335 2326 456 2364 ἑκατὸν
477 2326 542 2377 γὰρ
559 2326 617 2363 καὶ
643 2324 901 2375 τεσσαράκοντά
919 2326 983 2361 εἶσι
1001 2324 1085 2376 πρὸς
1101 2327 1176 2367 ταῖς

144 2387 349 2437 τέσσαρσι),
369 2389 410 2436 τῇ
426 2384 653 2433 ἑκκαιδεκάτῃ
672 2384 729 2420 καὶ
745 2385 912 2433 ἑκατοστῇ
930 2398 1046 2434 φησιν,
1067 2382 1175 2420 Ἀδιά-

143 2460 262 2493 τομον,
295 2443 351 2480 τὸν
384 2446 449 2479 τῶν
483 2444 668 2480 Σωτιατῶν
692 2440 837 2491 βασιλέα
867 2441 876 2490 (
892 2440 981 2481 ἔθνος
1009 2439 1043 2476 δὲ
1076 2443 1174 2477 τοῦτο

145 2500 311 2539 Κελτικὸν
328 2502 337 2548 )
352 2531 360 2545 ,
391 2499 582 2542 ἑξακοσίους
600 2499 690 2549 ἔχειν
710 2498 856 2546 λογάδας
876 2497 955 2548 περὶ
977 2496 1090 2542 αὑτὸν,
1120 2496 1175 2539 οὒς

144 2559 321 2596 καλεῖσθαι
337 2556 400 2593 ὑπὸ
419 2559 584 2594 Γαλατῶν
599 2559 640 2606 τῇ
654 2555 787 2606 πατρίῳ
799 2555 933 2605 γλώττῃ
950 2554 1173 2605 σιλοδούρους·

144 2620 242 2653 τοῦτο
271 2616 299 2651 δ’
327 2615 415 2652 ἐστὶν
441 2613 642 2659 Ἑλληνιστὶ
663 2615 900 2663 εὐχωλιμαῖοι.
924 2612 1073 2654 Τούτους
1093 2613 1121 2648 δ’
1144 2614 1173 2648 οἱ

147 2678 296 2725 βασιλεῖς
318 2675 432 2726 ἔχουσι
455 2676 625 2717 συζῶντας
642 2672 700 2709 καὶ
719 2670 1072 2717 συναποθνήσκοντας,
1089 2670 1172 2706 ταύ-

143 2750 204 2780 την
222 2733 357 2771 ἐκείνων
374 2732 475 2782 εὐχὴν
491 2731 713 2780 ποιουμένων·
727 2730 797 2767 ἀνθ’
813 2724 852 2775 ἧς
869 2727 1174 2766 συνδυναστεύουσί

946 168 973 202 ΙΝ
983 165 1144 203 lCOLAl
1180 165 1467 205 DAMASCEN!

1224 255 1362 286 divinam
1379 256 1480 285 facere
1497 253 1754 294 perseverabant,
1769 261 1872 293 neque
1884 254 1970 284 metu
1983 254 2057 286 vitae
2069 254 2251 286 amittendae

1224 331 1324 361 neque
1335 323 1401 361 jam
1414 330 1568 352 caesorum
1587 320 1791 352 multitudine
1803 321 1835 352 in
1852 322 1958 361 fugam
1976 323 2147 363 compulsi,
2163 325 2253 365 quic-

1223 391 1299 430 quid
1313 390 1376 430 pati
1395 398 1520 422 necesse
1539 390 1623 427 erat,
1637 389 1714 420 illud
1728 389 1768 421 ad
1789 398 1858 420 aras
1873 390 1956 430 ipsas
1971 391 2125 423 sustinere
2142 392 2255 424 melius

1225 458 1370 496 putantes
1382 464 1479 495 quam
1492 456 1529 486 ut
1543 454 1662 494 aliquid
1673 455 1792 494 legibus
1805 455 1913 494 patriis
1926 456 2144 497 praescriptum
2157 457 2252 488 omit-

1226 522 1336 552 terent.
1356 520 1448 557 Quod
1470 520 1579 551 autem
1604 519 1662 550 ista
1679 528 1742 550 non
1760 519 1823 550 sint
1844 519 1969 559 fabula,
1991 520 2083 552 unice
2107 520 2147 552 ad
2171 521 2255 553 falsae

1225 586 1348 625 pietatis
1371 585 1497 617 laudem
1510 584 1737 616 ostendendam
1762 584 1904 616 adhibita
1916 609 1926 624 ,
1945 585 1999 617 sed
2016 586 2146 625 veritas,
2166 587 2254 618 testi-

1226 649 1331 680 monio
1345 650 1418 680 suut
1434 649 1488 688 qui
1505 658 1554 680 res
1564 657 1582 679 a
1594 650 1739 689 Pompeio
1751 651 1852 689 gestas
1864 650 2025 681 memoriae
2039 650 2255 690 prodiderunt,

1227 717 1258 746 et
1273 716 1352 746 inter
1369 723 1422 745 eos
1441 714 1555 745 Strabo
1567 716 1598 745 et
1611 714 1759 746 Nicolaus
1774 723 1834 746 nec
1846 723 1911 746 non
1922 715 2013 747 Titus
2025 715 2146 755 Livius,
2160 715 2257 748 histo·

1229 777 1281 806 riae
1295 778 1445 807 Romanae
1461 776 1605 815 scriptor.

1719 878 1778 909 87.

1273 976 1315 1005 De
1332 974 1380 1005 liis
1390 976 1496 1006 autem
1513 974 1651 1014 Pompeii
1667 975 1698 1006 et
1716 975 1841 1006 Gabinii
1857 977 1966 1008 contra
1988 976 2113 1008 ludaeos
2129 977 2258 1019 expedi-

1229 1044 1366 1075 tionibus
1379 1044 1486 1075 scribit
1502 1044 1647 1076 Nicolaus
1664 1047 1876 1077 Damascenus
1892 1047 1924 1077 et
1935 1047 2049 1078 Strabo
2069 1047 2237 1088 Cappadox
2251 1073 2259 1087 ,

1229 1121 1364 1152 quorum
1380 1112 1458 1143 alter
1474 1112 1549 1144 nihil
1566 1112 1605 1143 ab
1619 1113 1718 1144 altero
1733 1113 1871 1145 alienum
1886 1115 1991 1146 refert.

1722 1250 1779 1281 88.

1558 1343 1587 1380 E
1616 1342 1764 1381 LlBRO
1794 1343 1931 1381 CXIV.

1272 1457 1378 1488 Licinii
1396 1457 1518 1495 Crassi,
1533 1457 1600 1495 ojus
1613 1457 1668 1496 qui
1691 1456 1807 1488 bellurn
1829 1457 1935 1488 intulit
1952 1458 2092 1497 Parthis,
2118 1458 2262 1492 adulato-

1231 1525 1299 1547 rem
1317 1517 1411 1547 fuisse
1432 1516 1527 1547 tradit
1552 1516 1700 1548 Nicolaus
1722 1516 1801 1547 libro
1818 1517 1987 1548 centesimo
2008 1517 2130 1552 decimo
2150 1521 2264 1559 quarto

1231 1576 1487 1607 Andromachum
1513 1576 1670 1615 quendam
1694 1578 1886 1616 Carrenum,
1911 1576 1951 1607 ab
1970 1586 2069 1617 eoque
2092 1579 2240 1610 Crassum
2254 1603 2262 1617 ‚

1231 1636 1285 1674 qui
1308 1636 1414 1666 onmia
1442 1635 1571 1666 consilia
1605 1644 1678 1666 cum
1716 1636 1771 1666 illo
1804 1637 2079 1677 communicabat,
2105 1637 2263 1677 proditum

1232 1693 1355 1724 Parthis
1374 1702 1411 1723 ac
1426 1693 1584 1732 perditum
1602 1693 1697 1724 fuisse
1710 1704 1719 1732 ;
1734 1693 1818 1733 quod
1841 1693 1968 1733 quidem
1985 1695 2086 1726 scelus
2101 1695 2265 1736 haudqua-

1232 1760 1328 1790 quam
1344 1751 1483 1781 inultum
1500 1751 1542 1781 dii
1568 1751 1772 1790 reliquerunt.
1788 1753 1867 1783 Nam
1880 1761 1978 1791 quum
1998 1753 2033 1783 in
2043 1754 2209 1792 praemium
2229 1762 2266 1784 ac

1232 1809 1409 1840 mercedem
1438 1809 1561 1840 sceleris
1585 1810 1633 1840 sui
1658 1809 1857 1849 tyrannidem
1882 1812 2075 1849 Car-rarum,
2103 1820 2174 1851 quae
2199 1811 2267 1851 eius

1232 1867 1333 1907 patria
1353 1867 1438 1906 erat,
1461 1868 1630 1906 accepisset
1649 1867 1902 1906 Andromacbus,
1919 1868 1961 1899 ob
1985 1869 2204 1901 crudelitatem
2229 1877 2266 1899 ac

1233 1925 1413 1957 violentiam
1432 1934 1451 1956 a
1467 1926 1611 1957 Carrenis
1629 1933 1701 1956 cum
1715 1926 1801 1957 omni
1825 1926 1940 1958 familia
1953 1928 2113 1959 crematus
2125 1928 2182 1958 est.

1715 2020 1773 2052 89.

1568 2109 1599 2147 E
1628 2109 1781 2148 LIBRO
1808 2109 1941 2148 CXVI.

1278 2218 1424 2249 Nicolaus
1440 2221 1653 2250 Damascenus
1666 2219 1892 2260 Peripateticus
1908 2219 1939 2250 in
1955 2219 2108 2251 immenso
2118 2219 2268 2251 Historia·

1234 2300 1304 2322 rum
1319 2300 1412 2331 opere
1427 2291 1518 2330 (sunt
1531 2291 1614 2322 enim
1634 2292 1786 2331 quattuor
1805 2292 1837 2323 et
1855 2290 2061 2331 quadraginta
2075 2294 2170 2331 supra
2193 2299 2266 2323 cen-

1234 2367 1304 2396 tum
1316 2365 1406 2405 libri)
1419 2365 1498 2396 libro
1508 2365 1678 2396 centesimo
1689 2365 1812 2396 decimo
1823 2365 1913 2396 sexto
1923 2366 2031 2396 narrat
2046 2377 2053 2395 :
2065 2364 2266 2397 Adiatomum

1234 2447 1337 2478 regem
1352 2439 1508 2470 Sotiatum
1534 2437 1627 2477 (gens
1643 2437 1689 2468 est
1708 2436 1849 2475 Gallica)
1866 2437 2031 2468 sexcentos
2052 2436 2135 2468 circa
2155 2445 2188 2468 se
2204 2435 2263 2467 ha-

1234 2514 1336 2545 buisse
1348 2513 1447 2544 lectos
1470 2512 1613 2543 homines
1623 2535 1632 2551 ‚
1655 2519 1735 2551 quos
1757 2511 1838 2542 Galli
1853 2510 2015 2543 soldurios
2039 2511 2144 2551 lingua
2165 2511 2266 2551 patria

1233 2584 1370 2614 vocant:
1387 2591 1423 2614 ea
1436 2591 1499 2613 vox
1514 2582 1632 2614 Graecis
1645 2581 1777 2613 devotos
1791 2581 1956 2621 significat.
1977 2581 2017 2613 Hi
2027 2590 2100 2612 cum
2115 2589 2186 2621 rege
2203 2589 2266 2612 una

1233 2654 1265 2684 et
1280 2653 1377 2684 vitam
1391 2653 1487 2692 agunt
1503 2652 1534 2683 et
1547 2651 1738 2690 moriuntur,
1750 2660 1849 2692 quum
1864 2659 1900 2682 eo
1912 2651 2012 2683 semet
2025 2651 2082 2691 ipsi
2095 2651 2170 2682 voto
2185 2650 2266 2682 obli-

1232 2721 1392 2762 gaverint;
1408 2721 1439 2751 in
1450 2721 1541 2760 cujus
1550 2719 1683 2760 gratiam
1697 2719 1754 2760 ipsi
1764 2718 2000 2759 quodammodo
2012 2718 2180 2759 participes
2192 2719 2266 2750 sunt

1237 2791 1341 2830 regni,
1356 2789 1530 2829 eodemque
1549 2796 1648 2828 quum
1665 2796 1736 2827 rege
1751 2787 1836 2819 victu
1856 2796 1894 2819 ac
1911 2786 2051 2829 corporis
2063 2787 2151 2818 cultu
2169 2787 2267 2818 utun-

143 2807 179 2828 τε
201 2793 311 2842 αὐτῷ,
331 2790 392 2836 τὴν
415 2789 519 2835 αὐτὴν
552 2792 677 2834 ἐσθῆτα
697 2788 756 2825 καὶ
782 2787 913 2825 δίαιταν
937 2787 1091 2837 ἔχοντες,
1113 2785 1172 2824 καὶ

236 2856 2266 2873 -—-———---.—-———-————-——-———————————-

187 2904 237 2931 88.
264 2900 374 2930 Fusius
388 2907 453 2929 rem
471 2898 599 2937 exponit
617 2897 804 2928 Plutarchus
818 2897 848 2928 in
861 2899 972 2928 Crasso
988 2905 1016 2928 c.
1032 2900 1082 2927 ⁴20.
1096 2895 1229 2926 Moritur
1242 2896 1372 2925 Crassus
1385 2902 1436 2924 an.
1454 2895 1504 2924 53.
1519 2894 1598 2928 Quae
1609 2891 1645 2923 sr.
1659 2894 1699 2923 89
1713 2900 1730 2922 e
1744 2891 1824 2923 libro
1841 2894 1897 2922 116
1910 2891 2106 2929 afferuntur,
2119 2890 2266 2930 spectant

144 2945 181 2975 ad
197 2954 314 2975 annum
332 2950 377 2975 56.
395 2947 499 2980 Quare
517 2944 650 2983 suspicio
667 2944 805 2974 nascitur
830 2944 930 2975 altero
945 2945 1013 2974 loco
1032 2943 1103 2973 libri
1126 2951 1295 2973 numerum
1312 2941 1497 2981 corruptum
1513 2948 1591 2971 esse.

186 2996 234 3023 85).
262 2992 396 3021 l‘vlituni
418 2992 624 3028 fragmentum
647 2999 684 3021 ox
706 2990 884 3021 narratione
906 2990 944 3021 de
969 2993 1002 3020 Ρ.
1027 2988 1127 3020 Crassi
1150 2988 1181 3018 in
1206 2988 1378 3027 Aquitanos
1400 2985 1618 3025 expeditione,
1644 2983 1755 3015 Gallici
1777 2983 1850 3015 belli
1872 2991 1955 3014 anno
1977 2983 2071 3014 tertio
2094 2981 2154 3021 (56
2175 2989 2203 3013 a.
2228 2982 2264 3012 C.

145 3045 175 3067 v.
195 3039 310 3068 caesar.
332 3039 365 3067 13.
385 3038 424 3067 G.
445 3038 484 3066 ΙΙΙ
498 3061 506 3073 ,
525 3040 563 3066 20
576 3044 644 3074 sqq.
661 3036 718 3066 Dio
735 3037 820 3066 Cass.
839 3037 986 3075 xxxix,
1004 3038 1052 3066 46.
1074 3035 1237 3066 Floruslll
1251 3058 1260 3073 ,
1284 3039 1336 3072 ιο,
1354 3036 1384 3065 7.
1408 3033 1537 3064 Orosius
1550 3034 1609 3069 Vl,
1625 3032 1673 3069 8).
1690 3032 1820 3062 Crassus
1832 3030 1982 3070 oppidum
1995 3029 2151 3061 Sotiatum
2164 3036 2265 3068 oppu-

145 3083 259 3120 gnarit.
277 3083 431 3121 Oppidani
446 3081 571 3112 tandem
591 3082 701 3119 petunt
717 3083 752 3111 ut
766 3090 797 3112 se
810 3081 840 3111 in
858 3081 1047 3112 deditionem
1064 3083 1192 3113 Crassus
1209 3081 1346 3120 recipiat.
1361 3092 1376 3106 α
1394 3081 1467 3115 Qua
1481 3087 1518 3109 re
1537 3078 1720 3116 impetrata
1734 3084 1835 3107 arma
1858 3075 1997 3107 tradere
2008 3076 2099 3114 jussi
2106 3074 2264 3114 faciunt.

145 3131 250 3168 Alqzce
263 3131 297 3159 in
312 3136 351 3159 ea
366 3137 402 3159 re
412 3129 561 3158 omnium
574 3129 767 3157 nostrorum
778 3129 917 3158 intonas
929 3129 1071 3162 (ritimis,
1087 3129 1162 3159 alia
1176 3136 1218 3159 ex
1230 3129 1330 3168 parte
1340 3125 1454 3166 oppidi
1464 3124 1756 3158 Adcanctcanmcs,
1771 3125 1829 3163 qm·
1838 3129 2008 3154 summam
2021 3122 2158 3161 imperii
2178 3122 2261 3152 tene-

146 3175 216 3211 bat,
234 3182 309 3205 cum
322 3175 490 3205 sexcentis
503 3173 648 3207 (lea-otis,
663 3181 744 3212 quos
756 3173 809 3203 illi
825 3173 996 3204 soldurios
1011 3174 1191 3212 appellant
1204 3174 1369 3214 (quorum
1384 3173 1455 3204 Icaec
1470 3174 1519 3203 est
1533 3170 1702 3205 conditio,
1715 3171 1768 3201 uti
1781 3168 1937 3200 omnibus
1951 3170 1986 3199 in
1999 3169 2071 3199 vita
2083 3165 2266 3198 commodis

146 3229 216 3250 una
230 3228 305 3250 cum
320 3220 571 3257 leissrwmtzcr,
586 3227 732 3259 quorum
748 3227 783 3249 se
797 3221 962 3250 amicitia:
977 3218 1195 3258 (lediclm·int;
1213 3223 1242 3251 si
1258 3219 1345 3259 quid
1361 3221 1404 3250 iis
1416 3226 1480 3258 per
1497 3219 1567 3248 vim
1580 3214 1737 3254 accidat,
1754 3217 1816 3246 aul
1830 3213 1974 3246 eundem
1987 3221 2105 3245 casum
2119 3220 2191 3244 una
2205 3212 2264 3251 se-

147 3268 227 3296 rant
239 3289 248 3303 ‚
269 3267 330 3296 au!
348 3265 412 3296 sibi
428 3267 570 3296 mortem
589 3266 795 3296 consciscant
811 3275 820 3295 .·
837 3273 943 3304 neque
963 3264 1077 3296 asllzecc
1094 3265 1269 3297 hominum
1291 3267 1456 3296 memoria
1477 3265 1632 3303 repertus
1646 3263 1695 3293 est
1709 3263 1911 3302 quisquam,
1930 3261 2009 3301 qui,
2026 3267 2063 3291 eo
2082 3258 2264 3298 interjecto
