2289 3728
976 148 1301 188 FRAGMENTA.
2095 162 2163 193 1‘7

533 226 593 284 ιδ.

104 340 306 376 Herodian.
341 353 379 387 p.
409 340 468 385 13,
494 339 541 374 25
568 339 628 374 ed.
652 339 714 376 Df.
738 352 745 373 :
772 338 926 388 Ἴουρα·
949 338 1081 388 μέμνη-

50 411 106 433 ται
125 396 300 439 Μνασέας.
339 439 341 441 ,

130 490 393 527 ΔΕΛΦΙΚΩΝ
425 487 671 526 ΧΡΗΣΜΩΝ
709 488 995 527 ΣΥΝΑΓΩΙῊ.

537 580 598 622 46.

106 655 230 693 Schol.
248 653 398 692 Hesiod.
414 656 553 703 Theog.
576 668 590 689 1
604 668 645 699 17
669 667 676 689 :
700 653 863 697 Μνασέας
883 657 900 692 ὃ
926 653 1083 706 Πατρεὺς

53 710 259 763 (Παταρεὺς
276 710 384 761 cod.)
408 712 441 748 ἐν
461 714 502 761 τῇ
523 713 589 748 τῶν
611 712 788 763 Δελφικῶν
814 714 982 764 χρησμῶν
1003 727 1084 750 συν-

54 772 173 820 αγωγῇ
198 769 432 820 Εὐρυστέρνας
456 768 545 820 ἱερόν
566 784 667 820 φησιν
690 771 897 816 ἀναστῆσαι.
939 763 955 772 ”

542 861 604 902 47.

109 938 233 974 Schol.
254 937 404 974 Pindar.
426 937 484 973 Ol.
509 938 567 984 ΙΙ,
600 950 647 982 70
666 948 674 974 :
697 935 760 974 Ἐν
782 934 816 973 δὲ
843 941 911 979 τοῖς
932 938 1084 975 Παιᾶσιν

58 993 274 1045 (Πινδάρου)
295 992 428 1044 εἴρηται
447 993 526 1043 περὶ
545 997 603 1030 τοῦ
621 997 782 1044 χρησμοῦ
803 997 863 1031 τοῦ
884 994 1084 1038 ἐκπεσόντος

55 1048 155 1104 Λαίῳ
166 1080 176 1098 ,
191 1049 281 1088 καθὰ
296 1050 354 1088 καὶ
372 1050 535 1092 Μνασέας
551 1052 584 1087 ἐν
599 1053 647 1102 τῷ
660 1050 748 1102 Περὶ
762 1054 930 1102 χρησμῶν
946 1052 1084 1104 γράφει·

142 1144 222 1176 Λάῐε
235 1144 414 1181 Λαὸδακίδη
427 1167 436 1183 ,
455 1143 569 1184 ἀνδρῶν
584 1144 714 1184 περιώνυ
721 1155 757 1184 με
772 1144 905 1176 πάντων·

63 1241 78 1257 «
99 1223 212 1260 Aliud
227 1224 300 1258 hoc
320 1234 468 1258 carmen
488 1234 529 1256 ac
555 1222 764 1269 vulgatum,
788 1222 890 1268 cujus
909 1223 1055 1258 initium
1078 1237 1086 1258 τ

58 1281 145 1320 Αάϊε
156 1280 373 1324 Λαὸδακίδη,
387 1278 519 1315 παίδων
535 1277 627 1326 γένος
646 1277 760 1315 ὅλὸιον
775 1281 890 1321 αἰτεῖς.
906 1298 921 1312 »
934 1282 1087 1317 Boeclslz.

111 1340 166 1376 Ex
195 1339 327 1375 eodem
358 1340 504 1373 Mnasea
534 1336 681 1372 fluxisse
710 1338 858 1373 videtur
898 1341 1089 1374 oraculum

61 1397 201 1436 Cadmo
220 1409 388 1432 sororem
409 1396 542 1431 frustra
561 1396 795 1443 investiganti
815 1395 941 1431 datum
954 1423 963 1441 ‚
984 1397 1088 1444 quod
1119 1403 1125 1463 Ι

60 1456 219 1492 servavit
235 1455 351 1490 schol.
375 1455 504 1501 Eurip.
524 1454 700 1490 Phoeniss.
724 1453 799 1488 608
819 1453 939 1502 (unde
956 1456 1092 1502 migra-

59 1514 167 1548 vitiu
184 1512 300 1549 schol.
321 1512 408 1548 Ald.
432 1512 620 1559 Aristoph.
640 1513 736 1546 Ran.
769 1510 881 1556 12253
901 1512 948 1550 cf.
969 1514 1087 1550 Tzetz‚

60 1572 173 1619 Exeg.
187 1571 226 1605 in
238 1571 282 1607 Il.
294 1583 333 1618 p.
353 1570 411 1615 16,
425 1571 570 1614 Chil.V‚
587 1569 673 1617 819.
686 1570 744 1613 X,
759 1568 846 1611 454.
864 1570 961 1613 XII,
979 1583 992 1604 1
1005 1569 1064 1619 12)
1083 1583 1090 1605 :

142 1655 261 1696 Φράζεο
274 1655 310 1692 δή
328 1665 378 1694 μοι
397 1655 507 1694 μῦθον,
527 1654 685 1694 Ἀγήνορος
703 1653 808 1693 ἐ’κγονε
824 1653 942 1693 Κάδμε·

144 1702 234 1737 Ἠοῦς
249 1701 408 1742 ἐγρόμενος
423 1701 580 1740 προλιπὼν
595 1700 637 1730 ’ίθι
655 1700 747 1731 Πυθὼ
764 1700 830 1730 δῖαν
841 1723 848 1737 ,

143 1747 227 1785 ἠθάδ’
245 1748 325 1788 ἔχων
340 1748 452 1784 ἐσθῆτα
465 1748 516 1778 καὶ
534 1747 677 1786 αἰγανέην
693 1747 769 1786 μετὰ
785 1748 890 1786 χερσὶ,

144 1795 198 1832 τήν
214 1794 264 1825 διά
275 1805 307 1825 τε
323 1795 468 1832 Φλεγύων
481 1794 532 1824 καὶ
550 1793 705 1831 Φωκίδος,
720 1793 783 1823 ἔστ’
813 1794 850 1823 ἂν
866 1794 951 1829 ἵκηαι

147 1841 296 1881 βουκόλον
314 1841 367 1877 ἠδὲ
386 1840 460 1880 βόας
473 1840 663 1879 κηριτρεφέος
677 1838 877 1878 Πελάγοντος,

143 1887 268 1918 Ἐνθάδε
282 1886 495 1927 προσπελάσας
510 1885 697 1924 ξυλλάμὸανε
712 1886 784 1925 βοῦν
799 1885 940 1925 ἐρίμυκον

144 1933 199 1970 τήν
211 1956 220 1972 ,
234 1934 253 1969 ἦ
270 1943 321 1963 κεν
336 1933 477 1963 νώτοισιν
494 1932 541 1963 ἐπ’
560 1932 772 1972 ἀμφοτέροισιν
794 1931 882 1972 ἐ’χῃσι

145 1980 252 2010 λευκὸν
267 1979 339 2018 σῆμ’
354 1979 495 2019 ἑκάτερθε
511 1978 689 2018 περίτροχον
705 1977 778 2015 ἠΰτε
794 1978 888 2016 μήνης
903 1987 908 1992 ·

144 2027 232 2063 τήνδε
248 2026 287 2056 σὺ
301 2025 436 2065 ἡγεμόνα
452 2026 508 2064 σχὲ
525 2024 728 2064 περιτρίπτοιο
743 2024 898 2054 κελεύθου.

147 2073 236 2111 Σῆμα
249 2071 281 2101 δέ
297 2081 346 2101 τοι
363 2071 437 2111 ἐρέω
453 2071 521 2110 μάλ’
536 2070 691 2110 ἀριφραδὲς
705 2070 779 2100 οὐδὲ
787 2080 824 2099 σε
841 2070 942 2105 λήσει”

146 2118 242 2149 Ἔνθα
255 2117 290 2147 κε’
305 2128 353 2147 τοι
367 2118 525 2157 πρώτιστα
541 2118 611 2156 βοὸς
625 2117 714 2155 κε’ρας
729 2116 893 2155 ἀγραύλοιο

151 2165 252 2201 ἵζηται
273 2162 359 2202 κλίνῃ
377 2174 410 2193 τε
428 2163 512 2202 πέδῳ
528 2161 601 2201 γόνυ
617 2162 754 2197 ποιήεντι
765 2185 773 2200 ,

147 2210 199 2241 καὶ
217 2209 285 2240 τότε
297 2209 350 2246 τὴν
366 2209 418 2248 μὲν
435 2209 542 2239 ἔπειτα
559 2208 760 2248 μελαμφύλλῳ
775 2208 859 2247 χθονὶ
879 2208 969 2247 ῥέζειν

150 2257 250 2296 ἁγνῶς
263 2256 315 2286 καὶ
331 2256 470 2295 καθαρῶς
480 2278 488 2293 ,
506 2255 579 2294 γαίῃ
594 2254 620 2285 δ’
636 2254 707 2284 ὅταν
725 2255 789 2294 ἱερὰ
804 2254 886 2294 ῥέξῃς
896 2278 904 2292 ,

148 2303 232 2343 ὄχθῳ
247 2302 294 2332 ἐπ’
309 2301 470 2342 ἀκροτάτῳ
483 2301 593 2336 κτίζειν
609 2300 696 2331 πόλιν
711 2300 892 2340 εὐρυάγυιαν
905 2323 913 2338 ,

149 2349 243 2380 δεινὸν
257 2347 415 2378 Ἐνυαλίου
430 2348 552 2387 πέμψας
564 2346 677 2387 φύλακ’
696 2346 788 2381 Ἄϊδος
802 2346 891 2376 ε’ίσω.

149 2395 211 2426 Καὶ
225 2394 263 2425 σύ
276 2393 304 2433 γ’
320 2393 367 2424 ἐπ’
383 2393 557 2433 ἀνθρώπους
574 2392 778 2431 ὀνομάκλυτος
793 2392 897 2422 ἔσσεαι
913 2391 995 2426 αὖθις

150 2440 308 2472 ἀθανάτων
327 2440 443 2480 λεχέων
461 2440 592 2476 ἀντήσας
604 2462 613 2478 ,
628 2439 709 2469 &mie
725 2438 844 2478 Κάδμε.

69 2518 126 2555 Cf.
143 2519 316 2566 Ungerus
331 2519 370 2552 in
390 2517 577 2553 Thebanis
595 2515 797 2551 Paradoxis
814 2528 852 2562 p.
874 2527 894 2550 2
917 2528 972 2561 sq.

554 2610 617 2650 48.

124 2685 254 2732 Eurip.
294 2684 470 2720 Phoeniss.
509 2687 582 2725 410
617 2696 625 2717 :
665 2678 852 2732 ”Εχρησ’
891 2680 1100 2732 Ἀδράστῳ

75 2864 164 2894 Iura
172 2870 184 2897 ‚·
201 2861 294 2901 hujus
309 2860 444 2892 nominis
456 2806 767 2892 Mnasecziiimeminit.

77 2931 413 2966 ORACULORUM
449 2930 798 2965 DELPHICORUM
829 2929 1101 2965 COLLECTIO.

567 2996 625 3028 46.

120 3054 261 3083 Mnaseas
270 3051 426 3083 Patrensis
436 3051 467 3081 in
478 3051 532 3082 Del
538 3051 701 3090 pliicorum
712 3050 913 3081 oraculorum
925 3049 1107 3081 collectione

80 3104 285 3142 Eurysternas
302 3104 410 3134 fanum
427 3103 503 3134 dicit
519 3103 705 3134 condidisse.

569 3157 628 3188 47.

121 3214 158 3243 ln
168 3211 334 3242 Pa‘anibus
345 3210 473 3242 Pindari
484 3211 652 3250 exponitur
665 3212 711 3241 De
722 3210 848 3241 oraculo
861 3209 936 3240 Laio
946 3208 1032 3248 dato,
1047 3209 1107 3239 sic-

81 3262 126 3293 uti
143 3264 285 3294 Mnaseas
300 3270 426 3302 quoque
446 3261 478 3293 in
496 3262 576 3293 libro
592 3264 638 3293 De
654 3260 788 3292 oraculis
806 3260 913 3291 scribit
935 3272 941 3290 :

169 3318 216 3346 Lai
229 3340 234 3352 ,
246 3318 423 3353 Labdacida,
440 3319 570 3347 virorum
580 3318 768 3347 celeberrime
782 3319 966 3346 cunctorum.

2118 174 2136 192 ι)

1143 230 1293 272 Λοξίας
1318 232 1510 281 χρησμόν
1529 248 1642 269 τινα.
1675 256 1725 262 -
1746 234 1909 283 Ποῖον.)
1929 257 1980 262 -—
2001 235 2167 286 Κάπρῳ

1142 285 1294 323 λέοντί
1318 288 1345 324 0'
1373 289 1561 339 ἁρμόσαι
1590 290 1763 328 παίδων
1794 291 1994 342 γάμους.]
2015 293 2073 328 Ad
2092 294 2168 328 haev

1141 345 1333 381 scholiasta
1354 359 1362 383 ε
1386 346 1429 383 ‘0
1452 348 1607 397 χρησμὸς
1636 349 1700 385 ὑπὸ
1721 349 1881 387 Μνασέου
1913 349 2017 392 οὕτως
2042 350 2164 399 ἀναγέ-

1142 415 1312 451 γραπται·

1224 493 1371 533 Κουράων
1385 494 1415 524 δὲ
1431 495 1546 533 γάμους
1566 497 1663 530 ζεῦξον
1678 497 1785 538 κάπρῳ
1799 499 1851 535 ἠδὲ
1865 500 1959 530 λέοντι
1971 523 1978 538 ,

1225 540 1274 574 οὕς
1289 550 1339 569 κεν
1351 540 1416 578 ἶδης
1429 541 1605 581 προθύροισι
1619 546 1688 573 τεοῦ
1704 544 1798 582 δόμου
1814 547 1842 580 ἐξ
1857 548 1947 585 ἱεροῖο

1226 586 1306 622 ἁμοῦ
1323 586 1516 625 στείχοντας,
1537 588 1610 626 μηδὲ
1628 590 1711 628 φρεσὶ
1732 594 1804 630 σῇσι
1822 593 1986 631 πλανηθῇς.

1148 661 1217 700 Καὶ
1234 664 1264 699 οἱ
1281 662 1341 712 μὲν
1358 662 1514 712 λέγουσιν
1526 693 1535 709 ‚
1554 666 1597 706 ὡς
1620 665 1686 701 ἀπὸ
1705 669 1770 703 τῶν
1793 669 1970 717 ἐπισήμων
1987 671 2052 705 τῶν
2069 669 2171 706 ἀσπί-

1147 720 1212 756 δων
1239 719 1444 757 συνέὸαλλεν
1462 719 1668 770 Ἄδραστος·
1692 725 1708 759 ὁ
1739 723 1799 771 μὲν
1821 724 1886 775 γὰρ
1911 720 1981 775 εἶχε
2005 725 2174 764 Καλυδώ-

1147 791 1215 813 νιον
1233 781 1292 814 σῦν
1307 807 1316 823 ,
1340 781 1357 815 ὁ
1377 776 1411 814 δὲ
1432 777 1493 823 τὴν
1515 779 1814 829 λεοντοπρόσωπον
1837 783 1972 833 Σφίγγα
1986 799 1993 806 ·
2013 786 2045 821 οἱ
2063 784 2105 829 δ’,
2130 786 2174 825 ὡς

1152 834 1273 885 κρύους
1300 835 1481 885 γενομένου
1510 835 1670 886 ἀφίκοντο
1696 839 1740 878 εἷς
1762 839 1799 874 τὸ
1828 839 2037 882 Ἀπόλλωνος
2061 841 2173 892 ἱερὸν,

1147 890 1206 927 καὶ
1227 891 1325 942 δορὰς
1341 892 1491 942 εὑρόντες
1507 892 1641 936 λέοντος
1658 893 1716 930 καὶ
1732 894 1826 938 συὸς,
1847 897 2050 945 ἀναθήματα
2073 913 2173 942 κυνη-

1148 951 1272 997 γετῶν,
1293 949 1549 1000 ἐφιλονείκησάν
1572 965 1608 986 τε
1628 950 1686 987 καὶ
1702 950 1780 1000 περὶ
1798 954 1857 996 τῆς
1876 952 2025 995 στάσεως
2042 956 2086 996 εἷς
2102 955 2175 1005 κρί-

1150 1022 1200 1044 σιν
1222 1007 1380 1057 ἀχθέντες
1401 1010 1449 1059 τῷ
1468 1008 1601 1058 βασιλεῖ
1620 1011 1686 1044 τῶν
1705 1008 1825 1057 γάμων
1848 1008 1964 1060 ἔτυχον
1979 1026 1988 1034 ·
2009 1012 2175 1049 ἀπείκασε

1149 1065 1215 1116 γὰρ
1235 1066 1291 1102 τὸν
1324 1065 1384 1113 μὲν
1406 1065 1535 1113 λέοντι,
1560 1064 1617 1102 τὸν
1639 1066 1674 1103 δὲ
1705 1067 1820 1104 Τυδέα
1852 1069 1995 1119 κάπρῳ,
2015 1069 2048 1111 ὃς
2072 1069 2175 1119 ἔγημε

1151 1123 1332 1170 Δηϊπύλην
1344 1153 1353 1169 ,
1369 1125 1386 1159 ὃ
1408 1122 1442 1160 δὲ
1462 1122 1672 1169 Πολυνείκης
1688 1123 1855 1175 Ἀργείαν.
1876 1146 1927 1153 ---
1944 1125 2012 1163 Δύο
2026 1126 2178 1177 δέρματα

1152 1181 1278 1219 ἔκειντο
1298 1184 1342 1224 εἷς
1370 1181 1413 1218 τὰ
1442 1181 1618 1230 οἰκήματα
1636 1186 1693 1218 τοῦ
1714 1181 1898 1233 Ἀδράστου
1917 1185 1961 1225 εἷς
1987 1184 2179 1221 ἀνάπαυσιν

1151 1243 1216 1277 τῶν
1234 1239 1360 1289 ξένων,
1381 1239 1420 1276 τὸ
1442 1239 1502 1289 μὲν
1532 1239 1565 1277 ἓν
1589 1238 1742 1290 λέοντος,
1762 1240 1801 1278 τὸ
1830 1240 1865 1277 δὲ
1896 1239 2007 1292 ἕτερον
2032 1243 2178 1292 κάπρου.

1154 1298 1227 1336 Καὶ
1246 1297 1396 1339 ἐλθόντες
1415 1299 1461 1340 εἷς
1482 1297 1524 1334 τὰ
1543 1298 1775 1348 προλεχθέντα
1797 1297 1971 1346 οἰκήματα
1992 1303 2050 1335 τοῦ
2066 1298 2179 1349 Ἀδρά·

1153 1372 1232 1393 στου
1252 1359 1269 1393 ὁ
1289 1355 1418 1397 Τυδεύς
1440 1371 1476 1392 τε
1501 1355 1559 1392 καὶ
1583 1356 1796 1402 Πολυνείκης
1826 1355 2029 1407 φιλονεικίαν
2055 1356 2181 1401 ἐποιή-

1155 1429 1258 1451 σαντο
1290 1412 1418 1465 ἄμφω,
1444 1411 1499 1450 ἵνα
1521 1412 1607 1450 αὐτὰ
1640 1413 1826 1466 ἔπάριιωιν.
1850 1416 1961 1452 Τοῦτο
1993 1413 2027 1450 δὲ
2056 1413 2182 1459 νοήσας

1154 1474 1171 1509 ὃ
1187 1470 1377 1522 Ἄδραστος
1401 1470 1490 1508 κατὰ
1511 1470 1565 1508 τὸν
1582 1470 1739 1522 χρησμὸν
1757 1471 1862 1508 ἔδωκε
1882 1470 1941 1513 τὰς
1957 1473 2060 1508 αὑτοῦ
2081 1474 2184 1520 θυγα-

1153 1530 1252 1582 τέρας
1267 1532 1336 1572 τοῒς
1353 1529 1429 1566 δυσὶ
1445 1529 1589 1572 τούτοις.

1208 1587 1496 1639 Ἔφιλονείκησαν
1513 1588 1616 1638 κτλ]
1633 1591 1705 1624 Pro
1721 1588 1776 1624 his
1791 1589 1877 1625 cod.
1898 1590 2050 1624 Bai-occ.
2069 1588 2183 1622 habet

1154 1649 1203 1682 ita
1236 1659 1243 1683 :
1276 1645 1405 1688 Τυδεὺς
1438 1645 1498 1693 μὲν
1526 1644 1588 1690 τὴν
1620 1644 1753 1696 κάπρου
1766 1674 1775 1691 ,
1810 1644 2020 1689 Πολυνείκης
2058 1643 2091 1680 δὲ
2124 1643 2184 1688 τὴν

1155 1702 1288 1746 λέοντος
1319 1703 1494 1752 εἰληφότες
1515 1701 1736 1748 ἐινεδύθησαν.
1762 1703 1831 1740 Καὶ
1862 1704 1908 1741 εἷς
1932 1699 2058 1753 ιἌργος
2078 1702 2183 1739 ἔπειτ’

1156 1760 1306 1804 ἐλθόντες
1323 1766 1382 1800 τοῦ
1403 1762 1525 1807 κήδους
1542 1766 1600 1799 τοῦ
1622 1761 1807 1812 Ἀδράστου
1825 1761 1959 1811 ἔτυχον.

1565 1903 1571 1908 .
1636 1860 1697 1903 49-

1211 1937 1396 1972 Zenobius
1421 1939 1468 1980 V,
1508 1940 1553 1981 74
1586 1948 1594 1970 ε
1627 1936 1749 1972 Πᾶσα
1781 1936 1831 1984 γῆ
1863 1933 2029 1984 πατρίς.
2073 1935 2186 1971 Τοῦτο

1158 1991 1257 2043 μέρος
1277 1992 1348 2029 ἐστὶ
1370 1996 1528 2044 χρησμοῦ
1542 2022 1550 2037 ,
1575 1990 1611 2029 ὃν
1629 1993 1757 2028 ἀνεῖλεν
1779 1994 1795 2028 ὁ
1817 1991 1887 2033 θεὸς
1905 1992 2031 2042 Μελεῷ
2051 1993 2098 2042 τῷ
2115 1992 2183 2027 Πε-

1158 2052 1277 2102 λασγῷ
1311 2052 1388 2100 περὶ
1421 2050 1585 2095 οἰκήσεως
1619 2048 1873 2100 μαντευομένῳ.
1910 2048 2096 2098 Μέμνηται
2127 2051 2184 2084 τοῦ

1157 2111 1317 2159 χρησμοῦ
1328 2107 1386 2144 καὶ
1398 2107 1558 2150 Μνασέας
1571 2107 1629 2144 καὶ
1644 2107 1818 2150 Διονύσιος
1830 2109 1847 2143 ὃ
1861 2105 2054 2148 Χαλκιδεύς
2067 2107 2124 2154 (fr.
2142 2106 2187 2153 5).

1212 2166 1360 2216 Μελεῷ]
1386 2183 1400 2197 α
1429 2168 1577 2203 Servavi
1610 2167 1721 2201 codd.
1750 2168 1989 2213 scripturam,
2014 2178 2131 2212 quum
2150 2165 2188 2198 in

1158 2227 1306 2260 Lutatio
1333 2225 1453 2260 forma
1481 2222 1613 2264 Μέλεος
1638 2224 1810 2258 videatur
1827 2231 1990 2267 exstare3
2012 2235 2031 2257 a
2053 2224 2188 2257 Pausa—

1158 2284 1237 2326 nia,
1262 2284 1340 2317 aliis
1361 2282 1519 2329 Μάλεος,
1543 2279 1668 2324 Μάλης
1688 2281 1801 2315 homo
1828 2281 2054 2315 nominatur.
2076 2280 2120 2314 V.
2143 2279 2186 2314 O.

1158 2341 1335 2376 Miillerus
1363 2342 1505 2375 Etrusc.
1526 2341 1563 2383 Ι,
1592 2352 1630 2386 p.
1665 2338 1737 2385 833
1766 2339 1824 2382 ΙΙ,
1855 2351 1892 2385 p.
1916 2337 2003 2372 208.
2036 2337 2121 2371 coll.
2144 2336 2187 2371 G.

1161 2400 1377 2434 Hermanno
1414 2400 1466 2433 De
1498 2397 1624 2432 Graeea
1656 2397 1821 2431 Minerva
1854 2396 1996 2431 dissert.
2030 2407 2066 2441 p.
2103 2394 2136 2429 6.
2173 2410 2185 2423 »

1160 2459 1349 2493 Lumen.

1647 2540 1708 2575 50.

1212 2623 1341 2658 Suidas
1366 2630 1402 2657 et
1425 2622 1577 2657 Photius
1598 2634 1634 2655 V.
1657 2618 1799 2667 “Υμεῖς,
1830 2611 1858 2654 ὦ
1891 2618 2087 2667 Μεγαρεῖς,
2119 2614 2192 2652 οὔτε

1161 2679 1267 2730 τρίτοι
1289 2678 1364 2716 οὔτε
1384 2677 1552 2729 τέταρτοι.
1571 2678 1664 2713 Vide
1681 2679 1782 2712 Ionis
1802 2677 1930 2724 fragm.
1956 2689 2015 2711 12.

1647 2801 1705 2832 48.

1207 2867 1377 2899 Oracnlinn
1392 2866 1436 2898 Ad
1443 2868 1524 2897 rasio
1537 2866 1645 2897 (latum
1657 2874 1674 2895 a
1689 2867 1812 2896 Mnasea
1823 2863 2041 2901 consignatum
2053 2864 2097 2893 est
2112 2862 2195 2892 hune

1166 2918 1196 2949 in
1212 2918 1342 2949 modum
1361 2931 1368 2948 ι

1253 2984 1391 3011 Filiarnin
1405 2985 1520 3020 nuptias
1531 2985 1624 3018 junge
1636 2990 1707 3018 apro
1721 2984 1750 3010 et
1764 2981 1859 3013 leoni,

1253 3037 1325 3065 quos
1338 3031 1449 3058 videbis
1460 3031 1495 3058 ad
1509 3030 1651 3058 vestibula
1665 3029 1771 3057 (lomus
1784 3030 1841 3056 tnze
1852 3035 1867 3055 c
1882 3027 1949 3055 fano

1253 3083 1318 3104 ineo
1332 3077 1495 3109 venientes,
1511 3084 1606 3111 neque
1619 3077 1718 3104 animo
1731 3077 1783 3103 tuo
1798 3073 1913 3101 fallaris.

1647 3142 1705 3173 49.

1212 3209 1325 3238 Omnis
1344 3208 1437 3238 terra
1461 3202 1600 3244 patria]
1623 3200 1778 3232 particula
1795 3201 1841 3230 est
1860 3197 1996 3235 oraculi,
2014 3194 2100 3235 quod
2119 3194 2196 3225 deus

1169 3258 1267 3289 Meleo
1282 3257 1409 3295 Pelasgo
1424 3256 1462 3286 de
1483 3254 1555 3285 sede
1571 3252 1695 3292 figenda
1716 3249 1916 3288 interroganti
1935 3247 2030 3277 dedit.
2055 3244 2195 3277 Meminit

1168 3311 1235 3349 ejus
1248 3309 1364 3341 oraculi
1378 3311 1519 3341 Mnaseas
1532 3308 1563 3338 et
1575 3304 1742 3344 Dionysius
1755 3299 1973 3334 Chalcidensis.
