2338 3765
82 181 158 216 4³2

84 262 139 297 καὶ
159 263 216 304 τῆς
232 260 309 303 'fl-⁷1<
325 257 469 306 μερίδος,
488 257 514 290 εἰ
533 256 684 294 κάκεῖνος
700 253 788 289 θέλοι
805 251 1053 300 ἀμνησικακεῒν
1072 250 1112 299 (o)

83 313 128 354 ὧν
153 318 329 368 εἴργασται
349 312 543 353 Ἀντώνιος·
565 311 639 348 οὐδὲ
673 310 738 361 γὰρ
762 311 874 351 αὐτοῖς
902 308 1030 360 ἀρεστὰ
1054 307 1115 357 γε’-

83 391 159 425 γονε
183 376 224 423 (7)
241 377 348 410 ταῦτα
365 388 370 393 ·
395 373 462 407 δεῖν
482 370 508 406 δ’
526 368 645 410 αὐτοὺς
658 375 773 404 πᾶσαν
791 367 892 417 ὀργὴν
911 365 1117 407 ε’κὸαλόντας

85 431 348 469 διαλλάττεσθαι
370 430 486 469 ἁπλῶς
506 426 563 463 καί
586 425 726 468 ἀδόλως.
787 419 846 467 Εἷς
869 425 897 460 δ’
919 426 1030 460 αὐτῶν
1061 423 1115 459 καὶ

87 485 212 532 μείζονι
232 486 272 533 τῇ
295 485 358 531 βοῇ
381 480 508 531 βοήσας
529 483 662 529 θαρρεῖν
681 477 832 523 ἐκέλευε,
861 477 918 513 καὶ
941 476 1118 525 γινώσκειν

86 543 137 578 ὅτι
168 541 379 592 κληρονομία
401 541 429 575 οἱ
452 538 572 579 πάντες
602 531 666 573 εἷεν
689 537 807 573 αὐτοῦ’
839 538 1032 584 μεμνῆσθαι
1054 532 1118 582 γὰρ

86 603 143 638 τοῦ
164 599 252 636 κατὰ
278 601 338 648 γῆς
360 596 486 647 πατρὸς
506 595 564 632 ἴσα
590 594 647 632 καὶ
665 597 761 641 θεοῦ,
780 594 837 630 καὶ
856 593 932 643 περὶ
959 594 1024 628 τῶν
1046 593 1118 627 δια·

86 658 194 708 δόχων
216 659 317 694 αὐτοῦ
345 655 435 692 ἅπαν
457 654 497 691 ἂν
520 655 644 704 δρᾶσαι
674 652 730 689 καὶ
752 652 882 690 παθεῖν.
939 648 1059 692 Ἄλλος
1085 647 1119 684 δὲ

88 716 199 763 μεῖζον
218 711 502 764 ἐπιφθεγξάμενος
522 710 579 747 καὶ
600 709 776 748 Ἀντώνιον
803 709 842 745 ἂν
866 706 1121 758 διαχρήσασθαι

89 773 247 823 αὐτόχειρ
277 771 357 822 ἔφη,
387 772 415 807 εἷ
440 769 487 818 μὴ
510 768 568 811 τὰς
591 769 764 819 Καίσαρος
781 767 944 812 διαθήκας
970 765 1042 813 ἅμα
1063 764 1121 800 καὶ

90 832 212 880 βουλῆς
231 829 290 866 ἴσα
312 828 489 880 φυλάττοι.
550 826 620 866 Καὶ
641 826 674 868 ὃς
693 827 824 877 θαρρῶν
847 825 912 870 ἤδη
935 825 988 859 ἐπ’
1011 824 1122 863 αὐτοῖς

88 888 218 934 κατέὲη
240 903 275 924 τε
298 890 337 936 (8)
363 886 421 924 καὶ
433 885 687 938 φιλοφρονηθεὶς
717 884 804 929 ἥσθη
827 883 881 920 ε’πὶ
899 885 940 930 τῇ
960 880 1071 930 εὐνοίᾳ
1085 895 1121 916 τε

88 947 146 984 καὶ
177 946 363 997 προθυμία.
395 945 543 982 Ἐκεῖνοι
568 942 628 990 μὲν
655 942 753 979 αὐτὸν
776 939 1037 992 παραλαὸόντες
1067 937 1123 975 διὰ

87 1007 147 1048 τ’ἧς
163 1005 287 1054 ἀγορᾶς
304 1002 536 1053 λαμπρότατα
553 995 634 1050 ἦγον
654 1002 699 1043 εἷς
714 1000 751 1037 τὸ
769 999 1004 1046 Καπιτώλιον,
1019 997 1124 1046 ἁμιλ-

90 1062 238 1112 λώμενοι
260 1065 302 1113 τῇ
325 1061 456 1111 σπουδῇ
480 1059 561 1111 πρὸς
587 1058 774 1104 ἀλλήλους,
795 1059 822 1095 οἳ
846 1057 906 1106 μὲν
932 1056 998 1102 ἤδη
1020 1053 1122 1105 ἀχθό-

92 1135 187 1166 μενοι
207 1122 249 1169 τῇ
277 1118 454 1156 Ἀντωνίου
478 1116 679 1166 δυναστείᾳ,
709 1118 738 1152 οἱ
768 1115 801 1152 δὲ
832 1114 921 1151 κατὰ
950 1112 1124 1150 εὐσέὸειαν

90 1177 151 1222 τὴν
171 1176 255 1227 πρὸς
277 1176 439 1226 Καίσαρα
461 1174 519 1211 καὶ
539 1173 594 1210 τὸν
616 1173 742 1210 ἐκείνου
764 1172 937 1222 διάδοχον,
960 1172 989 1208 οἱ
1011 1171 1038 1207 δ’
1064 1171 1124 1206 ε’λ-

92 1236 188 1277 πίδος
203 1234 301 1271 ἕνεκα
319 1237 379 1280 τῆς
399 1233 457 1270 ἀπ’
476 1235 596 1278 αὐτοῦ,
617 1231 751 1280 μεγάλα
769 1229 1050 1282 ὠφεληθήσεσθαι
1065 1229 1124 1265 σὺν

92 1295 140 1344 τῷ
162 1292 283 1344 δικαίῳ
296 1292 571 1341 προσδοκῶντες,
591 1291 621 1326 οἱ
642 1289 676 1326 δὲ
691 1288 858 1340 τιμωρίαν
881 1287 1126 1331 σπουδάζοντες

92 1351 247 1401 γενέσθαι
266 1349 360 1400 παρὰ
382 1351 449 1386 τῶν
468 1347 624 1399 σφαγέων
641 1347 724 1397 ὑπὲρ
741 1350 800 1383 τοῦ
817 1345 917 1397 φόνου
931 1375 940 1393 ,
967 1344 1025 1381 καὶ
1043 1344 1127 1380 ταύ-

92 1424 153 1453 την
173 1408 325 1456 μάλιστά
339 1423 377 1457 γε
394 1407 431 1457 (9)
449 1405 637 1456 πράξεσθαι
650 1403 704 1441 διὰ
715 1407 774 1441 τοῦ
789 1403 909 1446 παιδὸς
924 1402 1083 1452 οἰόμενοι,
1099 1403 1127 1438 εἷ

94 1467 302 1515 συλλήπτωρ
322 1465 372 1511 εἴη
394 1465 451 1501 καὶ
470 1467 486 1501 ὃ
506 1463 646 1506 ὕπατος.
663 1462 797 1504 Πάντες
811 1477 848 1511 γε
868 1460 935 1510 μὴν
952 1461 1126 1512 παρῄνουν

95 1526 188 1575 αὐτῷ
203 1524 257 1560 ὑπ’
273 1524 401 1565 εὐνοίας
415 1522 610 1574 προσιόντες
625 1520 672 1569 μὴ
688 1521 900 1571 φιλονεικεῖν,
916 1518 1005 1556 ἀλλὰ
1022 1534 1127 1569 προσ-

94 1584 184 1633 έχειν
206 1584 255 1633 τῷ
276 1581 427 1633 σφετέρῳ
445 1581 611 1631 ἀσφαλεῖ,
633 1579 690 1615 καὶ
708 1580 752 1620 ὡς
772 1578 928 1614 δύναιντο
946 1591 1128 1626 συμπροσ-

95 1640 285 1688 λαμὲάνειν
331 1638 493 1689 βοηθοὺς,
536 1636 753 1686 μεμνημένον
797 1638 841 1677 ὡς
875 1634 1040 1686 σφαλερὸς
1077 1634 1128 1679 εἴη

95 1701 111 1734 ὃ
130 1698 303 1748 Καίσαρος
318 1696 472 1737 θάνατος.
492 1696 613 1732 Ταῦτα
633 1693 765 1730 ἀκούων
786 1694 948 1743 Καῖσαρ,
968 1691 1026 1728 καὶ
1043 1693 1128 1742 ὁρῶν

95 1755 154 1801 τὴν
173 1758 239 1791 τῶν
258 1752 446 1806 ἀνθρώπων
469 1751 618 1797 σπουδὴν
642 1753 702 1788 οὐκ
718 1750 906 1792 ἀπεικότως
921 1749 999 1801 περὶ
1015 1748 1129 1794 αὐτὸν,

95 1808 175 1856 ἧκεν
200 1815 244 1854 εἷς
267 1813 304 1848 το
329 1810 563 1855 Καπιτώλιον,
587 1809 664 1846 ἔνθα
685 1808 771 1846 πολὺ
790 1808 924 1849 πλείους
953 1807 1042 1859 ἑώρα
1062 1823 1129 1843 πα·

94 1870 227 1922 τρικοὺς
245 1869 478 1921 στρατιώτας,
498 1863 546 1910 οἷς
569 1868 702 1919 ἐθάρρει
718 1866 910 1911 Ἀντώνιος,
931 1864 1017 1903 πολὺ
1036 1866 1130 1913 μᾶλ-

96 1932 152 1966 λον
169 1929 279 1970 εὔνους
301 1930 393 1979 αὐτῷ
420 1928 538 1975 ὄντας,
556 1926 632 1963 εἴτι
650 1926 776 1963 ἀδικεῖν
798 1925 875 1976 περὶ
896 1923 997 1961 αὐτὸν
1022 1924 1131 1974 ἐγχει-

99 1987 184 2039 ροίη.
202 1987 266 2024 Ἰῧκ
286 1986 406 2023 τούτου
425 1984 626 2036 ἀπεχώρουν
641 1986 671 2021 οἱ
689 1983 844 2026 πλείους·
863 1982 1133 2033 περιλειφθέντες

96 2046 130 2083 δὲ
149 2046 333 2097 ἀμφότεροι
357 2044 445 2094 μετὰ
462 2046 528 2080 τῶν
544 2042 650 2094 φίλων
668 2041 868 2091 διελέγοντο.

150 2106 275 2142 XXX.
306 2102 390 2141 “On
407 2105 465 2139 τοῦ
492 2101 669 2152 Καίσαρος
690 2103 735 2143 εἷς
760 2099 822 2146 τὴν
846 2099 954 2137 οἰκίαν
976 2100 1134 2141 ἀπιόντος

100 2162 186 2210 μετὰ
203 2161 240 2198 τὸ
258 2162 485 2211 διαλλαγῆναι
502 2158 785 2210 πρὸςἌντώνιον,
804 2158 998 2208 μονωθέντα
1013 2155 1135 2194 Ἀντώ-

100 2238 167 2259 νιον
189 2215 281 2262 αὖθις
302 2219 551 2269 ἀνερεθίζεσθαι
563 2251 571 2265 ,
588 2218 649 2263 τὴν
671 2218 802 2254 εὔνοιαν
820 2219 950 2268 ὁρῶντα
967 2217 1005 2268 (1)
1021 2230 1135 2266 παρα-

99 2280 185 2317 πολὺ
216 2284 275 2317 τοῦ
303 2281 549 2330 στρατιωτικοῦ
574 2278 699 2318 παντὸς
726 2276 958 2313 ἀπονεύουσαν
984 2277 1028 2317 ὡς
1053 2273 1136 2327 πρὸς

100 2333 324 2382 [Καίσαρα]
345 2333 471 2368 ἐκεῖνον
494 2331 554 2379 μὲν
571 2329 636 2379 γὰρ
660 2332 836 2366 ἐποιοῦντο
862 2327 965 2364 παῖδά
985 2342 1022 2363 τε
1048 2330 1136 2363 εἶναι

102 2391 159 2427 καὶ
175 2391 333 2438 διάδοχον
347 2390 587 2438 ἀποδεδεῖχθαι
606 2389 639 2423 ἐν
654 2393 726 2428 ταῖς
745 2386 921 2430 διαθήκαις
937 2387 985 2436 τῷ
1003 2399 1038 2421 τε
1058 2385 1135 2420 ὀνό-

104 2464 185 2497 ματι
205 2447 328 2496 ὁμοίως
346 2445 680 2497 προσαγορεύεσθαι,
703 2444 861 2491 γενναίαν
879 2458 912 2479 τε
940 2441 1136 2493 ὑποφαίνειν

105 2507 225 2543 ἐλπίδα
257 2506 313 2542 καὶ
344 2505 410 2541 ἀπὸ
439 2508 496 2540 τοῦ
525 2506 583 2547 τῆς
616 2502 745 2553 φύσεως
768 2501 973 2551 δραστηρίου
1008 2500 1072 2548 (2),
1093 2501 1138 2541 εἷς

104 2566 120 2600 ὃ
141 2567 156 2600 ὁ
190 2566 326 2613 Καῖσαρ
357 2561 557 2612 almerita<
580 2562 643 2610 οὐχ
663 2555 763 2605 ἧττον
795 2558 814 2603 ἢ
847 2558 907 2603 τὴν
939 2557 1136 2608 συγγένειαν

105 2621 310 2664 ἀποδείξειεν
330 2621 430 2656 αὐτὸν
449 2620 573 2664 παῖδα,
592 2620 636 2659 ὡς
652 2618 753 2667 μόνον
774 2617 935 2667 ἐχέγγυον
955 2617 1059 2652 αὐτοῦ
1076 2614 1137 2659 τήν

104 2695 139 2715 τε
161 2679 349 2727 σύμπασαν
374 2677 483 2729 ἀρχὴν
504 2676 562 2713 καὶ
587 2676 625 2712 τὸ
654 2679 713 2712 τοῦ
734 2674 826 2712 οἴκου
856 2674 987 2723 &Eleum
1011 2672 1137 2709 διασώ-

106 2742 184 2781 ζειν.
202 2738 239 2774 ’Ἃ
266 2736 305 2781 δὴ
323 2736 395 2773 τότε
417 2735 696 2784 ἐνθυμιαζόμενος
718 2734 890 2776 Ἀντώνιος
911 2732 1138 2782 μετεγίνωσκε

877 166 1081 203 NlCOLAl
1119 163 1404 202 DAMASCEM

1178 258 1272 289 ‹·tioui
1287 266 1353 287 sure
1371 256 1463 286 saluti
1483 256 1586 284 sutura
1600 253 1663 283 siut
1676 276 1684 290 ,
1698 252 1723 282 si
1741 252 1807 291 ipse
1826 259 1952 290 quoque
1973 250 2076 281 illatas
2089 249 2128 280 ab
2146 254 2211 281 Au-

1179 321 1264 352 tonio
1286 319 1414 358 injurias
1433 317 1526 347 vellet
1540 314 1704 352 oblivisci;
1723 322 1825 353 neque
1841 313 1899 344 sibi
1918 312 1986 343 liaec
1996 313 2083 351 grata
2101 312 2211 349 suisse3

1179 383 1292 413 debere
1302 382 1408 411 autem
1423 387 1475 409 eos
1485 402 1493 416 ‚
1508 376 1592 407 omni
1605 377 1648 407 ira
1661 375 1803 414 deposita
1816 398 1824 412 ,
1837 375 1956 405 sincere
1969 375 1999 404 et
2013 373 2131 413 absque
2141 373 2214 403 dolo

1180 443 1383 475 reconciliari,
1405 442 1492 471 Unus
1506 448 1579 469 vero
1596 438 1726 469 elatiore
1743 445 1820 467 voce
1834 436 1990 473 clamans,
2006 435 2088 465 bono
2109 435 2215 465 animo

1179 518 1245 537 esse
1267 510 1423 538 Caesarem
1437 528 1445 542 ‚
1463 506 1557 542 atque
1580 502 1658 533 bene
1688 503 1794 531 tenere
1814 499 1905 539 jussit
1933 499 2097 529 universos
2118 497 2216 537 ipsius

1180 579 1246 600 esse
1259 568 1464 599 hereditatem
1481 579 1487 595 τ
1508 573 1581 595 nam
1601 563 1698 603 patris
1710 562 1852 593 defuncti
1875 561 1990 601 pariter
2008 562 2105 600 atque
2118 560 2166 591 dei
2184 569 2217 590 se

1181 632 1370 669 meminisse,
1387 632 1482 669 atque
1496 638 1551 668 pro
1571 635 1750 659 successore
1767 626 1835 665 ejus
1848 626 1954 656 omnia
1972 625 2074 656 facere
2087 624 2217 664 patique

1183 697 1247 726 sore
1270 696 1405 734 paratos.
1426 693 1511 724 Alius
1536 699 1661 722 summa
1682 698 1760 721 voce
1784 688 1974 720 acclamavit
1995 696 2028 718 se
2048 687 2098 718 vel
2123 690 2216 718 Anto-

1182 759 1269 789 nium
1288 766 1343 787 sua
1359 765 1453 787 manu
1468 755 1709 786 interfecturum
1721 776 1728 790 ,
1746 753 1804 783 nisi
1818 752 1950 783 Caesaris
1964 751 2112 782 mandata
2125 751 2218 782 simul

1182 824 1277 860 atque
1290 822 1416 850 senalus
1430 818 1668 857 exsequeretur.
1696 817 1778 846 Tum
1801 816 1962 854 resumpta
1981 814 2096 845 fiducia
2115 815 2219 845 Caesar

1182 883 1341 914 descendit
1358 884 1388 913 et
1405 881 1537 912 comiter
1551 889 1604 911 eos
1622 879 1789 919 amplexus
1804 878 1946 910 laudavit
1964 877 2006 908 ob
2030 885 2218 917 propensam

1184 946 1213 976 iu
1239 954 1271 976 se
1296 944 1560 975 benevolentiam.
1588 941 1636 972 Illi
1673 949 1746 972 vero
1775 941 1972 971 assumentes
1996 947 2070 970 eum
2098 938 2220 970 solenni

1184 1015 1298 1047 pompa
1311 1007 1341 1037 in
1354 1005 1546 1045 Capitolium
1562 1003 1726 1034 duxerunt
1739 1002 1902 1033 alacritate
1912 1001 1994 1032 inter
2007 1009 2039 1032 se
2052 1001 2221 1038 certantes,

1184 1071 1297 1110 partim
1313 1069 1386 1099 odio
1401 1067 1489 1098 ducti
1505 1068 1535 1097 in
1551 1066 1678 1098 Antonii
1695 1066 1876 1105 imperium,
1888 1064 2003 1104 partim
2020 1063 2137 1103 pietate
2150 1071 2224 1102 erga

1185 1138 1341 1167 Caesarem
1356 1137 1486 1174 ejusque
1499 1142 1726 1172 successorem,
1742 1132 1857 1172 partim
1873 1140 1927 1172 spe
1941 1140 2128 1171 magnorum
2147 1140 2222 1171 prae-

1186 1203 1339 1241 miorum,
1354 1212 1426 1242 quae
1441 1201 1524 1233 haud
1540 1201 1697 1232 immerito
1714 1200 1753 1231 ab
1772 1209 1809 1231 eo
1832 1199 2082 1239 exspectabant,
2107 1199 2224 1239 partim

1186 1268 1340 1299 desiderio
1353 1267 1482 1298 ultionis
1492 1291 1500 1305 ,
1518 1275 1580 1306 qua
1594 1265 1689 1297 caedis
1705 1273 1806 1305 poenae
1821 1274 1839 1296 a
1853 1264 2090 1305 percussoribus
2107 1267 2226 1304 repete-

1188 1335 1308 1371 rentur,
1324 1341 1402 1372 quas
1423 1330 1660 1371 quammaxime
1672 1339 1690 1361 a
1707 1330 1770 1361 filio
1782 1332 1931 1361 exactum
1945 1330 2000 1369 iri,
2015 1330 2040 1361 si
2057 1329 2184 1369 adjutor
2198 1329 2225 1359 ei

1188 1401 1296 1431 consul
1312 1402 1412 1438 esset,
1427 1398 1660 1430 existimabant.
1679 1399 1799 1428 Omnes
1812 1397 1897 1427 certe
1914 1395 1955 1426 ob
1973 1395 2226 1426 benevolentiam

1188 1465 1227 1495 ad
1249 1467 1406 1496 Caesarem
1424 1462 1610 1494 aecedentes
1633 1461 1854 1499 hortabantur,
1880 1468 1920 1492 ne
1947 1460 2042 1491 vellet
2058 1459 2224 1497 altercari,

1188 1531 1241 1562 sed
1256 1531 1315 1561 hoc
1334 1531 1475 1570 spectare
1488 1553 1496 1567 ‚
1514 1531 1548 1561 ut
1563 1529 1724 1560 securitati
1739 1528 1884 1559 factionis
1897 1536 1963 1559 suae
1988 1527 2169 1558 consuleret
2185 1527 2227 1557 ei·

1189 1608 1251 1638 que
1264 1598 1435 1629 auxiliares
1448 1597 1646 1636 adjungeret,
1657 1604 1778 1627 memor
1792 1603 1888 1635 quam
1903 1594 2002 1626 fallax
2020 1594 2129 1625 fuisset
2143 1603 2229 1625 mors

1191 1663 1333 1696 Caesaris.
1354 1665 1433 1699 Quae
1456 1662 1586 1692 audiens
1610 1661 1785 1700 vidensque
1810 1661 1934 1700 quanto
1955 1659 2062 1691 studio
2085 1669 2118 1691 se
2146 1660 2230 1691 haud

1192 1730 1349 1761 immerito
1364 1730 1640 1769 prosequerentur,
1662 1728 1694 1758 in
1711 1729 1754 1759 Ca
1762 1727 1908 1767 pitolium
1925 1727 2031 1767 venit,
2056 1727 2109 1758 ubi
2128 1728 2231 1759 multo

1193 1795 1297 1833 plures
1311 1793 1474 1832 conspexit
1492 1792 1607 1823 milites
1624 1792 1784 1831 paternos,
1801 1790 1918 1830 quibus
1932 1790 2048 1822 fidebat
2062 1790 2230 1829 Antonius,

1192 1857 1244 1887 sed
1262 1856 1315 1896 qui
1329 1855 1432 1886 multo
1449 1854 1668 1894 propensiores
1687 1853 1718 1884 in
1731 1854 1833 1893 ipsum
1848 1854 1958 1891 erant,
1973 1853 1998 1884 si
2019 1853 2098 1885 forte
2116 1853 2231 1893 injuria

1193 1920 1297 1959 aliqua
1313 1919 1353 1950 ab
1368 1920 1504 1950 Antonio
1517 1917 1707 1948 afficeretur.
1731 1916 1850 1948 Deinde
1864 1925 1964 1956 quum
1981 1916 2107 1956 plurimi
2130 1926 2232 1949 reces-

1193 1983 1324 2020 sissent,
1340 1983 1448 2013 Caesar
1464 1982 1495 2012 et
1519 1980 1674 2013 Antonius
1691 1987 1764 2010 cum
1779 1979 1889 2010 amicis
1903 1979 2002 2011 relicti
2023 1980 2104 2012 inter
2116 1989 2151 2013 se
2167 1982 2231 2012 eol-

1196 2044 1293 2075 locuti
1306 2046 1390 2074 sunt.

1237 2109 1336 2139 XXX.
1356 2108 1480 2138 caesare
1494 2106 1564 2145 post
1585 2104 1873 2135 reconciliationem
1887 2103 2019 2135 domum
2035 2107 2231 2143 revertente,

1198 2170 1369 2202 Antonium
1386 2170 1531 2202 narrat,
1551 2176 1651 2208 quum
1670 2168 1756 2199 solus
1766 2168 1863 2207 esset,
1879 2167 1984 2199 denuo
1997 2167 2037 2199 ad
2052 2168 2130 2199 iram
2144 2169 2229 2200 exci-

1198 2234 1301 2263 tatum
1319 2240 1385 2263 esse
1399 2255 1407 2269 ,
1431 2230 1591 2261 videntem
1608 2230 1709 2260 multo
1726 2229 1824 2268 magis
1845 2229 1876 2260 in
1903 2231 2061 2261 Caesarem
2085 2230 2234 2261 inclinare

1198 2296 1357 2328 exercitus
1367 2294 1504 2326 universi
1517 2294 1781 2325 benevolentiam.
1795 2295 1885 2324 Hunc
1898 2293 1982 2324 enim
2002 2294 2235 2325 contendebant

1199 2363 1229 2393 et
1253 2361 1352 2392 filium
1372 2359 1507 2392 Caesaris
1523 2367 1588 2390 esse
1601 2360 1633 2390 et
1651 2367 1864 2390 successorem
1885 2358 1924 2389 ab
1940 2367 1977 2389 eo
2001 2359 2030 2389 in
2054 2359 2233 2390 testamenti

1199 2423 1315 2455 tabulis
1331 2422 1547 2461 designatum,
1573 2422 1605 2451 et
1620 2420 1730 2451 eodem
1752 2419 1879 2451 nomine
1903 2420 2073 2460 appellari,
2093 2421 2125 2451 et
2146 2429 2234 2460 spem

1199 2485 1354 2524 egregiam
1379 2485 1474 2515 etiam
1499 2483 1610 2514 indolis
1626 2482 1744 2513 virtute
1765 2481 1950 2520 ostendere,
1973 2481 2012 2512 ad
2041 2490 2139 2521 quam
2170 2491 2234 2513 non

1200 2548 1304 2579 minus
1317 2549 1412 2587 atque
1425 2547 1463 2578 ad
1477 2546 1696 2583 cognationem
1709 2546 1815 2576 Caesar
1829 2545 1997 2585 respiciens
2011 2553 2067 2585 pro
2082 2545 2145 2576 lilio
2161 2554 2234 2576 eum

1200 2610 1398 2649 adoptasset,
1423 2611 1457 2639 ut
1476 2610 1529 2648 qui
1559 2609 1645 2639 solus
1664 2607 1703 2638 ad
1721 2606 1973 2639 conservandum
1996 2608 2163 2648 imperium
2178 2607 2234 2639 do-

1202 2682 1334 2713 musque
1353 2673 1535 2711 diguitatem
1562 2672 1693 2702 idoneus
1715 2672 1806 2702 esset.
1828 2673 1906 2708 Quae
1927 2671 1957 2701 in
1980 2669 2121 2701 animum
2142 2669 2236 2701 indu-

1203 2745 1275 2766 cens
1289 2735 1444 2766 Antonius
1457 2735 1645 2764 sententiam
1661 2732 1816 2771 mutavit,
1833 2732 1971 2772 factique
1981 2740 2055 2762 eum
2069 2731 2236 2771 poenituit,

107 2882 145 2885 —
163 2868 191 2893 6.
210 2863 388 2896 κάκεῖνος
407 2863 433 2890 θ.
455 2861 614 2901 infaustam]
635 2862 786 2895 κακείνοις
803 2862 828 2890 θ.
850 2862 1048 2899 μνησικακεῖν
1069 2858 1179 2888 codex.
1200 2876 1237 2878 —
1257 2862 1284 2889 7.
1305 2856 1474 2895 γέγονε]
1502 2854 1708 2885 indicativum
1730 2853 1848 2884 librarii
1867 2861 1932 2883 esse
1948 2854 2036 2892 puto.
2061 2869 2101 2874 —
2119 2854 2150 2883 8.
2175 2851 2236 2891 τε]

108 2922 140 2949 γε
159 2908 270 2938 ιἰιιΙΘΧ.
290 2926 329 2930 --
341 2914 369 2939 ξ).
386 2920 419 2945 γε
436 2908 440 2947 1
457 2919 486 2938 τε
505 2908 616 2938 codex.

152 2957 247 2986 XXX.
277 2957 358 2984 luter
376 2955 499 2984 initium
519 2955 610 2992 liujus
627 2955 735 2993 rapitis
752 2956 780 2984 et
800 2955 893 2983 linem
915 2951 1127 2983 antecedentis
1140 2952 1230 2991 plura
1247 2952 1416 2989 excerptor
1435 2948 1550 2979 omisit.
1575 2947 1671 2986 ldque
1684 2947 1797 2977 lineola
1814 2946 1844 2976 in
1862 2945 1970 2976 codice
1985 2945 2160 2976 indicatum
2177 2947 2234 2975 esi.

109 3002 152 3033 Ad
170 3010 206 3031 ea
223 3010 294 3040 quw
315 3001 344 3030 in
362 3009 447 3039 seqq.
466 3003 632 3030 narrantur
652 3000 689 3029 «le
706 3000 824 3030 insidiis
840 3009 857 3029 a
875 3001 998 3029 Caesare
1015 2997 1143 3028 structis
1159 2996 1293 3028 Antonio
1305 3020 1313 3033 ,
1329 2996 1368 3026 cf.
1388 2994 1518 3034 Appiau.
1540 2995 1579 3023 lll
1593 3017 1601 3030 ,
1617 2996 1666 3024 39.
1688 2995 1737 3023 40.
1760 2991 1869 3022 Paucis
1887 2999 1952 3022 rem
1969 2991 2138 3022 absolvunt
2159 2991 2235 3022 Plu-

109 3048 236 3078 tarchus
251 3049 363 3078 Aulon.
382 3052 415 3077 16
426 3072 434 3085 ,
453 3052 468 3077 3
487 3060 493 3077 ε
508 3048 580 3078 Μεθ’
596 3048 707 3086 ἡμέρας
723 3047 825 3085 ὀλίγας
840 3047 961 3076 ἐνέπεσε
978 3045 1065 3082 λόγος
1078 3068 1085 3081 ‚
1100 3046 1140 3080 ὡς
1151 3043 1340 3074 ἐπιέζουλεύοι
1357 3043 1478 3080 Καῖσαρ
1495 3040 1588 3078 αὐτῷ.
1608 3040 1729 3078 Καῖσαρ
1743 3038 1773 3068 δὲ
1787 3038 1968 3075 ἀπελογεῖτο
1983 3037 2053 3077 μὲν,
2068 3037 2125 3067 οὐκ
2138 3037 2237 3068 ἔπειθε

109 3095 140 3123 δε
154 3103 160 3109 ·
177 3094 229 3123 καὶ
242 3093 332 3123 πάλιν
348 3093 384 3130 ἢν
399 3093 515 3132 ἐνεργὸς
528 3095 546 3129 ἡ
561 3094 652 3132 ἔχθρα
663 3118 670 3129 ,
687 3094 736 3122 καὶ
753 3094 935 3133 περιθέοντες
951 3092 1112 3131 ἀμφότεροι
1127 3092 1179 3127 τὴν
1198 3090 1330 3121 Ἰταλίαν
1344 3089 1378 3119 τὸ
1394 3089 1446 3128 μὲν
1461 3087 1621 3126 ἱδρυμένον
1639 3087 1670 3117 ἐν
1683 3089 1748 3121 ταῖς
1761 3083 1933 3120 κατοικίαις
1946 3084 2003 3121 ἤδη
2017 3086 2071 3114 τοῦ
2085 3094 2236 3123 στρατιω-

109 3143 194 3170 τικοῡ
213 3139 352 3178 μεγάλοις
368 3139 538 3169 ἀνίστασαν
555 3140 684 3177 μισθοῖς·
705 3139 831 3169 Sallust.
850 3140 961 3168 octav.
984 3143 1017 3167 ιι)
1044 3150 1050 3167 ;
1077 3137 1301 3168 narrantibus
1318 3137 1434 3175 itaque
1450 3135 1628 3165 nonnullis
1649 3139 1864 3172 percussores
1882 3131 1912 3160 ei
1928 3129 2146 3161 subornavit.
2163 3131 2237 3161 Hac

111 3185 237 3219 fraude
252 3184 478 3224 deprehensa,
498 3185 691 3224 periculum
708 3186 850 3214 invicem
866 3186 1017 3214 metuens
1031 3204 1039 3217 ‚
1061 3186 1238 3214 veteranos
1255 3183 1359 3213 simul
1385 3184 1420 3212 in
1443 3189 1543 3212 suum
1560 3183 1592 3212 ec
1613 3178 1812 3219 reipublicae
1829 3177 2008 3208 auxilium
2035 3177 2168 3216 quanta
2182 3183 2236 3214 po-

113 3233 178 3261 tuit
203 3231 384 3270 larqc'cione
403 3232 588 3261 contrarie.
613 3230 748 3268 velit-jus
771 3231 816 3266 ll,
839 3234 877 3259 ‹30
902 3242 906 3258 :
929 3230 1007 3259 Moa-
1025 3231 1129 3260 etmm
1144 3229 1236 3260 velut
1253 3228 1389 3260 insidiis
1410 3228 1481 3266 ejus
1497 3229 1624 3267 petitus
1643 3224 1850 3264 (Antonius)
1874 3223 2010 3255 sceleste
2033 3221 2237 3253 insimulare

112 3278 228 3316 emme,
258 3279 293 3308 in
310 3285 379 3318 qua
407 3279 552 3316 turpiter
570 3276 780 3316 deprehensa
797 3277 868 3314 ejus
884 3277 1018 3307 vanitas
1033 3279 1092 3307 esc.
1117 3277 1180 3308 Cic.
1202 3279 1258 3315 Ep.
1277 3277 1333 3306 Xll
1348 3300 1356 3314 ,
1375 3278 1424 3305 23.
1444 3276 1561 3305 Seneca
1579 3276 1623 3304 De
1640 3271 1807 3303 clementia
1834 3271 1845 3300 1
1862 3292 1870 3307 ,
1888 3272 1918 3300 0.
1934 3285 1976 3291 —-
1993 3272 2022 3299 t.
2055 3269 2071 3298 ὁ
2083 3266 2237 3307 ρῶντα]

113 3326 193 3364 ορῶν,
204 3327 256 3354 τοῦ
271 3324 338 3354 rod.
359 3324 459 3354 Prima
475 3324 540 3354 llaec
555 3323 694 3354 oratione
708 3323 857 3353 indirecta
872 3322 1033 3353 euiinliata
1049 3323 1240 3362 excerptoris
1254 3330 1318 3352 esse
1336 3322 1423 3361 puta.
1442 3322 1512 3351 Mox
1527 3319 1669 3358 supplevi
1686 3326 1794 3348 vocem
1810 3316 1963 3355 Καίσαρα.
1975 3331 2015 3336 -
2028 3319 2056 3345 2.
2075 3315 2237 3354 δραστη-
