2289 3728
119 183 788 214 1522
869 167 1216 206 ANTlSTHENES
1247 167 1480 206 RHODIUS.

114 263 270 310 δυνατὸν,
293 277 357 297 τι)ν
381 257 659 308 ἀναγκαιοτάτ(ι)ν
672 270 809 292 καιτων
824 254 992 303 μεγίστων
1009 255 1042 290 ἐν
1059 255 1145 303 αὐτῇ

114 321 277 365 πλείσττν
293 319 460 355 ποιεῖσθαι
477 316 652 366 πρόνοιαν.
669 316 793 351 Ταυτα
809 312 869 362 μὲν
884 316 941 349 οὖν
969 311 1146 362 προήχθην

114 381 232 423 εἰπεῖν,
248 381 281 414 θε
269 380 382 428 ·ωρων
397 379 466 422 νῦν,
484 374 640 425 καθάπερ
660 388 720 409 και
736 388 793 409 επι
806 387 872 408 των
890 371 1002 408 ἄλλων
1018 386 1147 422 τεχνων

115 437 172 474 καὶ
188 435 483 484 ἐπιτηδευμάτων,
494 433 605 481 τὸμὲν
620 430 776 477 ἀληθινὸν
790 430 941 501 καὶπρὸς
953 430 1014 476 τὴν
1027 429 1146 481 χρείαν

114 497 238 539 ἇνῆκον
260 495 294 530 ἐν
323 493 476 533 ἑκάστοις
505 489 789 540 ἐπισεσυρμένον·
806 488 844 526 τὸ
865 490 898 526 δὲ
919 488 1001 539 πρὸς
1022 490 1144 531 ἀλαζο-

115 553 205 589 νείαν
228 564 287 589 και
305 549 495 603 φαντασίαν
515 548 758 597 ἐπαινούμενον
778 547 837 584 καὶ
858 546 1078 595 ζηλούμενον,
1102 546 1148 587 ὡς

115 611 204 680 μέγα
236 625 269 646 τι
294 610 352 646 καὶ
381 607 585 656 θαυμάσιον,
619 606 636 643 ὃ
659 605 718 643 καὶ
744 604 806 651 τὴν
839 602 1056 649 κατασκευὴν
1077 603 1148 653 ἔχει

116 667 350 719 ῥᾳδιεστέραν
373 682 431 703 και
451 664 512 710 τὴν
533 664 710 711 εὐδόκησιν
731 663 1018 714 ὀλιγοδεεστέραν,
1039 661 1148 698 καθά-

114 742 179 777 περ
200 729 234 763 αἱ
256 726 373 762 λοιπαι
398 741 464 761 των
493 727 649 796 γραφῶν.
674 723 762 774 Περι
793 722 828 759 δὲ
852 738 912 767 της
939 736 1006 758 των
1035 720 1147 757 τόπων

114 784 248 833 ἀγνοίας
276 787 344 820 τὼΓ
371 799 461 820 κατα
493 783 555 827 τὴν
586 782 806 830 Λακωνικὴν,
834 780 889 817 διὰ
920 794 959 816 το
994 778 1146 848 μεγάλην

115 858 201 878 ειναι
221 841 283 887 τὴν
310 841 551 891 παράπτωσιν,
581 855 642 877 ουκ
669 838 809 885 ὤκνησα
831 836 961 889 γράψαι
986 835 1045 873 καὶ
1068 835 1149 886 πρὸς

114 900 216 937 αὐτὸν
236 899 399 945 Ζήνωνα·
418 898 555 948 κρίνων,
572 898 650 935 καλ
642 913 678 936 ον
694 901 779 934 εἰναι
801 896 839 934 τὸ
860 896 907 944 υὴ
924 895 984 937 τὰς
1000 911 1064 931 των
1082 894 1147 931 πέ-

114 960 176 1001 >otc
205 958 377 1009 ἁμαρτίας
408 956 479 994 ιδια
510 955 757 1008 προτερήματα
792 954 955 1003 νομίζειν,
992 951 1148 1002 καθάπερ

114 1016 196 1054 ἔνιοι
215 1020 324 1054 ποιεῖν
347 1015 522 1053 εἰώθασιν·
553 1014 642 1051 ἀλλὰ
661 1013 708 1062 υ.·Γ,
730 1013 830 1062 μόνον
848 1015 914 1048 τῶν
944 1012 1037 1049 ἰδίων
1059 1013 1147 1047 ὑπο-

115 1074 321 1123 μνημάτων,
342 1073 431 1111 ἀλλὰ
455 1073 512 1110 καὶ
533 1075 598 1109 τῶν
621 1071 826 1121 ἀλλοτρίων,
852 1069 996 1106 καθόσον
1020 1063 1083 1105 οἷοί
1112 1083 1147 1104 τε

115 1133 228 1182 ἐσυὲν,
246 1135 417 1170 ποιεῖσθαι
433 1131 593 1181 πρόνοιαν
612 1145 670 1166 και
691 1129 866 1179 διόρθωσιν
888 1128 989 1179 χάριν
1006 1143 1066 1172 της
1079 1142 1150 1164 κοι-

114 1194 174 1237 νῆς
196 1191 377 1249 ὠφελείας.
401 1189 445 1228 ‘O
474 1189 508 1226 δὲ
534 1187 650 1225 λαΕιΝ
670 1187 732 1233 τ·Γ,ν
752 1186 947 1231 ἐπιστολὴν,
970 1200 1028 1221 και
1050 1184 1148 1234 γνοὺς

116 1249 281 1286 ἀδύνατον
305 1251 408 1284 οὖσαν
426 1263 485 1292 την
505 1246 703 1295 μετάθεσιν.
724 1244 781 1281 διὰ
800 1244 838 1281 τὸ
858 1243 1151 1313 προεκδεδωκεναι

114 1306 174 1349 τὰς
199 1305 321 1343 συντά
310 1322 390 1352 εις,
413 1305 565 1350 ἐλυπηθη
596 1304 656 1352 μὲν
689 1305 735 1345 ὡς
761 1302 809 1339 ἔνι
840 1301 1012 1350 μάλιστα,
1043 1306 1151 1338 ποιεῖν

116 1363 143 1401 δ’
164 1365 257 1401 οὐδὲν
274 1358 347 1414 εἶχε
360 1379 367 1386 ·
395 1362 456 1408 τήν
475 1377 513 1411 γε
534 1361 602 1411 μὴν
622 1360 793 1411 ἡμετέραν
811 1358 941 1410 αἵρεσιν
963 1358 1151 1402 ἀπεδέξατο

117 1421 338 1473 φιλοφρόνως.

193 1633 693 1690 ANTISTHENES
732 1631 1070 1687 RHODlUS.

178 1780 423 1813 xnus-thenon
441 1776 631 1810 Rhodium
648 1775 808 1811 Zenonis
822 1782 857 1809 et
870 1774 1016 1820 Poly-bii
1031 1787 1151 1820 :cqua-

118 1840 188 1872 lcni
203 1865 212 1880 ,
246 1844 512 1880 auctoremque
532 1834 638 1867 fuisse
659 1834 782 1879 operis
811 1833 996 1876 historici,
1018 1833 1055 1866 in
1076 1845 1152 1879 quo

118 1896 164 1929 (le
183 1896 237 1929 sui
268 1894 444 1940 temporis
464 1892 572 1927 rebus
603 1892 710 1938 gestis
738 1891 1007 1937 exponebatur,
1034 1890 1146 1925 doce-

116 1966 200 1987 mur
218 1955 299 1996 ⁴loco
316 1952 459 1998 polybii
480 1951 603 1999 (XVI,
626 1954 668 1991 14
691 1947 794 1998 sqq.)
809 1977 817 1993 ,
835 1961 946 1995 quem
967 1949 1006 1984 in
1027 1949 1153 1985 Zeno-

116 2013 171 2046 nis
183 2011 395 2058 fragmentis
413 2008 461 2059 (ρ.
483 2008 568 2056 177)
585 2008 830 2044 exhibuimus.
845 2007 915 2052 Qui
931 2008 1070 2050 titulus,
1091 2008 1154 2053 qui

117 2071 274 2104 ambitus
295 2069 417 2114 operis
446 2067 574 2110 fuerit,
605 2065 707 2101 haud
733 2072 896 2110 constat;

118 2131 214 2163 nllus
225 2134 358 2174 praeter
372 2127 586 2173 Polybium,
606 2125 845 2159 historiarum
860 2124 1084 2160 Antisthenis
1099 2124 1153 2158 di-

926 2078 1013 2099 nssln
1041 2078 1153 2099 nemo

118 2195 250 2222 sertam
263 2186 349 2220 facit
360 2186 602 2219 mentionem.
614 2185 760 2218 Nomen
769 2190 892 2217 tamen
901 2183 1058 2217 servavit
1069 2183 1157 2216 Dio-

118 2258 227 2291 genes
241 2244 408 2279 Laertius
421 2243 485 2285 VI,
507 2254 566 2289 19,
583 2243 645 2288 qui
667 2248 862 2288 postquam
877 2241 923 2274 de
939 2240 1155 2275 Antisthene

123 2304 341 2337 Atheniense
368 2301 511 2336 dixerat
525 2328 534 2344 ,

121 2359 219 2395 ἄλλοι
251 2357 469 2398 Ἀντισθένεις
506 2361 595 2406 τρεῖς
606 2387 615 2402 ,

122 2416 302 2467 Ἐφέσιος,
324 2415 383 2452 καὶ
400 2414 530 2456 Ῥόδιός
548 2430 595 2456 τις
607 2413 787 2463 ἱστορικός.
808 2436 859 2441 —
875 2416 930 2449 De
948 2414 1156 2448 Heracliteo

568 2299 717 2345 subjicit
749 2299 856 2334 haec:
890 2296 1057 2345 Γεγόνασι
1095 2295 1154 2332 καὶ

652 2355 661 2367 ‘
669 2356 907 2405 Ηρακλείτειος
946 2348 991 2396 εἷς
1000 2383 1010 2400 ,
1045 2355 1157 2404 ἕτερος

122 2490 198 2511 non
216 2478 330 2524 magis
346 2477 461 2522 liquet
480 2488 590 2522 quam
609 2475 654 2509 de
674 2475 846 2521 Ephesio.
864 2475 986 2518 Quare
1007 2471 1155 2507 difficil-

124 2536 250 2570 limum
271 2541 322 2569 est
344 2534 569 2579 dijudicare,
591 2533 638 2568 ad
668 2545 763 2579 qnos
810 2532 1043 2568 Antisthenes
1062 2531 1155 2565 rese-

123 2593 237 2628 renda
257 2594 328 2626 sint
351 2605 430 2638 qnae
450 2593 623 2639 leguntur
642 2591 742 2638 apud
771 2591 1013 2638 phlegontem
1027 2617 1035 2632 ‚
1064 2590 1159 2623 Dio-

123 2663 254 2698 genem
279 2651 486 2693 Laertium,
520 2650 700 2693 Plinium,
730 2649 985 2683 Plutarchum.
1012 2648 1156 2682 Etenim

128 2709 262 2755 l'lilego
291 2710 328 2742 in
348 2709 481 2742 Mirab.
516 2721 548 2743 c.
582 2708 603 2741 3
626 2720 671 2742 ex
692 2707 909 2742 Antisthene
930 2705 1158 2752 philosopho

120 2770 357 2813 peripatetico
378 2768 470 2802 mira
488 2766 656 2812 quaedam
675 2772 798 2800 narrat
816 2765 862 2799 (le
878 2765 1043 2812 Buplago
1064 2765 1157 2810 Syro

125 2874 304 2905 necessariis
316 2874 382 2911 ejus
402 2873 542 2913 partibus
570 2875 616 2903 est
638 2872 879 2904 elaborandum.
903 2874 1005 2911 Atque
1030 2872 1098 2901 lure
1123 2874 1158 2902 ut

125 2935 209 2956 nunc
224 2926 380 2964 dicerem,
400 2934 436 2955 eo
450 2934 519 2955 sum
535 2925 711 2962 adductus,
726 2925 826 2964 quod,
842 2924 970 2963 perinde
984 2926 1019 2954 ut
1034 2924 1063 2954 in
1078 2925 1157 2954 ecte-

125 2978 166 3009 ris
180 2977 357 3016 quibusque
369 2976 488 3007 artibus
501 2986 537 3006 ae
551 2976 673 3013 studiis,
689 2977 733 3006 sie
747 2977 839 3006 etiam
856 2977 884 3005 in
900 2976 1039 3014 historia,
1052 2984 1159 3006 veram

127 3029 297 3067 rationem,
321 3031 416 3068 atque
445 3028 474 3058 id
497 3029 582 3067 quod
607 3028 647 3058 ad
673 3037 765 3058 usum
789 3029 944 3067 pertinet,
975 3028 1161 3067 plerumque

126 3081 237 3119 negligi
251 3080 373 3110 videam
389 3091 397 3118 ·‚
415 3080 499 3118 quozl
516 3088 589 3109 vero
606 3079 645 3109 ad
659 3079 903 3109 ostentationem
917 3081 947 3109 et
961 3078 998 3108 ad
1012 3086 1160 3117 pompam

128 3132 341 3171 compositum
356 3133 416 3168 est,
434 3131 554 3161 laudari
572 3140 608 3161 ac
623 3131 747 3169 probari
760 3132 922 3169 tamquam
940 3139 1088 3168 magnum
1103 3130 1159 3160 ali-

128 3184 202 3223 quid
219 3187 315 3223 atque
330 3183 488 3221 mirabile3
505 3193 604 3222 quum
622 3185 726 3214 tamen
746 3183 774 3213 id
789 3183 891 3221 ipsum
907 3183 936 3212 in
949 3182 1076 3213 historia
1091 3192 1160 3221 pcr-

130 3236 200 3267 inde
219 3245 255 3267 ac
269 3236 298 3266 in
314 3236 440 3275 reliquis
453 3235 607 3266 scribendi
623 3235 789 3274 generibus
801 3260 808 3273 ‚
824 3236 855 3265 et
866 3234 1026 3265 elaboratu
1042 3235 1161 3265 facilius

128 3291 165 3319 sit
179 3313 186 3326 ‚
202 3293 232 3319 et
249 3288 288 3319 ad
303 3288 490 3328 placendum
506 3287 605 3318 multo
623 3287 796 3317 minoribus
811 3286 943 3324 indigeat
958 3286 1159 3322 adjumentis.

130 3343 275 3371 (clerum
289 3341 326 3372 de
341 3341 391 3371 illa
406 3341 546 3371 locorum
565 3342 628 3378 agri
645 3339 788 3370 Laconici
807 3339 1011 3378 ignoratione,
1026 3349 1063 3369 eo
1077 3340 1159 3378 quod

1212 263 1249 295 et
1278 256 1410 290 Publio
1438 255 1532 288 (luce
1556 255 1748 297 Romano,
1771 266 1851 300 quae
1877 254 2069 301 contigisse
2089 255 2139 288 ait
2159 261 2244 301 post

1209 325 1392 361 pugnam,
1412 324 1485 359 qua
1505 312 1663 346 Romani
1679 323 1800 358 prope
1819 312 2088 358 Thermopylas
2107 313 2241 347 Antio-

1210 372 1318 406 chum
1339 372 1521 406 vicerunt.
1543 371 1687 405 Vossius
1706 370 1860 416 quidem
1877 368 1934 418 (p.
1955 369 2052 417 393)
2073 382 2118 405 ex
2136 371 2243 405 Rho-

1211 429 1273 463 dio
1294 441 1336 463 ea
1356 428 1549 475 desumpta
1569 439 1644 462 esse
1673 429 1896 474 suspicatur;
1925 440 2056 462 verum
2076 429 2244 474 quamvis

1211 495 1377 534 tempora
1397 487 1451 521 rei
1471 492 1627 520 narratae
1647 493 1758 533 atque
1776 487 1966 533 scriptoris
1988 485 2136 521 faveant
2155 487 2242 521 huie

1209 547 1415 588 sententiae,
1448 545 1688 579 nihilominus
1723 556 1856 579 vereor
1894 556 1941 579 ne
1971 544 2062 579 alius
2093 544 2244 590 quidam

1209 604 1390 650 sequioris
1403 604 1469 637 aevi
1485 604 1644 650 scriptor
1657 602 1920 650 intelligendus
1939 603 1997 638 sit.
2020 603 2120 638 Fieri
2147 603 2245 648 enim

1210 664 1271 697 vix
1292 663 1416 709 potuit
1440 669 1482 696 ut
1514 662 1749 696 Antisthenes
1763 661 1933 696 Rhodius
1951 672 2031 695 rem
2056 672 2119 695 sua
2140 667 2246 696 aetate

1211 722 1249 755 in
1275 721 1427 770 regione
1448 720 1621 754 omnibus
1637 720 1824 754 notissima
1846 726 1984 767 gestam
2010 719 2246 765 ineptissimis

1211 779 1352 813 fabellis
1382 777 1591 812 deformare
1619 784 1772 812 conatus
1795 777 1850 811 sit.
1870 797 1922 802 --
1946 777 2132 824 Diogenes
2155 787 2246 811 vero

1210 837 1375 872 Laertius
1386 837 1579 883 saepissime
1592 835 1719 870 laudat
1732 835 1958 870 Antisthenis
1975 835 2055 870 τῶν
2071 848 2094 885 φ
2105 831 2222 869 ιλοσό
2233 853 2246 860 ·

1212 908 1293 943 φων
1321 893 1522 942 διαδοχάς
1545 892 1604 943 (Ἴ.
1635 893 1733 939 Quas
1760 892 1883 927 eidem
1916 892 2064 928 Vossius
2081 891 2250 927 vindica-

1254 1005 1296 1044 (*.)
1320 1003 1405 1042 Diog.
1429 1005 1464 1034 L.
1492 1004 1525 1040 Ι,
1541 1004 1580 1033 40
1607 1011 1613 1032 :
1643 1002 1686 1032 Τὸ
1715 1002 1811 1032 Γνῶθι
1833 1000 1988 1032 σεαυτόν..
2009 1000 2192 1038 Ἀντισθένης
2211 1001 2243 1032 ἐν

1211 1055 1275 1086 ταῖς
1300 1051 1464 1090 Διαδοχαῖς
1489 1049 1653 1089 Φημονόης
1681 1048 1757 1079 εἷναί
1786 1059 1895 1087 φησιν,
1922 1048 2200 1086 ἐξιδιοποιήσασθαι
2216 1049 2248 1079 δὲ

1212 1098 1286 1128 αὐτὸ
1304 1097 1456 1127 Χείλωνα.

1254 1142 1340 1173 idem
1361 1144 1409 1179 11,
1426 1144 1465 1172 29
1490 1150 1498 1171 :
1519 1141 1702 1177 Ἀντισθένης
1718 1140 1743 1171 δ’
1761 1141 1791 1171 ἐν
1813 1142 1878 1175 ταῖς
1899 1142 1960 1170 τῶν
1980 1140 2163 1180 Φιλοσόφων
2181 1141 2248 1171 δια-

1212 1191 1317 1230 δοχαῖς
1345 1189 1396 1218 καὶ
1425 1188 1553 1219 Πλάτων
1572 1188 1601 1217 ἐν
1624 1187 1804 1227 Ἀπολογία,
1826 1190 1902 1226 τρεῖς
1920 1186 2013 1217 αὑτοῦ
2033 1187 2250 1227 (Σωκράτους)

1212 1235 1422 1276 κατηγορῆσαί
1438 1246 1547 1274 φασιν,
1571 1234 1694 1265 Ἄνυτον
1711 1235 1762 1264 καὶ
1785 1233 1919 1264 Λύκωνα
1941 1233 1994 1263 καὶ
2020 1233 2175 1270 Μέλητον·
2197 1235 2249 1264 τὸν

1215 1285 1267 1323 μὲν
1286 1284 1408 1313 Ἄνυτον
1426 1282 1492 1320 περὶ
1510 1285 1570 1311 τῶν
1588 1281 1780 1320 δημιουργῶν
1798 1282 1850 1310 καὶ
1866 1283 1927 1310 τῶν
1944 1281 2110 1310 πολιτικῶν
2131 1279 2249 1320 ὀργιζό-

1213 1339 1315 1367 μενον·
1333 1330 1384 1359 τὸν
1404 1329 1435 1358 δὲ
1455 1328 1589 1358 Λύκωνα
1609 1328 1685 1367 ὑπὲρ
1709 1330 1770 1357 τῶν
1793 1327 1948 1367 ῥητόρων,
1970 1328 2023 1357 καὶ
2039 1327 2091 1357 τὸν
2108 1328 2249 1364 Μέλητον

1212 1377 1286 1416 ὑπὲρ
1299 1379 1359 1406 τῶν
1373 1377 1524 1410 ποιητῶν·
1543 1374 1592 1408 οὓς
1610 1374 1745 1409 ἅπαντας
1759 1374 1775 1403 ὁ
1793 1373 1958 1414 Σωκράτης
1974 1374 2104 1413 διέσυρε.

1254 1422 1341 1454 Idem
1362 1423 1409 1459 11,
1438 1423 1476 1452 98
1502 1432 1508 1449 z
1533 1420 1671 1450 ’Ἡκουσε
1695 1420 1726 1449 δὲ
1752 1420 1803 1449 καὶ
1829 1419 2022 1460 Ἀννικέριδος
2045 1421 2061 1449 ὁ
2088 1418 2248 1459 Θεόδωρος

1215 1469 1364 1507 (atheus)
1393 1468 1444 1497 καὶ
1463 1466 1624 1497 Διονυσίου
1641 1469 1695 1496 τοῦ
1724 1466 1934 1505 διαλεκτικοῦ,
1966 1466 2047 1497 καθά
2071 1477 2161 1506 φησιν
2181 1465 2249 1497 Ἀν-

1211 1515 1346 1549 τισθέν-Γ,ς
1360 1514 1389 1544 ἐν
1404 1512 1586 1552 Φιλοσόφων
1600 1512 1766 1551 διαδοχαῖς.

1256 1561 1340 1592 ldem
1355 1563 1411 1598 vt,
1425 1560 1522 1597 77,‹le
1537 1561 1638 1589 morte
1652 1558 1796 1597 Diogenis
1813 1572 1818 1589 :
1832 1560 1870 1590 Οἱ
1883 1558 1983 1598 μέντοι
1997 1559 2143 1599 γνώριμοι
2157 1559 2252 1590 αὐτοῦ

1216 1608 1313 1646 (καθά
1329 1619 1418 1645 Ιφησιν
1434 1606 1617 1641 Ἀντισθένης
1634 1605 1664 1635 ἐν
1678 1605 1862 1645 Διαδοχαῖς)
1879 1605 2000 1641 εἷκαζον
2022 1607 2076 1642 την
2091 1609 2143 1636 τοῦ
2163 1607 2251 1638 πνεύ-

1216 1666 1310 1695 ματος
1327 1654 1519 1694 ε’γκράτησιν.
1543 1651 1710 1692 Ἐτύγχανε
1728 1653 1780 1691 μἐν
1798 1653 1855 1692 γὰρ
1875 1652 1988 1691 διάγων
2009 1653 2039 1683 ἐν
2052 1656 2096 1693 τῷ
2113 1653 2253 1694 Κρανείῳ

1213 1704 1257 1741 τῷ
1274 1702 1331 1741 πρὸ
1350 1705 1402 1737 τῆς
1420 1700 1566 1740 Κορίνθου
1590 1698 1763 1738 γυμνασίῳ.
1791 1699 1878 1728 Κατὰ
1906 1699 1937 1729 δὲ
1960 1699 1996 1728 τὸ
2025 1699 2089 1734 ἔθος
2119 1698 2195 1737 ἧκον
2223 1701 2251 1730 οἱ

1213 1749 1378 1787 γνώριμοι,
1396 1747 1447 1776 καὶ
1471 1746 1563 1776 αὐτὸν
1578 1744 1864 1784 καταλαμὸάνουσιν
1885 1746 2150 1784 ἐγκεκαλυμμένον
2161 1770 2170 1783 ,
2186 1746 2249 1776 οὐδ’

1214 1794 1342 1824 εϊκασαν
1368 1793 1458 1823 αὐτὸν
1486 1793 1692 1832 κοιμώμενον.
1718 1791 1798 1821 Οὐδὲ
1823 1792 1881 1831 γὰρ
1905 1792 1942 1829 ἦν
1960 1803 2004 1826 τις
2027 1793 2174 1827 νυκταλὸς
2201 1793 2253 1822 καὶ

1213 1840 1358 1877 ὑπνηλός.
1377 1840 1468 1869 ’Ὁθεν
1494 1838 1742 1873 ἀποπετάσαντες
1767 1839 1818 1868 τὸν
1844 1838 1998 1878 τρίὸωνα,
2016 1838 2146 1868 ἔκπνουν
2162 1838 2254 1872 αὐτὸν

1215 1886 1497 1926 καταλαμδάνουσι.
1532 1887 1591 1916 Καὶ
1620 1886 1773 1916 ὑπέλαὸον
1801 1888 1893 1916 τοῦτο
1923 1885 2034 1925 πρᾶξαι
2071 1884 2254 1925 βουλόμενον

1214 1936 1319 1966 λοιπὸν
1330 1934 1495 1969 ὑπεξελθεῖν
1511 1936 1565 1964 τοῦ
1580 1933 1659 1973 βίου.

1257 1983 1343 2013 Idem
1359 1983 1400 2011 Vl
1412 2004 1419 2018 ,
1447 1983 1498 2019 87,
1516 1980 1555 2010 de
1581 1981 1710 2010 Cratete
1729 1979 1880 2010 Thebano
1896 1991 1903 2010 :
1923 1979 2039 2010 Τοῦτόν
2056 1990 2146 2019 φησιν
2162 1979 2253 2010 Ἄντι-

1218 2030 1324 2065 σθένης
1347 2029 1377 2058 ἐν
1395 2028 1563 2067 Διαδοχαῖς
1590 2026 1776 2066 θεασάμενον
1799 2025 1832 2056 ἓν
1857 2037 1913 2056 τινι
1939 2026 2094 2066 τραγῳδίᾳ
2119 2026 2255 2066 Τήλεφον

1216 2076 1374 2115 σπυρίδιον
1401 2075 1512 2114 ἔχοντα
1529 2074 1581 2104 καὶ
1605 2074 1701 2104 τᾶλλα
1725 2073 1855 2112 λυπρὸν,
1879 2073 1959 2107 ἀίξαι
1976 2073 2026 2103 ἐπὶ
2048 2073 2103 2109 την
2120 2074 2254 2110 Κυνικὴν

1216 2125 1264 2162 φιλ
1267 2133 1354 2161 οσοφι
1358 2133 1405 2151 αν.
1426 2120 1458 2151 Ἐ
1462 2120 1717 2160 ξαργυρισάμενὸν
1733 2131 1765 2150 τε
1780 2120 1834 2156 τὴν
1847 2119 1955 2149 οὗσίαν
1978 2120 2048 2158 (καὶ
2065 2119 2122 2159 γὰρ
2138 2119 2175 2157 ἦν
2193 2123 2254 2150 τῶν

1216 2167 1388 2222 ἐπιφανῶΓ)
1403 2167 1585 2206 αθροίσαντα
1604 2167 1676 2206 πρὸς
1690 2167 1728 2196 τα
1745 2166 1853 2196 ἑκατὸν
1875 2166 1927 2195 καὶ
1941 2165 2086 2196 διακόσια
2100 2166 2253 2204 τάλαντα,

1215 2219 1277 2250 τοῖς
1300 2212 1435 2248 ποΤίι-αις
1458 2213 1509 2243 ἀνε
1510 2216 1570 2243 ῖναι
1587 2217 1699 2243 ταῦτα·
1717 2212 1808 2242 αότδν
1822 2212 1853 2242 δε
1874 2215 2025 2250 καρτερῶς
2037 2212 2118 2242 οὕτω
2134 2213 2255 2251 φιλοσο-

1217 2266 1301 2302 φεῖν,
1320 2261 1461 2291 ὥστεκαὶ
1488 2260 1649 2298 Φιλήμονα
1676 2259 1727 2289 τὸΓ
1754 2259 1892 2298 κωμικὸν
1915 2258 2009 2289 αὐτου
2035 2260 2217 2298 μεμνῆσθαι.

1257 2307 1344 2339 Idem
1363 2309 1418 2336 vlt
1432 2330 1439 2344 ‚
1462 2310 1518 2337 168
1545 2319 1551 2336 :
1575 2306 1726 2341 Κλεάνθης
1743 2305 1881 2342 Φανίου,
1898 2305 2034 2340 Ἄσσιος.
2055 2303 2153 2342 Οὗτος
2169 2309 2254 2346 πρῶ-

1216 2366 1267 2385 τον
1284 2354 1320 2392 ἦν
1334 2354 1450 2389 πύκτης
1464 2377 1471 2390 ,
1489 2354 1529 2388 ὥς
1546 2364 1635 2391 φησιν
1655 2352 1837 2387 Ἀντισθένης
1856 2352 1886 2382 ἐν
1904 2352 2081 2391 Διαδοχαῖς.

1260 2401 1344 2441 iden]
1365 2402 1406 2430 lx
1419 2423 1426 2436 ‚
1445 2404 1476 2437 6,
1494 2400 1533 2430 (le
1551 2399 1708 2430 Heraclito
1726 2398 1861 2438 Ephesio
1878 2411 1885 2429 ε
1905 2400 2034 2437 Σημεῐον
2049 2398 2075 2429 δ’
2089 2399 2184 2430 αὐτοῦ
2201 2402 2254 2436 τῆς

1218 2446 1481 2488 μεγαλοφροσύνης
1498 2446 1680 2482 Ἀντισθένης
1704 2446 1793 2485 φησὶν
1819 2445 1848 2475 ἐν
1869 2445 2051 2485 Διαδοχαῖς·
2075 2445 2253 2485 ἐκχωρῆσαι

1217 2495 1274 2534 γαρ
1287 2493 1424 2532 τάδελφῷ
1440 2496 1490 2529 τῆς
1511 2492 1678 2532 βασιλείας.

1259 2540 1345 2571 ldem
1365 2541 1423 2577 lx,
1443 2541 1493 2576 27,
1513 2538 1551 2568 de
1569 2540 1694 2568 Zenone
1715 2537 1819 2568 Ele-ata
1848 2550 1854 2567 :
1873 2537 2056 2573 Ἀντισθένης
2075 2537 2106 2567 δὲ
2131 2534 2253 2572 ἐν’ταῖς

1219 2587 1383 2626 Διαδοχαῖς
1414 2586 1486 2625 φησὶ
1514 2584 1590 2623 μετὰ
1619 2584 1652 2614 τὸ
1683 2587 1814 2623 μηνῦσαι
1839 2584 1909 2618 τοὺς
1937 2583 2038 2622 φίλους
2067 2583 2253 2623 ἐρωτηθῆναι

1218 2634 1291 2673 πρὸς
1317 2636 1370 2662 τοῦ
1387 2632 1532 2672 τυράννου
1559 2632 1620 2668 (sc,
1648 2630 1826 2670 Νεάρχου),
1842 2629 1868 2660 εἴ
1885 2641 1927 2664 τις
1951 2629 2039 2664 ἄλλος
2068 2630 2115 2666 εἴη
2127 2638 2135 2644 ·
2154 2629 2206 2660 τὸν
2223 2630 2255 2660 δὲ

1220 2681 1333 2717 εἰπεῖν,
1351 2679 1389 2708 Σὺ
1407 2679 1422 2707 ὁ
1439 2681 1491 2713 τῆς
1508 2677 1625 2711 πόλεως
1643 2677 1804 2715 ἀλιτήριος.
1828 2676 1906 2715 Πρὸς
1921 2676 1951 2706 δὲ
1967 2676 2039 2711 τοὺς
2055 2679 2254 2715 παρεστῶτας

1220 2725 1310 2764 φάναι
1322 2749 1330 2763 ,
1350 2724 1507 2763 Θαυμάζω
1525 2725 1610 2762 ὑμῶν
1627 2723 1681 2759 τήν
1699 2723 1829 2759 δειλίαν,
1849 2723 1874 2752 εἰ
1897 2722 2013 2752 τούτων
2028 2722 2127 2752 ἕνεκεν
2143 2722 2186 2752 ὧν
2202 2724 2254 2752 νῦν

1221 2773 1281 2810 ἐγὼ
1306 2772 1469 2810 ὑπομένω,
1497 2769 1653 2800 δουλεύετε
1676 2772 1719 2808 τῷ
1747 2768 1903 2808 τυράννῳ,
1927 2769 1979 2798 καὶ
2004 2769 2087 2803 τέλος
2118 2768 2252 2808 ἀποτρα-

1225 2869 1328 2909 gravis
1344 2877 1410 2900 esse
1435 2868 1460 2898 is
1485 2876 1573 2898 error
1598 2867 1769 2906 videi-etur,
1792 2867 1832 2897 ad
1855 2867 1956 2906 ipsum
1975 2869 2130 2898 Zenonem
2149 2866 2254 2898 literas

1221 2921 1359 2952 scribere
1384 2929 1446 2950 non
1471 2919 1632 2958 (lubitavi;
1660 2919 1796 2949 hominis
1821 2918 1945 2956 ingenui
1969 2927 2035 2949 esse
2062 2917 2252 2955 arbitratus,

1220 2981 1282 3003 non
1299 2981 1339 3002 ex
1352 2971 1461 3002 alicnis
1474 2971 1584 3000 erratis
1594 2969 1725 3009 gloriam
1737 2971 1874 3009 captare,
1885 2968 1969 3008 qnod
1984 2968 2127 2999 nonnulli
2140 2969 2253 3008 solent,

1220 3024 1274 3055 sed
1285 3031 1381 3062 quum
1397 3022 1522 3060 nostris,
1533 3022 1603 3051 tum
1618 3019 1712 3051 ctiam
1726 3020 1834 3051 alienis
1846 3019 2092 3057 conunentariis,
2110 3019 2255 3050 utilitatis

1220 3074 1355 3115 publicae
1370 3072 1486 3112 gratia,
1501 3072 1656 3111 quantum
1674 3072 1704 3101 in
1722 3070 1812 3101 nobis
1831 3072 1895 3108 est,
1915 3078 2025 3100 curam
2041 3072 2137 3109 atque
2149 3078 2254 3101 emen-

1220 3127 1378 3157 dationem
1405 3124 1564 3155 adhibere.
1598 3123 1652 3154 lile
1676 3124 1800 3161 autem,
1828 3125 1957 3161 accepta
1980 3122 2127 3161 epistola,
2154 3130 2253 3161 quum

1221 3176 1413 3216 exemplaria
1429 3174 1590 3206 emendari
1605 3183 1666 3204 non
1679 3182 1769 3213 posse
1782 3175 1940 3211 cerneret,
1958 3171 2111 3212 quiajam
2132 3173 2162 3203 in
2186 3173 2253 3203 vul-

1220 3237 1277 3268 gus
1290 3227 1372 3258 edita
1389 3228 1506 3264 essent,
1523 3225 1623 3256 doluit
1638 3224 1765 3263 quidem
1785 3232 1881 3263 quain
1901 3224 2056 3262 maximc;
2074 3223 2126 3254 sed
2150 3224 2253 3254 facere

1222 3280 1296 3310 niliil
1322 3278 1424 3317 potuit
1449 3290 1455 3307 :
1483 3278 1623 3307 ceterum
1646 3274 1811 3306 consilinm
1835 3277 1977 3305 nostrum
2005 3274 2155 3305 benevole
2180 3283 2252 3314 pro-

1222 3327 1316 3357 liaxit.
