2289 3728
947 136 1267 176 FRAGMENTA.

56 224 143 269 τὸνὴ
160 223 274 273 μήτηρ
292 224 581 274 καταφλεχθεῖσα,
598 221 712 264 κισσὸς
730 221 764 258 δὲ
777 221 855 272 περὶ
872 220 947 262 τοὺς
964 221 1077 263 κίονας

56 280 116 332 φὺς
132 281 180 318 ἔτι
203 279 322 331 βρέφος
341 280 421 317 ὄντα
440 279 528 316 κατὰ
546 283 604 316 τοῦ
622 278 728 316 νώτου
753 278 966 330 περιείλιξεν,
987 278 1078 320 ὅπως

56 338 103 387 μὴ
125 339 199 378 κτλ.

352 433 380 465 Ε
408 431 553 466 LIBRO
582 430 779 466 OCTAVO.

540 534 599 569 19.

113 615 236 650 Schol.
260 615 306 650 Il.
324 615 369 657 Ο,
389 613 460 648 336
483 627 490 648 :
510 611 660 661 Ὁμοίως
674 613 722 663 τῷ
739 613 866 661 ποιητῇ
886 611 944 648 καὶ
959 610 1082 649 Ἱίλλοί-

56 685 145 712 νικος
165 669 225 715 τὴν
247 668 422 720 Ἐριώπην
445 668 576 718 μητέρα
604 668 750 711 Αἴαντός
780 669 916 717 (Ajacis
946 670 1080 713 Locri,

55 731 149 765 Oilei
169 730 193 766 f.
212 730 221 776 )
244 743 337 777 φησι.
358 726 556 776 Φερεκύδης
570 726 603 763 δὲ
621 728 654 763 ἐν
675 742 720 762 so>
738 728 784 776 (i.
803 740 835 762 e.
856 728 889 763 ἐν
908 724 1076 776 πέμπτῳ)

58 784 117 822 καὶ
134 785 294 827 Μνασέας
309 786 341 821 ἐν
361 784 393 830 η’
412 783 643 834 Ἀλκιμοίχηψ
659 786 675 820 ὁ
691 784 724 820 δὲ
741 786 808 819 τῶν
829 785 1082 822 Ναυπακτικῶν

56 842 199 887 ποιητὴς
221 842 390 890 διώνυμον
415 842 521 887 αὐτήν
538 857 637 893 φησι·
663 860 678 874 α
695 841 767 886 Τὴν
789 841 822 878 δὲ
839 842 911 889 μεθ’
935 840 1083 877 ὁπλοτά-

56 914 117 944 την
138 899 311 950 Ἐριώπην
328 899 537 947 ἐξονόμαζεν,
555 897 766 949 Ἀλκιμάχην
784 898 818 935 δὲ
838 897 952 948 πατήρ
967 913 1002 934 τε
1026 897 1084 934 καὶ

55 954 226 1004 Ἄδμητος
246 956 439 994 καλέεσκεν.
463 975 477 989 »

334 1063 361 1097 E
388 1062 545 1097 LIBRIS
573 1062 806 1096 INCERTIS.

540 1166 601 1189 20.

109 1243 283 1289 Stephan.
304 1243 390 1288 Byz.
406 1254 440 1277 v.
460 1238 608 1283 Δωδώνη
620 1252 627 1259 ·
646 1238 766 1275 Διτταὶ
787 1237 814 1274 δ’
830 1237 895 1274 εἰσὶ
909 1237 1085 1282 amaeam,

59 1298 145 1343 αὕτη
168 1298 225 1334 καὶ
250 1301 270 1342 ἡ
292 1299 324 1334 ἐν
357 1296 484 1347 Ἰταλίᾳ
500 1326 509 1341 ,
532 1295 687 1346 καθάπερ
709 1296 804 1332 ἄλλοι
830 1294 888 1331 καὶ
909 1293 1083 1336 Μνασέας.

59 1358 185 1392 Italica
200 1357 361 1392 Dodona
379 1355 527 1390 aliunde
546 1368 625 1390 non
646 1361 746 1391 nota.
767 1371 782 1385 «
802 1355 979 1389 Fortassis
995 1355 1084 1388 inci-

36 1451 40 1453 ,
59 1415 113 1450 dit
127 1421 250 1449 noster
267 1416 304 1448 in
322 1414 561 1461 depravatum
580 1414 733 1447 Mnaseae
753 1412 934 1454 codicem,
954 1413 992 1445 in
1009 1424 1084 1457 quo

59 1484 129 1518 pro
146 1472 312 1506 Bobom‘a
331 1471 405 1505 sive
425 1472 612 1514 Bononia,
638 1471 789 1504 Dodone
810 1470 868 1504 vel
892 1469 1077 1512 Dodonia,

59 1530 115 1564 vel
135 1530 250 1564 simile
265 1528 442 1564 mendum
463 1529 691 1575 obrepserat.
719 1544 733 1559 »
754 1529 978 1562 Bssmzssuus.

540 1627 602 1652 21.

113 1702 289 1748 Stephan.
321 1702 404 1748 Byz.
433 1714 442 1735 ε
468 1698 610 1745 Δώτιον,
638 1699 734 1742 πόλις
760 1697 974 1743 Θεσσαλίας,
1004 1695 1086 1735 ὅπου

31 1748 39 1756 ”
61 1755 264 1808 μετῴκησαν
284 1759 314 1794 οἱ
340 1757 491 1802 Κνίδιοι,
511 1751 556 1794 ὧν
585 1760 606 1802 ἡ
628 1756 724 1807 χώρα
751 1757 907 1795 Κνιδία..
933 1756 1086 1802 Ἐκλήθη

60 1815 94 1852 δὲ
116 1815 183 1852 ἀπὸ
199 1815 330 1858 Δωτίας
346 1818 404 1861 τῆς
421 1815 583 1853 Ἐλάτου.
606 1815 805 1866 Φερεκύδης
825 1813 859 1851 δὲ
874 1814 941 1850 ἀπὸ
955 1814 1083 1852 Δώτιος

59 1876 119 1910 τοῦ
135 1872 303 1923 Ἀστερίου
322 1873 379 1909 καὶ
397 1872 641 1924 Ἀμφικτυόνης
655 1876 713 1917 τῆς
730 1872 854 1910 Φθίου·
870 1874 913 1912 ὡς
927 1871 961 1907 δὲ
980 1871 1011 1908 ’A
1019 1876 1089 1921 el}-

61 1946 132 1975 νος,
154 1930 220 1967 ἀπὸ
237 1930 355 1967 Δώτου
369 1935 425 1967 τοῦ
441 1930 578 1968 Νεώνου
596 1934 654 1967 τοῦ
672 1929 857 1975 ἽΞλληνος·
875 1928 1036 1970 Μνασέας
1054 1928 1088 1965 δὲ

62 1987 128 2025 ἀπὸ
148 1987 266 2025 Δώτου
283 1992 341 2025 τοῦ
361 1989 559 2037 Πελασγοῦ.
580 1990 636 2026 Cf.
655 1990 802 2026 Muller.
821 1990 919 2025 Min.
937 2001 976 2035 p.
1001 2001 1086 2036 192.

545 2088 608 2112 22.

114 2163 288 2209 Stephan.
312 2163 395 2209 ByZ.
418 2174 426 2196 :
446 2157 629 2205 Ἄκανθος,
649 2160 747 2201 πόλις
766 2158 908 2210 Θρᾴκης
926 2157 1089 2199 ἀκάνθαις

552 2275 606 2305 19.

103 2330 183 2359 Cum
198 2330 334 2358 Homero
345 2327 542 2357 consentiens
552 2326 732 2357 Hellanicus
742 2334 867 2365 quoque
882 2325 1016 2364 Eriopen
1028 2333 1091 2354 1113-

63 2381 143 2410 trem
157 2379 259 2418 Ajacis
272 2379 358 2409 dicit.
375 2379 567 2418 Pherecydes
584 2387 658 2410 vero
675 2378 754 2408 libro
772 2378 882 2418 quinto
897 2378 928 2408 et
950 2379 1093 2408 Mnaseas

64 2433 177 2462 octavo
196 2431 395 2462 Alcimachen
407 2432 543 2471 ponunt.

552 2487 610 2518 20.

108 2541 184 2570 Duae
198 2541 271 2570 sunt
284 2539 435 2577 Dodonae,
450 2539 608 2578 Epirotica
622 2539 688 2569 haec
702 2539 796 2578 atque
809 2538 869 2568 alia
882 2538 914 2568 in
928 2537 1015 2568 Italia
1026 2561 1034 2576 ,
1047 2536 1092 2567 uti

67 2592 136 2620 tum
150 2589 202 2620 alii
215 2592 283 2620 tum
298 2592 440 2621 Mnaseas
452 2591 620 2620 testantur.

550 2645 605 2676 21.

108 2699 236 2732 Dotium
252 2699 326 2730 urbs
339 2699 522 2738 Thessaliae,
541 2708 604 2738 quo
619 2699 863 2738 commigrarunt
878 2698 998 2735 Cnidii,
1013 2707 1092 2737 quo-

67 2759 136 2781 rum
154 2750 236 2788 regio
257 2749 378 2780 Cnidia.
406 2750 612 2780 Denominata
634 2752 680 2780 est
697 2758 715 2780 3
733 2750 825 2780 Dotia
842 2749 920 2780 Elati
941 2749 1019 2785 tilia;
1043 2758 1093 2779 se-

66 2800 204 2831 cundum
223 2799 433 2838 Pherecydem
447 2808 521 2830 vero
537 2809 554 2830 3
572 2800 684 2830 Dotide
695 2824 703 2838 ‚
718 2799 829 2831 Asterii
843 2801 873 2830 et
890 2800 1093 2838 Amphictyo-

68 2860 140 2888 nes,
155 2859 227 2889 quae
243 2859 282 2880 ex
299 2850 411 2881 Phthio
423 2852 496 2880 nata
512 2852 577 2889 est;
597 2851 768 2881 secundum
791 2851 963 2881 Archinum
980 2859 998 2881 a
1013 2852 1094 2882 Doto

67 2902 164 2932 Neoni
181 2900 263 2939 filio,
282 2900 418 2931 Hellenis
433 2902 567 2940 nepote3
584 2901 758 2932 secundum
780 2903 957 2940 Mnaseam,
977 2910 995 2931 a
1013 2904 1094 2932 Doto

71 2952 188 2992 Pelasgi
203 2951 278 2983 filio.

550 3008 607 3039 222

110 3062 285 3100 Acanthus,
300 3061 374 3093 urbs
390 3061 533 3093 Thraciae
544 3086 553 3100 ‚
566 3071 660 3102 super
673 3063 826 3094 Athonem
843 3064 899 3094 sita
909 3088 917 3101 ,
936 3064 1094 3103 spinisque

70 3113 295 3152 circumsepta,
313 3112 396 3143 unde
419 3114 512 3143 etiarn
539 3122 653 3145 nomen
679 3114 773 3145 hahet
782 3137 791 3152 ‚
815 3114 863 3144 vel
889 3114 928 3144 ab
953 3115 1093 3145 Acantho

69 3163 206 3205 quodam
217 3187 225 3202 ,
240 3164 274 3194 ut
287 3165 427 3195 Mnaseas
440 3165 543 3196 tradit.

549 3219 605 3250 23.

112 3272 252 3304 Mnaseas
270 3271 352 3310 apud
370 3273 464 3303 Getas
480 3274 651 3303 Saturnum
669 3273 726 3303 coli
744 3282 779 3303 ac
797 3272 958 3303 zamolxin
977 3273 1090 3303 vorari.
1118 3307 1120 3311 .

2098 148 2165 177 153

1140 224 1362 274 πεφραγμένη
1391 224 1474 274 ὑπὲρ
1506 225 1561 261 τὸν
1593 224 1700 271 Ἄθω,
1720 225 1792 262 ὅθεν
1826 224 2012 271 κέκληται,
2045 224 2066 270 ἢ
2101 226 2168 262 ἀπό

1140 295 1225 321 τινος
1246 280 1404 318 Ἀκάνθου
1418 311 1426 327 ,
1448 285 1491 324 ὡς
1509 282 1685 324 Μνασέας.

1629 369 1691 403 23.

1194 450 1345 484 Photius
1368 453 1456 485 Lex.
1481 465 1487 485 :
1511 451 1725 498 Ζάμολξις...
1750 452 1910 494 Μνασέας
1934 452 1967 488 δὲ
1989 450 2084 502 παρὰ
2105 450 2170 488 Γέ-

1143 520 1216 546 ταις
1236 505 1291 541 τὸν
1310 506 1437 555 Κρόνον
1460 507 1598 557 (χρόνον
1621 512 1676 547 lit.
1700 510 1770 559 M.)
1793 513 1957 558 τιμᾶσθαι
1976 508 2033 545 καὶ
2052 509 2169 544 καλεῖ-

1145 565 1222 598 σθαι
1239 561 1423 610 Ζάμολξιν,

1629 656 1691 692 24.

1198 735 1320 770 Schol.
1344 735 1464 781 Apoll.
1486 735 1558 770 Rh.
1580 736 1637 778 ΙΙ,
1658 735 1730 779 675
1751 749 1757 769 :
1777 735 1940 778 Μνασέας
1958 736 1994 773 δέ
2013 752 2095 787 φησι
2111 740 2170 772 νῦν

1144 789 1220 832 τοὺς
1240 789 1503 841 “Υπερ6ορείους
1524 789 1674 842 Δελφοὺς
1692 791 1862 840 λέγεσθαι.

1627 876 1688 913 25.

1199 958 1324 995 Schol.
1347 957 1475 1004 Odyss.
1505 959 1651 1001 XVIII,
1672 957 1719 992 86
1754 970 1762 991 :
1791 954 1936 1006 Ἔχετος
1962 953 2002 1003 ἦν
2028 959 2087 1007 μὲν
2105 959 2175 1002 υἱὸς

1147 1015 1316 1065 Βουχέτου
1331 1045 1340 1061 ,
1370 1015 1425 1065 ἀφ’
1449 1010 1486 1052 οὗ
1508 1014 1564 1050 καὶ
1583 1016 1615 1050 ἐν
1642 1014 1782 1065 Σικελίᾳ
1803 1016 1899 1056 πόλις
1926 1017 2092 1066 Βούχετος
2110 1033 2174 1055 κα-

1146 1072 1265 1108 λεῖται.
1288 1073 1440 1109 Σικελῶν
1462 1071 1495 1108 δὲ
1517 1071 1676 1122 τύραννος
1697 1072 1845 1120 λέγεται.
1865 1075 1994 1110 Τοῦτον
2021 1074 2096 1116 τοὺς
2113 1075 2173 1122 μὲν

1151 1130 1334 1180 ἐγχωρίους
1354 1129 1442 1165 κατὰ
1460 1129 1571 1165 πάντα
1586 1129 1709 1179 τρόπον
1728 1129 1894 1175 σίνεσθαι,
1915 1130 1990 1172 τοὺς
2008 1130 2041 1167 δὲ
2063 1131 2172 1174 ξένους

1151 1189 1299 1238 ἀναιρεῖν
1317 1186 1521 1235 λωὸώμενον
1533 1186 1729 1231 ··τοσαύτην
1747 1185 1780 1222 δὲ
1799 1187 1921 1223 κακίαν
1937 1187 2041 1238 ἔχειν,
2060 1191 2104 1231 ὡς
2119 1190 2176 1226 καὶ

1150 1244 1226 1287 τοὺς
1244 1245 1378 1295 μακρὰν
1398 1246 1569 1286 οἰκοῦντας
1583 1274 1592 1291 ,
1609 1243 1664 1280 ὅτε
1682 1244 1806 1281 θέλοιεν
1824 1245 1952 1296 σφόδρα
1966 1245 2040 1282 τινὰ
2057 1262 2173 1293 τιμω-

1149 1306 1248 1354 ρῆσαῑ
1275 1303 1334 1340 καὶ
1354 1303 1435 1352 ξένῳ
1457 1302 1662 1353 παριὸαλεῒν
1684 1303 1838 1353 θανάτῳ,
1860 1302 2048 1352 ἐκπέμπειν
2066 1305 2175 1355 αὐτῷ·

1147 1360 1275 1403 πολλὰς
1293 1360 1358 1410 γὰρ
1381 1359 1539 1410 μηχανὰς
1566 1360 1710 1410 ἐξευρεῖν
1730 1365 1846 1396 τοῦτον
1865 1361 1987 1403 κακίας
2001 1374 2008 1382 ·
2031 1360 2102 1398 ὅθεν
2121 1365 2175 1398 τὸν

1148 1418 1229 1454 λαὸν
1263 1419 1325 1467 οὐχ
1359 1416 1539 1466 ὑπομένειν
1568 1416 1629 1461 τὴν
1662 1417 1785 1468 πικρὰν
1814 1416 1940 1462 ταύτην
1970 1418 2152 1468 τυραννίδα
2165 1448 2173 1463 ,

1147 1474 1249 1516 λίθοις
1270 1474 1303 1511 δὲ
1323 1475 1423 1511 αὐτὸν
1450 1477 1595 1513 ἀνελεῖν.
1618 1474 1662 1512 <H
1684 1474 1815 1524 ἱστορία
1843 1474 1938 1525 παρὰ
1960 1475 2102 1527 Μνασέᾳ
2119 1475 2177 1512 καὶ

1148 1532 1311 1583 Μαρσύᾳ.
1335 1535 1388 1571 Cf.
1412 1542 1488 1568 not.
1511 1535 1558 1569 ad
1588 1534 1632 1568 fr.
1666 1547 1710 1568 10
1744 1535 1893 1581 Marsyae
1920 1536 2175 1582 Philippensis,

1147 1592 1219 1626 Pro
1230 1588 1373 1627 Μνασέα
1385 1590 1443 1626 καὶ
1460 1589 1613 1641 Μαρσύᾳ
1626 1620 1634 1635 ,
1652 1593 1741 1626 olim
1758 1592 1868 1626 fuerit
1886 1593 1936 1628 Μ.
1953 1589 1974 1635 ἢ
1991 1593 2063 1636 Μ.;
2080 1594 2174 1627 male

1148 1657 1335 1686 exaratum
1353 1662 1490 1686 nomen
1509 1650 1780 1686 dubitationem
1796 1652 1913 1685 movit
1929 1652 2068 1686 scribae.

1609 1735 1655 1770 25
1686 1748 1718 1772 3.

1201 1817 1323 1851 Schol.
1346 1818 1384 1850 in
1402 1818 1524 1852 Hom.>
1542 1816 1587 1851 Il.
1611 1816 1651 1859 B,
1673 1815 1742 1860 671
1767 1828 1826 1862 ap.
1850 1817 2011 1854 Cramer.
2032 1817 2173 1853 Anecd.

1148 1875 1179 1914 I,
1209 1886 1247 1919 p.
1272 1885 1344 1918 277
1367 1886 1375 1910 ε
1398 1871 1480 1909 Ἀπὸ
1501 1877 1580 1920 μιᾶς
1599 1873 1631 1907 αἱ
1660 1877 1769 1907 πᾶσαι
1791 1872 1975 1921 [Μοῦσαι]
2001 1871 2171 1920 λέγονται.

1151 1927 1314 1970 Μνασέας
1329 1929 1364 1965 δέ
1384 1943 1497 1979 φησιν,
1517 1926 1568 1964 ὅτι
1599 1930 1632 1964 αἱ
1654 1933 1763 1964 πᾶσαι
1789 1933 1877 1979 τρεῖς
1906 1928 2003 1964 εἰσίν·
2032 1930 2174 1976 Μοῦσα,

1150 1984 1246 2033 Oea,
1265 1984 1396 2034 εΥμνώ.
1415 1986 1476 2023 ³liv
1494 1985 1553 2034 μὲν
1570 1981 1625 2022 οὖν
1648 1985 1769 2022 Ἰλιάδι
1786 1988 1979 2034 μεμνῆσθαι
1993 1988 2052 2030 τ’ἧς
2066 1986 2174 2028 Θεᾶς·

1152 2061 1165 2075 α
1188 2045 1300 2086 Μῆνιν
1328 2043 1417 2080 ἄειδε
1443 2043 1518 2082 Θεοί
1540 2062 1552 2075 »
1572 2058 1578 2065 ·
1601 2045 1633 2079 ἐν
1657 2042 1690 2079 δὲ
1711 2043 1895 2094 Ὀδυσσείᾳ
1921 2046 1980 2087 τῆς
2011 2043 2171 2085 Μούσας·

1152 2119 1166 2132 «
1187 2101 1310 2151 Ἄνδρα
1333 2116 1389 2149 μοι
1420 2100 1537 2137 ἔννεπε
1558 2102 1682 2137 Μοῦσα
1704 2112 1737 2133 »¹
1759 2102 1792 2137 ἐν
1818 2099 1852 2137 δὲ
1880 2104 1921 2150 τῇ
1946 2100 2175 2152 Παλαμηδεία

1153 2161 1212 2202 τῆς
1233 2157 1393 2206 Ἷ“μνοῧς.

1629 2273 1686 2303 24.

1193 2328 1331 2356 Mnaseas
1348 2325 1564 2365 Hyperboreos
1578 2334 1664 2356 nunc
1683 2326 1819 2364 Delphos
1832 2326 1937 2355 vocari
1955 2325 2006 2355 ait.

1632 2382 1687 2413 25.

1186 2437 1323 2467 Echetus
1340 2436 1422 2467 filius
1439 2437 1504 2467 erat
1524 2436 1654 2467 Bucheti
1665 2461 1673 2474 ,
1693 2445 1711 2466 a
1727 2445 1790 2475 quo
1806 2435 1909 2466 Sicula
1925 2434 2000 2465 urbs
2017 2434 2175 2466 Buchetus

1146 2497 1261 2518 nomen
1280 2488 1382 2518 habet.
1402 2488 1555 2519 Nimirum
1575 2488 1751 2518 Siculorum
1768 2488 1919 2526 tyrannus
1939 2486 2031 2516 fuisse
2048 2485 2172 2516 dicitur.

1148 2542 1238 2570 Hunc
1251 2539 1338 2570 aiunt
1351 2539 1510 2577 indigenas
1523 2539 1608 2569 omni
1622 2538 1716 2568 modo
1729 2547 1866 2574 vexasse,
1880 2537 2057 2576 peregrinos
2068 2538 2173 2567 autem

1147 2590 1384 2621 contumeliosis
1400 2590 1560 2629 suppliciis
1576 2589 1732 2626 affecisse,
1752 2590 1935 2627 tantamque
1952 2589 2019 2626 ejus
2038 2588 2174 2626 pravita-

1146 2644 1210 2673 tem
1228 2642 1338 2679 fuisse,
1353 2644 1386 2673 ut
1404 2643 1498 2673 etiam
1515 2642 1603 2680 longe
1618 2641 1730 2671 remoti
1744 2649 1760 2670 a
1776 2640 1895 2676 Sicilia,
1913 2640 1935 2670 si
1951 2648 2045 2678 quem
2059 2640 2173 2670 eximio

1146 2694 1240 2724 modo
1254 2695 1363 2733 punire
1377 2696 1406 2724 et
1418 2693 1572 2732 exquisito
1585 2692 1726 2731 supplicii
1742 2700 1851 2730 genere
1866 2699 1976 2721 necare
1989 2691 2105 2720 vellent
2115 2715 2122 2728 ‚
2134 2690 2173 2720 ad

1146 2746 1299 2775 Echetum
1318 2745 1499 2781 mitterent,
1518 2745 1552 2774 ut
1569 2743 1622 2782 qui
1638 2743 1737 2772 multa
1751 2742 1879 2772 saevitiae
1896 2742 2101 2771 instrumenta
2117 2750 2173 2771 ex·-

1146 2796 1322 2834 cogitasset.
1336 2798 1440 2831 Quare
1453 2795 1603 2833 populum
1615 2802 1708 2823 saevae
1719 2792 1893 2832 tyrannidis
1905 2791 2117 2830 impatientem
2131 2791 2172 2821 la-

1146 2846 1271 2885 pidibus
1290 2854 1363 2876 eum
1385 2845 1537 2876 obruisse.
1563 2844 1697 2875 Historia
1722 2843 1834 2882 legitur
1856 2842 1940 2881 apud
1961 2844 2117 2873 Mnaseam
2142 2842 2172 2872 et

1146 2900 1313 2937 Marsyam.

1594 2948 1652 2985 (25
1678 2956 1694 2979 a

1188 3004 1235 3035 Ab
1258 3013 1320 3034 una
1341 3005 1430 3035 Musa
1450 3012 1558 3033 omnes
1584 3003 1787 3033 nominantur
1808 3001 1915 3030 Musae.
1938 3001 2077 3029 Mnaseas
2095 2998 2171 3028 dicit

1146 3056 1210 3086 tres
1222 3063 1305 3093 esse,
1319 3063 1455 3094 quorum
1471 3054 1614 3090 nomina,
1630 3055 1736 3089 Musa,
1752 3051 1854 3087 Thea,
1873 3052 2006 3088 Hymno.
2026 3051 2059 3078 111
2077 3048 2170 3078 iliade

1148 3108 1319 3137 Homerum
1334 3106 1510 3136 meminisse
1522 3106 1638 3142 Theas,
1659 3104 1762 3134 verbis
1778 3113 1784 3132 :
1806 3104 1900 3139 Μῆνιν
1919 3102 2015 3137 ἄειδε,
2034 3098 2096 3130 Θεά
2112 3111 2119 3129 :
2137 3098 2168 3128 in

1148 3159 1283 3198 Odyssea
1296 3167 1370 3189 vero
1387 3160 1416 3188 M
1423 3167 1486 3189 usa}
1503 3171 1509 3189 :
1528 3158 1619 3196 ἄνδρα
1637 3167 1686 3195 μοι
1705 3156 1805 3187 ἔννεπε
1816 3179 1823 3193 ,
1836 3157 1964 3190 Μοῦσα;
1980 3153 2009 3182 111
2027 3152 2166 3183 Palame-

1146 3210 1203 3241 dea
1220 3211 1322 3241 autem
1338 3211 1489 3249 Hymnus.
