2289 3728
674 161 721 206 Q.
756 160 894 197 FABII
926 161 1154 200 PICTORIS
1184 163 1514 203 FRAGMENTA.

25 253 71 284 tIs
87 248 254 283 cladibus
258 246 376 292 foret.
398 247 533 282 Eadem
551 247 597 282 d'c
624 259 664 282 re
682 249 873 294 Appianus
890 250 943 283 Dc
964 249 1064 283 bello

26 307 189 344 Hannib,
213 319 243 340 c.
265 319 310 351 27
343 319 351 340 :
387 304 432 342 ‘II
463 302 498 341 δὲ
524 303 640 354 βουλὴ,
656 303 800 341 Κόϊντον
825 303 886 352 μὲν
908 304 1065 350 motem,

24 363 82 399 τὸν
102 361 300 413 συγγραφέα
320 363 425 399 τῶνδε
446 364 513 399 τῶν
546 361 654 414 ἔργων
667 393 675 408 ,
703 363 735 404 ἐς
753 361 905 413 Δελφοὺς
927 361 1064 411 ἔπεμπε

24 420 238 471 χρησόμενον
258 420 336 470 περὶ
364 422 431 457 τῶν
461 419 656 470 παρόντων.
687 423 732 456 Et
761 423 886 456 Livius
911 423 1063 465 XXIII,

31 493 43 514 1
58 493 70 514 1
92 493 100 514 ε
124 480 219 517 Dum
240 480 322 515 lunc
340 488 525 528 geruntur,
556 480 600 524 Q.
623 481 760 513 Fabius
781 481 906 515 Pictor
925 481 1066 525 legatus

27 550 51 571 a
71 538 229 584 Delphis
247 539 400 572 Romam
421 538 545 579 rediit,
573 550 853 585 responsumque
869 550 918 572 απ
932 541 1066 584 scripto

24 598 188 629 recitavit
203 607 283 641 sqq.
301 595 385 629 Pari
404 594 521 629 modo
539 595 586 629 de
604 595 750 630 honore
769 601 804 629 et
822 596 1063 639 auctoritate,

25 664 98 698 qua
127 652 220 686 inter
253 652 410 698 aequales
432 650 625 699 floruerit,
657 659 836 686 testantur
870 652 1065 698 Polybiani

25 708 99 744 loci
121 711 158 756 1,
182 714 247 754 14,
271 721 291 744 2
315 716 351 744 et
370 711 445 752 III,
468 722 513 757 9,
540 709 690 757 4(Vide
718 710 763 746 fr.
792 709 834 745 15
857 717 893 745 et
915 709 993 757 18).

82 781 97 797 «
128 766 344 813 perscripsit
371 772 497 801 noster
526 779 582 801 res
614 775 731 814 gestas
749 768 880 814 populi
904 769 1065 802 Romani

24 824 111 859 inde
131 825 176 859 ab
202 826 326 860 AEueae
346 825 528 869 adventu,
555 825 725 871 urbeque
755 826 928 870 condita,
947 837 1065 872 usque

23 882 73 918 ad
89 895 192 918 suam
211 890 377 927 aetatem,
408 884 473 918 sed
502 885 540 918 in
569 872 644 930 quo
671 897 769 919 anno
797 884 968 927 desierit,
991 884 1066 918 dici

23 942 172 988 nequit3
204 950 335 977 auctor
364 950 487 977 tamen
516 942 672 977 affertur
695 955 713 976 a
745 943 848 977 Livio
880 943 1011 985 XXII,
1044 956 1062 987 7

30 999 98 1047 (fr.
126 997 191 1048 19)
206 1000 253 1035 de
267 1001 401 1047 proelio
417 1000 465 1035 ad
484 1000 737 1034 Trasimenum
758 1007 926 1047 pugnato
951 999 1004 1047 (a.
1025 1013 1062 1038 u.

24 1070 55 1092 c.
79 1055 150 1103 537
165 1057 175 1106 )
189 1085 198 1102 ,
222 1058 447 1105 videturque
468 1059 579 1093 etiam
601 1071 689 1093 mox
707 1060 872 1094 insecuta
897 1067 1065 1106 tempora

24 1128 224 1152 enarrasse.
259 1118 456 1164 Dionysius
476 1124 600 1152 autem
620 1119 704 1153 Hal.
740 1120 785 1154 A.
810 1120 856 1155 R.
888 1118 988 1161 1‚·6
1018 1118 1065 1153 de

23 1176 68 1220 Q.
92 1176 208 1210 Fabio
230 1183 265 1210 et
290 1177 332 1213 L.
354 1176 482 1211 Cincio
502 1176 552 1210 ait
577 1188 584 1210 :
611 1173 752 1212 Τούτων
781 1173 815 1210 δὲ
844 1176 911 1211 τῶν
933 1175 1064 1226 ἀνδρῶν

23 1231 203 1283 ἑκάτερος,
230 1226 277 1274 οἷς
307 1232 368 1280 μὲν
398 1231 497 1275 αὐτὸς
521 1231 632 1283 ἔργοις
658 1232 886 1283 παρεγένετο,
917 1232 972 1270 διὰ
1002 1231 1062 1279 τὴν

24 1290 204 1342 ἐμπειρίαν
226 1291 375 1340 ἀκριδῶς
395 1290 589 1342 ἀνέγραψε,
619 1290 661 1327 τὰ
691 1290 725 1328 δὲ
757 1292 887 1341 ἀρχαῖα
907 1293 950 1328 τὰ
976 1290 1064 1341 μετὰ

22 1348 84 1393 τὴν
114 1347 224 1385 κτίσιν
251 1352 313 1394 τῆς
341 1348 472 1391 πόλεως
505 1347 671 1399 γενόμενα
704 1350 953 1401 κεφαλαιωδῶς
983 1349 1064 1386 ἑπέ-

24 1406 147 1457 δραμε.
183 1410 306 1455 Atque
334 1409 406 1443 hoc
438 1410 477 1443 in
508 1409 726 1444 universum
756 1422 835 1444 non
862 1410 983 1445 solum
1018 1410 1064 1444 de

22 1467 138 1502 Fabio
155 1467 359 1514 Cincioque
371 1495 380 1512 ‚
400 1467 465 1502 sed
481 1467 595 1503 etiam
615 1468 662 1503 de
685 1468 859 1503 omnibus
877 1468 1065 1503 veteribus

22 1524 207 1560 historicis
230 1526 307 1560 sine
335 1525 453 1560 dubio
482 1538 571 1561 vere
598 1525 738 1560 dictum
760 1533 830 1570 est,
855 1526 919 1560 sed
942 1533 1064 1560 tamen

22 1581 213 1617 fatendum
227 1591 296 1628 est,
314 1583 353 1618 id
373 1584 479 1631 quod
493 1584 712 1631 neutiquam
730 1585 898 1631 Dionysii
918 1591 1063 1618 senten-

23 1641 80 1675 tiae
102 1641 240 1685 obstat,
261 1643 300 1676 in
320 1642 426 1677 Fabii
447 1642 662 1690 fragmentis
679 1642 823 1677 fabulas
844 1642 962 1676 multo
989 1654 1063 1676 co-

21 1700 161 1746 piosius
194 1701 396 1747 explicatas
432 1713 527 1743 esse,
566 1712 680 1747 quam
718 1701 866 1735 Livium
898 1700 1063 1747 aliosque

22 1757 218 1792 historicos
247 1759 458 1805 exposuisse
487 1758 669 1793 videmus.
693 1758 746 1793 Cf.
770 1759 923 1804 Dionys.
943 1759 982 1801 I,
1017 1771 1063 1805 79

23 1814 90 1863 (fr.
120 1814 176 1863 1).
195 1816 316 1851 Ceteri
344 1817 438 1860 loci,
468 1829 562 1863 quos
589 1817 705 1863 possis
731 1816 882 1850 laudare
906 1814 972 1863 (fr.
1001 1820 1062 1857 24.

25 1886 86 1909 21.
111 1874 173 1909 26.
198 1874 289 1921 27),
311 1888 402 1909 num
421 1875 468 1910 ad
490 1875 665 1920 Quintum
692 1875 850 1923 Fabium
876 1875 1064 1909 Pictorem

23 1933 247 1979 pertineant,
271 1933 363 1967 mihi
382 1932 534 1980 quidem
557 1945 636 1967 non
663 1933 747 1967 satis
765 1933 915 1967 videtur
935 1933 1065 1980 explo-

21 1998 143 2025 ratum
163 2003 252 2028 esse.
275 1991 443 2038 Speciem
463 1991 651 2025 annalium
679 1992 730 2025 ita
750 1991 861 2024 etiam
886 1991 1063 2035 servavit,

23 2055 63 2082 ut
78 2049 115 2082 iu
133 2049 408 2095 antiquioribus
424 2049 532 2084 rebus
549 2061 737 2084 annorum
754 2061 931 2083 numeros
950 2049 1063 2083 adde-

22 2114 102 2150 ret,
124 2107 444 2154 quemadmodum
471 2108 623 2143 Sabinas
653 2115 788 2155 quarto
815 2108 918 2143 urbis
937 2120 1063 2142 mense

24 2170 146 2210 raptas
161 2166 326 2200 narravit
348 2164 414 2213 (fr.
437 2164 457 2199 3
470 2163 493 2213 ).
517 2166 605 2200 AEra
625 2173 747 2200 autem
762 2166 865 2200 urbis
879 2164 1040 2200 conditae
1053 2193 1062 2209 ,

25 2234 97 2268 qua
127 2236 212 2258 usus
244 2231 315 2267 est,
353 2236 372 2259 a
397 2224 599 2259 Catoniana
620 2225 787 2271 quinque
820 2224 936 2260 ferme
960 2226 1065 2259 annis

25 2280 220 2328 discrepat.

78 2354 92 2368 α
112 2340 193 2373 Jam
220 2347 260 2374 ut
288 2340 432 2386 plenius
461 2340 607 2375 dicatur
628 2340 674 2375 de
706 2353 898 2384 sermone,
921 2353 998 2387 quo
1019 2343 1064 2376 sit

26 2396 65 2429 in
88 2395 330 2431 conficiendis
350 2398 545 2432 annalibus
564 2411 668 2442 usus,
691 2411 735 2433 ex
763 2399 952 2434 Ciceronis
976 2399 1065 2433 locis

21 2454 79 2488 De
93 2461 189 2490 orat.
204 2456 260 2499 II,
284 2468 295 2489 1
307 2468 328 2490 2
352 2454 438 2504 (ubi
455 2464 508 2491 est
523 2457 664 2504 Pictor)
681 2465 717 2492 et
729 2459 785 2492 De
800 2458 894 2505 legg.
913 2458 929 2491 I
943 2484 953 2501 ,
979 2469 999 2491 2
1022 2456 1063 2504 (*)

27 2507 122 2558 (quo
155 2513 240 2547 loco
278 2514 418 2548 Fabius
459 2513 697 2561 nominatur)
734 2515 866 2550 Latine
904 2515 1063 2550 Fabium

25 2568 202 2604 Pictorem
228 2572 407 2618 scripsisse
437 2573 521 2606 satis
541 2573 675 2608 elucet.
711 2574 766 2607 De
799 2572 956 2616 eodem,
994 2574 1065 2607 hoc

26 2634 77 2662 est
96 2628 143 2662 de
161 2629 280 2663 Fabio
305 2630 464 2673 Pictore,
489 2642 569 2665 rem
595 2629 746 2665 conficit
770 2630 1062 2676 Quinctiliauus,

26 2687 89 2733 qui
120 2687 159 2720 in
177 2689 266 2721 Inst.
290 2688 393 2724 Orat.
426 2689 465 2731 I,
501 2688 545 2732 6,
582 2701 624 2722 12
656 2690 705 2722 ita
741 2689 871 2723 scribit
903 2701 911 2723 :
944 2691 1066 2736 Lupus

26 2746 286 2789 masculinum,
308 2759 530 2793 quamquam
555 2748 673 2782 Varro
694 2751 729 2780 in
752 2748 855 2789 libro,
881 2751 940 2794 qui
961 2751 1065 2782 initia

26 2804 123 2837 urbis
142 2805 268 2838 Romae
290 2812 458 2846 enarrat,
492 2806 631 2852 Lupum
642 2803 833 2850 feminam
850 2806 961 2848 clu-it,
984 2807 1063 2840 En-

26 2863 125 2894 nium
167 2861 423 2907 Pictoremque
457 2862 612 2895 Fabium
644 2870 796 2899 secutus.
829 2864 922 2897 Tum
954 2863 1064 2897 latina

26 2918 139 2953 verba
150 2931 194 2953 ex
209 2919 314 2954 Fabii
331 2920 488 2954 Pictoris
500 2932 625 2954 rerum
641 2927 827 2967 gestarum
842 2921 945 2955 libris
959 2920 1066 2955 affert

26 2977 166 3012 Nonius
186 2989 215 3012 s.
244 2990 277 3011 v.
299 2979 510 3012 Picumnus.
534 2978 705 3024 Denique
724 2979 863 3014 Gellius
890 2979 927 3013 in
946 2979 992 3014 N.
1016 2981 1061 3015 A.

26 3035 76 3078 V,
98 3038 118 3076 4
140 3047 184 3070 ex
210 3036 337 3077 Fabii,
370 3048 480 3082 quem
498 3043 627 3083 vocat,
652 3037 847 3071 annalibus
865 3037 990 3083 aliqua
1010 3037 1062 3072 la-

69 3145 111 3184 (*)
134 3145 191 3176 Cic
230 3148 274 3176 De
299 3147 376 3186 legg.
404 3150 435 3185 Ι,
462 3152 478 3179 2
506 3157 513 3177 :
542 3146 640 3178 Abest
667 3149 755 3177 enim
783 3147 927 3178 hisloria
954 3149 1064 3179 literis

29 3193 188 3222 nostris...
206 3193 293 3223 Nam
317 3196 392 3232 post
418 3194 564 3225 annales
585 3193 783 3232 pontificum
808 3196 1062 3233 mammonam,

28 3239 57 3267 si
75 3239 135 3268 aut
152 3238 199 3268 ad
215 3239 358 3270 Fabium
376 3242 438 3270 aut
454 3240 501 3271 ad
520 3248 615 3276 eum,
633 3242 693 3279 qul
720 3239 780 3271 tibi
797 3248 929 3279 semper
952 3243 988 3271 in
1006 3248 1063 3271 ore

29 3285 95 3321 esc,
128 3284 326 3315 catonem...
354 3288 469 3317 venias
498 3286 631 3326 ...quid
663 3288 734 3317 tam
757 3286 848 3317 exile
877 3295 979 3326 quam
1006 3288 1063 3317 isli

29 3333 170 3361 ovines?

168 3394 352 3417 FRAGMENTA
373 3397 495 3419 mSTOR.
520 3398 574 3419 (tu.
595 3407 624 3410 -·
641 3398 711 3420 VOL.
738 3399 781 3421 nl.

2115 174 2156 204 81

1128 252 1202 285 tine
1221 253 1419 298 scriptaad
1444 255 1597 288 verbum
1621 256 1774 289 rettulit.
1801 256 1850 289 En
1874 255 2071 301 l')ioi‘1ysius
2091 255 2159 290 ‹lis-

1128 308 1324 344 ficultatcm
1344 319 1462 345 movet
1487 315 1549 358 qui
1573 315 1606 353 l,
1627 314 1648 345 (ἱ
1667 315 1716 347 sic
1739 314 1836 348 (licat
1860 327 1867 347 c
1890 311 2009 360 ὁμοίας
2029 312 2063 348 δὲ
2083 313 2163 349 τού-

1127 379 1195 406 τοις
1212 366 1284 401 κτλ.
1309 368 1364 415 (v.
1385 370 1527 416 supra).
1545 372 1657 405 svisso
1678 373 1856 416 Quintum
1874 372 2026 406 Fabium
2046 385 2164 419 graece

1127 425 1303 469 scribere,
1324 428 1405 471 quis
1428 435 1480 461 cst
1512 430 1575 474 qui
1607 430 1774 473 dubitet,
1810 431 2013 477 praesertim
2046 443 2160 477 quum

1128 483 1365 529 Olympiadas
1398 484 1538 530 (Solia.
1563 486 1605 522 fr.
1627 486 1667 534 2.)
1698 495 1732 521 ct
1753 489 1887 522 talenta
1911 487 2008 534 (Liv.
2032 491 2070 533 I,
2101 489 2162 527 55.

1128 540 1173 576 fr.
1207 538 1271 588 10)
1294 543 1460 583 noverit,
1486 543 1697 590 legatusque
1718 546 1882 592 Delphos
1902 546 1948 580 ad
1970 548 2162 582 oraculum

1127 598 1255 632 missus
1288 598 1358 632 sit?
1391 598 1503 644 Quod
1535 601 1732 648 Dionysius
1760 603 1910 648 quidem
1946 602 2015 650 (fr.
2051 618 2064 639 1
2086 605 2095 652 )
2128 613 2164 640 ct

1129 656 1369 702 Olympiadas
1389 664 1424 691 et
1444 656 1559 692 stadia
1579 667 1730 694 auctore
1752 662 1865 695 Fabio
1891 662 2017 706 affert,
2043 664 2162 699 videri

1128 714 1281 749 forsitan
1307 716 1420 761 possit
1445 728 1643 750 numerum
1659 718 1705 751 ad
1725 731 1825 753 suam
1844 722 2084 766 computandi
2106 735 2162 756 ra-

1128 772 1268 807 tionem
1293 775 1456 808 vertisse.
1491 774 1620 809 Graeco
1661 787 1743 809 eum
1778 789 1946 812 sermone
1983 781 2162 826 scripsisse

1127 838 1261 876 praeter
1280 833 1499 879 Dionysium
1525 844 1636 867 nemo
1665 834 1733 875 ait,
1762 846 1808 867 ne
1828 835 1953 869 Cicero
1983 838 2132 883 quidem
2150 867 2159 880 ,

1128 890 1192 935 qui
1222 889 1260 924 id
1294 890 1518 936 plerumque
1544 898 1716 925 accurate
1746 892 2032 935 animadvertat,
2063 903 2103 930 ut
2127 898 2159 930 ci

1127 959 1205 991 res,
1225 948 1253 981 si
1271 960 1347 981 non
1366 949 1483 992 mira,
1505 956 1542 982 at
1569 955 1700 982 notatu
1720 948 1831 995 digna
1851 949 1953 985 fuisse
1976 953 2159 990 videatur.

1126 1006 1198 1040 Nec
1227 1019 1314 1041 vero
1336 1007 1532 1053 quisquam
1552 1013 1717 1041 veterum
1745 1014 1903 1053 utraque
1923 1020 2006 1043 eum
2040 1011 2163 1057 lingua

1126 1065 1314 1099 annalium
1329 1065 1445 1099 libros
1463 1064 1510 1099 de
1528 1064 1654 1099 iisdem
1670 1064 1781 1099 rebus
1799 1067 1906 1112 gestis
1920 1070 2163 1113 composuisse

1128 1129 1291 1167 testatur,
1326 1123 1429 1169 quod
1461 1124 1489 1157 si
1522 1122 1676 1167 fecisset,
1706 1135 1791 1157 meo
1824 1124 1977 1169 quidem
2000 1125 2162 1170 judicio,

1126 1180 1200 1215 sine
1213 1181 1287 1215 ulla
1302 1180 1536 1215 dubitatione
1550 1194 1644 1215 unus
1661 1188 1697 1215 et
1711 1182 1802 1215 alter
1812 1193 1889 1215 rem
1904 1183 2013 1228 plane
2029 1196 2165 1219 novam

1127 1244 1163 1272 et
1194 1238 1399 1273 inauditam
1428 1240 1616 1273 memoriae
1644 1238 1880 1285 prodidisset.
1911 1241 2015 1275 Nova
2044 1250 2164 1277 autem

1127 1307 1184 1330 res
1202 1296 1290 1343 fuit,
1312 1309 1428 1344 quum
1447 1298 1511 1343 qui
1538 1297 1653 1331 modo
1674 1298 1787 1331 secuti
1805 1305 1910 1341 sunt,
1931 1299 2058 1334 Graece
2074 1302 2162 1335 scri—

1125 1355 1284 1400 pserint,
1301 1355 1466 1399 Cincius,
1482 1355 1683 1390 Numerius
1699 1355 1855 1404 Fabius,
1873 1356 1998 1403 Scipio
2010 1385 2018 1401 ‚
2034 1358 2168 1393 Acilius

1125 1412 1279 1447 Glabrio
1299 1426 1306 1447 ε
1329 1414 1440 1450 latine
1459 1413 1605 1448 demum
1627 1414 1758 1457 ceteri,
1781 1413 1828 1448 de
1848 1415 1984 1460 quibus
2004 1423 2164 1461 constat,

1126 1470 1214 1505 inde
1238 1484 1256 1505 a
1280 1471 1432 1508 Catone.
1464 1472 1607 1507 Deinde
1630 1478 1799 1506 veterum
1821 1472 2087 1509 historicorum
2104 1477 2165 1510 alii

1126 1530 1255 1577 latine,
1276 1542 1395 1578 graece
1425 1531 1486 1565 alii
1511 1531 1788 1577 scriptitarunt,
1819 1538 1855 1565 at
1887 1533 1969 1578 quis
1997 1545 2164 1580 unquam

1126 1587 1270 1622 audivit
1309 1590 1528 1636 scriptorem
1572 1590 1688 1623 ullum
1724 1589 1869 1623 easdem
1904 1602 1959 1624 res
1995 1598 2166 1627 tractasse

1127 1646 1274 1682 duobus
1305 1648 1559 1682 voluminibus
1591 1647 1756 1691 diversis,
1788 1660 1864 1682 uno
1897 1649 2027 1692 latine,
2050 1651 2164 1686 altero

1126 1717 1243 1752 graece
1264 1706 1457 1742 confecto?
1484 1706 1635 1740 Publius
1667 1705 1820 1752 quidem
1840 1707 2000 1741 Rutitius
2023 1708 2141 1745 Rufus
2155 1738 2163 1753 ,

1125 1777 1193 1799 nec
1222 1765 1312 1800 alius
1334 1766 1528 1811 quisquam
1549 1772 1716 1799 veterum
1731 1793 1741 1808 ,
1765 1766 1879 1799 vitam
1906 1778 2007 1800 suam
2033 1767 2140 1803 latine
2154 1796 2164 1815 ,

1125 1823 1318 1858 historiam
1348 1825 1555 1858 Romanam
1586 1836 1702 1870 graece
1727 1824 1937 1870 composuit
1963 1835 1972 1860 t
2009 1831 2045 1859 at
2077 1838 2165 1860 vero

1127 1880 1270 1916 diversa
1302 1893 1343 1916 ea
1375 1893 1432 1916 res
1463 1888 1533 1925 est,
1565 1881 1767 1928 prsesertim
1801 1894 1916 1926 quum
1947 1880 2164 1927 historiam,

1126 1945 1306 1984 quantum
1336 1939 1498 1985 videtur,
1522 1939 1567 1973 ab
1597 1938 1688 1972 urbe
1719 1937 1869 1972 condita
1895 1939 2096 1987 inceperit,
2128 1941 2166 1974 in

1126 2008 1240 2042 eaque
1262 1997 1309 2031 de
1338 2008 1404 2030 suo
1438 2003 1605 2042 tempore
1636 1996 1721 2029 talia
1745 1996 1946 2030 necessario
1979 1999 2165 2041 narravit,

1127 2067 1207 2100 quae
1226 2056 1265 2089 in
1284 2056 1365 2091 Vita
1381 2068 1425 2090 ne
1442 2054 1622 2101 tangenda
1641 2054 1789 2100 quidem
1807 2061 1920 2090 erant,
1942 2056 2026 2088 Noli
2043 2063 2165 2090 autem

1126 2114 1171 2150 A.
1189 2115 1417 2148 Postumium
1432 2113 1610 2148 Albinum
1627 2112 1787 2157 objicere
1801 2141 1810 2159 ,
1826 2112 1872 2146 de
1889 2112 1991 2158 cujus
2007 2114 2167 2148 historiis

1126 2184 1258 2219 magna
1282 2173 1485 2206 obscuritas
1505 2179 1554 2206 est
1579 2184 1586 2205 :
1611 2183 1728 2218 graece
1748 2172 1844 2205 enim
1866 2172 1908 2206 A.
1932 2172 2164 2206 Postumium

1127 2231 1317 2265 historiam
1346 2231 1548 2277 scripsisse,
1576 2230 1753 2263 luculenti
1775 2236 1877 2264 testes
1906 2229 2164 2277 tradiderunt,

1127 2302 1284 2336 quaeque
1313 2303 1356 2324 ex
1381 2289 1557 2324 Postumii
1590 2288 1794 2322 Annalibus
1815 2289 1926 2322 latina
1946 2288 2056 2322 verba
2087 2289 2165 2323 lau-

1128 2349 1274 2392 dantur,
1289 2361 1330 2384 ea
1344 2348 1520 2382 videntur
1539 2346 1586 2381 ad
1603 2347 1715 2381 alium
1733 2347 1951 2393 scriptorem
1971 2347 2166 2382 referenda

1127 2420 1212 2442 esse.
1234 2409 1289 2442 Dc
1310 2407 1566 2453 antiquissimo
1590 2406 1702 2452 igitur
1720 2405 1899 2439 historico
1912 2433 1920 2448 ‚
1942 2405 2044 2450 cujus
2064 2417 2082 2439 a
2101 2418 2164 2440 vc-

1127 2467 1266 2501 teribus
1282 2479 1359 2501 non
1374 2467 1422 2500 ita
1437 2477 1519 2500 rara
1537 2464 1631 2498 facta
1647 2464 1787 2497 mentio
1806 2471 1871 2505 est,
1893 2463 2057 2500 inaudita
2075 2463 2165 2509 ejus-

1127 2525 1230 2559 modi
1258 2538 1334 2572 res,
1362 2537 1442 2571 quae
1468 2522 1578 2558 nullis
1605 2523 1735 2556 nititur
1766 2520 1880 2555 firmis
1912 2523 2160 2569 argumentis,

1127 2585 1290 2631 proponi
1311 2584 1450 2629 nequit.
1468 2583 1543 2616 Nec
1562 2593 1651 2615 vero
1668 2581 1783 2627 possis
1802 2580 2027 2615 contendere
2045 2580 2163 2625 Quin-

1129 2650 1207 2676 tum
1237 2642 1393 2678 Fabium
1427 2641 1607 2687 scripsisse
1640 2645 1675 2673 et
1713 2639 1871 2673 Annales
1910 2639 2163 2684 antiquiorum

1128 2708 1340 2747 temporum
1361 2707 1395 2734 et
1425 2712 1496 2733 suae
1523 2698 1635 2733 aetatis
1654 2697 1823 2731 historias
1843 2697 1898 2730 vel
1918 2697 2042 2742 potius
2062 2709 2164 2730 com-

1126 2760 1327 2793 mentarios
1356 2755 1517 2806 (βίὲλους
1538 2753 1762 2802 ὑπομνήσεως
1782 2755 1915 2801 Polyb.
1944 2755 2019 2797 III,
2043 2767 2065 2800 9
2081 2782 2090 2797 ,
2115 2754 2158 2801 3)

1127 2830 1332 2864 eorumque
1361 2817 1544 2850 librorum
1562 2826 1677 2848 unum
1708 2826 1846 2861 graece,
1870 2814 1985 2847 latine
2007 2813 2164 2847 alterum

1128 2877 1381 2922 conscriptum
1419 2874 1540 2909 fuisse.
1582 2874 1662 2907 Hoc
1696 2873 1760 2918 qui
1792 2871 1839 2906 de
1873 2872 2012 2916 Quinto
2047 2870 2162 2905 Fabio

1126 2935 1272 2968 Pictore
1291 2933 1523 2979 suspicantur
1539 2930 1584 2977 (ἢ
1609 2929 1873 2977 (suspicantur,
1890 2930 2040 2975 inquam
2054 2956 2062 2972 ,
2078 2940 2162 2962 nam

1126 2993 1234 3039 plane
1264 2999 1406 3026 certum
1436 2990 1689 3025 testimonium
1719 3001 1795 3023 non
1824 2987 1977 3033 exstat),
2009 2988 2046 3020 in
2083 2999 2157 3020 rem

1126 3063 1227 3085 suam
1241 3056 1391 3084 vertunt
1410 3048 1643 3083 diversorum
1658 3047 1859 3082 Fabiorum
1880 3045 2079 3079 Annalium
2100 3043 2157 3077 di-

1132 3120 1251 3142 versas
1270 3107 1543 3153 inscriptiones,
1562 3105 1818 3151 imprimisque
1832 3115 1911 3137 eam
1932 3114 2041 3148 quam
2060 3101 2160 3135 exhi-

1168 3239 1207 3276 (*)
1232 3237 1378 3275 intelligit
1389 3260 1396 3274 ‚
1412 3236 1506 3274 puto,
1522 3232 1705 3271 Zumptium
1721 3231 1750 3260 in
1769 3237 1901 3259 censura
1916 3227 1985 3257 libri
2002 3225 2156 3276 Bluniiani

1128 3285 1330 3322 Emleilureq
1359 3285 1393 3313 ιή
1422 3284 1519 3312 Roms
1547 3280 1617 3310 alle
1644 3276 1755 3308 Gesclt.
1783 3276 1812 3305 in
1830 3274 1960 3305 Berlin.
1981 3271 2099 3303 Jahrb.
2121 3273 2156 3308 j.

1127 3333 1215 3361 wass.
1238 3329 1363 3360 Ix're'lils.
1383 3332 1477 3365 1829,
1495 3328 1572 3356 tom.
1595 3327 1683 3362 u,1›.
1704 3326 1741 3351 93
1761 3322 1788 3351 Ι).
2084 3368 2087 3372 .

2019 3381 2033 3401 fi
