2338 3765
283 134 940 224 CHAEREMON
1000 130 1890 221 ALEXANDRINUS.

97 473 225 509 Suidas
247 485 255 507 ι
288 469 461 511 Διονύσιος
480 465 734 517 Ἀλεξανδρεὺς,
756 470 772 504 ὁ
794 465 947 504 Γλαύκου
977 465 1070 513 υἱὸς,

47 527 287 580 γραμματικὸς
300 557 310 577 ,
330 526 420 568 ὅστις
438 525 505 562 ἀπὸ
520 525 675 576 Νέρωνος
695 527 797 569 συνῆν
817 523 875 560 καὶ
889 521 1073 580 τοῗςωμέχρι

45 589 217 637 Τραϊανοῦ
236 584 293 622 καὶ
322 587 388 620 τῶν
410 583 636 634 βιῧλιοΟηκῶν
654 582 807 631 προῦστη
829 581 933 618 κτλ...
959 581 1020 616 ‘llv
1040 579 1074 614 δὲ

45 644 102 682 καὶ
122 643 325 684 διδάσκαλος
346 641 535 692 Παρθενίου
553 644 611 677 τοῦ
639 642 900 691 γραμματικοῦ,
922 636 1076 685 μαθητὴς

46 701 79 738 δὲ
118 700 337 749 Χαιρήμονος
364 702 421 736 τοῦ
459 697 660 749 φιλοσόφου,
692 696 726 733 ὃν
767 695 825 732 καὶ
845 693 1014 737 διεδέξατο
1042 694 1075 729 ἐν

46 757 286 808 Ἀλεξανδρείᾳ.

98 817 201 852 Idem
224 829 232 850 :
255 813 469 864 Ἀλέξανδρος
490 814 653 862 Αἰγαῖος,
675 810 855 862 φιλόσοφος
880 823 1075 859 περιπατη-

47 872 153 917 τικὸς,
177 871 378 914 διδάσκαλος
408 870 562 921 Νέρωνος
581 874 637 906 τοῦ
664 867 829 919 βασιλέως
852 866 926 915 ἅμα
944 865 1076 916 Χαιρή-

47 944 123 978 μονι
143 932 192 980 τῷ
206 928 393 980 φιλοσόφῳ.

100 988 203 1022 Idem
226 1001 234 1023 ς
254 985 449 1036 Χαιρήμων
477 985 679 1035 τραγικός...
712 982 780 1021 Καὶ
805 981 915 1032 ἕτερος
940 978 1078 1031 Χαιρή-

48 1060 133 1093 μων,
149 1044 282 1096 γράψας
299 1042 552 1094 Ἱερογλυφικά.

99 1104 231 1138 Strabo
247 1104 374 1149 XVII,
402 1115 439 1149 p.
467 1102 539 1136 806
563 1112 572 1138 :
595 1099 652 1137 Ἐν
671 1100 705 1136 δὲ
727 1101 769 1149 τῇ
788 1095 1007 1135 Ἡλιουπόλει
1022 1094 1079 1131 καὶ

48 1158 157 1200 οἴκους
177 1158 308 1208 εἴδομεν
324 1159 508 1208 μεγάλους,
526 1159 560 1194 ἐν
581 1151 629 1200 οἷς
650 1155 815 1208 διέτριὸον
832 1156 862 1191 οἱ
877 1153 991 1205 ἱερεῖς·
1011 1153 1076 1200 μά·

47 1218 146 1253 λιστα
165 1216 229 1267 γὰρ
261 1215 301 1262 δὴ
321 1214 448 1261 ταύτην
468 1215 643 1251 κατοικίαν
664 1213 779 1264 ἱερέων
806 1211 977 1262 γεγονέναι
997 1208 1080 1261 φασὶ

46 1274 233 1311 τοπαλαιον
246 1303 256 1322 ‚
296 1273 488 1325 φιλοσόφων
529 1273 660 1323 ἀνδρῶν
704 1271 762 1309 καὶ
802 1270 1056 1320 ἀστρονομικῶν
1069 1279 1077 1289 ”

48 1331 222 1368 ἐκλέλοιπε
243 1331 276 1367 δὲ
293 1330 350 1367 καὶ
370 1333 468 1367 τοῦτο
488 1329 558 1366 νυνὶ
574 1329 612 1366 τὸ
633 1329 793 1377 σύστημα
811 1327 871 1365 καὶ
890 1329 912 1372 ἡ
927 1326 1078 1371 ἄσκησις.

49 1389 146 1427 ’linei'
165 1388 224 1437 μὲν
243 1382 298 1425 οὖν
314 1388 421 1430 οὐδεὶς
441 1390 524 1436 ἡμῖν
547 1386 714 1424 ἐδείκνυτο
728 1389 788 1431 τῆς
807 1384 965 1428 τοιαύτης
979 1382 1081 1427 ἀσκή-

48 1462 132 1488 σεως
151 1445 341 1496 προεστὼς,
371 1445 446 1483 ἀλλ’
466 1447 496 1482 οἱ
523 1444 686 1496 ἱεροποιοὶ
706 1444 821 1494 μόνον,
842 1442 900 1479 καὶ
921 1440 1080 1490 ἐξηγηταὶ

47 1509 116 1546 τοῖς
148 1503 250 1546 ξένοις
269 1505 335 1539 τῶν
355 1503 432 1554 περὶ
461 1502 503 1539 τὰ
529 1502 615 1554 ἱερά.
644 1499 905 1552 Παρηκολούθει
923 1499 959 1535 δέ
981 1514 1029 1540 τις
1049 1497 1080 1541 ἐξ

49 1561 301 1612 Ἀλεξανδρείας
333 1559 539 1597 ἀναπλέοντι
572 1561 617 1603 εἷς
657 1560 718 1605 τὴν
754 1559 927 1609 Αἴγυπτον
971 1555 1081 1607 Αἰλίῳ

51 1619 172 1669 Γάλλῳ
191 1621 240 1669 τῷ
263 1618 407 1668 ἡγεμόνι
430 1618 622 1668 Χαιρήμων
646 1618 811 1666 τοῦνομα,
831 1615 1081 1666 προσποιούμε-

50 1690 102 1716 νος
121 1675 280 1721 τοιαύτην
312 1674 388 1712 τινὰ
413 1675 625 1724 ἐπιστήμην·
643 1675 832 1725 γελώμενος
865 1672 899 1709 δὲ
923 1671 1080 1719 τοπλέον,

49 1735 92 1774 ὡς
110 1732 243 1776 ἀλαζὼν
258 1733 316 1769 καὶ
327 1732 477 1778 ἰδιώτης.

102 1793 221 1839 Vulgo
241 1798 405 1827 statuunt
415 1792 690 1828 Chaeremonem
708 1792 972 1841 philosophum
988 1795 1082 1829 Stoi-

51 1850 217 1896 cum(fr.
243 1853 263 1892 4
282 1850 361 1887 init.
394 1857 430 1885 et
447 1851 494 1886 fr.
514 1848 577 1898 8),
607 1850 766 1884 Neronis
793 1857 1058 1897 praeceptorem
1072 1879 1080 1894 ‚

51 1909 113 1954 qui
135 1909 353 1954 Dionysium
369 1909 501 1943 scholae
533 1919 778 1942 successorem
802 1909 972 1955 reliquit,
994 1921 1079 1943 eun-

52 1965 137 1999 dem
157 1978 230 2000 csse
259 1978 343 2000 cum
364 1967 603 2001 Chaeremone
617 1992 626 2007 ‚
662 1966 723 2011 qui
747 1966 813 1999 τῶν
845 1964 922 2013 περὶ
943 1964 983 2001 τὰ
1004 1964 1082 2015 ἱερὰ

53 2020 217 2069 ἐξηγητὴς
243 2023 377 2056 AElium
399 2023 543 2057 Gallum
570 2023 607 2055 in
638 2022 828 2067 superiora
848 2024 997 2070 AEgypti
1014 2024 1082 2057 ad-

51 2080 282 2114 scendentem
299 2080 495 2113 comitatus
517 2086 569 2113 est
595 2078 654 2126 Π).
682 2079 824 2113 Dubius
844 2080 958 2114 haeret
982 2082 1083 2114 Bun—

53 2138 170 2171 senius
193 2138 367 2184 (sEngtt.
390 2143 480 2172 tom.
506 2138 543 2179 Ι,
566 2149 603 2182 p.
632 2135 735 2182 130).
758 2137 903 2171 Etenim
919 2138 1012 2172 Galli
1027 2151 1083 2172 co-

53 2207 127 2228 mes
150 2202 322 2240 tanquam
340 2194 396 2227 vir
412 2193 578 2240 stupidus
600 2206 786 2240 vanusque
810 2196 1082 2241 perstringitur,

53 2252 270 2286 Cliaeremon
288 2264 377 2285 vero
395 2251 656 2297 philosophus,
677 2263 721 2285 ex
743 2264 817 2297 qno
837 2253 949 2286 vitam
965 2265 1083 2287 sacer-

54 2309 184 2343 dotum
215 2308 277 2357 (⁸)
301 2308 476 2343 describit
496 2309 722 2355 Porphyrius
740 2311 796 2344 De
813 2310 945 2344 abstin.
979 2312 1041 2353 lv,
1061 2311 1082 2344 6

95 2429 136 2466 (*)
156 2430 200 2458 De
229 2429 443 2459 Clzaeremone
457 2429 555 2466 poeta
575 2429 702 2466 traye'co
720 2427 789 2458 vide
801 2430 947 2467 Wagner.
963 2431 1083 2468 Fragm.

55 2476 135 2514 poet.
157 2477 254 2513 tragg.
272 2484 301 2514 p.
327 2479 379 2505 121
404 2483 472 2512 sqq.
498 2474 584 2504 Alius
604 2474 797 2506 Cleoeremon
818 2476 882 2514 (sie
901 2476 971 2506 cml.
995 2478 1085 2507 Bam-

55 2521 137 2558 berg.
151 2532 159 2558 ;
174 2522 268 2559 vulgo
283 2522 492 2551 Circammon
504 2521 526 2558 ),
538 2519 644 2559 spado
656 2521 834 2551 lveccaneln·
852 2523 875 2557 l,
891 2521 983 2559 quiin
1000 2522 1085 2561 laby-

57 2567 160 2597 rintho
194 2567 340 2606 quaedam
370 2566 497 2604 refecit,
525 2566 672 2596 laudatur
708 2567 789 2605 apud
817 2567 951 2597 Plinium
984 2568 1021 2598 H.
1050 2571 1085 2600 N.

57 2614 137 2642 XXX
147 2614 185 2642 Vl
198 2636 205 2649 ‚
221 2620 247 2642 e.
267 2616 302 2642 13
318 2611 407 2649 (vide
425 2613 557 2642 Bunsen.
574 2613 710 2650 AEqypt.
729 2614 806 2642 toni.
823 2614 879 2650 ΙΙΙ,
895 2621 923 2650 p.
939 2616 976 2643 89
989 2613 1008 2651 >.

97 2657 158 2695 (**)
174 2658 261 2688 Alius
273 2658 420 2696 scriptor,
443 2658 497 2696 qui
513 2657 553 2687 de
567 2657 784 2688 sacerdotibus
800 2659 957 2696 scripsisse,
972 2659 1087 2689 ‹licitur-

56 2712 159 2742 neque
172 2703 299 2734 aliunde
309 2705 404 2734 notus
419 2706 482 2741 est,
497 2703 578 2741 apud
595 2703 722 2733 Suidam
740 2708 932 2734 memoratur
949 2714 955 2734 :
978 2705 1087 2745 Χάρων

57 2750 224 2788 (Χείρωνος
241 2750 387 2780 Eudocia
399 2760 407 2788 ;
421 2750 626 2789 Χαιρήμωνῗ)
643 2750 658 2778 ὁ
671 2750 891 2789 Ναυκρατίτης.
907 2751 1006 2791 Ἱερεῖς
1020 2752 1087 2787 τοὺς

57 2806 86 2825 εν
106 2794 303 2834 Ἀλεξανδρείᾳ
324 2796 375 2825 καὶ
399 2796 436 2825 τὰ
460 2795 504 2834 ἐφ’
520 2794 651 2825 ἑκάστου
673 2796 857 2834 πραχῦέντα,
876 2797 940 2826 κτλ.

319 2895 383 2932 DE
414 2895 572 2932 REBUS
604 2896 820 2932 AEGYPTl.

556 2974 584 3003 1.

101 3024 173 3053 Post
199 3023 284 3054 hunc
308 3024 380 3054 volo
399 3024 431 3054 in
459 3024 698 3055 Ghaeremonem
718 3024 886 3064 inquirere.
917 3025 974 3056 Hie
999 3026 1084 3056 enim

10 3101 11 3104 ,
61 3074 274 3113 AEgyptiacam
298 3083 331 3105 se
351 3075 486 3105 scribere
511 3075 672 3106 historiam
696 3076 869 3114 professus,
890 3076 1087 3115 asserensque

61 3124 142 3155 idem
160 3134 273 3156 nomen
297 3127 375 3165 regis
388 3127 473 3166 quod
496 3128 683 3165 Manethon,
707 3127 919 3166 Amenophin‚
935 3129 965 3158 et
983 3127 1083 3158 tilium

61 3175 127 3212 eius
151 3177 337 3215 &mess-on,
361 3178 404 3208 ait
424 3191 438 3204 u
462 3177 575 3208 Isidem
599 3177 629 3208 in
654 3178 771 3207 somnis
794 3178 967 3217 Anienophi
990 3187 1085 3217 appa-

64 3226 175 3263 ruisse,
194 3227 233 3257 de
250 3237 287 3258 eo
303 3231 506 3267 querentem,
522 3229 606 3268 quod
625 3230 777 3268 templum
793 3229 887 3268 ipsius
900 3239 954 3268 per
969 3230 1085 3260 bellum

64 3276 201 3308 dirutum
215 3281 303 3309 esset.
323 3280 557 3319 l¹hritiphantcn
579 3290 653 3311 vcro
670 3289 792 3311 sacrum
806 3280 940 3311 scribam
955 3281 1083 3314 dixisse,

1137 466 1202 514 (sr.
1224 471 1243 508 4
1256 467 1281 513 ),
1302 479 1375 502 esse
1390 468 1525 503 dicitur
1543 468 1626 517 ἀνὴρ
1639 468 1826 519 φιλαλήθης
1845 469 1902 505 καὶ
1919 468 2062 519 ἀκριῧὴς
2076 470 2109 506 ἔν
2123 485 2159 506 τε

1135 527 1205 564 τοῖς
1228 528 1383 564 στωικοῖς
1403 526 1722 574 πραγματικώτατα
1744 526 1988 577 φιλοσοφήσας.
2012 532 2063 562 Ac
2077 541 2161 563 sane

1135 594 1216 627 quae
1239 582 1464 628 Porphyrius
1485 585 1506 618 l.
1524 585 1545 617 l.
1567 585 1691 625 asseri,
1706 593 1915 619 accuratum
1936 592 1971 619 et
1995 599 2161 620 veracem

1135 640 1353 685 scriptorem
1371 648 1589 686 coarguunt.
1621 644 1798 676 Praeterea
1827 644 1934 677 etiam
1958 644 2162 677 chronolo-

1136 697 1223 741 gicae
1243 697 1402 730 rationes
1423 709 1481 730 me
1500 697 1708 741 adducunt,
1737 706 1776 732 ut
1800 699 1892 733 duos
1909 701 2164 733 Chaeremoncs

1137 752 1310 799 distingui
1341 754 1463 789 velim.
1488 755 1669 788 Nimirum
1697 756 1970 790 Chaeremoneui
2006 758 2163 791 Neronis

1137 818 1399 857 praeceptorem
1412 810 1495 855 jure
1509 819 1634 845 nostro
1646 814 1834 847 statuimus
1845 815 1955 848 vitam
1973 815 2165 849 deduxisse

1139 868 1183 902 ad
1202 881 1262 905 an.
1295 868 1342 902 50
1364 876 1447 914 post
1462 869 1544 904 Chr.
1566 869 1648 918 (qui
1666 871 1821 904 Neronis
1841 873 1945 917 pueri
1961 885 2077 906 annus
2104 873 2166 907 de-

1139 927 1254 960 cimus
1283 926 1429 972 tertius)
1458 934 1493 961 et
1525 927 1638 964 ultro.
1672 928 1808 962 Contra
1836 930 1972 963 natales
2000 929 2075 975 ejus
2104 931 2165 976 qui

1138 984 1284 1019 Gallum
1324 985 1518 1018 comitatus
1553 992 1606 1018 est
1641 982 1651 1031 ζ
1672 997 1731 1020 an.
1774 985 1819 1019 23
1861 994 1943 1020 ante
1982 982 2085 1023 Chi-,⁷
2109 990 2164 1022 vel

1138 1042 1264 1088 paullo
1283 1042 1384 1089 post)
1408 1042 1454 1076 ad
1467 1054 1603 1076 annum
1619 1041 1665 1075 50
1687 1055 1718 1076 a.
1737 1043 1836 1085 Chr„
1857 1044 1957 1088 quod
1974 1045 2165 1079 minimum

1140 1107 1211 1142 est,
1242 1099 1444 1134 referendae
1465 1107 1560 1136 sunt.
1590 1101 1708 1147 Igitur
1736 1101 1763 1133 si
1784 1100 1827 1134 de
1854 1101 1986 1135 eodem
2019 1102 2168 1137 bomine

1140 1158 1272 1192 Strabo
1300 1165 1335 1192 et
1355 1157 1484 1193 Suidas
1508 1158 1612 1204 loqui
1639 1165 1847 1203 censentur,
1869 1158 2086 1194 Chferenion
2105 1173 2169 1206 per

1142 1222 1289 1250 eentum
1320 1217 1515 1249 minimum
1549 1228 1665 1250 anuos
1696 1216 1822 1250 vixisse
1854 1215 1975 1250 debet.
2013 1217 2057 1251 Id
2084 1231 2168 1252 vero

1140 1273 1241 1308 haud
1260 1273 1456 1320 probabile
1477 1280 1541 1310 est.
1561 1274 1684 1319 Quare
1702 1273 1795 1308 duos
1814 1285 1887 1308 esse
1919 1274 2172 1310 Chaeremones

1142 1331 1424 1378 distinguendos
1451 1343 1595 1367 censeo,
1614 1333 1782 1366 Fortasse
1811 1338 1968 1378 uterque
1997 1332 2043 1366 de
2063 1333 2171 1368 rebus

1142 1390 1323 1436 AEgyptiis
1337 1390 1501 1435 scripsit,
1521 1389 1701 1435 facileque
1728 1388 1808 1422 fieri
1829 1395 1950 1435 potest
1971 1396 2012 1422 ut
2031 1402 2105 1423 non
2126 1390 2172 1424 ad

1142 1447 1301 1481 eundem
1342 1448 1465 1481 omnia
1479 1474 1489 1490 ‚
1522 1459 1600 1493 quae
1633 1459 1652 1481 e
1681 1446 1918 1482 Chaerenione
1952 1446 2170 1489 asseruntur,

1141 1506 1363 1550 pertineant.
1402 1505 1508 1540 Certe
1545 1503 1751 1538 notandum
1782 1510 1834 1538 est
1867 1504 2115 1550 Porphyr1um
2138 1506 2173 1538 in

1142 1563 1244 1596 libris
1254 1565 1308 1597 De
1325 1562 1457 1598 abstin.
1473 1563 1495 1595 l.
1508 1562 1533 1597 l.
1550 1561 1701 1596 laudare
1718 1562 1980 1608 philosophum
1993 1562 2170 1603 Stoicum,

1143 1626 1272 1654 eontra
1286 1621 1324 1653 in
1338 1620 1452 1666 Epist.
1475 1619 1522 1653 ad
1536 1619 1754 1653 Anebonem
1775 1618 1840 1664 (fr.
1867 1619 1906 1665 3)
1922 1619 1968 1654 de
1989 1620 2173 1667 theologia

1144 1677 1358 1724 AEgyptiaca
1394 1689 1439 1711 ex
1469 1677 1701 1723 planetarum
1737 1683 1773 1710 et
1800 1675 1941 1710 zodiaci
1971 1678 2175 1712 rationibus

1143 1732 1307 1767 derivata
1324 1734 1483 1767 excitare
1504 1733 1779 1768 Chaeremonem
1801 1730 1858 1767 τὸν
1878 1733 2171 1781 ἱερογραμματέα.

1144 1791 1350 1837 Utrumque
1371 1790 1530 1825 eundem
1554 1802 1628 1825 esse
1658 1797 1780 1825 censet
1798 1791 2021 1834 Eumenius,
2054 1804 2174 1837 neque

1144 1859 1211 1894 ego
1233 1860 1349 1895 nego,
1367 1848 1533 1894 quamvis
1548 1848 1669 1882 minus
1688 1848 1797 1882 etiam
1815 1859 2019 1882 asseverare
2043 1849 2169 1883 ausim.

1493 1939 1816 1977 ΑΙΓΥΠΤΙΑΚΑ.

1646 2031 1657 2052 1
1670 2047 1676 2053 .

1197 2098 1376 2144 Josephus
1393 2099 1433 2133 C.
1456 2099 1590 2145 Apion.
1609 2099 1641 2144 Ι,
1663 2097 1708 2132 32
1733 2111 1740 2132 ε
1766 2095 1865 2134 Μετὰ
1883 2099 1999 2133 τοῦτον
2018 2096 2174 2139 ἐξετάσαι

1147 2153 1314 2202 βούλομαι
1331 2153 1548 2204 Χαιρήμονα.
1566 2154 1635 2191 Καὶ
1651 2153 1715 2204 γὰρ
1734 2147 1828 2195 οἶτος
1847 2153 2086 2201 Αἰγυπτιακὴν
2103 2154 2173 2204 φά-

1146 2226 1236 2246 σκων
1258 2211 1408 2260 ἱστορίαν
1437 2211 1655 2262 συγγράφειν,
1681 2211 1739 2247 καὶ
1762 2211 1917 2261 προσθεὶς
1945 2211 2048 2247 ταύτὸ
2068 2211 2174 2259 ὄνομα

1146 2272 1203 2304 τοῦ
1227 2268 1414 2316 βασιλέως,
1435 2268 1517 2319 ὅπερ
1549 2271 1565 2304 ὁ
1589 2267 1773 2315 Μανεθὼς,
1810 2267 2012 2318 Ἀμένωφιν,
2041 2268 2098 2304 καὶ
2118 2268 2174 2304 τὸν

1147 2326 1218 2362 υἱον
1237 2328 1339 2363 αὐτοῦ
1361 2325 1576 2375 εΡαμέσσην,
1602 2325 1702 2377 φησὶν
1720 2325 1771 2361 ὅτι
1799 2343 1813 2358 n
1834 2324 1924 2361 κατὰ
1950 2323 2025 2366 τοὺς
2053 2323 2175 2364 ὕπνους

1148 2385 1167 2427 ἦ
1185 2377 1275 2425 ’Ἶσις
1294 2382 1398 2434 ἐφάνη
1423 2386 1470 2433 τῷ
1487 2382 1691 2434 Ἀμενωφει,
1711 2382 1915 2432 μεμφομένη
1943 2381 2044 2418 αὐτὸν
2070 2382 2120 2418 ὅτι
2138 2382 2176 2417 τὸ

1147 2440 1235 2490 ἱερὸν
1248 2442 1355 2486 αὐτῆς
1375 2442 1407 2477 ἐν
1429 2444 1477 2491 τῷ
1501 2441 1646 2491 πολέμῳ
1665 2440 1916 2478 κατέσκαπται.
1940 2439 2174 2490 Φριτιφάντην

1147 2499 1181 2535 δὲ
1198 2498 1478 2549 ἱερογραμματέα
1490 2499 1615 2550 φάναι,
1632 2498 1688 2535 ἐὰν
1703 2501 1768 2535 τῶν
1782 2497 1857 2540 τοὺς
1878 2496 2070 2546 μολυσμοὺς
2081 2497 2174 2547 ἐχόν-

1147 2573 1212 2593 των
1245 2558 1375 2608 ἀνδρῶν
1408 2557 1542 2607 καθάρῃ
1581 2556 1642 2601 τὴν
1679 2552 1875 2605 Αἴγυπτον,“
1895 2554 2094 2591 παύσασθαι
2118 2557 2176 2599 τῆς

1147 2613 1266 2657 πτοίας
1292 2614 1407 2653 αὐτόν.
1443 2613 1669 2657 Ἐπιλέξαντα
1690 2613 1723 2650 δὲ
1744 2617 1809 2650 τῶν
1831 2615 1989 2650 ἐπισινῶν
2012 2613 2176 2663 μυριάδας

1148 2671 1254 2708 εἴκοσι
1275 2671 1375 2708 πέντε
1396 2671 1567 2711 ἕκὸαλεῒν.
1625 2671 1803 2721 Ἡγεῖσθαι
1828 2671 1855 2707 δ’
1876 2672 1987 2707 αὐτῶν
2007 2686 2175 2721 γραμμα-

1147 2729 1225 2771 τέας
1246 2731 1402 2774 Μωῦσῆν
1428 2746 1462 2766 τε
1482 2731 1539 2766 καὶ
1557 2729 1739 2774 Ἰώσηπον,
1761 2729 1819 2765 καὶ
1849 2732 1964 2765 τοῦτον
1990 2730 2174 2778 ἱερογραμ-

1151 2786 1278 2831 ματέα·
1311 2786 1484 2835 Αἰγύπτια
1506 2788 1534 2823 δ’
1559 2789 1672 2829 αὐτοῖς
1707 2787 1859 2835 ὀνόματα
1893 2781 1997 2835 εἶναι,
2032 2789 2079 2836 τῷ
2114 2784 2173 2833 μὲν

1146 2920 1220 2950 side
1234 2920 1359 2958 pollutis
1376 2921 1555 2951 hominibus
1569 2922 1737 2960 AEgyptum
1759 2929 1893 2960 purgare
1917 2920 2027 2957 vellet,
2053 2920 2119 2951 sore
2136 2921 2171 2948 ut

1146 2971 1298 3002 liberetur
1320 2981 1338 3002 a
1360 2973 1522 3003 nocturnis
1545 2972 1730 3003 terroribus.
1762 2976 1864 3011 Atque
1894 2971 1937 3002 ita
1958 2970 2172 3001 morbidorum

1148 3023 1244 3053 millia
1262 3031 1317 3053 cet,
1332 3024 1492 3062 collegisse
1505 3025 1536 3054 et
1550 3032 1566 3054 e
1587 3023 1701 3053 tinibus
1714 3022 1848 3061 ejecisse.
1865 3023 1966 3053 Duces
1978 3030 2052 3051 vero
2066 3029 2172 3051 eorum

1147 3073 1240 3103 fuisse
1253 3073 1370 3104 scribas
1387 3076 1514 3112 Moysen
1533 3075 1564 3104 et
1577 3073 1749 3112 Josephum
1761 3096 1769 3110 ‚
1790 3074 1884 3112 atque
1909 3073 1991 3102 hunc
2013 3079 2170 3101 sacrorum

1146 3124 1280 3154 scribam
1301 3136 1307 3154 t
1323 3125 1467 3163 AEgyptia
1479 3133 1555 3154 vero
1568 3125 1611 3154 eis
1625 3124 1752 3154 nomina
1767 3132 1832 3154 esse
1842 3147 1849 3161 ‚
1866 3122 1963 3161 Moysi
1980 3121 2105 3160 quidem
2120 3120 2169 3150 'si-

1146 3178 1248 3209 sithen
1259 3202 1267 3216 ,
1294 3178 1432 3217 Josepho
1464 3186 1539 3208 vero
1569 3177 1731 3216 Peteseph.
1760 3178 1824 3206 llos
1853 3174 2008 3205 Pelusium
2032 3171 2150 3202 venisse
2162 3194 2169 3206 ‚

1147 3229 1252 3269 ibique
1265 3229 1430 3260 offendisse
1449 3238 1586 3259 cccrxxx
1602 3228 1696 3258 millia
1710 3227 1749 3257 ab
1771 3225 1942 3264 Amenophi
1957 3223 2079 3259 relicta,
2098 3231 2169 3260 qnae

1148 3281 1176 3310 in
1192 3283 1355 3320 fligyplum
1368 3281 1534 3310 transferre
1547 3280 1693 3310 nolucrit.
1709 3280 1788 3308 Cum
1802 3277 1848 3306 his
1861 3277 1923 3305 icio
1937 3273 2049 3304 nederc,
2063 3274 2170 3303 contra

1097 3341 1149 3365 ΗΠ)
