2338 3765
151 213 224 245 580

150 292 313 342 ρυμένην,
339 290 427 328 καθά
455 306 537 341 φησι
567 290 771 341 ψαὸωρῖνος
799 293 833 328 ἐν
861 292 964 343 τρίτῳ
996 295 1063 330 τῶν
1082 293 1184 331 Ἀπο-

150 350 462 398 μνημονευμάτων,
492 351 559 385 τῶν
584 350 746 400 πρότερον
768 350 888 401 ἰσχάσι
911 351 1027 403 ξηραῖς
1046 352 1103 388 καὶ
1127 367 1185 388 τυ-

151 413 218 459 ροῖς
245 410 377 457 ὑγροῖς,
402 407 491 444 ἀλλὰ
517 407 575 444 καὶ
597 408 715 457 πυροῖς
735 408 1010 458 σωμασκούντων
1042 409 1183 455 αὐτοὺς,

149 464 304 515 καθάπερ
333 467 350 501 ὁ
383 464 481 508 αὐτὸς
509 463 715 516 Φαῧωρῖνος
749 467 781 502 ἐν
816 467 918 518 ὀγδόῃ
956 468 1185 512 Παντοδαπῆς

148 522 298 573 ἱστορίας
318 521 432 572 φησίν.

640 612 699 647 18.

201 697 310 743 Diog.
324 697 364 731 L.
378 698 466 731 VIII
480 725 490 745 ,
509 701 555 742 47
575 708 583 731 :
600 694 848 746 Ἐρατοσθένης
862 697 898 734 δέ
914 713 1013 749 φησι,
1028 698 1112 735 καθὸ
1127 698 1185 736 καὶ

148 752 355 804 ψαίωρῖνος
373 755 405 790 ἐν
422 753 466 802 τῇ
486 753 587 804 ὀγδόῃ
607 755 839 800 Παντοδαπῆς
859 756 1009 806 ἱστορίας
1036 756 1184 806 παρατί-

148 813 262 858 θεται,
285 814 402 847 τοῦτον
418 811 665 862 (Πυθαγόραν)
688 806 773 849 εἶναι
789 813 844 850 τὸν
863 816 996 864 πρῶτον
1021 815 1186 865 ἐντέχνως

147 867 387 904 πυκτεύσαντα
409 868 465 905 ἐπὶ
482 864 541 914 τῆς
558 869 677 918 ὀγδόης
693 870 751 907 καὶ
767 875 1041 922 τετταρακοστῆς
1061 872 1186 922 Ὀλυμ·

148 925 287 971 πιάδος,
309 926 463 975 κομήτην
484 926 543 964 καὶ
573 927 757 978 ἁλουργίδα
787 934 970 980 φοροῦντα·
990 930 1184 981 ἐκκριθέντα

148 984 179 1019 τ’
200 984 238 1019 ἐκ
264 985 330 1020 τῶν
351 984 484 1020 παίδων
513 984 572 1021 καὶ
600 985 821 1036 χλευασθέντ’
842 987 964 1024 αὐτίκα
993 988 1185 1039 προσδῆναι

148 1040 226 1083 τοὺς
255 1041 378 1092 ἄνδρας
403 1042 462 1079 καὶ
482 1046 633 1088 νικῆσαι.
658 1045 791 1090 Δηλοῧν
813 1043 847 1082 δὲ
867 1049 966 1083 τοῦτο
985 1046 1043 1083 καὶ
1063 1045 1185 1083 τούπί-

149 1114 296 1150 γραμμα
317 1100 400 1151 ὅπερ
417 1100 556 1147 ἐποίησε
574 1102 784 1148 Θεαίτητος·

190 1180 372 1220 Πυθαγόρην
385 1181 452 1211 τινὰ
465 1205 472 1219 ,
489 1182 681 1221 Πυθαγόρην,
696 1183 722 1213 ὦ
739 1183 811 1218 ξεῖνε
822 1207 830 1221 ,
845 1184 994 1223 κομήτην,

230 1228 378 1267 ᾀδόμενον
393 1228 510 1265 πύκτην
527 1230 551 1259 εἰ
566 1231 703 1269 κατέχεις
721 1230 846 1269 Σάμιον,

189 1275 367 1314 Πυθαγόρης
382 1275 442 1313 ἐγώ
457 1276 535 1315 εἰμι·
553 1276 591 1306 τὰ
605 1276 630 1306 δ’
642 1277 715 1316 ἔργα
730 1288 788 1316 μου
803 1278 827 1307 εἳ
846 1278 901 1308 τιν’
912 1278 992 1318 ἔροιο

231 1321 373 1359 Ἠλείων,
388 1323 491 1361 φήσεις
509 1323 600 1353 αὐτὸν
614 1323 730 1354 ἄπιστα
746 1324 854 1363 λέγειν.

149 1395 279 1433 Τοῦτον
308 1397 325 1432 ὁ
355 1395 563 1447 Φαῧωρῖνός
590 1412 691 1449 φησιν
713 1396 800 1450 ὅροις
827 1398 1024 1449 χρήσασθαι
1048 1399 1103 1435 διὰ
1127 1401 1186 1444 τῆς

149 1456 395 1502 μαθηματικῆς
421 1453 519 1501 ὕλης,
542 1456 599 1491 ἐπὶ
625 1455 729 1493 πλέον
755 1457 788 1493 δὲ
810 1456 1003 1508 Σωκράτην
1024 1457 1082 1493 καὶ
1111 1456 1186 1499 τοὺς

149 1510 267 1563 ἐκείνῳ
283 1512 560 1559 πλησιάσαντας,
575 1513 633 1550 καὶ
650 1514 737 1562 μετὰ
759 1518 855 1552 ταῦτ’
869 1514 1105 1565 Ἀριστοτέλην
1126 1515 1184 1552 καὶ

147 1568 225 1611 τοὺς
255 1569 429 1613 στωικούς.
466 1570 570 1607 Ἀλλὰ
604 1570 671 1619 μὴν
699 1572 757 1609 καὶ
787 1571 844 1609 τὸν
877 1572 1016 1623 οὐρανὸν
1049 1575 1185 1622 πρῶτον

148 1627 316 1676 ὀνομάσαι
337 1628 464 1678 κόσμον
485 1630 543 1666 καὶ
559 1629 621 1675 τὴν
641 1633 704 1678 γῆν
734 1630 958 1682 στρογγύλην·
979 1633 1022 1673 ὡς
1039 1629 1073 1667 δὲ
1093 1632 1185 1670 Θεό-

149 1701 314 1736 φραστος,
335 1687 570 1737 Παρμενίδην·
590 1690 634 1730 ὡς
654 1687 688 1725 δὲ
710 1688 842 1734 Ζήνων,
864 1688 1038 1726 (Ησίοδον.
1063 1689 1186 1742 Τούτῳ

149 1743 251 1791 φασὶν
269 1744 630 1795 ἀντιπαρατάσσεσθαι
649 1745 798 1784 Κύλωνα
818 1747 974 1798 καθάπερ
995 1748 1186 1800 Ἀντίλοχον

149 1801 343 1853 Σωκράτει.

668 1906 726 1941 19.

202 1977 307 2012 Idem
323 1979 428 2022 VIII,
452 1978 495 2014 15
519 1992 526 2014 ε
548 1979 626 2016 Τῶν
644 1977 828 2021 ἑξακοσίων
851 1980 912 2016 οὐκ
941 1979 1103 2023 ἐλάττους
1130 1980 1187 2017 ἐπὶ

150 2034 211 2079 τὴν
228 2033 423 2085 νυκτερινὴν
444 2035 607 2087 ἀκρόασιν
624 2036 785 2082 ἀπήντων
802 2038 904 2074 αὐτοῦ
927 2038 1158 2090 (Πυθαγόρου)
1175 2053 1182 2060 ·

909 206 1152 246 FAVORINI
1182 207 1524 246 ARELATENSIS

1244 294 1301 331 καὶ
1327 294 1358 331 εἴ
1372 309 1458 336 τινες
1479 293 1649 336 ἀξιωθεῖεν
1677 293 1778 330 αὑτὸν
1807 293 2013 341 θεάσασθαι,
2033 293 2182 346 ἔγραφον
2198 294 2282 346 πρὸς

1243 352 1319 394 τοὺς
1335 351 1476 393 οἰκείους
1492 353 1536 393 ὡς
1553 351 1705 400 μεγάλου
1721 350 1810 394 τινὸς
1826 351 2065 402 τετυχηκότες.
2093 354 2279 391 Μεταπον-

1243 409 1329 447 τῖνοί
1347 425 1384 459 γε
1407 409 1474 458 μὴν
1491 407 1553 454 τὴν
1574 407 1635 457 μὲν
1653 408 1762 446 οἰκίαν
1781 410 1884 446 αὐτοῦ
1904 409 2087 461 Δήμητρος
2101 410 2189 462 ἱερὸν
2203 411 2283 448 ἐκά-

1243 468 1337 515 λουν,
1356 466 1412 503 τὸν
1428 465 1600 503 στενωπὸν
1616 465 1649 502 δὲ
1669 467 1842 516 μουσεῖον,
1860 465 1905 510 ὥς
1925 482 2008 518 φησι
2026 467 2232 520 Φαῧωρῖνος
2249 469 2283 505 ἐν

1245 526 1491 565 Παντοδαπαῖς
1509 523 1685 575 ἱστορίαις.

1733 624 1796 648 20.

1296 692 1401 727 Idem
1419 693 1495 735 ΙΙΙ,
1516 695 1563 733 24
1579 719 1588 735 ‚
1609 691 1655 726 de
1674 692 1828 727 Platone
1847 703 1855 727 :
1876 684 1986 734 Οἶτος
2002 693 2134 742 πρῶτος
2150 692 2184 728 ἓν
2201 692 2284 742 ἔρω-

1244 747 1341 792 τήσει
1357 747 1456 798 λόγον
1479 747 1706 798 παρήνεγκεν,
1726 747 1771 790 ὥς
1791 763 1874 800 φησι
1898 748 2104 800 Φαῧωρῒνος
2124 751 2158 786 ἐν
2181 750 2282 799 ὀγδόῃ

1247 807 1476 850 Παντοδαπῆς
1495 805 1663 855 ἱστορίας·
1687 805 1745 842 καὶ
1765 808 1898 856 πρῶτος
1917 806 1974 843 τὸν
2001 806 2090 843 κατὰ
2114 807 2176 852 τὴν
2198 804 2287 843 ἀνά-ἕ

1244 865 1340 900 λυσιν
1354 866 1413 909 τῆς
1428 863 1600 910 ζητήσεως
1613 863 1738 914 τρόπον
1757 864 1966 914 εἰσηγήσατο
1986 864 2216 914 Λεωδάμαντι
2235 867 2284 916 τῷ

1244 921 1381 972 Θασίῳ.

1735 1024 1798 1049 21.

1297 1097 1402 1132 Idem
1422 1100 1476 1133 III
1491 1126 1499 1142 ,
1523 1097 1570 1144 57
1596 1112 1604 1133 ε
1625 1097 1705 1136 Εἰσὶ
1729 1097 1852 1144 τοίνυν,
1871 1097 1986 1150 φησὶν,
2002 1098 2032 1135 οἱ
2049 1096 2174 1140 πάντες
2191 1098 2286 1150 αὐτῷ

1243 1154 1375 1204 γνήσιοι
1392 1154 1543 1204 διάλογοι
1565 1155 1597 1198 ’ἐξ
1619 1156 1677 1193 καὶ
1691 1155 1906 1202 πεντήκοντα
1920 1185 1930 1205 ,
1947 1158 2007 1201 τῆς
2023 1154 2084 1206 μὲν
2102 1156 2286 1199 Πολιτείας

1245 1214 1290 1254 εἷς
1321 1211 1402 1248 δέκα
1436 1213 1674 1263 διαιρουμένης
1700 1235 1752 1242 —
1772 1213 1814 1259 ἦν
1842 1213 1900 1250 καὶ
1929 1212 2142 1264 εὑρίσκεσθαι
2163 1212 2286 1263 σχεδὸν

1245 1270 1327 1316 ὅλην
1349 1269 1445 1321 παρὰ
1466 1271 1683 1322 Πρωταγόρᾳ
1713 1273 1746 1308 έν
1766 1277 1834 1314 τοῖς
1854 1271 2078 1319 ἀντιλογικοῗς
2098 1286 2182 1323 φησι
2204 1272 2287 1308 Φα-

1247 1327 1388 1378 ὃωρῗνος
1419 1329 1453 1364 ἐν
1481 1330 1712 1375 Παντοδαπῆς
1744 1329 1893 1381 ἱστορίας
1916 1329 1945 1381 β’
1967 1331 2008 1379 (l.
2033 1328 2085 1379 η’)
2103 1345 2233 1366 -των
2251 1328 2285 1366 δὲ

1246 1385 1374 1435 Νόμων
1391 1388 1436 1429 εἷς
1455 1387 1672 1424 δυοκαίδεκα.

1732 1494 1793 1519 22.

1298 1573 1402 1607 Idem
1420 1575 1496 1618 ΙΙΙ,
1521 1575 1581 1618 37,
1598 1575 1645 1609 de
1667 1576 1820 1610 Platone
1840 1587 1849 1612 :
1873 1573 1972 1618 Φησὶ
2000 1574 2029 1610 δ’
2054 1570 2288 1623 Ἀριστοτέλης

1245 1627 1307 1674 τὴν
1324 1632 1391 1666 τῶν
1410 1630 1518 1678 λόγων
1538 1630 1630 1667 ἰδέαν
1652 1632 1757 1667 αὐτοῦ
1786 1630 2013 1680 (Πλάτωνος)
2035 1630 2161 1676 μεταξὺ
2183 1630 2288 1676 ποιή-

1248 1702 1354 1735 ματος
1374 1681 1460 1723 eim
1480 1687 1538 1724 καὶ
1553 1690 1654 1732 πεζοῦ
1673 1688 1788 1738 λόγου.
1807 1690 1937 1726 Τοῦτον
1956 1687 2056 1738 μόνον
2074 1693 2287 1739 παραμεῖναι

1247 1745 1412 1782 Πλάτωνι
1428 1745 1636 1797 ([ὶαὲωρῒνός
1655 1746 1719 1783 πού
1735 1762 1837 1798 φησιν
1856 1746 2125 1797 ἀναγινώσκοντι
2138 1746 2195 1784 τὸν
2209 1746 2288 1797 περὶ

1249 1804 1361 1854 ψυχῆς
1375 1832 1385 1852 ,
1405 1802 1480 1846 τοὺς
1500 1803 1528 1840 δ’
1547 1804 1669 1847 ἄλλους
1686 1805 1875 1850 ἀναστῆναι
1895 1804 2038 1847 πάντας.

1740 1899 1804 1934 23.

1303 1984 1409 2020 Idem
1425 1987 1502 2031 III,
1530 1985 1550 2021 3
1570 1997 1577 2022 :
1596 1984 1666 2023 Καὶ
1686 1985 1848 2035 ἐγεννήθη
1868 1983 2061 2035 (Πλάτων)
2080 1982 2171 2021 κατά
2195 1999 2290 2026 τινας

1249 2042 1282 2077 ἐν
1303 2041 1426 2092 Αἰγίνῃ
1444 2043 1477 2079 ἐν
1494 2045 1535 2091 τῆ
1554 2043 1742 2081 Φειδιάδου
1760 2043 1850 2094 οἰκίᾳ
1867 2047 1925 2080 τοῦ
1941 2042 2123 2090 Θάλητος,
2144 2040 2187 2085 ὥς
2204 2057 2287 2094 φησι

150 2145 304 2176 lariorum
321 2147 364 2177 ait
386 2147 582 2186 Favorinus,
601 2149 694 2178 antea
708 2148 817 2179 caricis
834 2148 924 2180 siceis
939 2150 969 2180 et
991 2150 1079 2182 molli
1099 2159 1189 2181 caseo

150 2198 181 2228 et
195 2196 300 2227 tritico
314 2197 422 2228 solitos
436 2207 569 2237 corpora
587 2199 708 2230 nutrire
719 2225 728 2239 ‚
743 2201 780 2231 ut
795 2200 839 2231 ait
854 2200 937 2232 idem
958 2201 1131 2233 Favorinus
1159 2202 1189 2232 in

151 2248 264 2278 octavo
284 2249 485 2280 omnimodae
503 2250 655 2281 historiae.

194 2358 403 2398 Pythagoram
420 2359 662 2398 Eratosthenes,
675 2369 769 2399 quem
781 2361 812 2391 et
830 2360 1006 2391 Favorinus
1029 2361 1060 2391 in
1075 2362 1190 2392 octavo

152 2411 351 2442 omnimodae
368 2411 507 2442 historiae
524 2412 605 2442 libro
622 2413 734 2443 testem
752 2412 842 2450 citat,
860 2413 998 2452 primum
1015 2413 1108 2444 fuisse
1121 2415 1186 2444 tra-

153 2462 211 2500 dit,
235 2463 288 2501 qui
303 2462 542 2501 quadragesima
560 2464 672 2493 octava
696 2463 882 2503 Olympiade
897 2464 1073 2494 seeundum
1090 2466 1189 2495 artem

153 2513 296 2551 pugilatu
316 2513 504 2551 certaverit,
523 2515 684 2543 comatum
699 2515 793 2552 atque
808 2515 1036 2553 purpuratum;
1055 2515 1190 2554 prohibi-

153 2565 287 2602 tumque
303 2571 473 2602 puerorum
488 2563 660 2593 certamine
676 2566 772 2602 atque
787 2564 925 2601 irrisum,
941 2565 1093 2595 continuo
1107 2565 1191 2596 viros

154 2615 277 2653 petiisse.
290 2623 326 2644 ae
340 2615 461 2645 vicisse.
507 2615 670 2645 Declarare
684 2617 790 2646 autern
806 2616 865 2646 hoc
878 2610 972 2646 etiam
987 2617 1190 2656 epigramma,

155 2666 239 2705 quod
259 2667 330 2697 feeit
349 2667 529 2697 Theretetus
545 2679 552 2697 ε

191 2737 324 2771 Hospes,
340 2736 536 2770 Pythagoram
553 2736 592 2768 si,
608 2736 864 2772 pythagoramque
881 2739 1050 2771 comatum,

226 2782 302 2809 nosti
316 2781 517 2817 percelebrem
533 2784 563 2809 tu
579 2782 708 2817 pugilem
723 2783 850 2809 Samium
861 2803 868 2815 ,

190 2827 371 2861 Pythagoras
384 2834 438 2861 ego
451 2835 514 2854 sum
526 2837 534 2854 .·
549 2835 613 2854 mea
627 2827 676 2855 sed
691 2829 713 2855 si
729 2828 805 2856 faeta
820 2829 932 2863 rogaris

225 2875 337 2907 Eleum,
354 2873 433 2902 dices
448 2874 509 2901 haee
528 2882 665 2909 superare
689 2875 787 2902 tidem.

157 2945 250 2975 nunc
265 2944 437 2975 Favorinus
450 2944 493 2975 ait
510 2943 743 2975 delinitionibus
756 2954 810 2984 per
824 2945 1079 2976 mathematicam
1094 2954 1187 2976 nsum

158 2996 341 3034 materiam,
361 2995 555 3034 frequentius
579 2994 609 3025 id
640 2996 748 3026 secisse
777 2998 938 3027 Socratem
967 2997 1068 3036 etqui
1092 2996 1132 3027 ab
1155 3006 1191 3028 eo

158 3047 299 3085 fluxere,
323 3046 524 3085 postmodum
550 3048 656 3076 autem
674 3047 871 3077 Aristotelem
894 3056 931 3077 ac
951 3048 1083 3079 Stoicos.
1130 3049 1190 3079 Pri-

158 3106 310 3137 mumque
321 3098 435 3127 (zrrlum
445 3098 615 3136 appellasse
629 3097 796 3137 mundum,
811 3103 989 3138 terramque
1001 3100 1167 3131 rotundam
1182 3111 1188 3131 :

158 3148 188 3179 id
208 3151 314 3179 autem
329 3149 564 3187 Theophrastus
579 3149 769 3186 Parmenidi,
781 3152 864 3180 Zeno
876 3150 1009 3181 Hesiodo
1023 3151 1189 3189 assignant.

159 3201 240 3231 lluic
256 3202 344 3232 aiunt
358 3200 559 3232 adversatum
577 3209 643 3232 esse
666 3201 836 3241 Cylonem,
851 3202 1117 3241 quemadmodum
1132 3207 1190 3234 An-

159 3252 310 3282 tilochum
325 3252 455 3283 Socrati.

201 3359 289 3389 llaud
317 3360 420 3390 minu<
439 3359 592 3390 sexcentis
611 3361 698 3390 erant
725 3360 779 3399 qui
799 3362 893 3391 noctu
921 3361 959 3391 ad
981 3361 1188 3401 Pythagoram

1251 2152 1442 2184 audiendum
1465 2154 1666 2186 confluebant
1682 2164 1690 2185 ε
1707 2164 1744 2186 ae
1758 2155 1782 2186 si
1801 2155 1855 2195 qui
1867 2155 2033 2194 praesentia
2050 2155 2134 2185 illius
2150 2154 2211 2185 frui
2225 2162 2287 2184 me-

1252 2203 1398 2242 ruissent,
1427 2205 1606 2236 scribebant
1634 2205 1699 2237 suis
1730 2207 1882 2246 tanquam
1907 2214 2055 2244 magnum
2084 2204 2236 2244 quiddam
2253 2213 2289 2235 ae,

1252 2257 1439 2295 praeelariiin
1463 2258 1636 2289 consecuti.
1683 2258 1888 2298 Metapontini
1917 2267 2031 2297 nempe
2055 2250 2138 2288 illius
2157 2258 2288 2288 domum

1251 2309 1374 2339 Cereris
1393 2309 1563 2340 delubrum
1582 2310 1740 2340 vocabant
1753 2333 1761 2347 ,
1779 2311 2045 2349 angiportumque
2070 2311 2215 2342 Museum
2227 2332 2236 2348 ,
2253 2310 2290 2340 ut

1252 2359 1425 2390 Favorinus
1437 2360 1467 2390 in
1482 2361 1681 2391 omnimodis
1698 2361 1834 2391 historiis
1847 2360 1954 2391 tradit.

1741 2416 1799 2447 20.

1291 2467 1415 2499 Primus
1449 2469 1536 2499 Plato
1551 2490 1560 2506 ,
1599 2469 1636 2499 ut
1665 2467 1838 2500 Favorinus
1857 2468 1901 2499 ait
1918 2468 1949 2498 in
1969 2469 2082 2499 octavo
2103 2468 2288 2508 omnigenae

1251 2518 1402 2558 historiae,
1420 2520 1726 2558 argumentationem
1749 2527 1803 2559 per
1817 2519 2080 2557 interrogationes
2094 2519 2286 2557 introduxit,

1250 2571 1436 2610 primusque
1467 2571 1679 2611 inquisitionis
1704 2571 1835 2602 modum
1863 2571 2059 2611 analyticum
2082 2571 2288 2603 Leodamanti

1251 2622 1366 2653 Thasio
1378 2622 1579 2662 praeindnxit.

1742 2678 1799 2709 21.

1293 2734 1386 2770 Sunt,
1405 2733 1438 2763 ut
1455 2733 1561 2771 aiunt,
1578 2742 1688 2764 omnes
1710 2733 1850 2764 Platonis
1873 2732 2000 2771 dialogi,
2013 2731 2053 2763 de
2071 2732 2187 2772 quibus
2209 2732 2286 2763 nihil

1251 2785 1431 2824 ambigitur,
1448 2785 1678 2824 quinquaginta
1703 2793 1770 2822 sex,
1799 2783 1971 2823 Republica
1993 2783 2025 2813 in
2051 2783 2162 2814 decem
2188 2783 2288 2814 divisa

1252 2837 1347 2868 libros
1364 2838 1477 2876 (qnam
1494 2839 1524 2867 et
1540 2837 1622 2876 apud
1643 2838 1846 2875 Protagoram
1871 2836 1970 2866 totam
1994 2835 2091 2866 ferme
2106 2834 2236 2866 inveniri
2256 2835 2287 2865 in

1251 2888 1561 2919 contradictionibus
1583 2887 1679 2918 tradit
1707 2887 1880 2918 Favorinus
1907 2886 1938 2916 in
1963 2885 2102 2917 secundo
2130 2887 2285 2926 (octavo)

1252 2939 1435 2979 omnigenae
1450 2938 1620 2977 historiae),
1637 2938 1769 2978 Legibus
1782 2938 1812 2968 in
1824 2937 1990 2968 duodecim
2009 2937 2126 2969 divisiS.

1742 2993 1800 3023 22.

1293 3046 1451 3077 Orationis
1478 3046 1650 3077 Platonicae
1679 3054 1776 3084 genus
1804 3045 1885 3076 inter
1906 3053 2032 3075 carmen
2058 3044 2090 3074 et
2109 3044 2285 3083 pedestrem

1250 3098 1424 3128 orationem
1451 3098 1592 3128 medium
1616 3099 1723 3128 tenere
1753 3097 1797 3128 ait
1822 3097 2014 3128 Aristoteles.
2060 3097 2153 3126 Hunc
2183 3096 2285 3127 solum

1253 3149 1373 3179 l‘latoni
1390 3148 1539 3179 assedisse
1556 3149 1728 3180 Favorinus
1744 3148 1882 3187 quodam
1895 3148 1964 3178 loeo
1975 3147 2030 3185 ait,
2049 3156 2150 3186 quum
2166 3147 2284 3178 librum

1251 3200 1290 3230 de
1304 3200 1413 3231 Anima
1438 3200 1594 3238 recitaret,
1610 3199 1748 3240 reliquos
1762 3207 1836 3230 vero
1853 3206 1961 3229 omnes
1976 3198 2158 3229 surrexisse.

1744 3255 1800 3287 23.

1294 3310 1381 3340 Plato
1420 3311 1513 3341 natus
1534 3311 1581 3341 est
1608 3309 1783 3340 secundum
1805 3308 1956 3348 quosdam
1981 3309 2012 3339 in
2036 3308 2143 3347 AEgina
2161 3309 2191 3338 in
2208 3307 2283 3339 Phi-

1250 3361 1352 3392 diadae
1368 3361 1464 3392 domo
1476 3385 1484 3400 ,
1502 3361 1569 3400 ejus
1586 3361 1640 3400 qni
1657 3361 1796 3392 Thaletis
1808 3360 1888 3391 tilius
1906 3360 1981 3398 snit,
2002 3362 2036 3390 ut
2050 3358 2224 3390 Favorinus
2240 3358 2283 3389 ait
