2338 3765
949 151 974 186 F
981 151 1008 186 R
1015 151 1077 186 AG
1087 151 1122 186 M
1132 151 1157 186 li
1164 151 1271 187 NTA.

879 295 886 305 ἢ
914 293 921 307 Ί
952 295 962 307 c
992 292 1006 304 ’ἢ

40 353 121 403 γυνὴ
140 353 268 402 γελάσῃ
280 384 288 398 ,
306 351 415 403 τούτῳ
433 358 591 390 συνοικεῖ.

323 465 406 511 133
440 463 796 502 ΣΑΡΔΟΛ1ΒΥΕΣ.

94 554 189 589 Ibid.
222 566 230 588 τ
260 551 489 603 Σαρδολίὸυες
518 550 612 587 οὐδὲν
649 549 829 595 κέκτηνται
859 551 974 590 σκεῦος
1006 547 1070 590 ἔξω

43 610 176 651 κύλικος
195 610 253 646 καὶ
274 609 463 659 μαχαίρας.

344 702 429 737 138.
461 701 779 738 ΑΛΙΤΕΜΝΙΟΙ.

94 794 193 831 Ibid.
220 806 228 830 ς
257 792 458 840 Ἀλιτέμνιοι
484 791 609 833 Amos<
633 792 708 834 τοὺς
728 792 940 843 ταχυτάτους
960 793 1069 828 αὑτῶν

43 852 215 901 αἱροῦνται
239 851 406 901 βασιλεῖς,
431 852 497 887 τῶν
524 849 552 886 δ’
581 849 694 887 ἄλλων
713 852 839 899 τιμῶσι
864 848 920 885 τὸν
942 848 1071 886 δικαιό-

41 923 153 945 τατον.

370 1002 456 1049 139
488 989 741 1038 ΝΟΜΑΔΕΣ.

96 1096 193 1131 11)111.
225 1109 232 1130 :
262 1096 308 1131 Οἱ
329 1094 487 1141 Νομάδες
506 1097 573 1132 τῶν
593 1094 730 1133 Λιὸύων
750 1095 786 1131 οὐ
807 1098 881 1136 ταῖς
908 1092 1072 1145 ἡμέραις,

43 1151 132 1190 ἀλλὰ
148 1154 222 1194 ταῖς
238 1151 326 1195 νυξὶν
349 1153 459 1189 αὐτῶν
476 1154 656 1204 ἀριθμοῦσι
675 1151 732 1188 τὸν
753 1150 887 1202 χρόνον.

342 1269 427 1307 140.
461 1265 776 1301 ΑΤΑΡΑΝΤΕΣ.

94 1343 190 1378 Ibid.
221 1356 227 1377 :
253 1340 450 1393 Ἀτάραντες
484 1341 608 1384 Λίὸυες
636 1341 788 1389 ὀνόματα
823 1343 883 1378 οὐκ
916 1340 1066 1391 ἔχουσιν.

44 1398 83 1448 (2)
117 1398 226 1450 ἹΙλίῳ
255 1397 290 1435 δὲ
324 1398 495 1449 ἀνίσχοντι
517 1401 746 1451 λοιδοροῦνται
771 1401 815 1441 ὡς
844 1398 956 1436 πολλὰ
983 1396 1075 1435 κακὰ

42 1457 200 1508 φήναντι.
225 1455 265 1507 (3)
293 1458 372 1495 Τῶν
393 1456 428 1493 δὲ
454 1456 646 1508 θυγατέρων
672 1456 813 1507 ἀρίστας
836 1456 986 1507 κρίνουσι
1016 1455 1075 1498 τὰς

44 1516 204 1553 πλεῖστον
219 1514 339 1567 χρόνον
359 1515 587 1565 μεμενηκυίας
607 1514 808 1566 παρθένους.

389 1625 473 1662 141.
496 1621 735 1658 ΠΑΝΗΒΟΙ.

96 1708 259 1743 CXXIII
274 1734 283 1751 ‚
307 1720 350 1742 12
371 1719 380 1744 t
407 1705 567 1750 Πάνηὸοι
585 1705 726 1752 Λίὸυες,
745 1705 826 1742 ὅταν
853 1707 964 1748 αὐτοῖς
981 1709 998 1743 ὃ
1017 1708 1078 1756 βα-

47 1765 159 1806 σιλεὺς
185 1764 360 1814 ἀποθάνῃ,
380 1763 418 1800 τὸ
445 1763 505 1813 μὲν
533 1766 634 1814 σῶμα
664 1763 929 1814 κατορύττουσι,
958 1763 1019 1809 τὴν
1044 1763 1078 1800 δὲ

44 1821 196 1872 κεφαλὴν
218 1822 454 1873 ἀποκόψαντες
473 1821 530 1858 καὶ
549 1821 789 1872 χρυσώσαντες
810 1821 1028 1859 ἀνατιθέασιν
1044 1824 1078 1859 ἐν

46 1881 138 1931 ἱερῷ.

377 1976 463 2013 142.
496 1970 753 2009 ΑΙΘΙΟΠΕΣ.

96 2063 227 2106 LXIV,
251 2067 293 2104 41
316 2073 324 2098 ζ
343 2060 503 2102 Αἰθίοπες
519 2059 578 2101 τὰς
599 2058 745 2110 ἀδελφὰς
766 2059 916 2108 μάλιστα
936 2062 1076 2108 τιμῶσι,

43 2118 102 2156 καὶ
131 2118 192 2161 τὰς
221 2117 383 2168 διαδοχὰς
407 2118 559 2167 μάλιστα
579 2117 844 2154 καταλείπουσιν
866 2119 896 2155 οἱ
927 2119 1078 2169 βασιλεῖς

44 2178 81 2214 οὗ
113 2179 182 2219 τοῖς
213 2178 354 2223 ἑαυτῶν,
376 2175 463 2213 ἀλλὰ
483 2181 551 2217 τοῖς
570 2178 636 2212 τῶν
660 2176 813 2227 ἀδελφῶν
843 2178 937 2219 υἱοῖς.
964 2175 1076 2214 ιΌταν

45 2234 107 2272 δ’ὁ
134 2233 365 2284 διαδεξόμενος
392 2233 439 2283 μὴ
458 2228 502 2285 ᾗ,
530 2233 587 2270 τὸν
608 2233 789 2270 κάλλιστον
808 2235 845 2271 ἐκ
862 2234 999 2271 πάντων
1019 2234 1076 2272 καὶ

45 2292 488 2346 μαχιμώτατονιαὶροῧνται
510 2290 668 2342 βασιλέα.
686 2292 725 2342 (2)
745 2291 904 2329 Ἀσκοῧσι
925 2293 958 2329 δὲ
980 2293 1074 2329 εὐσέ-

46 2350 140 2387 ὅειαν
170 2349 230 2386 καὶ
255 2349 484 2396 δικαιοσύνην.
515 2348 650 2400 Ἄθυροι
682 2350 710 2386 δ’
744 2351 854 2386 αὐτῶν
885 2351 919 2386 αἱ
952 2349 1074 2396 οἰκίαι,

45 2408 104 2445 καὶ
124 2410 157 2445 ἐν
175 2408 247 2451 ταῖς
267 2409 354 2451 ὁδοῖς
370 2407 534 2457 κειμένων
554 2408 689 2444 πολλῶν
706 2407 781 2444 οὐδὲ
803 2401 847 2449 εἷς
866 2407 1018 2447 κλέπτει.

433 2520 517 2562 143.
549 2520 698 2557 ΙΝΔΟΙ.

99 2600 285 2649 CXXIII,
311 2613 354 2636 12
380 2614 387 2635 :
411 2598 512 2637 Ἰνδοὶ
531 2599 842 2648 συγκατακαίουσιν
863 2599 944 2637 ὅταν
965 2602 1080 2638 τελευ-

47 2656 176 2701 τήσωσι
203 2660 270 2694 τῶν
291 2659 459 2707 γυναικῶν
487 2656 548 2702 τὴν
569 2658 877 2708 προσφιλεστάτην.
902 2659 1023 2696 Αὐτῶν
1045 2659 1080 2696 δὲ

49 2715 184 2751 ἐκείνων
206 2714 297 2765 ἀγὼν
323 2714 481 2764 μέγιστος
499 2715 672 2764 γίγνεται,
696 2716 955 2760 σπουδαζόντων
976 2720 1077 2762 νικῆ-

49 2787 106 2808 σαι
134 2773 282 2818 ἑκάστην
309 2775 376 2810 τῶν
401 2773 522 2825 φίλων.
547 2773 620 2823 [Τὸ
642 2773 724 2810 αὐτὸ
753 2773 812 2810 καὶ
838 2774 1021 2824 “Ηρόδοτος
1049 2777 1083 2811 ἐν

2084 160 2158 190 463

1130 251 1274 280 sponsam
1300 244 1455 282 ambiunt,
1488 245 1572 284 apud
1596 254 1718 284 sponsa}
1745 247 1849 284 prtum
1874 248 1995 285 pali-em
2014 251 2159 284 0111113111,

1131 301 1284 337 pra-sente
1302 301 1394 331 vtiam
1417 302 1529 340 puella.
1552 304 1634 333 Dum
1653 312 1725 333 vero
1740 304 1840 334 multa
1855 303 1986 335 dicteria
2004 305 2135 336 fundum
2152 329 2159 343 ,

1130 357 1180 387 cui
1198 366 1307 387 corum
1326 359 1429 397 puella
1442 361 1596 398 arriserit,
1614 361 1638 391 is
1651 369 1720 391 eam
1739 361 1838 392 «lucit.

1427 473 1502 504 137.
1532 472 1875 508 SARDOLIBYES.

1174 553 1375 592 Sardolibyes
1391 556 1511 585 nullam
1535 557 1760 595 supellectilem
1775 559 1833 589 sibi
1848 562 1957 598 parant
1971 561 2085 598 praeter
2108 569 2160 590 ‹za-

1130 610 1221 642 licem
1238 613 1268 642 et
1288 612 1438 651 gladium.

1466 707 1540 737 138.
1571 705 1828 740 ALITEMNII.

1173 794 1332 824 Alitemnii
1349 794 1461 832 Libyes
1479 795 1750 833 pernicississimos
1767 797 1886 835 eligunt
1903 806 1989 837 reges
2009 812 2014 828 :
2033 807 2073 829 ex
2090 799 2162 829 reli-

1136 852 1207 891 quis
1234 853 1327 890 prout
1352 852 1486 891 quisque
1513 853 1649 883 maxime
1675 853 1777 891 justus
1801 857 1868 893 est,
1895 855 1937 885 ita
1962 857 1992 886 et
2017 856 2166 895 (lignitate

1131 910 1258 940 eminet.
1647 906 1649 908 ’
2116 905 2129 922 ⁰

1468 1005 1546 1036 139.
1574 1003 1823 1038 NOMADES.

1173 1093 1339 1131 Nomades,
1352 1094 1483 1133 Libyum
1498 1103 1583 1133 gens,
1599 1096 1631 1125 in
1645 1096 1825 1134 temporum
1840 1096 2092 1127 dinumeratione
2106 1106 2167 1127 non

1132 1151 1243 1183 diebus
1256 1176 1263 1190 ,
1281 1152 1335 1182 sed
1351 1153 1497 1183 noctibus
1511 1154 1661 1184 utuntur.

1449 1266 1525 1296 140.
1553 1264 1853 1298 ATARANTES.

1180 1348 1343 1378 Atarantes
1366 1347 1479 1387 Libyes
1508 1348 1690 1379 nominibus
1718 1349 1851 1388 propriis
1879 1352 1997 1380 carent.
2037 1351 2079 1389 (2)
2108 1352 2170 1381 Soli

1135 1405 1247 1435 orienti
1261 1405 1439 1435 convicium
1454 1405 1592 1444 faciunt,
1609 1407 1645 1436 ut
1658 1406 1711 1445 qui
1725 1407 1825 1437 11111113
1839 1407 1920 1437 111313
1938 1407 1968 1437 1η
1984 1407 2088 1438 lucem
2103 1416 2170 1447 pro-

1138 1462 1215 1493 ferat
1231 1464 1262 1493 et
1275 1462 1431 1494 ostendat.
1452 1464 1495 1501 (3)
1512 1466 1560 1494 Ex
1574 1463 1698 1495 filiabus
1713 1465 1850 1504 optimas
1869 1474 1921 1496 eas
1935 1467 2082 1504 censent,
2101 1475 2172 1505 quae

1137 1522 1279 1560 tempore
1292 1530 1386 1561 quam
1403 1521 1583 1561 longissimo
1597 1522 1732 1561 virgines
1743 1524 1880 1554 manent.

1513 1628 1589 1658 141.
1618 1625 1806 1659 PANEBI.

1182 1714 1297 1745 Panebi
1315 1714 1424 1753 Libyes
1438 1716 1564 1745 mortuo
1588 1723 1659 1753 rege
1680 1723 1792 1754 corpus
1812 1715 1969 1754 requuum
1987 1717 2069 1747 terra
2097 1726 2172 1747 con-

1143 1771 1242 1810 dunt,
1264 1774 1360 1811 caput
1386 1774 1491 1803 autem
1518 1773 1631 1803 trunco
1654 1774 1853 1812 amputatum
1879 1773 2059 1805 inaurantes
2075 1775 2105 1805 in
2124 1784 2171 1805 sa-

1141 1830 1202 1861 cris
1213 1831 1368 1861 statuunt.

1474 1975 1550 2006 142.
1587 1972 1845 2007 AETHIOPES.

1184 2069 1345 2108 AEthiopes
1371 2069 1531 2100 sororibus
1554 2070 1754 2109 potissimum
1776 2070 1926 2101 honorem
1952 2071 2119 2110 exhibent,
2145 2075 2176 2103 et

1144 2127 1374 2158 successionem
1390 2127 1519 2157 tradunt
1536 2135 1623 2166 reges
1635 2151 1643 2166 ‚
1668 2136 1730 2157 non
1744 2128 1825 2166 suis,
1841 2127 1895 2159 sed
1916 2136 2060 2160 sororum
2089 2129 2172 2162 filiis,

1144 2185 1263 2222 Quodsi
1292 2194 1332 2216 ex
1355 2185 1392 2216 iis
1415 2185 1520 2215 nullus
1543 2186 1694 2224 supersit,
1711 2185 1762 2216 cui
1789 2186 1956 2218 succedere
1970 2187 2021 2226 jus
2033 2188 2088 2225 sit,
2108 2189 2176 2219 tum

1144 2244 1392 2284 pulcherrimum
1412 2244 1555 2275 omnium
1574 2246 1605 2276 et
1618 2245 1889 2276 bellicosissimum
1902 2255 2007 2285 regem
2021 2246 2175 2286 deligunt.

1146 2304 1189 2341 (2)
1205 2304 1362 2333 Exercent
1383 2302 1404 2333 ii
1423 2302 1581 2342 praecipue
1606 2303 1754 2342 pietatem
1774 2305 1806 2334 et
1818 2303 1989 2342 justitiam.
2041 2304 2173 2336 AEdibus

1145 2358 1285 2400 ipsorum
1300 2360 1397 2391 11111131,Ι
1413 2364 1484 2391 sunt
1498 2360 1622 2399 januae,
1635 2369 1797 2400 quumque
1813 2361 1843 2392 in
1859 2361 1918 2393 viis
1930 2361 2063 2401 publicis
2078 2362 2178 2392 multa

1145 2418 1245 2457 posita
1258 2418 1320 2449 sint
1332 2442 1340 2456 ‚
1356 2426 1449 2448 nemo
1462 2424 1571 2448 eorum
1586 2418 1706 2457 aliquid
1721 2419 1852 2449 furatur.

1554 2533 1633 2564 143.
1660 2530 1771 2564 INDl.

1186 2613 1270 2644 Indis
1298 2613 1432 2644 mortuis
1464 2613 1606 2652 jungitur
1643 2614 1675 2644 in
1708 2622 1818 2653 rogum
1849 2623 1929 2644 uxor
1960 2623 1998 2644 ex
2033 2614 2180 2645 omnibus

1145 2671 1345 2702 dilectissima
1362 2679 1423 2701 una
1447 2671 1627 2702 cremanda.
1649 2674 1732 2703 lnter
1748 2672 1830 2711 ipsas
1851 2673 1958 2703 autem
1972 2672 2180 2703 accerrimum

1145 2730 1304 2759 certamen
1337 2729 1457 2767 oritur,
1490 2729 1713 2767 adJuvantibus
1745 2729 1920 2768 quamlibet
1954 2730 2018 2761 suis
2052 2730 2178 2768 amicis,

1144 2786 1192 2817 uti
1207 2787 1320 2817 vincat.
1349 2786 1455 2826 [Idem
1481 2786 1659 2818 Herodotus
1675 2787 1754 2818 libro
1776 2788 1887 2826 quinto
1910 2788 1958 2826 (c.
1977 2787 2179 2827 6)Η1510113-

94 2885 160 2913 137.
182 2882 379 2923 Σαρδολίὸυες
393 2882 484 2913 codd.
506 2882 656 2920 Par-isin.;
675 2883 766 2921 vulgo
781 2883 995 2923 Σορδολίὸυες;
1015 2885 1158 2915 Damaso.
1178 2885 1292 2924 Παρδοὶ
1309 2885 1428 2919 Λίὸυες.
1446 2887 1492 2915 De
1508 2885 1628 2915 colonia
1645 2894 1742 2924 quam
1756 2886 1890 2925 Sardus,
1907 2886 2070 2917 Macer-ldis
2085 2887 2126 2925 1.,
2141 2895 2179 2915 ex

52 2927 147 2967 Libya
156 2929 189 2959 in
201 2928 377 2960 Sardiniam
388 2928 491 2967 duxit,
506 2937 535 2958 v.
551 2929 720 2959 Pausanias
733 2930 771 2965 X,
789 2932 836 2967 17,
850 2933 877 2960 2.
892 2931 1004 2968 Coray.
1021 2930 1149 2962 sortasse
1165 2933 1332 2971 legendum
1346 2941 1411 2963 esse
1422 2933 1545 2972 putavit
1556 2933 1752 2969 Σαλδολίὸυες
1765 2934 1906 2965 asaldz's
1919 2935 1928 2973 (
1941 2934 2052 2965 Σαλδαί
2065 2935 2088 2973 ),
2102 2933 2178 2964 urbe

51 2975 207 3006 maritima
224 2976 422 3006 Mauritania),
440 2975 670 3013 caesareensis,
690 2975 781 3005 hodie
803 2975 915 3006 Tedles
930 2978 1042 3007 vocata
1059 2979 1090 3008 et
1113 2978 1245 3009 finitima
1263 2978 1422 3009 hodiernae
1436 2980 1593 3018 Alqerice.

96 3023 160 3052 138.
185 3021 380 3061 Ἀλιτέμνιοι]
397 3022 442 3052 sic
461 3021 530 3052 cod.
548 3021 645 3052 Paris.
664 3022 744 3051 alter
766 3023 797 3053 et
816 3023 997 3053 Damascius
1013 3036 1020 3054 ε
1035 3023 1193 3064 Ἀλιτέμιοι
1208 3026 1329 3065 reliqui.
1348 3026 1486 3064 Populus
1499 3025 1626 3056 aliunde
1638 3049 1646 3063 ‚
1666 3027 1702 3056 ut
1716 3027 1852 3065 videtur,
1871 3036 1933 3057 non
1948 3029 2050 3057 notus.

95 3069 162 3098 140.
191 3067 544 3107 νυΙς313111Ἀφάραντες
559 3076 598 3097 ex
618 3067 778 3099 Herodoto
795 3071 857 3107 lV,
880 3071 934 3100 184
953 3070 1090 3101 correxit
1112 3071 1280 3102 Salmasius
1295 3071 1335 3102 ad
1352 3071 1448 3102 Solin.
1465 3080 1495 3111 p.
1514 3075 1582 3103 292.
1611 3072 1658 3103 ef.
1676 3075 1765 3104 Voss.
1785 3073 1825 3104 ad
1847 3074 1961 3104 Melam
1980 3075 2009 3111 1,
2028 3076 2057 3103 8.
2082 3071 2172 3101 λοιδοι

52 3112 194 3152 ροῦνται]
210 3113 257 3143 Cs.
282 3113 432 3144 Herodot.
449 3113 469 3144 l.
489 3113 530 3152 l.;
549 3112 676 3143 Diodor.
694 3115 754 3152 Ill,
771 3118 806 3152 8;
830 3115 941 3145 Strabo
957 3117 1061 3152 XVH,
1079 3125 1108 3154 p.
1126 3120 1197 3147 822.

95 3160 161 3190 141.
187 3159 302 3190 I'anebi
320 3159 448 3190 aliunde
464 3168 527 3190 non
544 3160 621 3190 noti.
640 3162 682 3190 De
699 3168 733 3190 re
749 3161 789 3191 cf.
809 3170 881 3200 quae
898 3161 936 3192 de
951 3161 1147 3193 lssedonibus
1162 3164 1268 3193 narrat
1285 3162 1436 3194 Herodot.
1456 3165 1516 3201 lV,
1534 3168 1572 3194 26
1590 3164 1620 3194 et
1636 3172 1717 3203 quos
1734 3163 1775 3194 ibi
1796 3163 1905 3195 laudat
1930 3163 2031 3194 Baehr.

98 3208 165 3237 142.
190 3206 238 3236 Cf.
257 3206 406 3237 Herodot.
425 3208 483 3245 lll,
502 3210 561 3245 20;
581 3206 695 3238 Strabo
709 3208 796 3237 XVll
809 3230 816 3244 ‚
841 3216 871 3246 p.
887 3210 957 3238 822.

100 3254 167 3282 143.
192 3251 236 3283 Ad
254 3250 272 3290 ς
289 3255 298 3282 1
320 3253 359 3283 cs.
378 3253 491 3283 strabo
508 3255 583 3292 XV,
599 3261 628 3292 p.
649 3256 726 3291 699,
742 3256 799 3285 714
815 3265 823 3292 ;
839 3253 949 3285 AElian.
967 3255 1005 3284 V.
1024 3256 1062 3285 H.
1084 3256 1176 3293 vul,
1197 3258 1241 3285 18.
1256 3254 1301 3285 Ad
1316 3254 1334 3294 ξ
1350 3260 1365 3286 2
1383 3254 1552 3287 cf.st1·abo
1566 3258 1639 3296 XV,
1655 3266 1684 3296 p.
1703 3260 1782 3293 709;
1807 3255 1918 3287 AElian.
1935 3256 1973 3284 V.
1992 3255 2028 3284 H.
2056 3254 2113 3289 lv,
2144 3259 2175 3289 1;

58 3297 185 3328 Bolilen.
205 3297 322 3329 mdien
342 3300 368 3329 ll
382 3322 390 3337 ,
407 3307 435 3338 p.
453 3301 483 3329 9.
