2289 3728
76 192 143 222 122

125 267 314 320 Κράνειον]
349 270 398 302 sic
434 267 539 309 libri;
575 264 744 314 κρουνεῖον
787 263 885 309 conj.
921 263 1074 298 Casaub.
1091 275 1099 305 ;

73 329 224 363 Preller.
249 324 402 376 κρανίον,
420 341 433 355 «
455 324 558 370 quod
583 323 693 358 fuerit
710 322 978 357 deminutivum
1005 321 1102 355 vocis

71 392 206 436 κρᾶνον,
229 393 269 419 ut
294 380 474 432 κρατάνιον
495 380 740 416 derivandum
768 380 937 415 videatur
964 392 981 413 a
1010 391 1101 413 voce

72 448 170 493 κρᾶς,
188 446 310 490 κρᾶτα,
327 452 407 487 quae
422 440 573 474 nomina
586 439 677 473 vasis
691 439 762 473 illis
779 439 948 485 imposita
964 438 1102 472 fuerint

73 499 218 536 ἀπὸτοῦ
238 496 438 547 σχήματος,
471 504 514 531 ut
546 496 593 532 ad
621 497 764 532 cerebri
791 497 949 531 formam
982 494 1103 530 efficta

73 558 220 592 dixeris.
245 555 379 590 »Idem
395 555 575 589 Prellerus
595 554 806 588 thesaurum
826 554 1102 600 Byzantiorum,

73 616 210 661 quippe
230 613 333 659 cujus
361 625 437 647 non
461 612 673 647 meminerit
697 613 893 646 Pausanias
924 612 1009 657 (VI,
1040 614 1103 657 9),

72 674 279 720 suspicatur
310 683 426 705 unum
456 670 691 716 eundemque
725 670 832 704 fuisse
861 682 945 704 cum
975 670 1102 715 Mega—

72 732 178 765 rensi.
192 731 275 764 Non
291 729 420 764 eredo.
439 729 543 764 Idem
558 729 739 763 Prellerus
753 740 829 762 non
841 729 981 774 integra
1002 727 1107 761 Pole-

74 789 194 822 monis
209 787 323 821 verba
340 786 404 821 sed
424 798 541 833 pauca
557 786 643 820 hinc
662 786 748 820 inde
777 786 822 819 ab
844 785 1018 819 Athenaeo
1040 795 1105 817 ex—

71 848 206 893 scrIpta
227 858 297 880 esse
314 852 449 881 censet.
481 843 557 891 Ego
582 844 755 890 ipsissima
782 843 970 877 Helladici
988 842 1109 887 operis

71 905 183 939 verba
203 915 361 950 agnosco
374 932 382 947 ‚
403 910 512 949 atque
529 903 596 936 hac
614 902 836 936 narrationis
853 900 978 934 indole
998 898 1107 933 firmo

71 963 289 997 sententiam
299 973 417 996 meam
429 988 437 1004 ‚
454 973 498 995 ex
513 973 585 1006 qua
601 961 815 994 Helladscns
832 965 909 992 erat
923 958 1108 991 succincta

73 1021 219 1055 Graeciae
231 1019 430 1065 descriptio
448 1018 653 1064 antiquaria
668 1043 678 1063 ,
695 1029 714 1051 e
730 1016 940 1050 Polemonis
951 1015 1109 1048 maxime

74 1078 176 1112 libris
194 1084 379 1124 congesta,
397 1077 539 1123 ipsique
558 1075 749 1109 Polemoni
765 1086 783 1108 a
795 1074 906 1119 vulgo
920 1072 1109 1108 attributa.

560 1167 620 1189 21.

127 1237 251 1272 Schol.
273 1242 345 1272 vet.
373 1234 480 1270 Pind.
507 1234 565 1271 Ol.
597 1236 626 1269 V
648 1245 792 1280 argum.

76 1293 209 1339 ἀπήνης
236 1292 405 1341 Πολέμων
437 1290 560 1342 φησίν·

76 1352 208 1397 ἀπήνης
237 1349 342 1399 ἀμὴν,
376 1349 435 1386 καί
460 1350 542 1385 εἰσιν
577 1350 606 1385 οἳ
636 1346 889 1398 ἀγωνισάμενοι
920 1346 1071 1396 ἡμίονοι.
1095 1365 1109 1379 »1

78 1409 357 1454 Καταλυθῆναι
341 1407 375 1445 οὲ
393 1423 491 1445 τουτο
508 1407 545 1445 τὸ
562 1406 743 1456 ἀγώνισμα
757 1404 847 1444 κατὰ
863 1404 925 1451 τὴν
943 1406 1110 1455 ὀγδοηκο-

76 1467 160 1514 στὴν
189 1467 355 1518 τετάρτην
394 1466 640 1515 Ὀλυμπιάδα,
677 1465 736 1503 καὶ
767 1468 855 1502 εἰναι
887 1463 1110 1516 τρισκαίδεκα

75 1525 183 1568 νίκας.
206 1524 280 1571 Τὴν
303 1524 338 1561 δὲ
364 1523 497 1569 ἀπήνην
524 1523 683 1573 λέγεσθαι
710 1523 775 1560 ὑπὸ
796 1525 978 1571 Τεγεατων
1009 1537 1111 1575 φησιν

76 1586 94 1620 ὃ
114 1582 297 1632 Πολέμων,
316 1584 346 1619 οἷ
369 1582 402 1619 δὲ
419 1583 606 1621 Θετταλῶν
623 1576 709 1619 εἶναι
725 1580 786 1627 τὴν
804 1581 906 1625 λέξιν.

130 1660 144 1674 «
164 1644 218 1678 De
233 1642 330 1677 ludis
345 1639 479 1685 ἀπήνης
493 1641 654 1676 studiose
670 1641 837 1688 Bentley.
856 1642 949 1676 Diss.
968 1642 1110 1677 Phalar.

77 1714 114 1748 p.
134 1700 208 1736 238
229 1713 284 1748 sq.
308 1700 368 1738 ed.
391 1700 508 1747 Lips.;
527 1697 716 1743 ἀπήνηνίιι
738 1701 917 1747 Olympiis
937 1700 1112 1735 adscitam

78 1772 150 1795 esse
169 1760 226 1795 Ol.
249 1772 315 1804 70,
338 1766 374 1794 et
389 1759 445 1795 Ol.
472 1758 519 1799 84
500 1760 721 1806 4piaeconio
737 1759 834 1793 facto
849 1759 1025 1793 abolitam
1043 1758 1107 1793 do-

80 1825 137 1853 cet
166 1819 319 1854 Pausan,
353 1819 396 1861 Υ,
425 1829 482 1863 9‚1
493 1844 502 1860 ,
533 1818 657 1863 primo
686 1824 765 1851 tum
793 1818 934 1851 victore
965 1817 1114 1851 Theisia

79 1877 262 1911 Thessalo.
286 1876 418 1909 Noster
445 1875 555 1909 docet
581 1874 760 1909 tredecim
783 1874 892 1908 fuisse
917 1875 1112 1918 victorias⁷

80 1934 220 1980 quippe
240 1933 285 1967 ab
300 1933 345 1968 Ol
381 1945 423 1977 71
445 1944 561 1979 usque
576 1932 622 1966 ad
638 1933 698 1968 Ol.
722 1931 785 1968 83.
812 1948 825 1963 υ
846 1933 1005 1966 Bonum.

820 1245 827 1266 ε
865 1230 949 1281 Περὶ
983 1229 1017 1266 δὲ
1047 1233 1106 1275 τῆς

594 1309 608 1322 «
639 1288 769 1340 ’Ἡγετο
801 1290 836 1325 δὲ
866 1291 899 1325 ἐν
931 1289 1111 1340 Ὀλυμπίᾳ

567 2031 628 2054 212.

135 2095 260 2130 Schol.
278 2095 406 2141 Eurip.
428 2095 620 2141 Hippolyt.
642 2107 677 2128 v.
696 2094 770 2129 230
786 2107 794 2128 τ
812 2093 944 2134 πώλους
960 2092 1114 2138 Ἐνέτας]

83 2152 206 2188 Ταῦτα
223 2150 528 2202 ἀνακεχρόνισται·
547 2149 680 2187 οὐδέπω
694 2149 758 2201 γὰρ
772 2149 944 2195 ‘'EM-qva
964 2149 1117 2193 Ἐνέταις

84 2211 233 2259 ἐχρῶντο
248 2209 381 2251 ἵπποις·
399 2210 429 2245 οἱ
448 2208 514 2260 γὰρ
531 2207 671 2247 Ἐνέται
689 2208 936 2261 Παφλαγονίαν
955 2208 1117 2260 πρότερον

83 2268 249 2306 οἰκοῦντες
276 2264 416 2315 ὕστερον
437 2264 492 2301 ἐπὶ
517 2264 574 2301 τὸν
598 2264 731 2315 Ἀδρίαν
761 2264 941 2313 διέὸησαν,
962 2265 1057 2303 Λέων
1080 2264 1114 2302 δὲ

85 2325 216 2374 πρῶτος
238 2322 507 2371 Λακεδαιμόνιος
532 2322 588 2359 πθ’
611 2322 684 2371 (πε’
705 2324 895 2373 Eustath.)
926 2322 1114 2372 ὀλυμπιάδι

569 2438 627 2469 21.

133 2492 176 2520 De
200 2498 306 2529 aperie
323 2490 448 2529 (rheda
469 2491 623 2528 malari)
645 2490 772 2522 Polemo
792 2491 867 2521 dicit
892 2504 898 2521 :
925 2503 939 2517 «
966 2491 1122 2530 Agebatur

90 2540 205 2570 veroin
217 2541 362 2579 Olympia
374 2550 486 2580 apenes
497 2543 670 2579 certamen,
683 2543 902 2580 certantesque
912 2543 986 2572 sunt
1002 2542 1091 2572 muli.
1106 2556 1119 2568 υ

89 2693 162 2723 cim.
179 2693 377 2723 Vocabulum
389 2695 494 2724 autem
506 2694 623 2731 ἀπήνην
637 2703 703 2725 esse
710 2694 910 2733 Tegeaticum
925 2694 1053 2724 Polemo
1067 2694 1122 2732 ait,

90 2745 140 2775 alii
157 2753 230 2775 vero
244 2745 456 2775 Thessalicum
473 2754 538 2775 esse
552 2746 673 2777 volunt.

578 2800 632 2830 22.

134 2852 251 2883 Pullos
274 2852 425 2891 Venetos]
443 2854 476 2882 ln
495 2852 541 2883 his
557 2854 667 2883 contra
691 2854 871 2892 temporum
899 2853 1034 2883 rationes
1050 2860 1123 2892 pec—

93 2903 175 2933 cavit
198 2902 367 2941 Euripides
395 2903 472 2932 Nam
500 2903 659 2942 Hippolyti
685 2903 879 2943 temporibus
907 2903 1047 2934 nondum
1077 2903 1124 2933 usi

97 2954 202 2985 Graeci
220 2955 347 2984 Venetis
366 2954 455 2992 cquis
470 2956 553 2984 sunt.
578 2955 687 2985 Veneti
709 2955 785 2985 olim
814 2954 1057 2994 Paphlagoniam
1075 2954 1124 2984 in·
1154 2948 1155 2951 ¹

95 3006 233 3035 colentes
261 3007 368 3043 postea
391 3005 421 3034 in
447 3004 573 3035 Adriam
597 3005 880 3044 transmigrarunt;
909 3006 1028 3044 primus
1050 3013 1124 3035 vero

98 3056 226 3087 Venetis
250 3056 339 3095 equis
364 3056 437 3087 vicit
460 3057 646 3096 Olympiade.
663 3059 853 3096 octogesima
882 3066 965 3088 nona
988 3060 1050 3089 Leo
1067 3059 1125 3088 La-

95 3106 326 3142 rvdoemonius,
346 3108 381 3137 ut
398 3108 525 3138 Polemo
551 3110 675 3144 narrat3
705 3109 791 3147 signo
806 3111 911 3139 autem
934 3108 1060 3139 [montis
1082 3108 1127 3138 in-

95 3159 247 3198 scriptum
265 3158 378 3197 legitur
395 3171 400 3188 :
427 3171 439 3184 u
462 3160 521 3189 Leo
548 3159 820 3190 Lacesla’monius
834 3162 929 3199 equis
949 3161 1055 3189 vii-lor
1077 3161 1125 3188 t'e-

99 3212 205 3248 urm,
222 3209 405 3241 Anticlidoe
416 3212 527 3249 paler.
549 3223 562 3235 ›—

580 3266 634 3296 23.

140 3319 184 3352 Ad
201 3318 327 3350 Adriam
347 3320 391 3349 est
418 3318 586 3350 Diomedea
604 3319 703 3349 insula
717 3328 822 3357 sacra,
839 3318 868 3348 iii
883 3327 944 3357 qua
964 3316 1129 3348 Diomedes

870 174 1157 213 POLEMONlS
1187 174 1396 213 lLlENSIS

1163 260 1315 306 ἐνίκησεν
1347 261 1503 303 Ἐνέταις
1529 261 1664 306 ἵπποις,
1696 262 1742 303 ὡς
1766 259 1934 309 Πολέμων
1959 263 2108 313 ἱστορεῖ,
2134 263 2192 299 καὶ

1163 320 1334 371 ἐπέγραψε
1351 322 1393 371 τῇ
1411 319 1514 357 εἰκόνι
1526 331 1534 340 ·
1561 337 1575 351 «
1596 318 1693 356 Λέων
1711 319 1981 368 Λακεδαιμόνοις
1996 319 2132 357 ἵπποισι
2145 336 2192 357 νι-
2212 355 2217 359 .

1163 380 1230 414 κῶν
1252 377 1423 424 Ἐνέταις,
1444 376 1656 415 Ἀντικλείδα
1676 376 1791 428 πατήρ
1815 376 1989 428 (πατρόςὲ
2005 381 2114 415 Prell.
2127 379 2156 428 ).
2176 396 2190 411 υ

1164 438 1340 472 Scholion
1365 445 1449 473 ante
1471 438 1599 472 oculos
1628 437 1759 472 habuit
1786 436 1950 474 Eustath.
1980 437 2028 473 ad
2062 439 2106 473 Il.
2135 438 2195 482 ΙΙ,

1166 493 1235 529 851
1252 522 1260 538 ‚
1278 507 1317 541 p.
1337 494 1405 530 361
1424 522 1433 539 ,
1457 508 1512 530 1o.
1529 496 1571 530 In
1586 493 1797 535 Λακωνικοῖς
1817 494 2063 543 fragmentum
2076 497 2198 531 collo-

1166 564 1253 587 care
1268 554 1397 588 maluit
1413 553 1567 589 Preller.

1651 627 1711 662 23.

1219 715 1344 749 Schol.
1365 721 1439 748 vet.
1459 713 1567 750 Pind.
1584 715 1690 750 Nem.
1709 715 1759 750 X.
1785 726 1854 748 12:
1873 711 2033 750 Καιεστι
2047 727 2124 764 περι
2143 728 2199 750 τον

1168 770 1301 820 Αδρίαν
1323 769 1512 818 Διομήδεια
1539 784 1638 814 νησος
1657 769 1757 820 ἱερὰ,
1785 772 1818 807 ἐν
1844 774 1865 819 ᾗ
1893 775 2036 818 τιμᾶται
2061 772 2105 812 ὡς
2130 770 2202 813 θεός

1171 828 1242 876 (sc.
1267 827 1503 877 Aiouv'iss·rc)..
1538 826 1607 864 Και
1638 826 1733 864 Πο)ε’
1716 842 1807 875 εμων
1833 829 1978 878 ιστορεῖ·
2006 846 2020 860 «
2049 827 2110 866 Ἐν
2139 828 2201 877 μὲν

1168 884 1234 934 γὰρ
1264 885 1502 934 Ἀργυρίπποις
1534 883 1628 934 ἅγιόν
1659 887 1749 921 ἐστιν
1773 885 1875 921 αὐτοῦ
1903 883 2008 935 ἱερόν,
2041 903 2055 917 »
2080 884 2139 922 καὶ
2168 887 2202 923 ἐν

1170 943 1398 994 Μεταποντίῳ
1424 943 1458 980 δὲ
1480 943 1536 979 διὰ
1561 944 1690 987 πολλῆς
1721 943 1822 979 αὐτὸν
1849 942 2004 994 αἴρεσθαι
2029 946 2131 992 τιμῆς
2158 946 2204 987 ὡς

1171 1001 1256 1047 Θεὸν,
1272 1001 1329 1037 καὶ
1346 1003 1378 1038 ἐν
1392 1001 1549 1052 Θουρίοις
1564 1000 1693 1042 εἰκόνας
1705 1002 1806 1038 αὐτοῦ
1823 1000 2043 1052 καθιδρύσθαι
2055 1004 2100 1044 ὡς
2115 1005 2203 1040 θεοῦ.

1173 1077 1186 1092 «
1219 1062 1429 1108 Adjecimus
1454 1062 1553 1099 hunc
1578 1062 1704 1096 locum
1724 1062 1811 1108 quia
1836 1064 2062 1096 Venetorum
2086 1074 2204 1108 equo-

1171 1132 1253 1153 rum
1270 1121 1576 1154 commemoratio
1590 1132 1673 1153 cum
1685 1119 1898 1154 Diomedeae
1908 1120 2097 1167 religionis
2112 1132 2205 1155 con-

1171 1180 1295 1223 juncta
1312 1190 1385 1213 esse
1402 1179 1507 1214 solet.
1527 1178 1583 1215 Cf.
1599 1178 1732 1215 Strabo
1747 1180 1789 1222 V,
1811 1190 1847 1224 p.
1863 1190 1952 1212 212.
1974 1195 1986 1207 ιι

1542 1263 1838 1313 [ΑΡΚΑΔῙΚΑ.]

1656 1357 1718 1394 24.

1228 1437 1344 1475 Clem.
1371 1439 1475 1474 Alex.
1501 1438 1690 1486 Protrept.
1719 1451 1766 1491 Ρη
1787 1439 1827 1473 31
1859 1452 1865 1473 :
1891 1436 2061 1486 Πολέμων
2086 1436 2120 1474 δὲ
2148 1438 2207 1474 καὶ

1174 1492 1234 1539 τὴν
1254 1493 1394 1539 Ἀθηνᾶν
1407 1494 1471 1531 ὑπὸ
1489 1494 1656 1544 Ὀρνύτου
1673 1498 1845 1545 τρωθῆναι
1859 1494 1963 1545 λέγει.
1982 1497 2157 1532 Fabulam
2170 1510 2205 1533 v·

1176 1554 1213 1589 in
1233 1554 1422 1590 Arcadicis
1441 1556 1626 1590 Pausaniae
1645 1555 1758 1599 VIII,
1782 1555 1851 1602 28,
1874 1554 1909 1589 3.

1529 1640 1725 1689 [ΒΟΙΩΤΙ
1735 1641 1814 1677 ΚΑ.
1834 1640 1846 1689 ]

1661 1727 1707 1762 25

2008 1179 2190 1213 Panum.

1229 1816 1424 1850 Athenaeus
1441 1816 1471 1859 Ι,
1490 1828 1596 1862 19‚p.
1615 1816 1669 1851 C·
1688 1813 1747 1851 Ἐν
1763 1812 1797 1850 δὲ
1809 1813 1946 1859 Θήὸαις
1963 1814 2136 1874 Πινδάρου
2150 1814 2210 1864 μὲν

1178 1872 1238 1907 οὐκ
1260 1871 1350 1907 ἔστιν
1374 1870 1487 1917 εἰκὼν,
1512 1871 1669 1913 Κλέωνος
1689 1871 1723 1908 δὲ
1744 1886 1803 1908 του
1826 1872 1970 1923 ᾠδου,’
1956 1871 2007 1924 εφ’
2031 1876 2071 1918 ἧς
2095 1872 2209 1923 ἐπιγέ-

1178 1944 1351 1979 γραπται·

1261 2004 1364 2035 Πυθέα
1380 2004 1443 2038 υἱὸς
1459 2003 1502 2034 ὅδ’
1514 2003 1600 2040 ἐστὶ,
1616 2004 1732 2040 Κλέων,
1749 2004 1882 2039 umentem
1896 2004 1995 2039 ἀοιδὸς
2007 2028 2015 2041 ,

1301 2051 1332 2086 ὃς
1345 2050 1506 2086 πλείστους
1521 2051 1635 2086 θνητῶν
1654 2051 1802 2090 ἀμφέθετο
1816 2050 1981 2088 στεφάνους

1260 2098 1368 2137 κρατὸς
1383 2097 1431 2127 ἐπὶ
1446 2097 1592 2137 σφετέρου
1602 2120 1612 2134 ,
1627 2097 1679 2127 καί
1695 2099 1722 2127 οἱ
1739 2098 1825 2132 κλέος
1840 2097 2058 2137 οὐρανόμηκες.

1300 2146 1394 2183 Χαῖρε
1404 2168 1412 2182 ‚
1427 2144 1532 2177 Κλέων
1551 2144 1655 2180 Θήὸας
1669 2144 1787 2183 πατρίδ’
1804 2144 2017 2179 ἐπευκλεΐσας.

1181 2207 1273 2246 Ὑπὸ
1289 2206 1410 2245 τούτου
1427 2207 1483 2244 τὸν
1499 2207 1684 2258 ἀνδριάντα
1697 2237 1706 2253 ,
1718 2205 1774 2244 ὅτε
1789 2206 2004 2257 Ἀλέξανδρος
2017 2207 2076 2249 τὰς
2090 2207 2214 2253 Θήοας

1180 2266 1397 2303 κατέσκαπτε
1413 2295 1423 2313 ,
1445 2265 1527 2317 φησὶ
1548 2264 1718 2314 Πολέμων
1736 2264 1903 2316 φεύγοντά
1920 2281 1995 2302 τινα
2013 2265 2152 2316 χρυσίον
2167 2267 2197 2303 εἷ

1180 2324 1217 2361 τὸ
1236 2323 1373 2373 ἱμάτιον
1391 2325 1504 2361 κοῖλον
1522 2322 1558 2361 ὂν
1579 2323 1752 2369 ἐνθέσθαι,
1774 2323 1832 2360 καὶ
1854 2323 2126 2372 συνοικιζομένης
2150 2327 2210 2370 τ’ἧς

1181 2436 1216 2466 ut
1231 2435 1310 2466 deus
1325 2435 1474 2466 colitur...
1499 2435 1627 2466 Polemo
1646 2434 1721 2466 dicit
1737 2447 1743 2465 :
1771 2448 1784 2462 «
1801 2434 1979 2474 Argyrippis
1997 2443 2122 2465 sacrum
2149 2433 2217 2473 ejus

1181 2488 1334 2527 templum
1349 2489 1414 2526 est,
1429 2500 1444 2514 υ
1456 2489 1487 2518 et
1501 2487 1671 2526 Metaponti
1682 2496 1810 2527 quoque
1820 2496 2007 2527 magnopere
2019 2496 2091 2518 eum
2108 2487 2216 2525 utpote

1150 2573 1152 2580 s
1181 2538 1276 2569 deum
1291 2539 1456 2576 honorari,
1471 2538 1658 2578 Thuriisque
1674 2538 1701 2569 ei
1713 2540 1877 2577 tamquam
1892 2538 1950 2569 deo
1965 2539 2084 2569 statuas
2101 2537 2217 2577 positas

89 2592 295 2630 antiquatum
315 2594 421 2622 autem
447 2592 506 2623 hoe
531 2593 711 2623 certaminis
733 2600 831 2631 genus
849 2600 915 2623 esse
938 2593 1123 2632 Olympiade
1148 2629 1150 2635 y

89 2642 279 2679 ‹uztogesima
295 2643 407 2680 quarta
416 2665 425 2686 r,
449 2642 660 2681 victoriasque
683 2651 721 2673 eo
744 2643 919 2681 reportatas
933 2651 1000 2673 esse
1016 2642 1122 2673 trede-
1147 2639 1150 2664 ἵ

1183 2598 1258 2620 6880.

1542 2642 1860 2691 [ARcADicm

1669 2719 1725 2749 ¹2⁴1.

1228 2773 1352 2803 Polemo
1378 2770 1698 2812 Minervamquoque
1717 2773 1757 2803 ah
1791 2775 1912 2812 ()rnyto
1937 2773 2132 2803 vulneratam
2151 2779 2216 2801 esse

1185 2823 1270 2853 dicit.

1555 2876 1849 2926 [BOEOTch.]

1670 2953 1725 2984 25.

1227 3005 1341 3035 'l'hebis
1353 3005 1440 3036 milla
1455 3005 1581 3037 Pindari
1597 3009 1700 3038 exstat
1713 3009 1815 3038 statua
1826 3032 1834 3045 ,
1854 3007 1907 3037 scd
1929 3006 2054 3038 Cleonis
2078 3004 2218 3036 cantoris

1186 3056 1310 3094 exstat,
1326 3056 1385 3086 hoc
1399 3056 1623 3095 epigrammate
1646 3068 1654 3094 ;

1257 3121 1378 3157 Pytheir
1394 3122 1469 3151 lilius
1482 3123 1529 3152 hic
1542 3127 1604 3158 est,
1616 3125 1707 3153 Cleon
1720 3125 1874 3153 Thebanus
1892 3126 2004 3155 cantor.

1291 3167 1341 3202 qui
1355 3168 1496 3202 plurimas
1510 3170 1677 3198 mortalium
1693 3170 1832 3205 imposuit
1847 3177 1974 3197 coronas

1257 3212 1343 3247 capiti
1365 3220 1434 3243 suo:
1450 3215 1536 3248 cujus
1552 3215 1644 3249 gloria
1660 3215 1752 3250 tangit
1768 3215 1940 3250 Olympum.

1292 3259 1391 3291 Salve,
1407 3260 1494 3288 Cleon
1511 3272 1517 3288 :
1531 3262 1640 3289 Thebas
1654 3262 1775 3297 patriam
1790 3264 1821 3288 tu
1837 3261 2002 3289 nobilitasti.

1188 3316 1251 3344 suh
1267 3316 1324 3345 har,
1339 3320 1459 3356 statua,
1472 3328 1570 3358 «pium
1584 3319 1758 3350 Alexandriv
1776 3319 1898 3350 Thebas
1917 3322 2087 3355 everteret,
2112 3325 2212 3355 quen*-
