2338 3765
122 203 198 234 590

611 292 667 329 18.

171 388 298 422 Malaia
316 387 454 423 Cin-on.
474 388 544 430 xl,
561 399 598 432 p.
620 386 693 431 273
712 387 770 423 ed.
793 388 912 423 Bonn.
937 401 942 421 :
971 385 1038 424 Καὶ
1056 385 1156 431 ἐξηλ-

116 447 170 479 ῠεν
193 443 260 480 ἀπὸ
281 443 490 493 Ἀντιοχείας
508 445 568 487 τῆς
597 443 750 493 μεγάλης
775 443 926 493 πόλεμον
957 443 1046 480 κατὰ
1067 445 1156 495 Περ-

117 503 185 537 σῶν
203 500 346 547 κινήσας
357 503 373 538 ὃ
386 500 484 543 αὐτὸς
493 500 665 551 Τραϊανός
677 516 684 523 ·
697 501 757 538 καὶ
771 501 923 547 ἐνίκησεν
933 501 1053 544 αὐτοὺς
1066 501 1156 539 κατὰ

117 559 240 609 κράτος
269 561 318 610 τῷ
341 558 461 610 τρόπῳ
484 558 609 610 τούτῳ.
637 559 768 597 Μαθὼν
787 560 839 597 ὅτι
860 561 1087 612 διαφθονεῖται
1106 562 1156 612 τῷ

117 617 376 668 Σανατρουκίῳ,
393 619 530 668 βασιλεῖ
549 620 709 669 Περσῶν,
725 620 742 655 ὃ
759 618 841 661 ἴδιος
859 620 960 655 αὐτοῦ
978 618 1156 670 ἐξάδελφος

118 676 446 725 Παρθεμασπάτης,
469 676 607 728 πέμψας
625 676 709 727 πρὸς
729 676 828 713 αὐτὸν
849 676 1070 714 ὑπενόθευσεν
1091 678 1155 713 αὖ-

114 734 171 771 τὸν
186 734 358 786 Τραϊανὸς
374 734 553 785 βασιλεὺς,
567 733 758 783 ταξάμενος
775 735 892 772 δοῦναι
907 737 1000 786 αὐτῷ
1013 735 1074 780 τὴν
1093 738 1155 786 βα-

116 793 246 830 σιλείαν
269 795 427 844 Περσῶν,
452 793 511 830 ἐὰν
536 794 755 844 συμμαχήσῃ
780 795 887 844 αὐτῷ.
948 794 1017 832 Καὶ
1034 796 1157 831 ὑπονο-

114 851 240 894 Οευθεὶς
260 846 341 898 ἦλθε
365 851 449 903 πρὸς
476 851 577 888 αὐτὸν
603 851 740 893 νυκτός·
766 852 825 888 καὶ
844 850 962 888 >aerim
984 850 1085 888 αὐτὸν
1111 853 1156 893 εἰς

114 909 154 946 τὸ
173 909 258 946 ἴδιον
280 910 384 947 αὐτοῦ
407 910 509 961 μέρος
536 908 624 958 μετὰ
649 913 707 947 τοῦ
727 909 877 955 πλήθους
900 911 1001 946 αὐτοῦ
1018 912 1035 946 ὁ
1060 909 1156 951 αὐτὸς

114 967 286 1009 Οειότατος
302 967 497 1018 Τραϊανὸς,
517 967 660 1018 ὥρμησε
681 966 771 1005 κατὰ
797 971 855 1004 τοῦ
878 967 1155 1018 Σανατρουκίου,

116 1026 285 1076 βασιλέως
312 1028 471 1077 Περσῶν.
530 1026 603 1064 Καὶ
629 1027 767 1063 πολλῶν
790 1028 936 1077 Περσῶν
965 1025 1155 1071 πεσόντων,

113 1084 322 1121 συνελάόετο
339 1084 396 1121 τὸν
425 1084 698 1135 Σανατρούκιον,
727 1084 871 1135 βασιλέα
894 1085 1051 1135 Περσῶν,
1076 1083 1155 1135 φεύ-

699 1142 769 1180 Καὶ
790 1142 948 1188 ἐποίησεν
964 1141 1036 1178 ἀντ’
1052 1143 1154 1178 αὐτοῦ

118 1199 263 1251 βασιλέα
285 1202 430 1252 Περσῶν
457 1201 526 1244 τοῖς
554 1203 785 1252 ὑπολειφθεῖσι
813 1200 872 1237 καὶ
903 1203 1157 1251 προσπεσοῦσιν

115 1259 210 1309 αὐτῷ
232 1258 386 1309 Πέρσαις
416 1261 433 1296 ὃ
461 1258 560 1301 αὐτὸς
590 1259 764 1310 Τραϊανὸς
787 1258 877 1295 κατὰ
896 1258 957 1301 τὰς
985 1257 1157 1301 συντάξεις

113 1315 256 1365 ὀνόματι
288 1316 612 1367 Παρθεμασπάτην,
644 1317 716 1353 υἱὸν
737 1316 917 1368 ὈσΟρόου,
942 1316 1077 1368 γράψας
1112 1319 1155 1368 τῇ

115 1373 299 1426 συγκλήτῳ
317 1377 358 1425 τῇ
377 1377 411 1412 ἐν
429 1374 568 1426 (Ρώμῃ,
585 1374 636 1412 ὅτι
656 1374 827 1420 τοσαύτην
850 1374 909 1412 καὶ
930 1373 1070 1426 ἄπειρον
1093 1377 1156 1424 γῆν

113 1157 236 1191 γοντα·
253 1142 312 1179 καὶ
328 1142 506 1193 ἐφόνευσεν
522 1142 637 1181 αὐτόν.

113 1433 173 1469 καὶ
196 1432 329 1484 ἄμετρα
350 1433 573 1481 διαστήματα
594 1432 812 1485 ἀφεστηκότα
832 1435 893 1479 τῆς
911 1432 1055 1482 Ἱ)ώμης
1074 1433 1157 1470 διοι-

114 1496 186 1528 κεῖν
207 1492 268 1528 οὐκ
288 1491 524 1543 ἀντεχόμεθα,
548 1492 638 1528 ἀλλὰ
659 1491 899 1542 παράσχωμεν
919 1492 1032 1533 αὐτοῖς
1054 1493 1157 1541 βασι-

114 1549 175 1586 λέα
195 1550 469 1600 ὑποτεταγμένον
489 1553 538 1602 τῷ
554 1552 621 1586 τῶν
643 1549 830 1598 Ῥωμαίων
848 1549 980 1600 κράτει.
1002 1549 1074 1587 Καὶ
1104 1551 1159 1586 ἀν-

113 1605 284 1658 τέγραψεν
300 1609 393 1658 αὐτῷ
411 1610 433 1653 ἡ
452 1607 641 1658 σύγκλητος
662 1607 730 1643 ἀπὸ
750 1605 892 1656 Ῥώμης
907 1606 1044 1644 ἅπαντα
1059 1609 1159 1653 ποιῆ-

116 1679 175 1700 σαι
192 1667 236 1707 ὡς
254 1665 282 1701 δ’
305 1664 345 1702 ἂν
369 1665 535 1716 βούληται
557 1665 616 1702 καὶ
637 1665 738 1707 αὐτὸς
765 1665 884 1716 συνίδῃ
906 1664 1091 1717 συμφέρειν
1116 1668 1158 1716 τῇ

115 1722 314 1774 Ῥωμανίᾳ.
375 1723 448 1761 Καὶ
469 1723 673 1761 ἐὲασίλευσε
693 1725 840 1775 Περσῶν
857 1725 874 1760 ὃ
894 1724 1159 1776 Παρθεμασπά·

115 1796 189 1825 της.
211 1781 281 1818 Τὸν
303 1781 337 1818 δὲ
361 1782 514 1831 πόλεμον
533 1782 593 1819 καὶ
613 1781 675 1827 τὴν
696 1782 786 1820 κατὰ
807 1784 955 1834 Περσῶν
985 1783 1082 1828 νίκην
1100 1785 1159 1819 τοῦ

115 1837 287 1876 θειοτάτου
299 1842 476 1891 Τραϊανοῦ
492 1843 509 1878 ὁ
523 1840 721 1893 σοφώτατος
737 1840 908 1891 Ἀρειανὸς
926 1842 943 1877 ὃ
958 1839 1161 1891 Χρονογρά-

115 1911 174 1947 φος
211 1895 340 1938 ἐξέθετο
356 1927 367 1946 ,
398 1897 586 1949 ἱστορήσας
623 1897 682 1934 καὶ
724 1897 1010 1949 συγγραψάμενος
1044 1897 1159 1934 πάντα

116 1954 278 2005 ἀκριδῶς.
311 1959 367 1992 De
400 1970 439 1992 re
472 1958 521 1994 cf.
559 1959 782 2004 interpretes
822 1958 869 1993 ad
905 1959 1017 1993 Dion.
1061 1959 1157 1994 Cass.

118 2015 289 2059 [κν-11],
306 2015 368 2051 30.

904 193 967 230 AR
976 194 1112 232 RlANI
1142 193 1518 232 NICOMEDENSIS

1713 309 1768 343 19.

1271 368 1403 402 Suidas
1420 380 1452 400 v.
1475 368 1553 406 ναῦς
1577 379 1582 401 2
1607 365 1798 415 Ἀρριανός’
1823 384 1835 397 «
1862 368 2035 416 Τραϊανὸς
2055 371 2072 404 ὅ
2099 370 2257 419 βασιλεὺς

1219 426 1333 475 περῶν
1354 424 1409 460 τὸν
1439 423 1608 471 ποταμὸν,
1627 422 1654 457 ν’
1675 425 1758 468 νῆας
1779 417 1865 474 εἶχε.
1888 425 2064 477 Τέσσαρες
2084 427 2119 464 δὲ
2139 427 2257 480 ἔφερον

1220 483 1263 520 τὰ
1285 482 1413 530 σημεῖα
1437 481 1478 517 τὰ
1509 479 1699 530 βασιλικὰ,
1721 480 1845 524 αἵτινες
1871 483 1930 520 καὶ
1960 483 2022 529 τὴν
2047 487 2258 536 στρατηγίδα

1220 541 1336 582 κάλοις
1375 544 1518 590 μακροῖς
1558 538 1792 590 ἐξηρτημένην
1826 541 1994 589 ἓφεῒλκον.
2052 537 2138 594 Εἶχε
2167 544 2202 582 δὲ
2239 548 2257 590 ἡ

1217 602 1297 640 ναῦς
1315 600 1423 645 μ-Νηκος
1437 597 1498 646 μὲν
1515 596 1605 634 κατὰ
1621 597 1745 648 τριήρη
1768 597 1920 646 μάλιστα
1934 630 1944 648 ,
1965 594 2058 651 εὖρος
2073 601 2107 638 δὲ
2125 602 2184 639 καὶ
2200 603 2261 654 βά·

1217 662 1271 699 οος
1291 658 1367 693 καθ’
1384 655 1515 692 ὁλκάδα
1528 685 1538 705 ,
1553 656 1631 693 ὅσον
1647 656 1792 706 μεγίστη
1808 658 2000 706 Νικομηδὶς
2019 658 2041 703 ἢ
2060 660 2236 710 Αἰγυπτία
2250 677 2258 684 ·

1218 716 1251 751 ἐν
1268 709 1291 764 ἦ
1306 713 1492 759 ἐπεποίητο
1510 715 1650 764 βασιλεῖ
1659 715 1867 765 ἀποχρῶντα
1886 715 2148 766 ἐνδιαιτήματα.
2160 717 2258 765 Αὕτη

1218 772 1253 810 δὲ
1281 772 1324 809 τά
1349 787 1385 808 τε
1414 771 1621 823 ἀκροστόλια
1642 771 1762 824 ἔφερε,
1789 773 1848 810 καὶ
1865 775 1917 810 ἐπ’
1956 774 2052 825 ἄκρῳ
2081 777 2130 827 τῷ
2158 776 2258 829 ἱστίῳ

1217 831 1255 866 τὸ
1273 829 1451 881 βασιλικὸν
1471 829 1579 878 ὄνομα
1593 859 1602 876 ,
1621 829 1681 867 καὶ
1700 828 1790 872 ὅσοις
1811 830 1927 873 ἄλλοις
1949 832 2111 882 βασιλεὺς
2138 835 2259 885 γεραί-

1219 903 1334 939 ρεται,
1354 890 1475 939 χρυσῷ
1504 888 1806 938 ἐγκεχαραγμένα.
1836 889 2016 938 Νενέμητο
2041 890 2076 927 δὲ
2096 891 2200 943 τρίχα
2220 894 2259 930 τὸ

1217 952 1285 982 πᾶν
1305 945 1478 991 ναυτικὸν,
1498 947 1542 988 ὡς
1560 946 1608 995 μὴ
1625 948 1673 997 τῷ
1694 945 1822 997 ξυνεχεῖ
1836 946 1934 998 πλόῳ
1947 947 2182 998 ταράττοιντο.
2205 968 2219 984 ι»

1271 1005 1322 1041 Cf.
1342 1005 1447 1040 Idem
1464 1018 1501 1042 v.
1526 1003 1751 1054 ἀκροστόλια·
1775 1004 1970 1056 Ἀρριανός·
1993 1024 2007 1038 «
2029 1007 2087 1045 Τὰ
2102 1006 2136 1044 δὲ
2157 1010 2259 1060 ἀκρο-

1219 1061 1340 1099 στόλια
1365 1064 1425 1106 τῆς
1453 1062 1628 1112 βασιλίδος
1656 1061 1737 1107 νηὸς
1756 1067 1884 1114 χρυσᾶ.
1911 1080 1925 1095 υ
1950 1067 2004 1100 De
2024 1067 2261 1114 navigatione

1219 1133 1330 1167 quam
1354 1120 1531 1167 Trajanus
1561 1122 1600 1155 iu
1627 1121 1778 1168 Tigride
1805 1135 1906 1157 mare
1931 1135 2055 1158 versus
2083 1124 2259 1170 instituit,

1219 1178 1298 1226 lege
1322 1179 1434 1214 Dion.
1454 1179 1615 1215 Cassium
1633 1179 1696 1215 lib.
1715 1180 1896 1224 LXVIII,
1921 1180 1968 1215 28
1987 1193 2071 1228 sqq.

1716 1266 1776 1290 20.

1272 1330 1446 1377 Stephan.
1462 1331 1549 1377 Byr..
1570 1344 1577 1365 :
1603 1328 1848 1380 ssope-mna,
1865 1329 1963 1373 πόλις
1982 1331 2184 1382 Χαλδαίων,
2206 1334 2263 1370 οὐ·

1219 1386 1383 1438 δετέρως,
1403 1386 1477 1439 ἱερὰ
1500 1386 1710 1431 Ἀπόλλωνος
1733 1389 1791 1425 καὶ
1814 1387 2030 1440 Ἀρτέμιδος,
2056 1391 2262 1441 λινουργεῖον

1220 1443 1324 1495 μέγα.
1346 1446 1493 1495 Λέγεται
1513 1445 1571 1482 καὶ
1588 1447 1755 1492 θηλυκῶς.
1775 1447 1820 1485 Οἱ
1845 1449 1984 1485 πολῖται
2010 1449 2261 1499 Βορσιππηνοί.

1220 1503 1394 1554 Ἀρριανὸς
1407 1503 1441 1541 δὲ
1452 1506 1662 1554 Βορσιππεῖς
1674 1503 1795 1547 αὐτούς
1805 1520 1904 1557 φησι.
1915 1507 1969 1544 Cf.
1979 1509 2101 1545 Strab.
2114 1522 2151 1556 p.
2166 1508 2262 1556 7393

1218 1565 1349 1599 Justin.
1366 1565 1455 1607 XII,
1480 1564 1704 1612 133Joseph.
1721 1565 1760 1602 C.
1778 1566 1916 1612 Apion.
1935 1568 1964 1610 I,
1980 1579 2018 1613 p.
2037 1567 2148 1610 1045.
2170 1569 2266 1604 For-

1219 1622 1326 1670 biger
1348 1623 1478 1668 Geogr.
1499 1634 1536 1669 p.
1556 1621 1643 1657 623.

1709 1694 1730 1716 2
1742 1694 1753 1715 1

1273 1749 1404 1784 Idem:
1430 1750 1586 1797 Σωφην
1601 1748 1641 1794 ὴ,
1677 1749 1776 1800 χώρα
1805 1752 1872 1786 τῶν
1895 1750 1979 1801 πρὸς
2007 1750 2201 1802 Ἀρμενίαν,
2219 1753 2267 1794 ὡς

1221 1805 1392 1857 Στράὸων
1413 1807 1539 1859 (XVI,
1561 1821 1601 1856 p.
1628 1808 1701 1844 532
1723 1809 1759 1858 )·
1785 1808 1881 1859 παρὰ
1903 1809 1930 1846 δ’
1951 1809 2117 1862 Ἀρριανῷ
2141 1812 2265 1861 Σωφα-

1221 1864 1306 1910 νηνὴ
1323 1865 1626 1916 τετρασυλλαόῶς.

1717 1950 1778 1974 22.

1275 2012 1379 2046 Idem
1395 2025 1431 2049 v,
1453 2011 1562 2062 Τύρος
1583 2024 1590 2049 :
1609 2011 1783 2062 Ἀρριανὸς
1797 2011 1855 2048 καὶ
1872 2011 1915 2048 τὰ
1929 2011 2056 2050 Ἄναθα
2074 2015 2147 2063 (sic
2162 2014 2265 2050 editt.

1222 2068 1348 2105 Ἀνάῡα
1375 2070 1510 2118 codd)
1532 2069 1646 2120 Τύρον
1663 2071 1777 2108 καλεῖ.
1805 2073 1949 2108 Locum
1968 2072 2068 2107 hunc
2089 2073 2268 2107 Anathan

614 2184 668 2214 18.

158 2234 313 2273 Trajanus
328 2236 492 2267 Antiochia
506 2236 670 2267 discedens
683 2238 793 2268 contra
808 2239 918 2268 Persas
936 2245 1023 2267 arma
1040 2236 1160 2275 movit;

117 2295 196 2325 quos
216 2287 270 2317 tali
285 2289 466 2318 commento
486 2288 611 2327 penitus
632 2288 821 2327 profligavit.
843 2290 963 2319 Graves
983 2288 1159 2319 intercede-

118 2337 195 2368 bant
209 2338 383 2369 inimicitiae
397 2339 479 2370 inter
493 2339 717 2370 Sanatrucium
730 2339 770 2378 (i.
786 2348 813 2370 e.
831 2339 1009 2370 chosroem
1025 2340 1071 2379 1),
1087 2341 1160 2370 Per—

118 2396 224 2418 sarum
237 2397 354 2428 regem,
373 2392 403 2420 et
415 2390 590 2429 patruelem
602 2390 668 2429 ejus
684 2390 975 2429 Parthemaspatem
990 2391 1159 2430 (Partha-

118 2442 312 2478 maspath,
330 2443 390 2471 Dio
407 2442 499 2471 Cass.
510 2442 532 2480 ).
547 2441 699 2479 Trajanus
714 2441 819 2480 itaque
832 2441 1014 2481 imperator,
1031 2442 1085 2473 ubi
1101 2443 1160 2473 hoc

122 2490 311 2529 resciverat,
343 2491 374 2522 in
398 2493 503 2530 partes
530 2500 604 2523 suas
634 2492 929 2531 l’arthemaspatcm
962 2493 1161 2534 sollicitavit;

121 2541 281 2580 pollicitus
303 2550 335 2572 se
352 2544 397 2580 ei,
423 2543 448 2573 si
465 2551 497 2573 se
515 2543 587 2573 belli
614 2543 736 2573 socium
759 2543 963 2582 adjungeret,
993 2547 1162 2576 Persarum

122 2601 252 2631 regnum
278 2592 443 2624 daturum.
477 2594 605 2633 Accepit
627 2594 841 2625 conditionem
869 2596 1161 2636 parthfflnaspates,

122 2646 285 2683 noctuque
297 2654 370 2675 cum
385 2646 448 2676 suis
461 2646 499 2676 ad
515 2647 686 2685 Trajanum
706 2648 848 2678 accessit.
868 2650 961 2679 Hunc
979 2649 1085 2688 itaque
1104 2650 1162 2680 sibi

121 2695 312 2734 adjungam,
336 2697 559 2727 Sanatrucimn
578 2699 745 2728 Persarum
770 2708 875 2738 regem
901 2700 1067 2731 adoritur:
1090 2703 1163 2732 Per·

121 2747 226 2786 sisque
243 2747 387 2786 plurimis
404 2748 434 2778 iu
459 2749 568 2787 prmho
593 2749 797 2788 cadentibus,
816 2751 1027 2782 Sanatrucius
1041 2761 1096 2783 rex
1115 2753 1163 2783 su-

123 2807 194 2836 gam
223 2799 375 2837 capessit,
394 2801 567 2839 captusque
592 2801 720 2832 tandem
747 2802 943 2834 interficitur.
964 2805 1047 2834 lluie
1070 2805 1164 2845 igitur

124 2851 156 2881 in
185 2860 281 2889 regno
308 2853 473 2882 Persarum
496 2853 806 2894 Partheinaspatem,
833 2857 947 2887 Osrocs
981 2856 1099 2896 filium,
1125 2868 1165 2890 ex

125 2903 218 2941 parto
235 2910 338 2940 regem
356 2903 493 2941 suffecit,
510 2905 609 2935 Persis
625 2905 679 2944 qui
694 2909 879 2945 supererant
894 2907 932 2938 ad
951 2908 1045 2947 pedes
1057 2909 1084 2940 ei
1097 2919 1165 2949 pro-

125 2952 316 2983 cidentibus.
346 2955 498 2984 Senatum
522 2964 595 2986 vero
616 2957 829 2988 Romanorum
858 2958 897 2989 dc
926 2959 973 2990 his
998 2961 1164 2992 certiorem

127 3005 266 3036 faciens:
286 3018 300 3031 «ι
319 3007 398 3045 llas,
422 3006 542 3046 inquit,
561 3009 701 3047 regiones
723 3010 822 3041 tantae
843 3020 943 3050 quum
962 3012 1042 3051 siut,
1063 3015 1164 3044 tanto-

130 3066 193 3097 que
210 3057 377 3088 intervallo
393 3067 411 3088 a
425 3060 524 3089 Roma
537 3059 653 3091 dissita·
667 3085 675 3098 ‚
690 3063 797 3093 tenere
814 3072 875 3093 non
890 3072 1057 3103 possumus
1078 3079 1085 3097 :
1111 3067 1165 3098 ita-

127 3117 190 3148 que
207 3117 308 3149 regem
329 3110 433 3149 potius
446 3110 482 3142 iis
500 3113 729 3144 constituamus
749 3113 878 3153 imperio
899 3118 1042 3149 Romano
1064 3119 1164 3158 subje-

128 3163 227 3193 ctum.
248 3174 262 3187 ›·
281 3162 451 3202 Rescripsit
464 3162 491 3193 ei
506 3165 634 3195 senatus
652 3177 659 3195 :
677 3178 691 3191 «ι
709 3167 894 3204 Imperatori
912 3168 1068 3208 integrum
1084 3180 1163 3210 esse,

128 3219 185 3250 pro
202 3212 333 3243 arbitrio
346 3222 403 3243 suo
417 3212 456 3244 de
470 3214 564 3245 rebus
585 3215 734 3247 omnibus
755 3216 941 3258 decernere,
956 3220 1112 3261 juxtaque
1128 3232 1165 3254 ae

131 3263 194 3302 ipse
208 3263 367 3294 Romania>
382 3264 460 3296 utile
486 3265 552 3296 sore
568 3265 767 3304 judicaverit.
792 3281 806 3294 υ
826 3270 875 3300 Sic
904 3270 1009 3310 itaque
1033 3274 1164 3305 Parthe-

132 3316 287 3353 maspates
301 3317 463 3346 Persarum
476 3325 531 3347 rex
547 3317 647 3348 factus
660 3319 717 3349 est.
736 3319 811 3350 llaec
824 3322 929 3351 antem
945 3322 983 3352 de
997 3322 1080 3354 bello
1097 3326 1165 3356 Per-

132 3365 198 3395 sico
211 3368 240 3396 et
257 3366 321 3397 divi
339 3366 464 3405 Trajani
485 3367 617 3399 victoria
639 3369 789 3401 Arrianus
805 3371 1053 3411 sapientissin‘ius
1069 3375 1163 3406 chro-

1222 2180 1403 2219 nographus
1431 2180 1529 2211 literis
1556 2180 1722 2211 mandavit.
1744 2183 1776 2212 et
1799 2190 2031 2221 usquequaque
2062 2185 2266 2221 peraccurate

1222 2231 1378 2270 exposuit.
2088 2235 2090 2237 “

1714 2277 1769 2308 19.

1264 2329 1414 2360 Arrianus
1443 2342 1449 2359 ι
1479 2342 1494 2356 u
1515 2329 1669 2368 'trajanus
1687 2331 1859 2368 lmperator
1881 2329 2110 2369 quinquaginta
2133 2330 2266 2361 navibus

1222 2379 1340 2411 flumen
1353 2380 1477 2419 trajecit
1495 2393 1502 2411 z
1518 2389 1653 2420 quarum
1668 2382 1820 2419 quattuor
1842 2380 2044 2420 imperatoria
2059 2381 2146 2420 signa
2161 2381 2264 2413 seren-

1222 2434 1287 2470 tes,
1308 2441 1422 2462 navem
1442 2432 1623 2471 praetoriam
1641 2431 1771 2462 funibus
1787 2432 1886 2471 longis
1902 2432 2061 2471 alligatam
2084 2433 2261 2464 trahebant.

1222 2485 1300 2514 Haec
1323 2491 1397 2513 vero
1423 2482 1652 2522 longitudinem
1682 2483 1912 2522 propemodum
1944 2484 2081 2515 triremis
2108 2484 2264 2523 habebat,

1223 2534 1422 2565 latitudinem
1437 2543 1512 2565 vero
1528 2536 1559 2565 ct
1585 2534 1832 2573 profunditatem
1855 2535 1944 2565 navis
1967 2535 2141 2573 onerariae,
2162 2544 2264 2575 quan-

1222 2586 1287 2616 tam
1305 2586 1399 2616 habet
1413 2586 1551 2616 maxima
1563 2585 1742 2616 'Nicomedia
1756 2586 1805 2616 vel
1819 2586 1981 2625 AEgyptia:
1998 2586 2028 2616 in
2042 2595 2106 2626 qua
2122 2588 2264 2626 Impera-

1222 2637 1282 2667 tori
1310 2639 1419 2676 parata
1443 2640 1533 2668 erant
1565 2637 1746 2674 conclavia,
1775 2638 1854 2676 quot
1878 2637 1953 2668 satis
1983 2640 2097 2668 essent.
2125 2639 2202 2669 Haec
2230 2639 2263 2669 et

1223 2689 1374 2728 aplustria
1389 2690 1526 2728 ferebat,
1541 2691 1572 2720 et
1591 2690 1623 2720 in
1645 2698 1770 2720 summo
1786 2690 1855 2720 velo
1869 2698 1984 2721 nomen
2005 2689 2242 2729 imperatorium
2253 2714 2262 2729 ‚

1224 2742 1394 2780 ceteraque
1407 2750 1479 2781 quae
1497 2741 1683 2780 lmperatori
1700 2741 1886 2772 tribuuntur
1904 2741 2033 2780 insignia
2053 2749 2132 2772 auro
2145 2741 2264 2772 inscul-

1226 2794 1290 2831 pta.
1311 2793 1390 2823 Tota
1408 2800 1482 2822 vero
1496 2792 1603 2823 elassis
1621 2792 1776 2824 trifariam
1801 2791 1902 2823 divisa
1915 2794 2000 2831 erat,
2023 2800 2064 2824 ne
2073 2792 2098 2823 si
2114 2793 2265 2824 continuo

1224 2844 1332 2875 ordine
1348 2853 1444 2875 naves
1459 2844 1518 2875 sibi
1533 2844 1665 2875 invicem
1680 2844 1897 2884 succederent,
1913 2853 2024 2876 cursus
2036 2844 2231 2876 turbaretur.
2247 2858 2263 2873 ›.

1713 2900 1769 2931 20.

1269 2953 1434 2993 Borsippa,
1456 2953 1533 2984 urbs
1559 2953 1785 2984 Chaldaeorum
1800 2977 1808 2992 ,
1835 2954 1948 2984 neutro
1972 2962 2101 2993 genere,
2128 2954 2262 2994 Apollini

1224 3014 1314 3035 sacra
1329 3007 1361 3036 et
1383 3005 1501 3036 Dianae.
1520 3007 1641 3045 Magnae
1662 3005 1703 3037 ibi
1723 3006 1798 3037 sunt
1812 3005 1948 3037 officinm
1968 3006 2073 3037 linteis
2092 3006 2262 3037 conficien-

1224 3057 1273 3087 dis
1295 3057 1470 3089 destinatae.
1490 3058 1612 3090 Dicitur
1634 3058 1729 3089 etiam
1750 3067 1863 3098 genere
1886 3058 2047 3090 feminino.
2068 3059 2162 3091 Cives
2182 3060 2262 3090 Bor-

1224 3110 1355 3150 sippeni.
1373 3111 1526 3142 Arrianus
1546 3120 1622 3142 vero
1636 3111 1858 3150 Borsippenses
1876 3112 1978 3142 vocat.

1713 3166 1771 3197 21.

1265 3219 1429 3258 Sophene,
1445 3219 1532 3258 regio
1546 3219 1701 3250 Armeniae
1713 3219 1846 3250 finitima
1857 3243 1865 3258 ‚
1880 3219 1926 3250 uti
1941 3219 2055 3251 Strabo
2066 3219 2142 3251 dicit
2154 3230 2162 3258 ;
2178 3218 2264 3260 apud

1224 3269 1393 3300 Arrianum
1408 3278 1483 3300 vero
1497 3269 1685 3309 Sophanene
1698 3294 1706 3309 ,
1722 3272 1874 3308 quattuor
1888 3269 2032 3310 syllabis,
2048 3270 2171 3311 legitur.

1712 3326 1771 3358 22.

1266 3378 1419 3410 Arrianus
1433 3379 1556 3410 Anatha
1573 3379 1679 3410 locum
1697 3381 1818 3418 Tyrum
1837 3380 1982 3420 appellat.
