2289 3728
115 95 163 125 50

111 174 235 222 κόσμος
248 175 303 217 τῆς
318 187 351 207 νε
355 171 410 213 ως.
429 172 507 208 Ζιια
524 169 562 205 υιέ
568 184 606 203 ν
607 184 636 215 γ
623 168 662 217 ἐρ
677 161 746 216 εἶχε
735 183 765 201 -ν
784 168 844 203 οὐκ
860 168 1027 204 ελάττω
1010 169 1093 205 οώδε
1098 183 1142 204 κα

112 246 235 282 πηχων
255 229 343 267 κατὰ
372 227 529 278 πρύμναν
549 241 584 262 τε
614 241 672 261 και
695 239 852 275 πρῳραν,
879 225 937 261 καὶ
957 241 1023 268 ποις
1042 226 1143 268 τόπος

111 290 215 334 αὐτῆς
233 285 445 337 κηρογραφία
461 299 543 322 κατε
549 282 764 328 πεποίκιλτο,
782 281 818 318 τὸ
836 282 864 318 δ’
879 281 1033 332 ἔγκωπον
1051 283 1141 320 ἅπαν

113 345 219 396 μέχρι
238 347 297 388 τῆς
316 345 467 400 τρόπεως
485 341 640 386 κισσίνην
659 339 815 391 φυλλάδα
836 355 894 376 και
915 340 1056 391 θύρσους
1072 345 1144 391 εἶχε

111 402 219 453 πέριξ.
240 399 392 442 Πολὺςδ’
408 402 449 444 ἠν
466 414 525 435 και
538 401 555 435 ὃ
573 400 642 434 τῶν
654 397 768 434 όπλων
783 397 921 447 κόσμος.
938 397 1006 436 Ἀνε
995 399 1144 449 ε’πλήρου

113 459 146 496 δὲ
167 458 210 495 τὰ
226 455 459 508 προσδεόμενα
479 458 539 502 τῆς
555 455 636 497 νεὼς
661 454 761 506 μέρη.
784 454 975 504 Γενομένης
997 455 1031 493 δὲ
1061 458 1143 492 ἀνα-

112 515 232 567 πείρας
255 514 391 557 ἐδέξατο
411 513 527 564 ἐρέτας
547 512 681 555 πλείους
700 515 766 549 τῶν
783 514 1080 564 τετρακισχιλίων,
1100 516 1146 556 εἷς

114 572 148 609 δὲ
166 572 226 614 τὰς
244 570 429 622 ὑπηρεσίας
448 570 686 622 τετρακοσίους
699 586 707 594 ·
736 572 781 613 εἷς
798 570 831 607 δὲ
851 571 889 608 τὸ
909 571 1147 622 κατάστρωμα

114 629 278 671 ἐπιὸάτας
303 629 528 680 τρισχιλίους,
554 629 761 671 ἀποδέοντας
794 629 916 666 ἑκατὸν
936 629 994 666 καὶ
1021 633 1146 674 πεντή-

113 702 215 723 κοντα
225 702 234 709 ·
245 686 303 723 καὶ
316 687 423 738 χωρὶς
434 687 499 724 ὑπὸ
510 685 553 723 τὰ
565 686 664 737 ζύγια
677 689 804 732 πλῆθος
819 686 1006 738 ἀνθρώπων
1022 686 1149 739 ἕτερον,

111 745 347 793 ἐπισιτισμούς
365 759 401 782 τε
427 746 487 782 οὐκ
509 744 634 795 ὀλίγον,
669 744 910 790 Καθειλκύσθη
934 744 968 781 δὲ
998 744 1059 789 τὴν
1088 745 1148 793 μὲν

113 801 223 852 ἀρχὴν
241 802 309 839 ἀπὸ
325 802 485 854 ἐσχαρίου
501 803 587 845 τινὸς
600 833 609 851 ,
630 801 650 839 δ’
664 818 747 854 φασι
767 805 920 851 παγῆναι
936 802 1148 847 πεντήκοντα

111 859 238 896 πλοίων
256 863 467 912 πεντηρικῶν
486 860 597 911 ξυλείᾳ
609 892 617 906 ,
634 860 699 897 ὑπὸ
716 859 750 897 δὲ
770 859 874 910 ὄχλου
890 861 975 907 μετὰ
992 863 1071 910 βοῆς
1091 860 1150 896 καὶ

113 916 316 966 σαλπίγγων
341 917 524 968 κατήγετο.
546 917 718 969 ε’Υστερον
749 916 782 954 δὲ
803 920 869 954 τῶν
891 917 959 954 ἀπὸ
982 917 1150 963 Φοινίκης

110 990 160 1017 τις
188 975 352 1022 ἐπενόησε
382 975 443 1021 τὴν
470 975 656 1021 καθολκὴν,
692 975 818 1027 τάφρον
849 975 1149 1024 ὑποστησάμενος,

111 1031 188 1078 ἴσην
206 1035 247 1084 τῇ
263 1033 317 1078 νηὶ
335 1033 424 1070 κατὰ
443 1035 565 1082 μῆκος,
578 1033 619 1079 ἣν
639 1033 782 1078 πλησίον
797 1036 856 1070 τοῦ
874 1033 1008 1082 λιμένος
1024 1033 1145 1085 ὤρυξε.

112 1090 234 1142 Ταύτῃ
256 1091 292 1128 δὲ
321 1091 395 1134 τοὺς
424 1091 597 1140 θεμελίους
624 1091 892 1142 κατῳκοδόμησε
920 1091 1002 1142 λίθῳ
1022 1095 1149 1143 στερεῷ

113 1149 199 1201 πρὸς
217 1149 317 1187 πέντε
345 1150 469 1199 πήχεις
492 1150 530 1186 τὸ
558 1149 680 1199 βάθος,
704 1149 765 1186 καὶ
795 1148 849 1185 διὰ
869 1148 997 1187 τούτων
1018 1149 1149 1201 φάλαγ-

111 1224 175 1258 γας
221 1206 424 1259 ἐπικαρσίας
463 1207 553 1245 κατὰ
587 1207 715 1249 πλάτος
757 1209 816 1251 τῆς
852 1207 981 1258 τάφρου
1026 1207 1151 1251 διώσας

115 1268 289 1316 συνεχεῖς,
315 1263 533 1316 τετράπηχυν
562 1264 608 1306 εἷς
637 1263 737 1314 βάθος
762 1265 864 1302 τόπον
896 1265 1146 1308 ἀπολιπούσας.

116 1322 187 1360 Καὶ
203 1322 349 1369 ποιήσας
369 1321 500 1373 εἴσρουν
521 1320 589 1358 ἀπὸ
605 1324 665 1367 τῆς
685 1322 858 1369 θαλάσσης
876 1322 1060 1370 ἐνέπλησεν
1087 1324 1150 1360 αὐ-

113 1381 176 1423 τῆς
194 1379 306 1416 πάντα
323 1379 379 1416 τὸν
394 1379 580 1430 ὀρυχθέντα
597 1378 718 1427 τόπον,
739 1382 783 1423 εἷς
800 1380 834 1417 ὃν
856 1380 979 1432 ῥᾳδίως
997 1380 1065 1417 ἀπὸ
1082 1383 1150 1418 τῶν

114 1437 287 1488 τυχόντων
305 1438 435 1488 ἀνδρῶν
457 1436 618 1488 εἰσήγαγε
644 1437 705 1484 τὴν
727 1443 826 1475 ναῦν·
848 1439 908 1459 *¹⁸*
930 1439 968 1476 τὸ
994 1438 1149 1491 ἀνοιχθὲν

116 1497 192 1532 κατ’
233 1495 341 1546 ἀρχὰς
373 1495 612 1548 ἐμφράξαντας
647 1495 918 1546 μετεξαντλῆσαι
950 1496 1054 1534 πάλιν
1088 1496 1149 1542 τὴν

114 1553 291 1591 θάλασσαν
323 1553 496 1606 ὀργάνοις·
527 1554 648 1591 τούτου
675 1554 709 1591 δὲ
740 1554 920 1604 γενομένου
947 1557 1151 1607 ἑδρασθῆναι

113 1610 151 1646 το
171 1612 288 1648 πλοῖον
303 1612 465 1663 ἀσφαλῶς
480 1612 535 1648 ἐπὶ
549 1614 616 1648 τῶν
633 1612 889 1664 προειρημένων
905 1612 1107 1664 φαλάγγων.

166 1687 179 1701 τι
202 1668 443 1706 Κατεσκεύασε
462 1669 489 1705 δ’
504 1671 521 1705 ὁ
536 1669 751 1720 Φιλοπάτωρ
765 1670 823 1707 καὶ
839 1670 1006 1719 ποτάμιον
1021 1672 1151 1718 πλοῖον,

114 1726 174 1770 τὴν
194 1726 394 1776 θαλαμηγὸν
412 1727 639 1776 καλουμένην,
657 1727 694 1764 τὸ
710 1730 818 1777 μῆκος
833 1727 978 1779 ἔχουσαν
999 1731 1147 1777 ἡμιστα-

114 1835 200 1864 locus
222 1844 311 1867 cerea
327 1837 449 1876 pictura
468 1838 649 1877 variegatus
665 1840 732 1869 erat
757 1851 763 1869 :
788 1840 926 1878 spatium
950 1848 1026 1870 vero
1043 1841 1148 1870 totum

112 1885 194 1916 inter
222 1895 326 1917 remos
344 1887 574 1927 interceptum,
593 1898 693 1928 usque
717 1889 756 1920 ad
784 1890 946 1929 carinam,
976 1890 1150 1922 liederacea

114 1937 223 1968 fronde
237 1937 416 1977 thyrsisque
431 1941 499 1970 erat
512 1941 672 1971 ornatum.
697 1942 1040 1981 Armamentorumque
1057 1942 1151 1972 etiam

112 1988 257 2018 omnium
284 1989 384 2020 mirus
410 1991 478 2021 erat
511 1992 643 2022 ornatus
673 2004 680 2022 ε
704 1993 736 2023 et
766 1994 891 2023 eunctae
922 1993 1013 2023 navis
1046 1995 1152 2032 partes

113 2039 238 2070 abunde
255 2039 350 2072 rebius
365 2042 513 2072 omnibus
523 2042 705 2073 necessariis
720 2043 894 2075 instructae.
908 2045 1016 2079 Quum
1029 2044 1152 2083 pericu-

115 2089 181 2119 lum
202 2090 315 2130 navigii
338 2092 426 2123 tieret
439 2115 448 2131 ‚
468 2092 604 2132 impositi
623 2093 649 2124 ei
665 2095 756 2126 erant
778 2095 910 2135 remiges
932 2103 1026 2134 super
1040 2097 1152 2134 quater

116 2141 220 2179 mille;
238 2142 275 2171 ad
299 2142 473 2176 ministeria
497 2152 571 2175 vero
596 2145 723 2176 nautica
739 2145 883 2177 homines
905 2146 1148 2186 quadringenti3

115 2191 264 2223 classiarii
284 2193 399 2225 milites
416 2194 446 2225 in
465 2196 560 2234 ponte
576 2197 695 2227 stantes
715 2197 764 2227 ter
781 2197 867 2228 mille
880 2221 888 2236 ‚
913 2197 1062 2228 detractis
1076 2206 1148 2228 cen-

116 2245 184 2273 111111
199 2245 230 2274 et
245 2244 488 2286 quinquaginta;
503 2247 629 2286 insuper
642 2247 701 2278 sub
714 2249 874 2287 transtris,
898 2248 929 2278 in
943 2249 1045 2279 medio
1065 2249 1153 2280 navis

117 2302 265 2332 corpore,
288 2295 348 2326 alia
364 2296 532 2331 hominum,
550 2298 741 2337 multitud03
765 2301 795 2330 et
811 2302 1046 2331 commeatuum
1064 2300 1153 2339 copia

118 2344 202 2375 baud
224 2346 347 2385 exigua.
393 2348 536 2380 Deducta
554 2351 661 2382 autem
689 2350 781 2381 navis
804 2351 943 2392 primum
964 2352 1064 2382 suerat
1092 2360 1151 2390 ope

117 2396 298 2437 craticulae,
313 2407 385 2437 qua}
407 2402 571 2440 compacta
591 2402 707 2432 dicitur
723 2403 821 2434 fuisse
844 2412 879 2435 ex
900 2405 988 2437 tanto
1013 2404 1153 2436 materiae

117 2450 283 2488 apparatu,
301 2450 356 2489 qui
369 2451 597 2492 quinquaginta
620 2454 752 2485 navibus
765 2455 1045 2495 quinqueremibus
1061 2456 1152 2486 sutfe-

119 2500 229 2529 cturus
248 2500 366 2531 suisset.
411 2503 554 2534 Deducta
574 2505 620 2535 est
643 2507 752 2536 autem
777 2506 816 2537 ab
844 2506 969 2546 ingente
988 2507 1153 2539 bominum

120 2550 341 2589 multitudine,
358 2561 431 2583 cum
445 2554 582 2586 clamore
595 2556 626 2587 et
639 2556 676 2586 ad
698 2557 847 2591 tubarum
867 2558 1015 2590 sonitum.
1041 2560 1153 2590 Postea

120 2609 195 2631 vero
223 2602 354 2633 t‘bwnix
383 2605 495 2645 aliquis
511 2606 623 2647 [aliam
648 2609 863 2644 subducendas}
889 2620 927 2641 ac
945 2611 1073 2651 denuo]
1102 2612 1154 2643 de-

120 2652 273 2684 ducendae
296 2655 383 2687 navis
408 2657 559 2689 rationem
579 2661 789 2701 excogitavit3
820 2662 934 2694 fossam
962 2662 1151 2702 subjiciens,

120 2704 260 2741 ejusdem
295 2714 368 2736 cum
401 2716 480 2738 nave
513 2709 736 2750 longitudinis,
766 2722 861 2752 quam
897 2723 994 2753 prope
1025 2716 1151 2753 portum

122 2756 302 2788 excavavit.
328 2758 406 2788 Huic
422 2759 624 2792 fundamenta
645 2762 699 2803 [et
713 2764 906 2804 crepidines]
923 2765 1100 2798 substruxit
1114 2775 1154 2796 ex

122 2806 225 2837 solido
267 2808 370 2847 lapide
404 2809 442 2839 ad
483 2811 621 2850 quinque
658 2814 836 2846 cubitorum
877 2816 1126 2855 profunditatem
1144 2828 1152 2856 ;

122 2859 234 2890 ‹leuide
268 2860 348 2891 inter
385 2862 458 2892 istas
486 2864 658 2902 crepidines
692 2866 820 2906 impegit
859 2869 1025 2901 continuas
1060 2870 1154 2901 series

125 2912 314 2951 pbalangum
349 2915 599 2948 transversarum
631 2926 687 2956 pro
717 2918 881 2950 latitudine
912 2920 1019 2958 sossae,
1050 2921 1090 2952 ita
1119 2923 1155 2955 ut

123 2963 375 3001 quadricubitale
402 2966 537 3004 spatium
564 2967 594 2996 in
623 2968 821 3000 altitudinem
852 2970 930 3000 intra
962 2971 1155 3011 relinquere-

123 3016 185 3045 tur.
231 3016 313 3045 Tum
344 3015 483 3046 immisso
507 3018 604 3056 mari,
633 3019 737 3051 totum
767 3020 914 3051 effossum
941 3021 1047 3052 locum
1074 3031 1156 3062 aqua

124 3065 255 3103 replevit
275 3079 281 3096 2
297 3065 328 3096 in
343 3075 437 3105 quem
452 3067 563 3098 deinde
578 3070 794 3107 quorumlibet
808 3071 970 3102 bominum
991 3082 1049 3112 ope
1065 3074 1156 3107 facile

125 3115 279 3147 subduxit
303 3125 416 3148 navem
433 3130 439 3148 ;
455 3121 524 3158 post
544 3119 611 3150 baec
624 3145 631 3158 ‚
653 3121 815 3153 obstructa
842 3126 989 3162 apertura
1006 3125 1094 3155 initio
1110 3126 1156 3155 ta-

129 3168 179 3197 eta
191 3190 199 3203 ,
213 3168 429 3199 machinarum
442 3178 500 3210 opo
517 3179 623 3201 rursus
636 3172 781 3203 exhausit
798 3182 926 3212 aquam.
944 3176 989 3205 lta
1008 3175 1101 3206 tiebat
1124 3179 1157 3206 ut

127 3226 218 3257 super
236 3219 393 3258 praedictis
408 3220 612 3260 phalangibus
628 3224 697 3253 tuto
711 3232 747 3253 ac
761 3223 892 3255 suu-mitor-
907 3227 995 3256 navis
1008 3228 1118 3257 staret.

173 3284 184 3296 κ
217 3272 400 3302 Construxit
431 3281 503 3302 vero
535 3272 616 3303 iol-*m
648 3275 827 3315 Plribwabn·
858 3278 953 3307 otram
980 3278 1071 3308 aliam
1101 3288 1155 3308 na-

1176 1855 1189 3313 ————-———·—-——-·————-—-———-—-——-———-———-—————
1179 1261 1186 1765 —————-———

919 82 980 120 CA
990 82 1190 139 LLlXENl
1225 82 1403 119 RHODII

1205 167 1295 213 δίου,
1314 167 1352 204 τὸ
1371 168 1399 203 δ’
1417 161 1529 216 εὖρος,
1548 161 1570 216 ἦ
1587 165 1814 210 πλατύτατον,
1833 167 2014 216 τριάκοντα
2043 172 2183 220 πηχῶν·
2203 171 2242 208 τὸ

1206 225 1240 262 δὲ
1271 226 1352 277 ὕψος
1375 225 1434 262 σὺν
1459 227 1507 274 τῷ
1531 227 1591 269 τῆς
1613 227 1740 269 σκηνῆς
1768 224 1987 273 ἀναστήματι
2013 227 2132 277 μικρὸν
2158 229 2244 265 ἀπέ-

1208 285 1253 319 δει
1285 282 1540 333 τεσσαράκοντα
1571 284 1709 333 πηχῶν.
1740 281 1790 319 Τὸ
1822 282 1857 319 δὲ
1887 283 1995 333 σχῆμ’
2028 285 2132 330 αὐτῆς
2167 286 2243 323 οὔτε

1207 342 1282 382 ταῖς
1299 342 1446 390 μακραῖς
1459 339 1575 376 ναυσὶν
1593 338 1669 376 οὔτε
1687 345 1762 382 ταῖς
1776 341 2000 390 στρογγύλαις
2014 341 2138 389 ἐοικὸς,
2154 343 2244 380 ἀλλὰ
2288 353 2289 371 ³

1208 396 1496 448 παρηλλαγμένον
1512 412 1547 434 τε
1567 396 1626 434 καὶ
1640 397 1724 449 πρὸς
1740 397 1801 442 τὴν
1817 398 1936 449 χρείαν
1955 401 2014 434 τοῦ
2031 405 2188 449 ποταμοῦ
2205 402 2244 439 τὸ

1211 456 1326 506 βάθος.
1358 455 1522 493 Κάτωθεν
1541 454 1600 503 μὲν
1621 454 1686 507 γὰρ
1706 455 1861 502 ἁλιτενὴς
1877 456 1935 493 καὶ
1956 457 2122 504 πλατεῖα,
2142 461 2191 511 τῷ
2216 460 2246 496 6’

1209 514 1302 565 ὄγκῳ
1319 513 1505 564 μετέωρος·
1525 512 1568 549 τὰ
1589 513 1617 550 δ’
1632 513 1689 550 ἐπὶ
1706 516 1772 550 τῶν
1797 514 1912 565 ἄκρων
1933 516 2036 559 αὐτῆς
2059 515 2165 565 μέρη,
2186 517 2245 555 καὶ

1210 572 1361 619 μάλιστα
1381 569 1424 607 τὰ
1444 569 1534 607 κατὰ
1559 573 1716 622 πρῷραν,
1745 572 1942 623 παρέτεινεν
1961 575 2012 626 ἐφ’
2032 574 2162 624 ἱκανὸν,
2186 578 2246 621 τῆς

1211 629 1432 671 ἀνακλάσεως
1455 628 1654 680 εὐγράμμου
1681 630 1900 681 φαινομένης.
1923 632 2102 685 Δίπρῳρος
2122 635 2151 669 δ’
2175 635 2247 684 ἐγε-

1210 686 1300 737 γόνει
1330 686 1390 723 καὶ
1417 686 1624 737 δίπρυμνος,
1656 687 1715 724 καὶ
1741 687 1825 737 πρὸς
1842 688 1926 740 ὕψος
1953 692 2116 738 ἀνέτεινε,
2139 690 2194 728 διὰ
2208 692 2246 728 τὸ

1212 745 1381 794 μετέωρον
1403 743 1490 794 ἄγαν
1521 742 1683 780 ἵστασθαι
1709 745 1876 789 πολλάκις
1908 748 1941 784 ἐν
1970 750 2019 800 τῷ
2043 751 2189 799 ποταμῷ
2209 748 2250 786 τὸ

1211 805 1320 850 κῦμα.
1340 801 1609 839 Κατεσκεύαστο
1624 803 1652 838 δ’
1668 803 1772 847 αὐτῆς
1787 803 1876 839 κατὰ
1892 805 1953 852 μὲν
1973 804 2079 853 μέσον
2093 805 2132 842 τὸ
2149 805 2248 874 κύτρς

1210 859 1253 895 τὰ
1272 859 1468 908 συμπόσια,
1490 859 1548 896 καὶ
1569 861 1598 897 οἱ
1622 862 1797 907 κοινῶνες,
1827 860 1885 897 καὶ
1913 861 1955 898 τὰ
1982 862 2086 899 λοιπὰ
2102 862 2145 899 τὰ
2163 878 2249 914 προς

1211 917 1272 962 τὴν
1289 917 1461 967 διαγωγὴν
1479 917 1685 969 χρηστήρια.
1706 918 1811 988 Πέριξ
1834 918 1868 955 δε
1886 922 1946 964 τῆς
1966 936 2048 963 νεως
2050 920 2247 993 περίπατρι

1211 974 1301 1011 κατὰ
1317 974 1374 1017 τὰς
1399 981 1488 1034 τρεῖς
1507 975 1691 1027 πλευρὰς’
1676 975 1876 1026 εγεγόνεσαν
1904 978 2028 1015 διπλοῖ.
2054 981 2116 1016 Ὡν
2143 982 2164 1024 ἡ
2187 977 2248 1028 μὲν

1210 1032 1416 1084 περίμετρος
1431 1036 1472 1079 ἠν
1487 1033 1586 1070 πέντε
1604 1033 1760 1085 πλέθρων
1781 1036 1840 1071 οὐκ
1857 1034 2056 1082 ἐλάττων,(
2039 1051 2060 1081 η
2082 1035 2116 1073 δε
2138 1037 2249 1074 διάθε-

1212 1106 1263 1132 σις
1291 1094 1348 1127 τοῦ
1379 1091 1441 1140 μὲν
1469 1091 1652 1140 καταγείου
1675 1091 1870 1144 περιστύλω
1896 1093 2158 1143 παραπλησιος,
2189 1110 2251 1132 του

1212 1149 1240 1185 δ’
1261 1147 1417 1200 ὑπερῴου
1447 1149 1581 1200 κρύπτῃ
1606 1153 1775 1201 φραγμοῖς
1796 1150 1855 1187 καὶ
1882 1151 1993 1203 θυρίσι
2019 1152 2248 1203 περιεχομένῃ

1212 1206 1391 1244 πάντοθεν.
1416 1207 1547 1258 Πρώτη
1569 1209 1598 1244 δ’
1629 1208 1768 1245 εἰσιόντι
1789 1207 1879 1246 κατὰ
1907 1209 2068 1280 πρύμναν
2089 1211 2251 1248 ἐτέτακτο

1213 1267 1386 1334 προστὰς,
1415 1265 1448 1309 ἐξ
1474 1264 1629 1302 ἐναντίου
1665 1266 1727 1315 μὲν
1757 1267 2048 1317 ἀναπεπταμένη,
2079 1268 2194 1306 κύκλι)
2214 1268 2250 1305 δὲ

1210 1323 1428 1374 περίπτερος·
1451 1318 1490 1369 ῆς
1518 1325 1552 1360 ἐν
1578 1339 1627 1360 τι)
1658 1325 1867 1376 καταντικρυ
1891 1329 1952 1371 τῆς
1983 1342 2123 1378 πριιρας
2156 1327 2249 1378 μέρει
2278 1373 2281 1378 1

1211 1381 1423 1431 προπύλαιον
1443 1381 1717 1429 κατεσκεύαστο,
1734 1382 1774 1419 δι’
1797 1383 1976 1435 ἐλέφαντος
1991 1385 2050 1422 καὶ
2066 1388 2125 1430 τῆς
2142 1387 2250 1422 πολυ-

1213 1439 1418 1484 τελεστάτης
1441 1439 1522 1486 ὕλης
1540 1439 1690 1490 γεγονός.
1720 1443 1832 1478 Τοῦτο
1855 1441 1890 1478 δὲ
1919 1443 2104 1480 διελθοῦσιν
2123 1442 2249 1480 ὡσανεὶ

1213 1496 1420 1549 προσκήνιον
1446 1497 1631 1542 ἐπεποίητο
1653 1501 1695 1548 τῇ
1720 1498 1889 1546 διαθέσει,
1920 1500 2134 1550 κατάστεγον
2162 1500 2247 1539 ἄνω.

1215 1556 1326 1593 Πάλιν
1347 1555 1470 1604 ὁμοίως
1495 1555 1585 1593 κατὰ
1616 1556 1676 1606 μὲν
1696 1556 1757 1602 τὴν
1786 1556 1893 1606 μέσην
1920 1557 2072 1610 πλευρὰν
2099 1559 2249 1610 προστὰς

1213 1613 1311 1664 ἑτέρα
1345 1614 1528 1665 παρέκειτο
1557 1614 1707 1661 ὄπισθεν,
1739 1614 1798 1652 καὶ
1827 1615 2028 1667 τετράθυρος
2060 1616 2175 1667 ἔφερεν
2204 1620 2251 1659 εἷς

1214 1672 1319 1717 αὐτὴν
1350 1672 1482 1711 πυλών.
1522 1673 1584 1716 Ἐξ
1616 1675 1802 1724 ἀριστερῶν
1828 1672 1862 1710 δὲ
1888 1674 1945 1710 καὶ
1975 1673 2089 1717 δεξιῶν
2121 1675 2250 1725 θυρίδες

1875 1732 2038 1777 Συνῆπτο
2060 1730 2095 1769 δὲ
2118 1732 2251 1774 τούτοις

1213 1728 1406 1776 ὑπέκειντο,
1428 1729 1563 1766 εὐάειαν
1586 1730 1818 1781 παρέχουσαι.

1214 1848 1305 1879 vem,
1321 1848 1385 1880 qua
1397 1841 1429 1871 in
1449 1840 1520 1872 Nilo
1539 1840 1637 1871 ssuvio
1653 1841 1839 1881 navigaret,
1854 1851 1925 1882 quae
1945 1842 2171 1882 lealameqecs
2194 1843 2253 1883 (id

1213 1892 1277 1930 est,
1302 1892 1500 1924 thalamum
1528 1892 1669 1933 vehens)
1686 1893 1860 1925 vocabatur
1868 1905 1877 1933 ;
1897 1895 1988 1934 cujus
2005 1895 2168 1935 longitudo
2188 1896 2251 1930 [uit

1214 1943 1336 1974 dimidii
1350 1943 1460 1982 stadii3
1481 1944 1636 1983 latitudo,
1650 1944 1703 1975 ubi
1719 1945 1877 1984 maxima,
1891 1946 2019 1986 triginta
2041 1947 2223 1981 cubitorum,
2238 1960 2245 1978 :

1214 1994 1352 2025 altitudo
1363 2019 1371 2033 ‚
1390 1995 1483 2026 simul
1504 2004 1578 2037 cuin
1592 1996 1697 2026 erecto
1711 1996 1935 2036 tabernaculo,
1951 2006 2064 2037 parum
2081 2006 2099 2028 a
2113 1998 2247 2037 quadra·

1213 2045 1298 2085 ginta
1312 2045 1427 2077 cubitis
1442 2046 1562 2077 aberat.
1582 2049 1697 2078 Forma
1713 2047 1780 2085 ejus
1793 2056 1853 2078 nec
1866 2048 1964 2087 longis
1978 2049 2111 2080 navibus
2122 2073 2130 2087 ‚
2145 2058 2249 2089 neque

1214 2096 1356 2128 rotundis
1368 2098 1436 2128 erat
1445 2097 1556 2128 similis
1571 2107 1578 2127 :
1594 2097 1647 2128 sed
1664 2106 1791 2137 prorsus
1803 2098 1966 2138 singularis
1979 2123 1988 2137 ‚
2003 2108 2059 2138 pro
2077 2108 2151 2131 usus
2164 2109 2252 2132 com·

1214 2148 1365 2180 moditate
1386 2150 1418 2180 et
1436 2149 1604 2180 altitudine
1626 2150 1726 2180 ssuvii.
1751 2152 1830 2182 Nam
1850 2151 1972 2182 inferne
1994 2151 2139 2191 depressa
2162 2154 2253 2184 navis

1214 2203 1281 2232 erat
1291 2203 1322 2232 et
1335 2202 1398 2232 lata
1410 2211 1541 2241 ;corpus
1554 2204 1659 2233 autem
1671 2202 1806 2234 sublime
1817 2203 1975 2234 eminebat
1988 2216 1994 2234 ε
2010 2205 2161 2235 extremae
2174 2215 2252 2236 vero

1214 2252 1281 2290 ejas
1295 2254 1416 2292 partes,
1431 2261 1469 2283 ac
1486 2252 1661 2292 praesertim
1678 2261 1696 2283 a
1715 2262 1825 2292 prora,
1842 2253 1981 2284 multum
2006 2255 2248 2295 prominebant,

1214 2303 1286 2334 (lein
1305 2312 1428 2334 sursum
1450 2304 1576 2334 reflexae
1593 2304 1728 2344 speciem
1747 2304 1932 2344 praebebant
1953 2305 2110 2344 eleganter
2129 2306 2248 2337 descri-

1214 2356 1311 2393 ptam.
1322 2357 1406 2386 Duas
1416 2356 1522 2386 autem
1536 2364 1641 2395 proras
1654 2355 1797 2395 duasque
1810 2364 1929 2395 puppes
1944 2356 2080 2388 babebat
2091 2367 2099 2395 3
2112 2359 2143 2388 et
2156 2366 2248 2397 super

1214 2415 1329 2445 aquam
1344 2406 1480 2437 multum
1495 2406 1673 2445 eminebat,
1693 2407 1844 2446 quoniam
1868 2407 1984 2437 ssuctus
2000 2406 2087 2438 tluvii
2111 2416 2194 2447 saepe
2216 2409 2248 2439 in

1214 2458 1314 2488 altum
1328 2458 1528 2488 attolluntur.
1540 2459 1574 2488 In
1585 2457 1687 2488 medio
1696 2458 1785 2488 alveo
1793 2459 1975 2489 constructa
1984 2460 2073 2489 erant
2084 2460 2248 2490 coenacula

1214 2510 1245 2540 et
1262 2509 1408 2540 cubicula
1421 2532 1429 2547 ‚
1447 2510 1478 2539 et
1495 2509 1625 2548 reliquae
1637 2509 1676 2539 ad
1692 2510 1767 2539 vita!
1781 2518 1875 2539 usum
1896 2509 2088 2548 pertinentes
2107 2519 2247 2541 commo-

1214 2560 1339 2592 ditates.
1358 2562 1485 2592 Circum
1505 2569 1618 2590 navem
1632 2560 1805 2590 secundum
1823 2561 1884 2590 tria
1899 2560 1996 2591 latera
2016 2560 2251 2592 ambulationes

1215 2613 1303 2643 erant
1312 2611 1406 2650 binae,
1424 2620 1559 2650 quarum
1572 2610 1723 2642 circuitus
1734 2611 1826 2650 paulo
1836 2611 1939 2641 minus
1949 2612 2090 2650 quinque
2099 2611 2246 2651 jugerum

1215 2666 1283 2696 erat
1305 2675 1311 2694 :
1336 2664 1456 2704 species
1472 2673 1547 2695 vero
1570 2665 1602 2694 et
1624 2664 1784 2694 structura
1809 2663 1981 2702 inferioris,
1996 2664 2159 2703 peristylio
2176 2666 2245 2696 erat

1215 2717 1340 2754 similis;
1358 2716 1547 2756 superioris,
1574 2716 1821 2755 cryptoporticui
1848 2715 2021 2755 parietibus
2046 2717 2078 2746 et
2102 2716 2249 2747 fenestris

1216 2768 1355 2807 undique
1366 2767 1573 2798 circumdato.
1620 2767 1809 2805 Ingredienti
1825 2776 1842 2797 a
1862 2775 1964 2806 puppe
1979 2767 2118 2806 primum
2138 2776 2246 2798 occur—

1216 2819 1305 2850 rebat
1324 2818 1515 2850 vestibulum
1532 2819 1542 2857 (
1557 2818 1691 2858 προστὰς
1709 2818 1829 2849 Graecis
1843 2819 1975 2848 vocatur
1989 2817 1999 2856 )
2013 2826 2030 2848 a
2050 2819 2140 2857 parte
2155 2819 2247 2849 ante-

1216 2872 1298 2903 riore
1326 2873 1472 2910 apertum
1488 2895 1496 2909 ‚
1524 2869 1731 2901 circumcirca
1762 2878 1839 2900 vero
1863 2869 1997 2908 simplici
2024 2870 2247 2901 columnarum

1215 2923 1293 2954 serie
1307 2921 1551 2956 circumdatum.
1565 2924 1600 2953 ln
1617 2930 1653 2952 ea
1666 2923 1771 2960 parte,
1787 2930 1858 2960 quae
1871 2929 1980 2952 versus
1993 2929 2116 2960 proram
2128 2923 2250 2960 specta-

1216 2974 1286 3012 bat,
1306 2974 1502 3013 propylaeum
1525 2974 1743 3004 constructum
1761 2973 1847 3009 erat,
1862 2980 1901 3002 ex
1915 2971 2010 3002 ebore
2031 2973 2063 3002 et
2079 2972 2161 3010 ligno
2175 2980 2248 3011 pre·

1213 3025 1378 3058 tiosissimo
1397 3025 1515 3055 factum
1529 3036 1536 3054 ι
1552 3032 1606 3063 per
1617 3023 1703 3062 quod
1719 3024 1885 3062 postquam
1900 3023 2068 3053 transieras
2079 3046 2087 3060 ‚
2103 3025 2246 3054 constru-

1215 3078 1303 3106 ctum
1320 3076 1388 3106 erat
1407 3075 1496 3114 quasi
1511 3074 1710 3113 proscenium
1724 3098 1731 3111 ,
1746 3082 1878 3112 superne
1891 3074 2021 3103 tectum.
2037 3074 2157 3104 Rursus
2171 3073 2244 3104 dein

1213 3127 1356 3158 similiter
1370 3127 1401 3157 in
1420 3125 1523 3156 medio
1539 3126 1636 3156 latere
1652 3124 1823 3164 posteriore
1836 3124 1987 3162 adjuncta
1999 3126 2066 3154 erat
2086 3124 2147 3155 alia
2167 3133 2242 3164 pro·

1214 3181 1297 3216 stas,
1311 3180 1342 3209 111
1350 3187 1445 3218 quam
1459 3178 1637 3209 intrabatur
1650 3185 1704 3216 per
1717 3178 1841 3216 portam
1853 3176 2080 3215 quadritorem.
2095 3179 2118 3207 Α
2132 3176 2243 3208 dextra

1215 3230 1243 3258 et
1267 3229 1391 3261 sinistra
1415 3229 1558 3260 fenestrae
1575 3229 1666 3259 erant
1677 3251 1686 3265 ‚
1704 3236 1775 3266 quae
1790 3227 1869 3258 aeris
1882 3227 2099 3257 salubritatem
2114 3229 2239 3266 praesta-

1216 3281 1293 3310 rent.
1320 3280 1373 3310 llis
1387 3279 1554 3318 contiguus
1571 3280 1633 3309 erat
1651 3278 1806 3308 maximus
1820 3286 1924 3317 (reiis,
1939 3278 2093 3309 columnis
2105 3278 2238 3310 circum>
