2338 3765
947 147 1274 188 FRAGMENTA.

59 225 245 276 γενομένων
263 225 300 262 τὸ
317 225 377 274 μὲν
392 228 523 276 πρῶτον
542 226 701 277 ἀφιῖ“1νιι)ν
702 242 737 263 τε
757 229 812 264 καὶ
829 230 1008 279 εκπλαγιον
1027 232 1080 268 διὰ

57 283 95 320 τὸ
110 282 298 335 παράδοξον
310 285 368 328 τῆς
380 282 652 334 ὄψειι1ς,ὐστερον
665 283 698 320 δὲ
714 285 977 330 ἀναὸοησάντιον
993 288 1081 337 μέγα

59 340 116 378 καὶ
135 339 387 399 περιπεσόντων
406 343 447 391 τῇ
451 341 617 411 θυγατρὶ,
633 341 708 377 τότε
723 344 743 386 ἡ
759 342 932 379 Φιλίννιον
947 345 1080 381 τοσαῦτ’

58 401 150 434 εἶπεν
165 398 299 440 αὐτοῖς·
322 415 335 430 υ
353 392 405 434 Ὠ
424 400 530 446 μῆτερ
549 397 606 434 καὶ
625 398 754 449 πάτερ,
774 401 819 441 ὡς
839 399 961 442 ἀδίκως
983 403 1080 453 εφθο-

57 469 181 498 νησατε
200 469 257 503 μοι
272 453 359 502 μετὰ
376 457 434 490 τοῦ
454 453 578 496 ξένου’
565 470 620 490 επι
635 459 720 505 τρεῖς
733 455 863 505 ἡμέρας
879 456 1063 505 γενέσθαι
1049 474 1081 494 εν

57 513 98 562 τῇ
119 510 261 562 πατρῴα
279 510 368 560 οἷκίᾳ
387 512 562 548 λυποῦσαν
579 511 673 548 οὐδέν
688 527 695 534 ·
712 515 889 563 τοιγαροῦν
907 515 1000 561 ὑμεῖς
1022 515 1082 563 μὲν

57 568 240 613 πενθήσετε
257 567 289 611 ἐξ
311 570 418 619 ἀρχῆς
439 567 493 604 διὰ
512 567 573 614 τὴν
591 569 937 620 πολυπραγμοσύνην,
959 570 1025 619 ἐγὼ
1047 570 1081 607 δὲ

58 625 180 675 ἄπειμι
195 625 298 662 πάλιν
317 627 362 667 εἷς
375 625 430 662 τὸν
449 625 711 675 διατεταγμένον
727 626 829 663 τόπον
845 642 851 649 ·
871 628 907 663 οὐ
923 627 988 678 γὰρ
1005 628 1082 665 ἄνευ

56 682 144 725 θείας
165 682 357 733 βουλήσεως
377 678 476 728 ἦλθον
498 685 543 726 εἷς
562 687 686 721 ταῦτα.
708 701 723 716 «
745 685 908 721 Τοσαῦτα
937 686 1080 722 εἰποῦσα

55 743 273 792 παραχρῆμα
291 739 420 791 ἐγένετο
437 741 538 791 νεκρὰ
551 770 560 787 ,
581 740 753 784 ἐξετέτατό
767 756 802 777 τε
820 741 874 777 ἐπὶ
891 743 950 786 τῆς
969 742 1082 788 κλίνης

56 796 200 845 ἐμφανὲς
215 797 253 834 τὸ
273 799 388 846 σῶμα.
409 799 482 842 Τῆς
501 796 535 834 δὲ
551 797 678 848 μητρὸς
694 797 934 848 περιχυθείσης
950 799 1009 835 καὶ
1024 803 1080 836 τοῦ

54 853 182 904 πατρὸς
194 854 271 905 περὶ
286 854 390 899 αὐτὴν
407 854 465 891 καὶ
483 854 625 905 θορύὸου
637 855 766 892 πολλοῦ
781 855 870 891 κατὰ
891 855 951 901 τὴν
971 856 1079 893 οἰκίαν

54 912 234 961 γενομένου
259 911 314 948 διὰ
332 911 370 948 τὸ
389 911 515 957 πάθος,
536 914 581 954 ὡς
608 911 794 957 ἀνηκέστου
811 913 985 962 γεγονότος
1005 914 1082 950 θεά-

55 985 182 1017 ματος,
197 968 270 1017 ἅμα
288 985 323 1006 τε
343 968 487 1006 ἀπίστου
508 968 783 1018 συμπτώματος,
800 971 933 1020 ταχέως
952 970 1082 1018 ἐγένετο

54 1025 110 1063 διὰ
125 1026 254 1069 πόλεως
267 1026 304 1063 τὸ
317 1032 460 1078 πρᾶγμα
475 1026 677 1078 περιὸόητον
693 1026 751 1064 καί
769 1042 827 1076 μοι
843 1028 1077 1078 προσηγγέλη.

55 1083 127 1129 Τὴν
146 1083 206 1132 μὲν
219 1079 275 1121 οῦν
287 1083 392 1121 νύκτα
410 1084 539 1129 ἐκείνην
553 1083 776 1134 διακατέσχον
794 1084 860 1133 ἐγὼ
876 1085 951 1128 τοὺς
964 1085 1083 1136 ὄχλους

54 1141 310 1192 ἀθροιζομένους
330 1142 386 1178 ἐπὶ
418 1141 478 1186 τὴν
499 1141 620 1188 οἰκίαν,
655 1141 854 1188 εὗλαὸηθεὶς
883 1142 930 1191 μή
962 1158 1010 1186 τις
1030 1143 1081 1189 εἴη

53 1199 277 1250 νεωτερισμὸς
294 1199 531 1248 διαδεδομένης
553 1198 709 1245 τοιαύτης
729 1199 859 1250 φήμης.
881 1197 1031 1251 ’Όρθρου
1049 1201 1082 1238 δὲ

55 1256 174 1307 βαθέος
193 1259 320 1308 πλῆρες
342 1251 383 1303 ἦν
412 1257 449 1294 τὸ
469 1257 621 1308 θέατρον,
680 1257 870 1303 Ῥηθέντιυν
891 1257 925 1294 δὲ
945 1257 1082 1295 πάντων

54 1314 142 1351 κατὰ
159 1314 258 1365 μέρος
275 1313 363 1358 ἔδοξε
378 1317 513 1366 πρῶτον
531 1316 692 1352 εἰσελθεῖν
714 1315 769 1352 ἐπὶ
791 1315 847 1352 τὸν
866 1315 971 1367 τάφον
989 1319 1081 1365 ἡμᾶς

56 1371 114 1409 καὶ
135 1372 332 1415 ἀνοίξαντας
352 1373 503 1419 εἷδῆσαι,
523 1373 663 1424 πότερον
684 1372 735 1418 εἴη
763 1374 801 1410 τὸ
819 1375 919 1422 σῶμα
949 1373 1004 1410 ἐπὶ
1023 1377 1083 1420 τῆς

55 1429 169 1475 κλίνης
193 1429 215 1475 ἢ
247 1429 342 1467 κενὸν
367 1430 471 1468 τόπον
499 1431 687 1481 εὑρήσομεν
702 1446 709 1453 ·
730 1430 891 1482 οὐδὲγὰρ
920 1430 1083 1481 ἑξάμηνος

55 1486 199 1538 ἐγεγόνει
218 1489 264 1539 τῷ
281 1487 416 1539 θανάτῳ
435 1491 495 1534 τῆς
513 1488 705 1538 ἀνθρώπου.
728 1488 1006 1538 Ἀνοιχθείσηςηδὲ
1025 1490 1081 1539 ὑφ’

54 1548 152 1595 ἡμῶν
174 1548 231 1590 τῆς
247 1544 426 1596 καμάρας,
448 1547 494 1588 εἷς
509 1545 551 1591 ἣν
571 1545 691 1587 πάντες
710 1547 740 1582 οἱ
755 1546 870 1583 οἷκεῒοι
889 1545 1082 1595 μεταλλάσ-

56 1618 170 1645 σοντες
190 1602 352 1649 ἐτίθεντο,
377 1602 433 1639 ἐπὶ
455 1600 515 1651 μὲν
544 1605 610 1639 τῶν
633 1603 743 1640 ἄλλων
772 1604 893 1640 κλινῶν
914 1603 1019 1653 ἐφάνη
1040 1603 1082 1640 τὰ

55 1659 202 1708 σώματα
225 1660 387 1731 κείμενα,
416 1662 481 1696 τῶν
503 1659 536 1696 δὲ
568 1659 774 1710 παλαίτερον
794 1661 1082 1706 τετελευτηκότων

54 1717 97 1754 τὰ
112 1719 217 1766 ὀστᾶ,
235 1717 291 1754 ε’πι
309 1717 413 1767 μόνης
430 1716 465 1753 δὲ
481 1711 519 1762 ἧς
538 1719 559 1763 ἡ
575 1716 750 1756 Φιλίννιον
765 1717 861 1762 ἐτέθη
879 1733 937 1754 και
958 1717 1082 1763 συνεΈη

54 1790 204 1826 ταφηναι
224 1790 365 1826 ευρομεν
387 1774 598 1822 ἐπικείμενον
626 1789 681 1811 τον
706 1775 883 1811 δακτύλιον
903 1790 959 1811 τον
989 1776 1083 1820 σιδη-

58 1835 149 1882 ροῦν,
176 1831 209 1874 ὃς
232 1835 272 1877 ἠν
293 1835 352 1869 τοῦ
372 1830 481 1878 ξένου,
500 1831 557 1868 καὶ
583 1831 621 1868 τὸ
639 1831 891 1882 χρυσόκλυστον
912 1832 1084 1883 ποτήριον,

55 1944 201 1982 ipsam‚et
211 1942 311 1982 primo
319 1942 445 1982 quidem
456 1943 535 1973 muti
544 1952 579 1973 ac
586 1943 775 1974 consternati
784 1943 982 1979 adstitissent,
990 1943 1027 1972 ad
1033 1951 1060 1973 m
1066 1942 1086 1973 i-

56 1994 145 2024 rabili
157 1994 335 2033 spectaculo
346 1993 482 2031 attoniti,
495 1993 606 2023 deinde
617 1994 721 2024 autem
732 2002 877 2032 magnum
889 1993 1084 2024 sustulissent

56 2044 238 2081 clamorem,
251 2045 281 2075 et
292 2044 385 2074 tiliam
399 2044 526 2074 fuissent
537 2044 752 2083 circumplexi,
764 2043 805 2074 ibi
819 2045 886 2074 tum
897 2043 1083 2074 Philinnium

56 2095 125 2126 haec
140 2095 184 2126 eis
197 2094 276 2125 dixit
298 2104 304 2123 :
326 2106 340 2120 «
363 2096 389 2125 O
405 2096 503 2125 mater
519 2098 549 2125 et
566 2096 664 2133 pater,
687 2102 783 2132 quam
797 2094 911 2131 injuste
933 2094 1084 2125 invidistis

55 2146 149 2185 milii,
171 2146 205 2176 ut
218 2154 291 2176 cum
307 2145 428 2184 hospite
442 2154 540 2175 essem
554 2154 608 2183 per
622 2144 784 2175 triduum'
777 2153 808 2174 1n
822 2144 915 2174 domo
935 2146 1082 2184 pater1,1a

56 2197 173 2236 absque
186 2196 250 2226 ullo
266 2196 428 2226 maleficio.
449 2195 582 2226 Proinde
597 2204 654 2226 vos
667 2195 770 2226 denuo
786 2195 829 2226 lu<
820 2195 928 2234 gebitis
938 2218 945 2232 ‚
960 2197 1085 2235 propter

58 2250 195 2280 vestram
221 2242 462 2279 curiositatem:
481 2256 536 2287 cao
565 2248 670 2278 autem
687 2256 809 2278 rursum
826 2247 903 2278 abeo
925 2247 963 2277 ad
977 2248 1082 2279 locum

56 2299 134 2331 mihi
152 2300 369 2339 designatum3
389 2308 450 2330 non
472 2299 553 2330 enim
571 2299 688 2339 absque
710 2299 815 2329 divina
837 2299 1004 2330 voluntate
1022 2299 1084 2331 huc

56 2351 139 2382 veni.
159 2363 174 2378 »
200 2352 276 2381 Haec
296 2350 419 2388 locuta,
448 2350 506 2380 suit
526 2349 610 2380 illico
638 2351 782 2388 mortua,
818 2358 994 2389 corpusque
1018 2351 1085 2389 ejus

57 2401 260 2441 conspicuum
269 2409 322 2440 per
333 2401 450 2431 lectum
466 2403 512 2431 est
522 2402 698 2431 extensum.
714 2401 813 2430 Matre
828 2402 933 2431 autem
948 2401 1083 2431 circum—

57 2453 137 2491 fusa,
151 2460 188 2482 ac
200 2455 304 2491 patre,
320 2451 477 2490 cadaveri,
497 2460 673 2490 magnoque
686 2454 794 2482 coorto
807 2452 947 2482 tumultu
966 2452 997 2482 in
1011 2452 1085 2483 mdi-

58 2503 118 2534 bus
141 2503 236 2542 atque
257 2501 374 2541 ejulatu
403 2502 443 2532 ob
470 2501 562 2532 istam
582 2511 667 2540 rem,
685 2510 782 2542 quum
806 2504 837 2533 et
858 2502 1085 2534 immedicabile

57 2552 271 2592 spectaculum
293 2552 455 2583 accidisset
474 2553 505 2583 et
526 2552 714 2583 incredibilis
730 2561 819 2584 casus
844 2562 850 2583 :
874 2553 981 2584 statim
1002 2554 1086 2585 sama

59 2608 100 2635 rei
113 2604 224 2635 urbem
233 2603 386 2643 pervasit,
402 2604 433 2634 et
448 2603 487 2634 ad
502 2612 553 2634 me
563 2604 656 2634 allata
668 2605 724 2635 est.
743 2606 836 2636 Istam
853 2605 946 2643 igitur
959 2606 1084 2636 noctem

58 2664 114 2695 ego
138 2655 263 2686 turbam
286 2654 467 2692 hominum,
483 2663 555 2693 quae
569 2653 608 2684 ad
623 2654 707 2685 aedes
727 2663 778 2686 eas
795 2655 1007 2693 confluxerat,
1022 2655 1084 2686 dis-

59 2706 151 2746 linui,
167 2706 286 2737 veritus
299 2715 337 2737 ne
353 2706 433 2745 quid·
444 2714 597 2736 novarum
611 2714 716 2736 rerum
734 2707 921 2745 tentaretur,
935 2706 987 2737 tali
1002 2707 1085 2737 fama

59 2759 217 2798 dissipata.
232 2761 362 2790 Summo
375 2766 467 2787 mane
477 2757 628 2788 refertum
641 2757 820 2788 hominibus
835 2758 891 2789 suit
906 2759 1063 2789 theatrum
1075 2771 1083 2799 3

59 2810 205 2841 omnihus
226 2809 405 2848 singulatim
431 2809 583 2847 narratis,
609 2809 727 2848 placuit
752 2810 788 2839 ut
815 2809 916 2848 primo
943 2811 1084 2841 omnium

60 2862 176 2892 iremus
189 2861 228 2891 ad
243 2861 421 2900 sepulcrum
433 2883 441 2898 ,
456 2868 555 2899 eoque
568 2861 675 2899 aperto
696 2860 875 2891 videremus
885 2883 894 2899 ,
914 2861 1086 2893 cadaverne

62 2914 93 2944 in
117 2913 277 2951 sandapila
302 2913 394 2950 esset,
418 2920 458 2942 an
479 2920 556 2942 vcro
572 2920 707 2942 vacuum
720 2912 825 2943 locum
845 2912 1055 2945 inveniremus
1076 2927 1083 2945 ι

62 2963 202 2994 nondum
214 2963 298 2994 enim
311 2971 365 2993 sex
382 2970 532 2993 mensesa
544 2963 645 2993 morte
663 2963 856 2994 mulierculae
875 2964 971 3003 elapsi
982 2965 1082 2995 erant.

62 3015 231 3053 Postquam
240 3014 418 3054 aperuimus
428 3021 597 3053 cameram,
606 3014 637 3044 in
645 3022 739 3053 quam
747 3022 855 3045 omnes
865 3014 953 3045 istius
960 3015 1085 3046 familiae

62 3066 201 3097 defuncti
225 3065 468 3105 reponebantur,
489 3065 556 3096 aliis
575 3065 701 3104 quidem
718 3065 749 3096 in
769 3066 908 3097 culcitris
927 3067 1084 3105 conspexi-

62 3126 132 3148 mus
144 3116 297 3147 cadavera
307 3116 365 3147 sita
374 3140 382 3155 ‚
397 3116 428 3146 et
439 3124 505 3147 ossa
516 3124 624 3146 eorum
638 3116 692 3155 qui
705 3118 777 3147 ante
790 3117 924 3156 spatium
938 3118 1086 3156 temporis

63 3168 184 3205 longius
200 3168 323 3198 fuerant
335 3168 451 3198 mortui
472 3181 477 3197 τ
495 3168 524 3198 111
539 3177 575 3198 ca
589 3168 664 3206 sola,
681 3168 712 3198 111
728 3177 823 3207 quam
838 3169 972 3207 reposita
986 3170 1017 3199 et
1041 3177 1084 3200 se·

66 3210 151 3257 pulta
181 3219 282 3248 suerat
314 3218 504 3249 Pliiliunium
516 3243 524 3256 ‚
554 3218 729 3249 invenimus
753 3218 907 3256 jacentem
933 3219 1085 3249 annulum

64 3269 198 3301 ἴοι-[011111
209 3293 217 3308 ,
247 3270 302 3310 qui
335 3270 436 3302 suerat
468 3269 613 3309 hospitis,
644 3271 672 3301 ct
707 3271 856 3310 poculum
894 3271 1082 3313 insuti-atum,

2090 168 2160 198 0¹3

1144 234 1228 284 α’περ
1247 236 1347 272 ἔλαὸε
1366 238 1457 288 παρὰ
1473 242 1529 275 τοῦ
1548 240 1718 289 Μαχάτου
1736 257 1775 286 ττ
1792 256 1854 291 πριι
1858 258 1908 292 1τη
1926 245 1990 279 τῶν
2009 248 2158 295 ημερΓΝ

1143 293 1391 339 (-ἲαυμασαντες
1411 294 1444 331 δε
1465 312 1521 332 και
1539 297 1760 346 ἐκπλαγέντες
1778 300 1851 336 ευθε
1838 316 1896 341 εοιις
1910 316 1996 350 παρε
2000 303 2162 351 γενόμεθα

1143 363 1223 417 πρρς
1242 365 1297 386 τον
1316 352 1560 402 Δηιιόστρατον
1582 355 1626 394 εἷς
1643 370 1698 390 τον
1722 354 1798 397 ξενΓι
1795 372 1843 392 ινα
1861 357 2019 407 ὀψόμενοι
2035 360 2095 404 τὴν
2109 376 2163 397 νε*

1143 419 1237 452 κραν,
1253 407 1371 442 εἰκατ’
1389 408 1577 452 ἀλήθειαν
1565 410 1830 460 εαφανήςέστιν.
1847 413 2035 456 Ἰοόντεςόὲ
2051 431 2162 466 γαιιαι

1143 475 1178 495 κε
1166 476 1300 508 5t·J.5v·qv
1321 464 1365 504 εἷς
1381 463 1441 508 τ·>ν
1463 466 1646 522 Ιἐκκλησίαν
1665 469 1841 518 ἦθροιζόμε
1831 474 1905 506 -Οα-
1924 487 1964 507 τα
1983 487 2047 521 γαρ
2067 488 2102 521 γε
2106 489 2160 522 γο

1144 517 1220 554 νότα
1240 519 1372 568 μεγαλα
1393 536 1427 556 τε
1446 525 1485 564 ἠν
1507 537 1562 557 και
1584 539 1724 563 απιστα.
1748 526 1939 597 (θορύίου
1923 543 1955 564 οε
1975 528 2065 572 ὄντος
2085 546 2162 566 νεα-

1142 578 1235 610 νικοῦ
1254 577 1343 612 κατὰ
1364 593 1422 621 την
1445 579 1628 622 εκκλησιάν
1654 596 1711 617 και
1731 583 1849 651 075obv
1869 584 1998 627 οὐδενὸς
2018 587 2162 635 δυναμέ-

1143 646 1198 667 νου
1215 646 1326 682 κριναι
1339 649 1381 669 τα
1396 634 1601 683 πράγματα,
1615 639 1744 686 πρῶτος
1759 637 1884 682 Υλλος
1895 670 1903 685 ,
1919 645 1936 678 ὃ
1950 644 2162 692 νομιζόμενος

1144 688 1222 738 παρ’
1243 691 1324 737 ἡμῖν
1342 691 1378 726 οὐ
1397 690 1495 737 μόνον
1513 693 1629 740 μάντις
1645 709 1793 744 αριστος,
1812 698 1898 733 ἆθλα
1917 714 1973 735 και
1990 702 2163 738 οἰωνοσκό-

1143 760 1203 787 πος
1218 746 1348 797 κομψὸς
1368 750 1470 793 εἰναι,
1491 749 1533 785 τά
1554 765 1588 785 τε
1607 750 1695 787 ἅλλα
1713 754 1930 803 ouvfflvimotxoq
1951 758 1983 792 ἐν
2003 761 2044 807 τη
2059 758 2161 809 τέχνη

1145 805 1338 873 περιττῶς,
1344 803 1490 845 ἀναστὰς
1511 805 1660 843 ἐκέλευεν
1681 807 1741 853 τὴν
1764 825 1804 857 με
1809 826 1823 846 ν
1853 811 2025 861 ἄνθρωπον
2046 829 2161 850 κατα-

1143 859 1250 896 καίειν
1270 859 1363 902 ἕκτος
1382 860 1479 910 ὁρίων
1499 861 1556 909 (οὐ
1576 878 1640 913 γαρ
1661 865 1839 916 συμφέρειν
1859 867 1906 904 ἔτι
1926 869 2050 914 ταύτην
2073 886 2162 913 εντος

1144 917 1241 966 ὁρίων
1264 920 1399 962 τεθηναι
1424 919 1468 959 εἰς
1495 921 1556 967 γῆν
1569 921 1599 968 ),
1627 922 1943 972 ἀποτροπιασασθαι
1966 926 1999 962 δε
2028 927 2070 965 ‘fil
2063 931 2162 978 ρμην

1145 975 1284 1013 Χθόνιον
1313 974 1371 1010 καὶ
1407 976 1614 1024 Εὐμενίδας,
1646 983 1717 1015 εἶτα
1749 980 1835 1017 ούτω
1866 997 1906 1018 πε
1912 985 2163 1035 ρικαθαίρεσθαι

1143 1032 1293 1077 πάντας,
1315 1030 1450 1080 ἁγνίσαι
1470 1031 1503 1068 δὲ
1523 1032 1581 1069 και
1600 1033 1641 1069 τὰ
1658 1034 1732 1085 ιερὰ
1751 1037 1808 1073 καὶ
1834 1037 1896 1074 ὅσα
1921 1042 2003 1082 Οεοῒς
2023 1043 2163 1091 ’χθονίοις

1143 1088 1315 1137 νομίζεται
1332 1103 1472 1133 ποιησαι
1490 1089 1704 1131 συνέτασσεν,
1733 1093 1836 1142 Ἔοιοί
1855 1111 1890 1132 τε
1911 1097 1978 1133 ἰοία
1999 1113 2070 1134 ειπε
2088 1100 2163 1149 περὶ

1143 1149 1201 1182 τοῦ
1225 1145 1391 1195 βασιλέως
1419 1161 1477 1182 και
1509 1149 1575 1183 τῶν
1604 1163 1673 1199 πρα
1676 1150 1827 1198 γμάτων,
1856 1152 1943 1189 θύειν
1973 1170 2008 1191 τε
2031 1155 2163 1227 ε’ΧΙΙρυ-(ᾗ,

1144 1204 1199 1241 Διί
1217 1218 1253 1240 τε
1279 1203 1392 1240 Ξενίω
1411 1219 1469 1240 και
1489 1202 1603 1254 Αρει,
1622 1206 1679 1242 καὶ
1703 1209 1870 1245 συντελεῖν
1898 1214 2004 1247 ταῦτα
2027 1211 2073 1260 μὴ
2093 1228 2164 1248 πα-

1144 1276 1178 1311 ρε
1183 1276 1281 1311 ργιι)ς
1305 1242 1461 1299 Ταῦτα
1445 1261 1478 1298 οὲ
1496 1263 1759 1336 ἀποφηναμένου
1777 1266 1894 1303 τούτου
1911 1283 1948 1304 το
1970 1285 2029 1316 μεν
2047 1284 2164 1306 συντα-

1142 1318 1201 1368 795
1205 1334 1221 1355 ν
1243 1321 1340 1367 ἡμεῖς
1360 1319 1583 1369 ἐπραττομεν,
1597 1323 1613 1357 ὃ
1632 1321 1665 1357 δε
1684 1320 1769 1363 ξένος
1789 1338 1805 1358 ο
1822 1324 2012 1373 Μαγάτης,
2032 1326 2114 1376 πρὸς
2130 1325 2164 1362 ὃν

1143 1391 1342 1427 παρεγινετο
1359 1377 1396 1413 τὸ
1412 1391 1552 1427 φασμα,
1570 1377 1626 1414 ὑπ’
1644 1378 1821 1427 ἀθυμίας
1807 1380 1925 1416 εαυτὸν
1943 1380 2083 1431 εξῆγαγε
2108 1386 2165 1418 τοῦ

1144 1436 1216 1479 ζην.
1275 1433 1362 1471 Ἐὰν
1381 1437 1438 1470 οὐν
1458 1449 1509 1470 σοι
1535 1435 1695 1485 φαίνηται
1720 1436 1796 1487 περι
1812 1436 1938 1475 τούτων
1959 1453 2065 1489 γραφε
2071 1455 2098 1475 ιν
2119 1442 2166 1476 τΓ)

1146 1492 1300 1540 βασιλεῖ,
1323 1490 1510 1528 ἐπίστειλον
1529 1492 1652 1540 κάμοὶ,
1670 1491 1725 1529 ι’να
1745 1493 1884 1531 καὶτῶν
1905 1496 2073 1544 σωμάτιον
2092 1497 2166 1533 τινὰ

1143 1550 1208 1584 τῶν
1225 1548 1445 1598 ἱστορούντων
1463 1548 1505 1585 τὰ
1522 1548 1610 1585 κατὰ
1632 1550 1729 1601 μέρος
1750 1550 1976 1594 ἐξαποστείλιι)
1993 1568 2055 1590 σοι.
2076 1552 2165 1603 ’Ἑρ-

1145 1621 1246 1655 ρωσθ.

1626 1678 1683 1711 31.

1197 1775 1366 1826 Ἱστορεῖ
1358 1774 1432 1812 οὲκ
1435 1776 1470 1812 αὶ
1488 1776 1633 1827 Ιέρι1νὸ
1654 1776 1743 1814 Ἁλεῖ
1731 1778 1884 1828 ςανδρευς
1897 1777 1918 1823 ἢ
1937 1779 2091 1831 Ἐφέσιος
2108 1796 2165 1818 και

1146 1834 1178 1869 ἐν
1198 1832 1350 1884 Αἰτωλία
1368 1848 1413 1882 φα
1418 1847 1488 1882 σμα
1509 1833 1675 1881 γενεσθαι.
1723 1833 1931 1885 Πολύκριτος
1946 1837 2011 1887 γάρ
2031 1853 2080 1879 τις
2099 1840 2163 1874 τιιὶν

1145 1951 1216 1982 quae
1238 1943 1289 1974 illa
1307 1944 1407 1983 primo
1430 1944 1481 1975 die
1505 1953 1523 1974 a
1543 1945 1686 1976 Machate
1711 1947 1884 1984 acceperat.
1900 1946 2048 1977 Admirati
2072 1948 2166 1986 atque

1144 1994 1304 2032 stupentes
1330 2002 1395 2033 prae
1422 1994 1643 2032 admiratione,
1668 1995 1773 2026 statim
1800 1995 1838 2026 ad
1864 1998 2099 2027 Demostratum
2137 1998 2165 2027 iu

1144 2044 1348 2075 diversorium
1377 2054 1432 2076 nos
1448 2046 1652 2085 contulimus,
1668 2048 1703 2077 ut
1724 2046 1901 2078 videremus
1922 2056 2006 2078 anre
2026 2057 2097 2078 vcra
2111 2057 2165 2078 ca-

1144 2096 1239 2126 daver
1252 2097 1389 2127 mulieris
1399 2097 1639 2136 conspiceretur.
1652 2098 1743 2134 Quod
1758 2107 1855 2137 quum
1877 2099 2061 2130 vidissemus·
2079 2100 2164 2129 111111ιί

1142 2148 1264 2188 jacere,
1289 2149 1320 2179 in
1344 2150 1526 2180 concionem
1554 2150 1758 2181 convenimus
1784 2163 1790 2180 :
1808 2159 1879 2180 nam
1899 2152 1929 2182 ct
1949 2160 2061 2189 magua
2076 2153 2165 2182 erant

1145 2208 1216 2239 quae
1226 2201 1406 2238 evenerant,
1421 2201 1451 2230 et
1465 2200 1664 2231 incredibilia.
1679 2202 1785 2236 Quum
1795 2202 1900 2232 autem
1914 2201 1945 2232 in
1955 2202 2105 2233 concione
2115 2204 2165 2233 tu-

1144 2251 1263 2282 multus
1278 2251 1439 2281 exsisteret
1452 2250 1569 2288 ingens,
1583 2259 1619 2281 ac
1637 2259 1729 2281 nemo
1744 2252 1806 2282 sere
1824 2252 1982 2290 negotium
1996 2251 2166 2291 dijudicare

1147 2306 1267 2341 posset,
1282 2302 1400 2341 primus
1412 2302 1537 2342 Hyllus,
1547 2303 1600 2341 qui
1614 2302 1696 2342 apud
1707 2311 1763 2333 nos
1775 2312 1838 2334 non
1851 2303 1965 2333 ariolus
1978 2303 2070 2334 modo
2084 2305 2164 2342 opti-

1145 2362 1235 2391 mus,
1255 2353 1307 2384 sed
1325 2354 1355 2383 et
1375 2361 1473 2391 augur
1489 2354 1654 2392 praeclarus
1679 2353 1863 2391 habebatur,
1881 2355 1975 2392 atque
1993 2354 2023 2383 in
2042 2356 2107 2385 arte
2122 2354 2167 2384 di-

1146 2404 1271 2435 vinandi
1285 2404 1408 2435 abunde
1427 2405 1531 2435 omnia
1545 2405 1679 2435 babebat
1692 2407 1861 2444 perspecta,
1875 2414 2014 2443 surgens,
2030 2406 2167 2436 mulieris

1145 2455 1278 2486 cadaver
1290 2455 1382 2494 jussit
1399 2457 1488 2486 extra
1504 2455 1580 2485 fines
1601 2455 1721 2494 sepeliri
1744 2456 1868 2495 (neque
1885 2457 1967 2487 enim
1991 2457 2166 2487 conducere

1147 2508 1179 2537 ut
1194 2506 1307 2537 iterum
1318 2507 1399 2537 intra
1415 2514 1469 2536 eos
1484 2506 1516 2536 in
1530 2508 1644 2536 terram
1658 2505 1830 2545 deponatur
1843 2506 1852 2544 )
1865 2517 1873 2544 ;
1888 2507 2076 2537 Mercurium
2092 2516 2165 2537 vero

1145 2558 1324 2588 terrestrem
1347 2557 1377 2587 et
1393 2556 1501 2587 Furias
1519 2556 1654 2595 placari3
1672 2557 1738 2586 tum
1754 2565 1862 2588 omnes
1884 2557 2024 2596 purgari,
2045 2558 2166 2587 lustrari

1145 2607 1238 2638 etiam
1251 2615 1349 2645 sacra,
1361 2606 1485 2645 etjusta
1499 2607 1562 2636 ficri
1579 2606 1637 2637 diis
1656 2606 1816 2645 Manibus,
1841 2607 2009 2638 mandavit.
2029 2608 2167 2647 Mihique

1144 2657 1290 2696 privatim
1314 2656 1479 2696 praecepit,
1497 2658 1532 2687 ut
1546 2665 1601 2695 pro
1619 2657 1803 2695 imperatore
1816 2658 1847 2687 et
1864 2657 2020 2696 republica
2039 2667 2103 2687 rem
2117 2667 2166 2688 sa-

1145 2716 1231 2738 cram
1248 2707 1382 2738 facerem
1399 2707 1570 2745 Mercurio,
1586 2707 1655 2738 Jovi
1678 2707 1829 2746 Hospitali
1842 2716 1879 2738 ac
1893 2708 1996 2746 Marti,
2008 2717 2106 2747 eaque
2119 2717 2167 2737 ac-

1145 2760 1253 2790 curate
1266 2759 1462 2790 conticerem.
1507 2760 1581 2789 llaec
1594 2758 1645 2788 illo
1661 2758 1766 2797 effato,
1779 2759 2067 2797 nosquodjusserat
2080 2768 2166 2789 exse-

1145 2811 1209 2841 cuti
1226 2819 1344 2841 sumus.
1360 2810 1518 2841 Machates
1532 2812 1637 2841 autem
1651 2810 1701 2840 illc
1711 2810 1838 2849 hospes,
1853 2810 1890 2840 ad
1902 2818 1995 2849 quem
2011 2813 2165 2848 spectrum

1145 2862 1349 2898 commearat,
1364 2869 1428 2900 prae
1445 2868 1580 2890 moerore
1597 2861 1731 2890 mortem
1755 2860 1812 2891 sibi
1834 2860 1995 2891 conscivit.
2035 2860 2166 2890 Proinde

1145 2911 1169 2942 si
1186 2912 1331 2942 statueris
1345 2912 1402 2941 hac
1416 2911 1454 2941 de
1469 2920 1501 2941 re
1520 2910 1558 2941 ad
1583 2911 1803 2950 imperatorem
1820 2911 1970 2949 scribere,
1985 2911 2121 2947 significa
2136 2910 2163 2939 id

1145 2973 1199 3003 per
1225 2964 1341 2994 litteras
1366 2963 1458 3001 milli,
1487 2964 1521 2994 ut
1539 2963 1632 2993 etiam
1649 2963 1802 3002 quosdam
1830 2971 1958 3000 eorum,
1977 2962 2028 3001 qui
2045 2962 2164 3000 singula

1145 3014 1372 3054 perlustrarunt
1383 3038 1391 3052 ,
1406 3013 1443 3044 ad
1459 3015 1489 3044 te
1505 3015 1638 3044 mittam.
1653 3013 1741 3044 Vale.

1627 3097 1682 3127 31.

1185 3169 1295 3200 Narrat
1309 3168 1402 3199 etiam
1419 3168 1524 3203 Hiero,
1541 3168 1605 3198 sive
1623 3167 1849 3198 Alexandrinus
1866 3166 1889 3195 is
1904 3165 1947 3194 cst
1959 3187 1967 3201 ,
1984 3164 2046 3192 Δκ’ἰιι),
2061 3163 2161 3201 Ephe·-

1145 3220 1225 3258 sius,
1252 3219 1283 3250 in
1301 3219 1412 3250 AEtolia
1433 3220 1590 3258 spectrum
1611 3218 1775 3248 exstitisse.
1793 3215 1962 3254 Polycritus
1981 3212 2106 3252 quidam
2124 3212 2162 3241 ile

1145 3270 1285 3308 civibus,
1301 3279 1316 3300 a
1335 3270 1447 3309 populo
1460 3270 1541 3309 genti
1558 3268 1668 3300 ,Etolae
1682 3266 1865 3308 praefectus(
1881 3265 1934 3304 ipsi
1954 3262 2161 3293 AElolarclnun
