2338 3765
952 112 1281 150 FRAGMENTA.

65 201 280 247 Hesychius,
301 213 367 235 nec
385 212 461 234 non
483 201 649 242 l‘hotins,
668 199 729 233 ubi
746 211 809 233 ins.
829 196 967 241 Ῥησός·
987 197 1089 247 ἀρχός

62 257 94 299 ὃς
115 256 253 307 αἱρέσει.
280 274 293 289 «
319 260 402 293 Non
420 258 538 292 solum
562 257 655 291 illud
680 254 766 304 ἐρέει
786 256 1017 290 manifestum
1037 262 1090 291 est

62 317 325 363 corruptionis,
340 315 402 351 sed
418 316 616 349 obscurum
634 315 742 348 etiam
759 326 833 360 quo
851 321 1017 360 spectent
1033 313 1089 348 αὖ·

61 372 117 409 τὸν
144 382 180 409 et
207 372 329 422 ἕτερος.
365 375 527 409 Fuerunt
549 374 659 419 igitur
687 373 750 417 qui
773 369 958 420 ῥησίαρχος
978 373 1089 406 animi

62 444 168 467 eausa
195 432 240 466 ab
262 432 484 478 Epicharmo
507 431 695 465 inventum
730 429 776 463 dc
800 429 951 464 fatidico
974 430 1089 464 inter—

61 496 314 535 pretarentur3
328 489 389 523 alii
400 489 463 534 qui
478 500 614 522 nomen
629 487 787 521 hominis
801 493 1054 534 agnoscerent.
1075 502 1089 517 »

316 546 426 592 Apud
450 545 703 591 Asclepiadem
722 552 848 591 aperte
865 557 1003 580 nornen
1023 544 1090 579 {uit

61 617 226 652 persouae
248 603 442 651 (dramatis
462 601 642 649 satyrici).

562 678 597 713 8.

114 765 239 800 Schol.
264 764 411 800 Pindar.
434 765 541 810 Pyth.
563 765 628 807 IV,
651 763 722 798 313
752 777 758 797 :
783 761 1037 807 Ἀσκληπιάδης
1057 763 1089 797 ἐν

62 821 149 873 ἕκτῳ
165 820 467 872 Τραγῳδουμένων
487 821 612 870 ἱστορεῖ
632 819 844 862 Ἀπόλλωνος
860 819 918 856 καὶ
939 818 1090 856 Καλλιό-

62 895 128 924 πης
148 877 349 927 Ὑμέναιον,
370 877 541 926 Ἰάλεμον,
557 877 705 929 Ὀρφέα.

116 939 240 973 Schol.
264 939 384 984 Apoll.
408 939 481 972 Rh.
502 940 540 982 Ι,
563 938 609 972 23
628 951 635 972 :
657 930 759 974 Εἶναι
778 934 812 972 δὲ
832 934 982 986 Ὀρφέα,
1002 933 1090 971 κατὰ

64 993 126 1042 μὲν
137 993 408 1039 Ἀσκληπιάδην,
427 993 635 1035 Ἀπόλλωνος
648 993 706 1030 καὶ
723 992 936 1038 Καλλιόπης,
953 991 1042 1029 κατὰ
1057 992 1090 1029 δὲ

62 1051 166 1094 ἐνίους
187 1051 340 1102 Οἰάγρου
369 1052 427 1088 καὶ
446 1051 656 1099 Πολυμνίας.
682 1054 777 1087 Hinc
801 1064 864 1087 sua
883 1054 1026 1087 Tzetzes
1045 1052 1092 1086 ad

64 1110 202 1147 Hesiod
219 1112 315 1158 Opp.
331 1118 367 1146 et
386 1113 432 1147 D.
456 1112 534 1147 init.
557 1111 612 1147 Cf.
633 1110 856 1157 Apollodor.
875 1111 913 1153 Ι,
935 1109 975 1153 3,
993 1110 1028 1154 3,
1059 1123 1089 1146 1.

116 1169 239 1206 Schol.
259 1170 425 1204 Vatican.
450 1170 535 1204 Em
528 1182 578 1216 lp
598 1170 707 1205 Rhes.
731 1168 802 1216 892
825 1180 832 1204 :
858 1165 928 1204 Και
942 1165 1090 1211 Ἀσκλη-

62 1226 186 1273 πιάδης
203 1227 236 1263 ἐν
250 1225 349 1278 τ[ῷ”
330 1242 417 1277 εκτῳ
430 1229 462 1264 Τ
467 1242 506 1277 ρα
510 1224 750 1277 γῳδουμένων]
769 1224 905 1267 πλείους
920 1240 980 1270 της
995 1226 1088 1263 Καλ-

62 1284 182 1330 λιόπης
201 1283 291 1334 λέγει
309 1285 435 1326 παῖδας
456 1287 488 1321 ἐν
507 1283 685 1333 τούτ[οις]·
710 1300 724 1316 «
748 1282 932 1333 Καλλιόπη
947 1283 1012 1332 γὰρ
1034 1298 1091 1320 τον

64 1342 261 1380 Ἀπόλλωνα
299 1341 466 1392 μιχθέντα
498 1341 676 1392 γεν[νῆσαί
712 1341 829 1392 φασιν]
866 1340 1002 1391 Λίν[ον]
1035 1340 1090 1377 τὸν

62 1399 311 1451 πρεσὸύτατον,
336 1400 395 1436 καὶ
411 1402 501 1451 τρεῖς
522 1399 595 1448 μετ’
619 1399 756 1445 ἐκεῖνον,
777 1398 975 1448 Ἵ“με’ναιον,
999 1398 1091 1448 [Ἰά-

64 1458 201 1508 λεμον,]
222 1456 367 1509 Ὀρφέα·
385 1460 434 1509 τῷ
451 1457 486 1494 δὲ
506 1456 666 1508 νεωτάτῳ
682 1455 742 1501 τὴν
759 1455 820 1505 μὲν
836 1455 1018 1505 ἐπιθυμίαν
1022 1484 1088 1495 .....

67 546 281 590 Bernhardy
287 576 294 582 .

129 1514 286 1565 ευμάτων
309 1517 482 1565 ἐμπεσεῖν,
503 1514 561 1552 καὶ
581 1514 658 1566 περὶ
685 1513 745 1559 τὴν
780 1514 1059 1563 μουσικὴν.......

63 1573 216 1610 πάντων.
237 1574 289 1611 Οὐ
308 1572 375 1622 μὴν
392 1572 523 1610 τοιοῦτό
540 1588 577 1623 γε
598 1573 703 1614 πάθος
708 1600 841 1611 .........
858 1572 1029 1622 γενέσθαι.
1050 1591 1064 1605 »

116 1631 149 1667 ἐν
175 1632 223 1682 τῷ
244 1629 333 1682 ἕκτῳ
350 1631 445 1681 κτλ.]
460 1633 510 1667 sic
527 1644 571 1667 ex
593 1633 710 1669 schol.
737 1632 883 1667 Pindari
909 1633 1089 1679 supplevi.

213 1687 290 1739 περὶ
304 1689 361 1725 δου
368 1717 545 1726 ............
562 1690 680 1725 codex
692 1719 701 1736 ,
716 1698 757 1724 ut
770 1689 928 1725 videtur.
943 1691 986 1726 G.
1005 1692 1092 1725 Her-

65 1761 219 1783 mannus
244 1748 351 1784 finxit
375 1761 383 1783 :
405 1748 437 1784 ἐν
457 1749 525 1788 τοῖς
548 1746 634 1797 Περὶ
652 1746 802 1789 δουλείας
819 1749 914 1785 θεῶν.
936 1749 1091 1795 Reliqua

65 1807 320 1853 supplementa
338 1818 409 1841 sec.
433 1807 688 1840 Hermannum
703 1806 875 1852 exhibui,
893 1806 957 1852 qui
972 1807 1008 1839 in
1026 1818 1093 1853 ρο-

64 1865 206 1899 stremis
231 1865 281 1899 ita
309 1863 385 1898 fere
412 1865 545 1911 reponi
567 1864 646 1898 vult
680 1876 687 1899 z
719 1861 793 1907 Τὴν
824 1861 884 1911 μὲν
914 1862 1094 1911 ἐπιθυμίαν

65 1920 218 1972 ὀλεθρίαν
234 1919 425 1966 ἀποὸἧναι,
438 1920 479 1966 ἢν
498 1922 590 1970 αὐτῷ
606 1922 672 1956 τῶν
688 1920 969 1968 ἐπιτηδευμάτων
986 1922 1093 1969 ἐμπε-

70 1690 78 1702 ³
133 1687 143 1700 a

65 1705 97 1725 ἓν
113 1704 132 1724 τ
147 1717 197 1726 u..

66 1979 148 2025 σεῖν,
177 1980 213 2015 οὐ
238 1978 306 2027 μὴν
334 1978 465 2016 τοιοῦτό
493 1993 553 2028 γε,
574 1973 640 2015 οἷον
661 1978 797 2028 λέγουσί
817 1994 902 2020 τινες
922 1978 1090 2027 γενέσθαι.

65 2038 265 2084 Quomodo
280 2039 406 2073 Ialemi
422 2038 611 2072 historiam
632 2039 845 2084 tristemque
861 2039 943 2073 vitae
958 2040 1095 2073 exitum

65 2096 196 2131 fabulae
218 2096 500 2139 adornaverint,
522 2108 599 2130 non
625 2103 778 2130 constat.
811 2097 855 2130 In
887 2096 1094 2144 fragmento

66 2154 217 2188 Pindari
235 2153 334 2200 apud
355 2154 469 2190 schol.
491 2155 619 2200 Eurip.
638 2155 662 2188 l.
683 2155 708 2187 l.
732 2155 865 2201 legitur
883 2167 890 2188 :
912 2151 952 2190 Ἃ
974 2152 1008 2190 δὲ
1029 2154 1094 2201 (sc,

66 2209 161 2255 ἀοιδὴ
177 2210 293 2259 ὑμνεῖ)
313 2209 472 2259 Ἰάλεμον
493 2209 662 2261 ὠμοὸόλῳ
679 2209 788 2261 νούσῳ
801 2208 852 2246 ὅτι
867 2211 974 2247 παῖδα
989 2211 1095 2248 θέντοι

68 2266 200 2319 (νούσῳ
220 2266 408 2304 πεδαθέντα
429 2269 527 2314 conj.
550 2271 772 2313 Hermann-3
791 2282 881 2304 num
914 2267 1023 2319 νούσῳ
1046 2271 1095 2306 ἔτι

65 2325 172 2361 παῖδα
190 2324 446 2375 δαμασθένταῖ)
463 2324 592 2370 σθένος,
609 2325 679 2361 υἱὸν
697 2324 866 2376 Οἰάγρου.

338 2421 366 2454 Ε
394 2420 552 2455 LIBRIS
582 2420 814 2456 INCERTIS.

564 2520 598 2553 9.

120 2599 243 2634 Schol.
263 2598 414 2636 Pindar.
436 2600 543 2634 Nem.
565 2600 655 2643 VII,
675 2599 722 2634 62
745 2613 752 2634 ε
778 2597 1027 2646 Ἀσκληπιάδης
1041 2600 1096 2637 διὰ

68 2656 120 2704 (f.
144 2654 171 2691 δ’
197 2657 255 2690 vel
275 2654 310 2691 δὲ
342 2655 392 2704 α’)
412 2657 479 2691 τῶν
507 2654 811 2706 Τραγῳδουμένων
838 2654 941 2707 φησὶν
966 2657 1071 2700 οὕτως
1087 2674 1094 2681 ·

67 2730 83 2745 «
111 2711 198 2762 Περὶ
219 2711 280 2761 μὲν
311 2705 366 2749 οῧν
386 2715 446 2749 τοῦ
468 2711 615 2749 θανάτου
644 2713 718 2762 (sc.
738 2716 797 2749 τοῦ
826 2714 1093 2766 Νεοπτολέμου)

67 2769 188 2821 σχεδὸν
205 2769 351 2812 ἅπαντες
364 2771 394 2807 οἳ
408 2769 548 2815 ποιηταὶ
565 2773 800 2821 συμφωνοῦσι,
819 2772 1020 2817 τελευτῆσαι
1035 2773 1095 2822 μὲν

68 2828 169 2865 αὐτὸν
191 2827 254 2864 ὑπὸ
269 2827 496 2898 Μαχαιρέως,
517 2830 666 2879 ταφῆναι
688 2828 721 2864 δὲ
741 2827 779 2865 τὸ
797 2828 858 2877 μὲν
875 2831 1011 2880 πρῶτον
1030 2831 1096 2868 ὑπὸ

68 2900 123 2921 τον
148 2884 244 2921 ουδὸν
270 2899 329 2921 του
352 2900 435 2931 νεω,
456 2883 543 2934 μετὰ
566 2885 601 2922 δὲ
628 2901 738 2922 ταυτα
758 2887 936 2924 Μενέλαον
955 2887 1095 2925 ἐλθόντα

69 2944 211 2989 ἀνελεῖν,
231 2959 290 2980 και
310 2959 365 2980 τον
393 2943 507 3016 τάφον
528 2947 673 2989 ποιῆσαι
701 2946 735 2981 ἐν
755 2946 803 2981 τῶ
823 2944 1006 2994 τεμένει.»
1027 2946 1095 2984 Ἱὸν

70 3002 224 3051 Μαχειρέ
228 3016 249 3038 α
269 3016 368 3052 φησιν
389 3001 458 3038 υἱὸν
477 3005 562 3038 εἶναι
579 3016 637 3038 του
654 3001 775 3039 Δαίτα.

553 3109 609 3133 10.

122 3182 395 3227 Harpocration
426 3195 433 3216 :
469 3181 737 3219 Μελανίππειον.
770 3185 963 3232 Λυκοῦργος
983 3184 1016 3218 ἐν
1047 3185 1096 3233 τῷ

74 3236 171 3274 Κατὰ
204 3237 430 3289 Λυκόφρονος.
460 3239 689 3276 Μελανίππου
719 3242 777 3276 τοῦ
808 3240 952 3285 Θησέως
990 3240 1096 3291 ἡρῷόν

2105 126 2150 156 30
2158 127 2175 156 23

1152 198 1253 243 ἐστιν,
1278 199 1321 241 ὥς
1340 215 1439 250 φησιν
1461 200 1711 247 Χσκληπιάδης
1727 203 2045 253 Ιραγωδουμένοις.
2071 206 2176 243 Κλεί-

1151 255 1256 302 δημος
1271 255 1305 292 δὲ
1320 259 1396 295 κτλ.
1414 259 1476 305 (V.
1492 261 1689 296 Clitodemi
1705 263 1749 296 fr.
1769 264 1829 309 l).
1844 263 2091 299 P10b1bilite1
2103 265 2178 299 ΙηΡι

1151 322 1352 350 memorata
1372 317 1410 350 in
1425 317 1574 352 histolia
1590 321 1644 353 De
1659 320 1805 366 Septem
1819 320 1901 357 {mlv
1920 321 2080 366 Thebas
2102 335 2177 369 quo

1150 373 1250 406 bello
1265 373 1498 420 Melanippus
1516 377 1640 421 periit.

1638 481 1691 503 11.

1204 557 1330 592 Schol.
1351 558 1460 592 Hom.
1475 558 1516 592 Il.
1531 571 1571 604 γ,
1591 558 1692 595 325:
1714 558 1903 611 Πορφύριός
1917 576 2018 612 φησιν
2034 563 2177 614 ἱστορεῖν

1152 628 1208 649 τον
1228 627 1301 663 γρα
1284 611 1410 664 'laomim
1427 612 1471 649 τὰ
1486 614 1721 664 1ραγι)δουμε
1725 631 1766 651 ια
1783 617 1834 653 ὅτι
1851 620 1868 654 ὃ
1888 618 2012 670 Ορέφας
2028 620 2084 657 τὸν
2103 622 2162 659 Πά

1154 685 1203 720 ριν
1223 670 1343 719 νομεύς
1363 670 1540 722 Ἀρχιάλος
1560 670 1763 722 (Ἀρχέλαος
1792 678 1910 723 Heyn.
1934 678 1980 712 ad
2000 681 2177 726 Apollod.

1152 730 1225 772 ΙΙΙ,
1266 742 1329 773 123
1362 731 1442 777 lege
1473 728 1674 779 Ἀγχίαλος)
1708 732 1874 771 ἐκαλεῖτο.
1912 736 1964 771 Cf.
2000 738 2175 785 Sophocl.

1152 787 1283 834 fragm.
1302 800 1340 833 p.
1366 791 1453 835 249.

1638 870 1695 894 12.

1205 945 1447 991 801101.11.ζ,
1468 946 1564 982 155:
1583 947 1923 999 Βελλερῡφοντην
1929 946 2180 1004 .]Ουτοςπρό-

1152 1018 1186 1038 τε
1173 1018 1247 1053 ρον
1268 1004 1424 1040 ἐκαλεῖτο
1445 1002 1643 1046 Ἱππόνους·
1661 1003 1789 1041 ἀνελὼν
1807 1005 1840 1042 δε
1859 1005 2022 1057 Βέλλερον
2040 1010 2095 1046 τὸν
2113 1013 2181 1048 Κο-

1157 1060 1287 1111 ρινθίων
1309 1061 1480 1106 δυνάστην
1500 1062 1774 1113 Βελλεροφόντης
1793 1063 1932 1110 ἐκλήθη.
1947 1060 2052 1104 UH„
2035 1066 2068 1104 οὲ
2086 1067 2184 1118 φύσει

1154 1134 1215 1167 μεν
1237 1121 1316 1161 παῖς
1337 1120 1569 1165 Ποσειδῶνος,
1591 1120 1771 1165 ἐπίκλησιν
1793 1121 1827 1158 δὲ
1851 1122 2023 1162 Γλαύκου.
2054 1125 2183 1163 Λαὸων

1153 1176 1187 1214 δὲ
1207 1176 1302 1227 παρὰ
1324 1178 1536 1220 Ποσειδῶνος
1555 1178 1610 1215 τὸν
1632 1178 1812 1224 Μεδούσης
1834 1182 1893 1225 τῆς
1916 1181 2083 1232 Γοργόνος
2102 1184 2182 1230 Πή-

1151 1250 1255 1284 γασον
1288 1235 1459 1286 πτερωτὸν
1489 1234 1592 1273 ἵππον
1623 1235 1702 1284 (διὰ
1721 1236 1786 1287 γὰρ
1815 1239 1912 1274 τοῦτο
1940 1238 2020 1289 ἔσχε
2043 1241 2101 1277 καὶ
2123 1240 2184 1287 τὴν

1152 1293 1396 1344 προσηγορίαν,
1409 1292 1460 1330 ὅτι
1475 1294 1708 1339 ἐκπεπηδήκοι
1723 1296 1760 1331 ἐκ
1774 1299 1832 1331 τοῦ
1845 1298 1904 1341 τῆς
1922 1296 2087 1347 Γοργόνος
2102 1314 2185 1350 τρα-

1151 1350 1260 1402 χήλου
1277 1354 1285 1400 )
1300 1381 1309 1399 ,
1335 1351 1444 1402 τούτῳ
1462 1353 1631 1401 ἐπωχεῖτο
1666 1351 1804 1402 Δράσας
1828 1352 1862 1389 δὲ
1884 1353 2046 1405 ἐμφύλιον
2067 1356 2182 1407 φόνον,

1153 1409 1320 1459 Βέλλερον
1340 1409 1406 1460 γάρ
1423 1424 1517 1455 τινα,
1534 1412 1578 1451 ὡς
1597 1408 1694 1460 ἔφην,
1714 1412 1781 1446 τῶν
1801 1411 1949 1447 πολιτῶν
1971 1413 2185 1460 ἀποκτείνας,

1153 1466 1268 1518 φεύγει
1284 1468 1329 1509 εἷς
1343 1465 1475 1518 Ἄργος.
1500 1469 1627 1518 Τυχὼν
1648 1466 1682 1504 δὲ
1703 1467 1898 1519 καθαρσίων
1923 1469 2017 1520 παρὰ
2035 1471 2183 1521 Προίτου

1153 1529 1210 1562 τοῦ
1234 1524 1422 1576 βασιλέως,
1448 1527 1521 1575 μετ’
1547 1527 1650 1563 αὐτοῦ
1669 1525 1848 1577 διέτριὸεν.
1871 1524 2007 1566 Ἄντεια
2028 1529 2061 1566 δὲ
2082 1532 2103 1575 ἡ
2124 1535 2181 1568 τοῦ

1154 1583 1302 1635 Προίτου
1322 1583 1426 1634 γυνὴ,
1456 1586 1638 1634 ἐρασθεῖσα
1669 1588 1727 1621 τοῦ
1764 1586 2050 1638 Βελλεροφόντου,
2079 1589 2185 1626 ἐδεῖτο

1154 1641 1245 1684 ὅπως
1262 1644 1346 1692 αὐτῇ
1365 1645 1574 1691 συνευνασθῇ
1589 1658 1595 1664 ·
1614 1644 1631 1678 ὁ
1651 1641 1684 1679 δὲ
1702 1642 1911 1691 δεξιούμενος
1925 1643 1964 1682 τὸ
1980 1645 2070 1682 ὅσιον
2088 1646 2184 1683 ἀντέ-

1153 1701 1265 1748 λεγεν.
1282 1698 1324 1736 Ἡ
1344 1697 1377 1735 δὲ
1394 1697 1530 1736 Ἄντεια
1544 1698 1687 1736 δείσασα
1708 1699 1756 1749 μὴ
1776 1702 1824 1751 τῷ
1842 1701 1981 1753 Προίτῳ
1998 1703 2184 1753 προλαὸὼν

1154 1756 1278 1801 ἐξείποι
1297 1756 1373 1799 τοὺς
1393 1758 1498 1802 αὐτῆς
1518 1756 1668 1807 ἔρωτας,
1688 1757 1811 1809 ἔφθασε
1832 1758 1888 1795 τὸν
1911 1760 2184 1812 Βελλεροφόντην

1155 1818 1383 1860 κατειποῦσα,
1401 1816 1446 1857 ὡς
1463 1814 1529 1865 ὀίρα
1547 1814 1599 1860 εἴη
1623 1814 1834 1865 βεὸιασμένη
1851 1816 1933 1867 πρὸς
1949 1819 2065 1857 αὐτοῦ.
2088 1818 2132 1857 Ὁ
2150 1819 2184 1856 δὲ

1155 1874 1300 1924 Προῖτος
1323 1871 1482 1923 αὐτόχειρ
1505 1871 1565 1920 μὲν
1589 1874 1649 1909 οὐκ
1669 1872 1845 1920 ἠὲουλήθη
1870 1874 1927 1911 τὸν
1952 1877 2185 1929 Βελλεροφόν-

1154 1947 1216 1976 την
1237 1932 1455 1975 ἀποκτεῖναι,
1477 1930 1607 1980 πέμπει
1628 1930 1663 1967 δὲ
1687 1931 1789 1968 αὐτὸν
1809 1933 1854 1974 εἷς
1875 1933 2006 1970 Λυκίαν
2027 1934 2109 1985 πρὸς
2129 1935 2185 1972 τὸν

1155 1988 1313 2039 πενθερὸν
1339 1987 1510 2034 Ἰοὸάτην,
1535 1988 1710 2033 ἀδοκήτως
1742 1992 1818 2027 καθ’
1850 1992 1970 2028 ἑαυτοῦ
2002 1992 2185 2041 κομίζοντα

1156 2047 1359 2097 γράμματα.
1378 2045 1420 2083 Ὁ
1438 2045 1473 2082 δὲ
1490 2048 1628 2088 πολλοῖς
1644 2048 1746 2084 αὐτὸν
1765 2047 1980 2097 ἐγγυμνάσας
2000 2050 2123 2097 ἄθλοις,
2141 2053 2186 2092 ὡς

1157 2104 1221 2152 οὐχ
1236 2102 1325 2153 ἑώρα
1343 2103 1573 2155 φθειρόμενον,
1589 2104 1784 2150 ὑπετόπησε
1797 2105 1858 2151 τὴν
1875 2107 1951 2144 κατ’
1965 2109 2067 2145 αὐτοῦ
2082 2124 2185 2160 στρα-

1155 2162 1359 2209 τηγηθεῖσαν
1389 2161 1498 2207 δεινὴν
1524 2162 1763 2207 καταὸουλήν”
1790 2167 1948 2201 τοσοῦτον
1977 2164 2042 2216 γὰρ
2071 2169 2186 2203 κακῶν

1156 2218 1256 2268 ὄχλον
1275 2222 1316 2269 τῇ
1336 2218 1476 2268 δυνάμει
1496 2220 1771 2269 κατηγωνίσατο.
1790 2219 1927 2259 ’Ἔδωκε
1945 2222 1978 2259 δὲ
1995 2225 2087 2274 αὐτῷ
2103 2224 2187 2275 πρὸς

1157 2276 1269 2326 γάμον
1290 2276 1350 2321 τὴν
1372 2277 1460 2314 ἰδίαν
1493 2277 1661 2330 θυγατέρα
1686 2278 1894 2331 Κασάνδραν
1918 2280 1976 2316 καὶ
1998 2283 2056 2326 τῆς
2086 2284 2187 2332 βασι-

1156 2333 1247 2376 λείας
1268 2335 1390 2385 υοῖράν
1408 2351 1495 2373 τινα.
1518 2335 1605 2385 Λεγε
1608 2351 1664 2373 ται
1685 2336 1718 2372 δε
1741 2337 1841 2374 αὐτὸν
1862 2338 2084 2389 ἐπαρθέντα’
2070 2341 2122 2390 εφ’
2139 2344 2187 2382 οἷς

1157 2391 1280 2442 ἔπραξε
1301 2394 1444 2439 θελησαι
1465 2393 1552 2442 μετὰ
1581 2397 1640 2431 τοῦ
1671 2393 1839 2444 Πηγάσου
1866 2396 1921 2432 τὸν
1949 2396 2087 2448 οὐρανον
2117 2413 2186 2434 κα·-

1157 2465 1365 2486 τοπτευσαι·
1387 2449 1429 2486 τὰ
1451 2450 1517 2500 γὰρ
1537 2466 1645 2497 νωτα,
1674 2452 1719 2493 ὡς
1739 2467 1888 2511 εφημεν,
1908 2453 2068 2505 πτερωτὰ
2096 2458 2185 2505 εἶχεν

1157 2523 1174 2543 ο
1190 2522 1308 2550 ιππος·
1320 2509 1376 2545 τὸν
1393 2508 1426 2545 δὲ
1440 2508 1505 2546 Δία
1521 2508 1713 2558 μηνίσαντα
1728 2513 1858 2562 οἶστρον
1872 2510 2034 2559 ἐμὸαλεῑν
2049 2527 2098 2564 τῳ
2114 2514 2187 2559 Πη-

1156 2565 1270 2616 γάσι,)
1288 2564 1377 2603 ι’)στε
1397 2568 1552 2603 ἐκπεσεῖν
1568 2583 1628 2616 μεν
1644 2582 1700 2604 τον
1720 2568 1994 2620 Βελλεροφόντην
2009 2569 2068 2606 καὶ
2083 2585 2185 2607 κατε-

1157 2626 1317 2673 νεχθῆναι
1337 2625 1381 2666 εἷς
1402 2624 1439 2661 τὸ
1455 2627 1514 2669 τῆς
1535 2624 1665 2666 Λυκίας
1682 2624 1798 2662 πεδίον
1814 2625 1852 2662 τὸ
1869 2626 1928 2662 ἀπ’
1942 2628 2044 2664 αὐτοῦ
2061 2626 2187 2664 καλού-

1158 2696 1256 2730 μενον
1268 2680 1399 2727 Ἀλήιον
1412 2681 1538 2729 πεδίον,
1553 2683 1700 2719 ἀλᾶσθαι
1713 2681 1747 2719 δὲ
1758 2681 1847 2719 κατὰ
1858 2687 1957 2721 τοῦτο
1968 2684 2184 2735 πηρωθέντα,

1156 2739 1212 2776 τὸν
1234 2738 1268 2776 δὲ
1284 2737 1388 2776 ἵππον
1405 2739 1523 2776 λαὸεῖν
1536 2739 1597 2784 τὴν
1613 2739 1688 2777 Ἠῶ
1703 2740 1879 2785 δεηθεῖσαν
1898 2741 1963 2778 ὑπὸ
1981 2742 2059 2785 Διὸς
2079 2744 2185 2794 δῶρον

1156 2796 1239 2846 πρὸς
1257 2796 1295 2833 τὸ
1323 2796 1458 2838 ἆκόπως
1478 2797 1643 2847 περιιέναι
1663 2796 1722 2839 τὰς
1753 2801 1811 2835 τοῦ
1833 2798 1963 2847 κόσμου
1994 2800 2183 2849 περιόδους,

1157 2854 1198 2892 Ἡ
1215 2854 1249 2891 δὲ
1264 2854 1397 2905 ἱστορία
1417 2854 1513 2906 παρὰ
1531 2854 1765 2905 Ἀσκληπιάδῃ
1785 2857 1818 2893 ἐν
1836 2857 2154 2908 Τραγῳδουμένοις,

1643 2936 1701 2973 13.

1208 3011 1331 3046 Schol.
1365 3012 1454 3047 Ven.
1483 3012 1593 3047 Hom.
1620 3012 1664 3046 Il.
1699 3025 1745 3055 η,
1776 3011 1846 3056 467
1873 3010 2067 3059 (Apostol.
2102 3013 2180 3058 ΧΙ,

1157 3068 1231 3117 98)
1263 3081 1271 3103 :
1299 3066 1446 3115 Λήμνιοι
1475 3066 1535 3109 τὰς
1564 3067 1597 3110 ἐξ
1623 3067 1716 3110 ἔθους
1733 3070 1776 3117 τῇ
1797 3067 1976 3118 Ἀφροδίτῃ
1999 3067 2114 3110 θυσίας
2133 3067 2181 3116 μὴ

1157 3124 1371 3167 ἀποδιδόντες
1383 3127 1460 3162 καθ’
1472 3127 1582 3161 αὑτῶν
1597 3125 1739 3162 θάνατον
1753 3125 2012 3173 ἐνομοθέτησαν.
2028 3124 2100 3170 Τὴν
2114 3125 2180 3174 γὰρ

1156 3181 1228 3219 θεὸν
1248 3181 1383 3231 λέγεται
1403 3183 1616 3232 ὀργισθεῖσαν
1633 3188 1700 3225 τοῖς
1718 3182 1779 3230 μὲν
1798 3183 1957 3233 ἀνδράσιν
1975 3182 2092 3232 ἵμερόν
2106 3196 2180 3217 τινα

1156 3242 1222 3276 τῶν
1251 3240 1412 3292 Θρᾳκίων
1434 3239 1596 3289 ἐμὸαλεῖν
1625 3243 1806 3290 γυναικῶν,
1832 3243 1898 3277 τῶν
1919 3239 1953 3276 δὲ
1978 3238 2070 3276 ἰδίων
2091 3240 2178 3287 ἀμῶν
