2289 3728
660 99 684 134 Ε
693 98 717 134 U
729 99 915 135 PHAN'rl
949 100 1044 135 om
1054 102 1150 137 Nl'll
1163 103 1192 138 11
1227 105 1289 140 1³ss
1299 106 1360 141 AG
1371 107 1402 141 M
1413 106 1556 143 lch‘A.

47 184 274 235 ἀνεγράψατο.
290 183 331 220 Ὁ
343 182 376 219 δὲ
392 177 448 219 οὖν
464 182 586 220 Ἄννων
599 183 781 227 ἀναζεύξας
793 184 881 232 μετὰ
892 185 1004 229 πάσης
1018 188 1076 230 τῆς

46 242 220 291 δυνάμεως
241 242 278 277 ἐκ
297 245 355 278 τοῦ
376 240 588 287 Λιλυὲαίου,
610 243 784 291 παρ’ἧλΟεν
808 244 854 284 εἷς
880 242 941 287 τὴν
967 242 1074 293 ἹΙρά-

45 302 175 344 κλειαν,
201 300 277 335 καθ’
301 298 337 336 ὃν
359 298 476 350 καιρὸν
496 293 598 344 ἦλθόν
623 314 707 341 τινες
727 299 999 350 ἀπαγγέλλοντες
1018 300 1074 337 τὸν

43 358 220 410 Ἔρὸησον
235 357 465 408 παραδώσειν.
475 355 602 394 Ἄννων
617 357 652 394 δὲ
667 358 869 407 πολεμήσας
880 360 912 395 ἐν
925 359 998 395 δυσὶ
1012 358 1073 406 μοί-

42 432 120 466 χαις
133 414 286 452 ἀπέέαλε
299 413 510 466 στρατιώτας
520 413 640 458 πεζοὺς
652 415 713 464 μὲν
725 415 944 465 τρισχιλίους,
958 418 1073 457 ἱππεῖς

44 473 233 515 διακοσίους
246 503 255 519 ,
298 472 442 523 ζωγρίας
477 471 511 509 δὲ
543 472 855 524 τετρακισχιλίους·
890 475 1074 525 ἐλέφαντας

43 529 132 568 ὀκτὼ
152 531 281 575 θανεῖν,
303 529 485 581 τριάκοντα
505 531 593 581 τρεῗς
613 530 648 567 δὲ
671 534 1072 581 κατατραυματισθῆναι.

93 590 198 625 Idem
226 591 380 636 XXIII,
406 603 448 635 17
471 589 583 637 (Exc.
606 591 786 625 lloeschel.
806 604 845 637 p.
865 589 960 638 505)
977 602 985 627 :
1005 589 1074 627 Φί-

41 647 153 688 λιστος
169 649 259 695 (scr.
276 646 438 694 Φιλῖνος)
457 648 491 682 δὲ
503 646 671 696 ἱστορικὸς
682 641 737 692 ἦν.
751 650 839 693 Quae
852 649 1075 683 antecedunt

41 706 88 741 ad
120 706 263 741 cladem
294 706 428 752 Reguli
446 705 579 740 ducem
607 707 808 753 pertinent.
844 708 887 741 In
913 719 1073 753 sequen—

42 765 138 798 tibus
157 770 330 798 narratur
350 763 488 797 foedum
508 765 764 799 Romanorum
781 765 827 799 ad
845 766 1074 800 Camarinam

40 822 292 869 naufragium,
318 828 353 856 et
368 822 563 867 quomodo
586 823 829 869 Agrigentum
861 830 1009 869 captum
1031 824 1073 856 sil

43 878 137 927 (⁴255
160 892 192 914 a.
213 879 292 927 C.).

539 937 557 973 [Ι
568 959 574 965 .

92 1007 251 1043 Diodor.
278 1008 424 1052 XXIV,
457 1020 496 1041 11
525 1007 638 1055 (Exc.
672 1006 850 1042 Hoeschel.
872 1021 910 1054 p.
941 1006 1040 1056 509)
1066 1021 1072 1041 :

40 1064 207 1106 Λυτάτιος
236 1063 270 1100 δὲ
297 1066 313 1100 ὃ
339 1063 465 1106 ὕπατος
489 1063 589 1100 ναυσὶ
610 1068 759 1113 μακραῖς
778 1063 989 1113 τριακοσίαις
1018 1079 1076 1100 και

1015 1124 1044 1145 v

1014 1138 1075 1160 ...ἱ-

39 1123 168 1165 πλοίοις
185 1121 243 1159 καὶ
277 1121 424 1173 πορείοις
444 1121 657 1163 ἑπτακοσίοις
683 1123 767 1170 ὁμοῦ
784 1121 907 1172 χιλίοις
936 1123 982 1164 εἷς

39 1181 154 1218 κελίαν
175 1180 337 1227 ἔπλευσε,
358 1180 416 1216 καὶ
430 1181 475 1223 εἷς
491 1179 528 1217 τὸ
546 1179 736 1231 Ἐρυκίνων
757 1179 920 1231 ἐμπόριον
941 1183 1075 1231 καθι1ρ-
1106 1219 1108 1222 .

41 1239 159 1289 μίσθη.
217 1235 344 1275 Ἄννων
375 1237 410 1275 δὲ
438 1238 497 1275 καὶ
526 1238 626 1279 αὐτὸς
657 1239 695 1274 ἐκ
724 1237 946 1288 Καρχηδόνος
976 1238 1076 1275 ναυσὶ

41 1295 227 1338 διακοσίαις
249 1295 462 1341 πεντήκοντα
488 1295 636 1347 μακραῖς
657 1294 715 1331 καὶ
743 1298 811 1338 τοῖς
831 1301 1011 1346 φορτηγοῖς
1032 1297 1077 1337 εἷς

40 1354 100 1401 τὴν
119 1358 221 1400 ν’ἧσον
242 1353 303 1398 τὴν
323 1352 436 1405 Ἱέραν
456 1348 571 1399 ἦλθεν.
632 1347 719 1390 Εἶτα
741 1351 775 1389 δὲ
805 1352 837 1396 ἐξ
864 1355 969 1399 αὐτῆς
993 1353 1077 1405 πρὸς

39 1412 95 1450 τὸν
111 1411 246 1464 ’Έρυκα
261 1410 463 1463 ἐρχόμενος,
483 1411 543 1448 καὶ
562 1413 630 1448 τῶν
650 1409 837 1459 ‘protaxium
856 1411 1077 1456 ὑπαντησάν-

38 1486 117 1518 των,
136 1470 218 1523 παρ’
245 1470 447 1522 ἀμφοτέρων
469 1469 618 1518 πόλεμος
642 1469 774 1517 ἐγένετο
794 1469 914 1519 μέγας.
976 1469 1076 1507 Κατὰ

40 1528 73 1565 δὲ
108 1532 226 1566 τοῦτον
258 1527 314 1564 τὸν
347 1528 497 1577 πόλεμον
531 1526 704 1564 ἀπέὸαλον
738 1526 970 1578 Καρχηδόνιοι
999 1530 1078 1570 ναῦς

39 1585 160 1624 ἑκατὸν
182 1585 437 1631 ἑπτακαίδεκα,
462 1584 668 1636 αὐτάνδρους
696 1583 756 1634 μὲν
785 1585 914 1622 τούτων
945 1584 1076 1635 εἴκοσι,

38 1644 235 1693 ’Ῥωμαῖοι
246 1642 281 1680 δὲ
297 1644 520 1694 ὀγδοήκοντα,
533 1643 717 1694 τριάκοντα
736 1643 799 1692 μὲν
816 1644 861 1685 εἰς
876 1643 980 1689 τέλος,
998 1658 1078 1680 πεν-

38 1702 186 1748 τήκοντα
204 1702 238 1739 δὲ
259 1703 304 1744 εἷς
323 1701 548 1754 ἐπιμερισμὸν
563 1701 589 1748 *‚
607 1699 850 1752 αἰχμαλώτους
866 1701 900 1738 δὲ
915 1730 925 1749 ,
943 1703 988 1743 ὡς
1006 1703 1077 1739 Φι-

10 1795 13 1797 1
38 1763 126 1804 λῖνος
157 1759 352 1812 ἀνέγραψε,
379 1759 628 1811 Καρχηδονίων
661 1758 933 1809 ἑξακισχιλίους,
963 1761 1007 1801 ὡς
1041 1759 1074 1796 δὲ

39 1818 166 1871 ἕτεροι,
193 1818 488 1869 τετρακισχιλίους
511 1817 782 1868 τεσσαράκοντα.
838 1818 885 1855 Αἱ
914 1817 948 1853 δὲ
973 1816 1077 1854 ἄλλαι

38 1880 134 1923 ν’ἧες,
152 1875 348 1926 πνεύματος
364 1874 627 1917 ἐπιπνεύσαντος
649 1876 780 1925 οὐρίου,
800 1875 845 1916 εἷς
866 1873 1076 1924 Καρχηδόνα

40 1935 176 1987 ἔφυγον.
205 1938 328 1971 Locus
353 1935 582 1981 excerptoris
609 1935 718 1981 eulpa
743 1947 906 1970 mancus.
927 1935 1075 1973 'Wesse—

40 1996 171 2042 lingius
184 2001 268 2041 post
280 1991 453 2040 Ῥωμαῖοι
468 1989 502 2027 δὲ
517 1993 670 2026 inseruit
684 1990 806 2028 ἔλαὸον
820 2004 830 2039 3
844 2005 925 2038 quae
940 1991 1076 2026 deinde

39 2053 108 2087 sibi
124 2054 239 2088 velint
258 2064 294 2086 v.
317 2051 363 2092 εἷς
379 2048 485 2094 τέλος,
503 2049 549 2090 εἷς
569 2048 795 2099 ἐπιμερισμὸν
809 2051 950 2085 nescire
967 2062 1004 2084 se
1022 2050 1072 2084 fa-

41 2118 151 2147 tetur.
184 2111 262 2146 Sec.
292 2109 489 2156 Polybium
513 2121 587 2143 una
614 2121 698 2143 cum
723 2109 812 2143 viris
843 2115 959 2155 captae
993 2115 1077 2142 sunt

40 2181 148 2203 naves
171 2180 232 2212 70.
254 2167 445 2202 Diodorus
463 2166 511 2201 80
529 2173 652 2213 captas
671 2167 800 2213 ponit,
819 2167 886 2205 ita,
902 2173 1018 2212 puto,
1035 2172 1077 2199 ut

42 2227 190 2274 triginta
208 2226 370 2260 Romani
403 2226 571 2271 ceperint
598 2226 758 2272 integras
787 2231 822 2259 et
849 2224 981 2258 futuris
1006 2224 1075 2257 usi-

41 2285 109 2319 bus
134 2291 253 2331 aptas,
286 2284 557 2330 quinquaginta
585 2290 708 2318 autem
737 2284 874 2317 damno
905 2282 1074 2325 assectas,

45 2391 216 2431 sexaginta.
255 2392 416 2431 Philinus,
452 2393 673 2432 Agrigentinus
717 2392 902 2431 historicus,
942 2391 1076 2430 scripsit.

43 2446 155 2476 Hanno
167 2447 286 2483 autem,
301 2454 374 2476 cum
388 2446 537 2476 omnibus
550 2446 648 2485 copiis
657 2454 698 2477 ex
710 2445 851 2484 Lilybaeo
865 2453 1006 2481 movens,
1018 2445 1078 2474 He-

41 2496 177 2527 racleam
193 2497 290 2527 venit.
310 2497 374 2528 Sub
390 2497 476 2537 quod
486 2500 611 2537 tempus
623 2497 743 2528 affuere
760 2498 813 2536 qui
830 2496 976 2528 Herbessi
989 2495 1077 2527 dedi-

42 2548 159 2580 tionem
172 2549 332 2580 oiserrent.
358 2551 470 2581 Hanno
485 2550 576 2589 igitur
586 2574 594 2589 ,
609 2550 727 2581 bellum
744 2550 940 2589 persecutus,
953 2549 1079 2580 duobus

43 2600 162 2640 proeliis
178 2600 283 2631 amisit
292 2600 352 2631 tria
368 2591 454 2632 milia
464 2601 619 2641 peditum,
636 2601 757 2640 equites
767 2601 933 2639 ducentos,
945 2601 976 2631 et
989 2601 1077 2639 quat-

41 2654 114 2683 tuor
127 2653 222 2684 millia
239 2653 448 2693 captivorum.
472 2655 628 2685 Praeterea
644 2653 750 2684 evenit
762 2655 798 2684 ut
814 2654 886 2684 octo
900 2654 1080 2692 elephantes

42 2705 243 2744 oppeterent,
259 2712 295 2734 ae
313 2704 439 2743 triginta
457 2705 521 2735 tres
537 2705 789 2735 vulnerarentur.

554 2783 589 2814 4.

84 2854 228 2885 Lutatius
239 2855 346 2885 autem
362 2854 471 2885 consul
484 2854 583 2893 longis
604 2854 740 2885 navibus
760 2856 925 2894 trecentis,
949 2855 1079 2895 aliisque

45 2905 172 2944 navigiis
188 2906 219 2937 et
234 2906 426 2946 pontonibus
445 2906 665 2946 septingentis,
679 2916 752 2946 quae
767 2907 861 2938 simul
872 2907 983 2946 Juncta
994 2909 1079 2939 mille

45 2956 241 2996 efficiebant,
255 2957 287 2988 in
302 2957 440 2989 Siciliam
450 2958 634 2996 transmisit,
650 2958 733 2989 etad
748 2959 956 2998 Erycinorum
969 2969 1078 3000 empo-

46 3009 127 3040 rium
146 3018 242 3041 naves
260 3011 440 3050 applicavit.
496 3012 609 3042 Hanno
627 3011 721 3042 etiam
741 3020 782 3042 ex
800 3012 991 3052 Carthagine
1019 3013 1078 3044 du-

46 3063 143 3093 centis
156 3063 188 3094 et
200 3063 428 3102 quinquaginta
440 3063 541 3103 longis
552 3064 687 3095 navibus
700 3065 732 3095 et
745 3065 896 3095 onerariis
908 3065 940 3095 in
954 3065 1078 3096 Hieram

46 3112 180 3144 insulam
192 3114 327 3153 traJecit.
340 3114 416 3145 lnde
423 3114 463 3145 ad
477 3117 610 3154 Erycem
623 3115 773 3146 defertur.
783 3115 830 3146 Ibi
841 3117 1080 3149 occurrentibus

47 3164 207 3204 Romanis,
220 3165 379 3204 utrimque
392 3165 499 3205 ingens
509 3166 631 3197 exsistit
643 3166 807 3206 proelium3
822 3167 853 3197 in
866 3176 930 3206 quo
942 3169 1077 3199 Cartha-

47 3216 199 3253 ginienses
214 3217 342 3247 centnm
358 3218 389 3248 et
404 3217 629 3257 septemdecim
644 3227 739 3249 naves
751 3219 943 3259 amiserunt,
954 3222 986 3252 et
999 3222 1080 3253 inter

47 3264 103 3298 lias
113 3268 221 3308 viginti
235 3277 308 3300 cum
320 3269 392 3308 ipsis
403 3269 494 3309 viris3
508 3272 641 3302 Romani
658 3280 731 3302 vero
742 3273 893 3311 ceperunt
906 3274 1078 3313 octoginta,

2120 119 2162 147 151

1139 200 1226 233 quus
1246 180 1513 237 ‹lis‹·in‹lereiit‚
1535 196 1714 241 lignisque
1735 208 1861 230 eurum
1882 196 1927 230 ad
1949 210 2060 231 novus
2077 210 2162 231 con-

1136 247 1325 281 struendas
1356 256 1559 287 uterentur.
1580 250 1651 286 ‘Sin
1672 264 1759 287 vcro
1786 248 1962 300 eorrupta
1989 262 2041 289 est
2070 268 2164 299 vox,

1137 302 1381 353 ἐπιμερισμὸν,
1409 321 1478 342 scr.
1511 322 1758 357 proponerem
1795 310 2019 361 ἐμπορισμόν.
2054 315 2165 361 Apud

1137 363 1283 396 Cornel.
1301 364 1434 409 Nepot.
1454 368 1696 406 1111111111);11.(·.
1715 371 1755 404 1'3
1773 384 1847 405 11011
1857 372 2021 406 Philinus
2036 372 2165 406 lauda-

1138 425 1210 462 tur,
1233 425 1272 452 nt
1290 421 1434 455 Vossius
1448 427 1676 470 autumabat,
1690 429 1751 462 scil
1766 430 1919 464 Silenus.

1544 533 1562 536 ·-
1570 531 1742 544 —0000-.

1196 605 1635 664 EUPHANTUS
1675 612 1761 666 ΟΙ
1768 616 2100 674 YNTHIUS.

1188 717 1374 763 Diogenes
1391 719 1434 751 L.
1452 719 1506 761 ΙΙ,
1529 731 1540 751 1
1556 731 1621 754 1ος
1643 720 1672 755 Ε
1676 719 1812 757 ὐίόυλίδ
1796 737 1851 758 ου
1869 723 1974 761 δὲκαὶ
1993 722 2165 778 Εὔφαντος

1136 788 1254 823 γεγονε
1271 772 1512 845 (γνι1ριυ.(ρς)
1500 789 1516 810 ο
1536 774 1752 825 Ὀλύνθιος,
1746 793 1864 830 ιστορ
1879 781 1939 824 ίας
1954 799 1998 832 γε
2007 785 2166 837 (ραρὼς

1137 830 1211 872 τὰς
1236 829 1346 867 κατὰ
1371 846 1468 873 τους
1494 832 1667 883 γρόνους
1694 849 1817 876 τους
1805 843 1970 878 αυτου.
2001 841 2166 888 Ἐποίησε

1138 887 1172 924 δε
1190 903 1249 925 και
1268 888 1461 939 τραγωδίας
1478 890 1556 926 πλε
1529 905 1634 935 ειους,
1655 892 1688 927 ἐν
1713 896 1764 934 αἱς
1790 895 1943 943 ευδοκίμε
1948 913 1958 932 ι
1983 899 2070 935 κατὰ
2091 916 2167 943 τους

1138 947 1282 996 ἀγωνας.
1339 945 1496 996 Ιέγονε
1479 946 1513 984 οὲ
1531 963 1586 984 και
1610 948 1796 1000 Ἀντιγόνου
1817 967 1876 988 του
1895 955 2059 1002 βασιλέως
2077 959 2167 995 διδοί-

1137 1005 1281 1050 σκαλος,
1296 1020 1378 1055 προς
1394 1004 1429 1041 ὃν
1442 1008 1499 1042 καὶ
1512 1005 1611 1056 λόγον
1625 1023 1662 1057 γε
1665 1023 1773 1060 γραφε
1792 1012 1825 1048 Π
1839 1026 1852 1046 ε
1866 1026 1902 1062 ρι
1922 1015 2167 1062 βασιλείας,

1139 1061 1268 1113 σφόδρα
1290 1063 1546 1111 ευδοκιμουντα.
1574 1064 1644 1102 Τὸν
1667 1066 1775 1116 βίον
1758 1066 1792 1103 οὲ
1809 1083 1898 1120 γηρα
1917 1084 2153 1123 κατεστρεφεν.

1540 1152 1775 1190 ΙΣΤΟΡΙΑῘ.

1644 1241 1672 1262 Ι.

1192 1302 1302 1348 Diog.
1327 1301 1365 1337 L.
1388 1302 1437 1344 ΙΙ,
1460 1314 1486 1335 1
1483 1306 1542 1345 ’,1,
1560 1302 1607 1336 de
1623 1303 1842 1339 Menedemo
1855 1307 2085 1344 Etet11e1ise
2105 1311 2172 1345 Δο-

1140 1357 1193 1393 κεῖ
1209 1355 1236 1393 δ’
1254 1356 1506 1408 ἓμὲριθεστατα
1526 1373 1589 1424 πρε
1577 1359 1737 1396 &Essiam
1760 1376 1842 1411 προς
1864 1362 2062 1414 Δημήτριον
2090 1365 2172 1416 ὑπὲρ

1139 1417 1199 1451 τοῦ
1218 1413 1404 1464 Ὠρωπου,
1430 1417 1475 1457 ὡς
1495 1415 1553 1451 καὶ
1580 1415 1795 1467 Εὔφαντος
1781 1434 1814 1454 εν
1839 1418 2019 1471 Ἱστορίαις
2040 1438 2172 1471 psam-0

1139 1487 1240 1510 νευει,
1265 1474 1465 1509 Cassande1
1492 1476 1658 1522 Oropum
1682 1488 1927 1524 occupaverat
1954 1480 2027 1516 313
2053 1495 2086 1518 a.
2112 1484 2171 1529 C.

1139 1531 1203 1566 sed
1222 1544 1310 1566 mox
1328 1532 1540 1578 praesidium
1556 1533 1632 1578 ejus
1652 1534 1775 1581 abegit
1795 1535 1871 1570 dux
1888 1536 2066 1586 Antigoni
2084 1538 2173 1574 Pto-

1138 1590 1285 1625 lemaeus
1304 1590 1481 1637 (Diodor.
1500 1591 1612 1634 XIX,
1634 1591 1680 1636 78
1696 1620 1705 1635 ‚
1723 1605 1743 1627 2
1760 1592 1786 1641 ).
1808 1595 1903 1628 Num
1925 1596 1973 1630 ad
1990 1597 2066 1632 haec
2083 1605 2173 1633 tem·

1138 1660 1232 1695 pora
1245 1648 1430 1694 pertineat
1444 1649 1503 1683 vel
1518 1648 1564 1683 ad
1577 1651 1785 1696 posteriora
1796 1653 2005 1688 Menedemi
2026 1655 2171 1702 legatio,

1139 1719 1216 1740 non
1236 1707 1366 1752 liquet.
1390 1708 1472 1741 Hoc
1492 1714 1615 1742 tamen
1631 1709 1873 1755 probabilius.

1641 1797 1675 1820 2.

1433 1859 1461 1891 r„
1491 1859 1636 1892 Llssao
1666 1860 1879 1904 QUARTO.

1190 1932 1386 1967 Athenaeus
1402 1934 1448 1967 VI
1460 1946 1524 1979 ⁷p.
1548 1932 1634 1977 251,
1652 1936 1710 1968 D.
1731 1932 1940 1985 Εὔφαντος
1923 1937 1953 1972 ο’
1974 1952 2006 1973 εν
2028 1937 2170 1988 τετάρτη

1137 1987 1311 2039 Ἱστοριων
1333 1988 1551 2037 Πτολευαίου
1577 1989 1661 2040 φησὶ
1681 2005 1738 2026 του
1759 1991 1875 2042 τρίτου
1905 1993 2172 2042 βασιλεύσαντος

1137 2046 1316 2096 Αἷγυπτου
1334 2047 1493 2083 κόλακα
1483 2047 1639 2097 γενέσθαι
1660 2049 1958 2099 Καλλικράτην,
1942 2066 1975 2093 ος
1994 2051 2082 2088 οὕτω
2102 2053 2171 2088 δει-

1137 2120 1191 2147 νΟς
1209 2109 1263 2150 ἠν,
1291 2107 1336 2147 ὡς
1356 2121 1403 2153 μη
1431 2120 1532 2151 [Lovov
1558 2104 1755 2148 ΟΟυσσΞως
1777 2107 1888 2144 ΞῖκΟνΟί
1909 2124 1942 2145 ἐν
1970 2125 2011 2158 τῃ
2033 2125 2172 2161 σφαγῐῡι

1139 2179 1181 2200 πε
1188 2178 1261 2214 ριφε
1266 2178 1345 2213 ρειν,
1364 2162 1453 2199 ἀλλὰ
1475 2162 1533 2198 καὶ
1556 2163 1609 2199 τοῗ
1611 2179 1625 2205 ς
1644 2162 1772 2206 τέκνοις
1791 2166 1942 2213 ὀνόματα
1962 2165 2078 2204 θέσθαι
2098 2171 2172 2214 Τη-

1136 2221 1271 2271 λέγονον
1289 2220 1347 2256 καὶ
1364 2220 1583 2257 Ἀντίκλειαν.
1603 2222 1803 2267 Quomodo
1821 2226 1936 2260 allatis
1961 2228 2173 2261 assentatio-

1138 2281 1192 2314 nis
1213 2280 1481 2314 documentum
1506 2281 1601 2324 insit,
1622 2280 1773 2326 nosjam
1793 2282 1892 2316 latet.

1139 2390 1182 2420 ita
1195 2389 1323 2429 quidem
1334 2391 1370 2420 ut
1380 2390 1506 2428 triginta
1517 2390 1656 2429 ceperint
1666 2390 1812 2430 integras,
1822 2392 2047 2432 quinquaginta
2058 2394 2173 2426 damno

1139 2441 1288 2478 assectas,
1305 2440 1387 2480 [sec.
1405 2440 1522 2479 Polyb.
1547 2443 1572 2479 l,
1590 2444 1624 2472 61
1639 2464 1648 2480 ,
1666 2446 1685 2473 6
1712 2443 2012 2482 Cartlzaye'm'enses
2030 2447 2172 2477 amisere

1140 2501 1242 2524 naves
1258 2495 1312 2523 120
1326 2516 1334 2531 ‚
1350 2500 1497 2532 quarum
1511 2492 1671 2523 clemersoe
1685 2498 1735 2532 50,
1753 2502 1830 2525 cum
1851 2497 1930 2525 viris
1963 2498 2072 2535 caploe
2101 2497 2170 2538 70].

1140 2543 1289 2581 Captivos
1317 2545 1425 2573 autem
1460 2543 1729 2582 Carthaginienses
1760 2544 1962 2576 abduxerunt
1999 2547 2172 2578 secundum

1140 2594 1301 2624 Philinum
1318 2602 1370 2624 sex
1388 2594 1485 2624 millia
1499 2618 1507 2632 ,
1528 2595 1577 2625 vel
1594 2594 1768 2626 secundum
1788 2596 1882 2635 alios,
1910 2598 2060 2636 quattuor
2075 2599 2172 2630 millia

1140 2649 1171 2677 et
1184 2647 1401 2686 quadraginta.
1418 2647 1557 2687 Reliquae
1577 2656 1672 2679 naves
1691 2649 1829 2680 secundo
1844 2650 1938 2680 vento
1952 2651 2170 2691 Carthaginem

1140 2699 1331 2733 resueerunt.

1379 2747 1637 2785 EUPHANTI
1654 2747 1922 2786 HISTORIAE.

1182 2871 1314 2902 Constat
1339 2871 1560 2902 Menedemum
1588 2872 1798 2903 Eretriensem
1827 2872 1866 2903 ad
1891 2874 2086 2905 Demetrium
2115 2883 2171 2915 pro

1140 2923 1247 2961 Oropo
1263 2921 1445 2961 gravissime
1461 2922 1616 2962 legatione
1628 2923 1784 2961 sunctum,
1799 2925 1835 2954 ut
1849 2925 2030 2963 Eupliantus
2046 2935 2171 2966 quoque

1140 2975 1171 3005 in
1188 2974 1333 3006 H1st0riis
1345 2975 1499 3005 meminit.

1636 3020 1669 3050 2.

1181 3072 1369 3111 Euphantus
1396 3072 1477 3103 libro
1502 3074 1616 3112 quarto
1642 3073 1872 3111 Historiarum,
1900 3075 2060 3105 Ptolemaei
2086 3075 2169 3105 tertii

1141 3123 1264 3162 AEgypti
1282 3123 1361 3161 regis
1379 3124 1604 3154 assentatorem
1625 3124 1717 3154 fuisse
1733 3124 1777 3154 ait
1793 3124 1989 3156 Callicratem
2006 3138 2013 3155 :
2031 3125 2083 3164 qui
2097 3126 2167 3155 tan-

1142 3176 1191 3204 tus
1208 3174 1266 3204 suit
1287 3174 1318 3204 in
1332 3174 1517 3205 assentando
1530 3174 1643 3205 artifex
1654 3198 1662 3212 ‚
1676 3175 1713 3204 ut
1728 3183 1790 3204 non
1812 3175 1906 3205 modo
1927 3176 2042 3214 Ulyssis
2059 3175 2167 3214 imagi-

1139 3233 1212 3255 nem
1226 3225 1258 3255 in
1272 3224 1371 3263 sigillo
1389 3233 1495 3255 secum
1511 3225 1621 3264 ferret,
1636 3225 1688 3255 sed
1703 3229 1732 3255 et
1746 3225 1915 3256 liberorum
1934 3233 2062 3255 snorum
2079 3226 2166 3256 alteri

1140 3275 1302 3315 Telegoni,
1316 3274 1405 3306 alteri
1420 3275 1566 3307 Anticleae
1581 3284 1694 3305 nomen
1713 3276 1894 3314 imponeret.

2035 3336 2059 3357 2.
