2338 3765
942 146 1070 183 FRAG
1081 148 1114 183 M
1130 148 1271 185 ENTA.

49 237 149 277 ,αὑτὸν
170 235 423 287 διαχρήσηται,
444 232 549 284 μηδὲν
566 231 838 284 προκατειττόντα
854 260 862 276 ,
885 230 945 275 τὴν
967 230 1077 281 διφθέ-

51 311 112 346 ραν
134 296 317 331 ἀποδοῦναι
343 292 523 344 Ζαριναία.
553 291 770 341 Ἔγέγραπτο
797 289 855 334 δὲ,
878 307 891 321 τι
920 291 1078 339 Στρυαγ-

47 354 140 402 γαῒος
162 350 327 403 Ζαριναίᾳ
351 351 440 399 λέγει
462 350 563 386 τάδε·
583 348 676 398 ’Ἐγὼ
691 347 750 396 μέν
777 363 813 384 σε
829 345 943 383 ἔσωσά
960 361 996 382 τε
1023 345 1081 382 καὶ

49 412 115 446 τῶν
146 413 203 446 νῦν
235 409 412 460 παρόντων
441 409 577 456 ἀγαθῶν
604 406 710 448 αἴτιος
740 404 877 456 γέγονα·
910 403 949 441 σὺ
980 403 1016 441 δέ
1039 419 1081 452 με

49 467 248 509 ἀπέκτεινας
265 466 323 503 καὶ
340 466 476 502 πάντων
494 464 653 510 ἀνόνητον
672 462 877 508 πεποίηκας.
952 463 994 499 Εἰ
1020 460 1080 510 μὲν

48 519 105 562 οὖν
138 540 190 562 σοι
218 528 326 561 ταῦτα
346 523 542 573 πέπρακται
562 520 721 567 δικαίως,
740 520 780 557 σύ
804 535 839 556 τε
862 518 918 569 (10)
942 519 1080 556 πάντων

48 582 162 633 τύχοις
192 585 258 619 τῶν
279 583 414 632 ἀγαθῶν
444 580 503 617 καὶ
525 579 595 625 εἴης
616 578 791 630 μακαρία·
824 579 853 614 εἰ
875 577 910 615 δὲ
933 577 1079 625 ἀδίκως,

49 640 90 676 σύ
107 656 143 677 τε
159 643 218 677 τοῦ
236 641 338 676 αὐτοῦ
354 638 481 680 πάθους
498 638 572 687 ἐμοὶ
588 637 709 687 πεῖραν
725 636 862 678 λάῧοις
881 635 921 672 σὺ
940 635 1002 686 γάρ
1022 636 1080 684 (ιι)

49 714 106 748 μοι
136 697 333 749 παρῄνεσας
354 701 504 734 τοιοῦτον
536 695 704 746 γενέσθαι.
729 712 742 726 n
798 696 919 731 Ταῦτα
949 693 1082 745 γράψας

49 755 114 793 ὑπὸ
133 759 181 808 τῷ
201 754 467 807 προσκεφαλαίῳ
487 754 620 802 τίθησι,
647 753 706 790 καὶ
723 755 768 794 εἷς
792 751 873 804 ᾅδου
892 751 1000 789 ἀπιὼν
1022 755 1080 788 ἀν·

48 814 164 865 δρείως
183 814 221 852 τὸ
239 813 328 865 ξίφος
347 813 434 865 ᾔτει.
454 812 497 851 Ὁ
514 812 548 849 δὲ
569 814 726 863 εὐνοῦχος
747 811 839 849 ****.

362 916 525 957 [Λείπουσι
545 917 599 947 δύο
625 915 766 955 σελίδες]

101 1005 232 1041 Suidas
247 1018 283 1041 v.
306 1003 385 1053 ὠμή
405 1017 413 1041 :
436 1021 451 1036 ιι
469 1002 614 1041 Δέδοικα
639 1001 686 1051 μὴ
714 1000 809 1051 δόξῃς
829 999 907 1049 ὠμή
928 1015 974 1042 τις
994 993 1083 1036 εἶναι

49 1064 163 1105 δεινῶς
180 1061 267 1098 οὕτω
281 1060 544 1111 τιμωρουμένη,
565 1078 580 1093 »
603 1058 772 1101 Νικόλαος
789 1060 885 1107 Δαμ.
908 1072 1001 1108 φησι.

540 1166 598 1201 13.

105 1267 226 1312 Etym.
249 1267 300 1303 M.
320 1278 359 1312 p.
394 1265 477 1309 180,
501 1265 546 1305 43
573 1277 580 1298 :
604 1262 829 1313 Ἀχαιμένης,
850 1263 867 1297 ὁ
890 1261 1000 1311 ἥρως,
1025 1261 1083 1311 ἀφ’

52 1316 90 1360 οῧ
107 1322 166 1359 καὶ
185 1323 215 1358 οἱ
236 1321 368 1372 Πέρσαι
389 1320 642 1372 Ἀχαιμενίδαι·
663 1319 799 1369 γέγονεν
818 1319 886 1361 υἱὸς
904 1318 1084 1369 Περσέως·

49 1380 252 1430 ὠνόμασται
274 1378 308 1416 δὲ
323 1379 390 1416 ἀπὸ
406 1382 464 1416 τοῦ
493 1372 578 1415 εἶναι
595 1378 651 1415 τὸν
666 1377 869 1429 προπάτορα
891 1378 995 1413 αὐτοῦ
1019 1376 1086 1413 ἀπὸ

51 1441 111 1484 τῆς
131 1436 281 1489 Ἀχαΐας.
297 1436 401 1476 Οὕτω
412 1437 584 1479 Νικόλαος
601 1438 634 1473 ἐν
654 1435 800 1488 δευτέρῳ
815 1438 881 1472 τῶν
894 1435 1082 1487 Ἱστοριῶν.

2098 154 2170 185 3611

1140 240 1236 269 quam
1261 240 1294 260 se
1317 231 1525 269 interfecerit,
1549 232 1708 270 extemplo
1729 231 1877 261 Zarinatm
1900 231 2004 261 literas
2028 229 2176 261 redditu-

1141 297 1227 326 rum,
1260 289 1443 327 priusquam
1465 290 1503 319 110
1529 290 1595 328 ejus
1618 291 1719 320 morte
1745 290 1848 329 palam
1876 289 1978 319 faeiat.
2023 288 2176 319 Nimirum

1583 360 1596 373 ι(
1618 349 1820 386 Stryangatus
1837 347 1986 378 Zarinaeae
2004 349 2035 377 S.
2062 349 2125 385 Ego
2142 346 2173 376 te

1143 413 1243 443 (11111111
1256 405 1447 434 servaverim
1461 414 1498 434 ac
1511 406 1672 444 111-1115011115
1686 406 1842 436 solicitatis
1854 407 1917 436 tuae
1931 406 2041 435 auctor
2053 404 2176 441 luerim,

1141 346 1240 377 literae
1255 347 1345 376 erant
1371 347 1524 384 ejusmodi
1548 360 1554 378 z

1141 470 1160 492 a
1179 462 1210 492 te
1229 470 1300 492 sum
1320 462 1388 492 neci
1405 462 1516 499 datus,
1536 471 1594 492 nec
1611 463 1724 493 collata
1748 463 1778 493 in
1793 464 1822 493 to
1839 463 1989 493 beneficia
2006 463 2177 501 quicquam

1142 520 1216 550 mihi
1234 519 1390 559 profuere.
1410 520 1529 557 Quodsi
1541 520 1571 549 id
1583 521 1673 550 tuum
1690 521 1809 551 facinus
1822 521 1861 551 ab
1872 520 1956 551 omni
1968 521 2061 559 culpa
2072 520 2177 556 abest,

1141 578 1173 608 111
1195 585 1320 608 summa
1345 576 1492 607 felicitate
1518 584 1623 606 aevum
1649 577 1759 615 ‹legas3
1777 577 1824 607 sin
1846 578 1939 616 culpa
1964 577 2048 608 haud
2069 586 2178 614 vacas,

1141 636 1233 675 opto,
1248 634 1383 665 eundem
1401 635 1436 665 ut
1449 634 1600 664 affectum
1614 658 1622 671 ‚
1637 643 1733 673 quem
1747 644 1802 673 ego
1813 659 1821 672 ‚
1836 636 2015 674 experiare;
2033 634 2177 674 quando-

1142 692 1269 732 quidem
1281 694 1316 723 tu
1331 701 1392 731 me,
1405 692 1441 722 ut
1456 691 1610 730 ejusmodi
1625 700 1736 729 essem,
1751 692 1914 723 cohortata
1928 702 1969 723 es.
1984 706 1998 719 υ
2014 693 2068 724 llis
2082 693 2181 723 literis

1143 751 1202 781 sub
1219 750 1349 789 pulvino
1372 749 1553 788 collocatis,
1572 750 1773 788 Stryangaeus
1793 749 1864 780 sorti
1880 750 1986 781 animo
2003 760 2020 781 e
2034 750 2098 781 vita
2114 749 2178 780 dis-

1141 817 1287 840 cessurus
1308 808 1446 848 gladium
1467 807 1621 847 poposcit.
1637 806 1699 838 Sed
1716 807 1936 837 eunuchus***

1492 916 1653 957 [Excidit
1668 915 1825 955 solium]

1186 1024 1200 1037 u
1226 1013 1344 1042 Vereor
1363 1019 1402 1041 ne
1422 1009 1556 1040 videaris
1573 1009 1709 1040 crudelis
1727 1017 1812 1047 esse,
1828 1017 1901 1047 quae
1920 1009 1985 1038 tam
2001 1009 2091 1040 atrox
2108 1019 2181 1050 sup-

1143 1069 1271 1109 plicium
1287 1077 1402 1100 sumas.
1421 1082 1434 1094 υ
1452 1068 1558 1099 Verba
1577 1068 1651 1098 sunt
1664 1067 1782 1098 Nicolai
1800 1068 1993 1099 Damasceni.

1635 1174 1692 1205 13.

1188 1273 1390 1304 Achaemenes
1405 1271 1496 1301 heros
1512 1279 1530 1301 a
1546 1279 1609 1310 quo
1623 1272 1725 1301 Persae
1739 1269 1972 1301 Achaemenidae
1986 1269 2061 1301 ‹licti
2072 1294 2080 1309 ‚
2098 1270 2182 1300 filius

1145 1331 1204 1362 suit
1219 1330 1322 1362 Persei
1340 1330 1349 1369 (
1363 1330 1513 1367 Persae).
1530 1330 1651 1359 Nomen
1668 1336 1744 1358 vero
1760 1327 1831 1358 inde
1844 1328 1980 1367 accepit,
1997 1328 2081 1367 quod
2096 1328 2186 1367 (Per-

1144 1390 1235 1429 seus)
1253 1399 1332 1421 avus
1351 1389 1550 1421 Achaemenis
1565 1397 1605 1418 ex
1626 1387 1743 1418 Achaia
1757 1387 1913 1417 oriundus
1930 1388 2008 1418 erat.
2026 1388 2073 1417 lta
2089 1386 2184 1418 Nico-

1145 1450 1214 1480 laus
1230 1448 1440 1480 Historiarum
1454 1447 1534 1478 libro
1550 1446 1702 1478 secundo.

1487 1540 1532 1588 [a
1564 1538 1715 1577 Llsssso
1745 1509 1834 1587 1112]

536 1637 593 1674 14,
1644 1640 1698 1670 14.

321 1536 402 1585 LEK
432 1535 532 1572 ΤΟΥ
557 1535 760 1571 ΒΙΒΛΙΟΥ
787 1531 858 1581 R]

107 1735 193 1768 Exc.
220 1734 275 1767 De
304 1731 411 1766 insid.
437 1744 444 1765 :
466 1728 550 1767 εὈτι
569 1728 719 1780 Ἀμφίων
740 1728 798 1764 καὶ
830 1730 937 1773 Ζῆθος
968 1729 998 1764 οἳ
1029 1730 1088 1772 τῆς
1189 1731 1346 1771 Amphion
1362 1732 1393 1761 et
1407 1730 1538 1767 Zethus,
1558 1738 1638 1769 quos
1658 1730 1689 1760 in
1715 1730 1825 1760 itincre
1850 1729 1985 1768 Antiope
2002 1731 2184 1768 pepererat,

53 1847 102 1874 10.
118 1842 164 1872 σύ
177 1840 239 1881 τε]
258 1843 372 1880 Coray.
386 1852 394 1879 ;
408 1841 445 1871 σὺ
465 1841 496 1870 δὲ
514 1840 586 1871 cod.
604 1842 678 1871 Mox
697 1840 758 1876 εἴης
777 1842 887 1878 Coray.
904 1848 960 1878 pro
975 1839 1046 1869 lect.
1066 1838 1136 1870 cod.
1152 1838 1196 1875 ἧς.
1216 1838 1262 1868 Cf¹
1284 1836 1462 1867 Demetrius
1482 1839 1524 1866 De
1544 1836 1661 1866 elocut.
1680 1836 1701 1866 l.
1720 1835 1740 1865 l.
1759 1836 1933 1875 εἘρασθεὶς
1953 1838 2005 1871 τῆς
2021 1835 2162 1874 γυναικὸς
2177 1858 2184 1869 ,

52 1890 272 1929 ἀπετύγχανεν·
287 1889 425 1919 ἐδέδοκτο
437 1888 486 1926 μὲν
494 1888 575 1927 αὐτῷ
586 1887 811 1927 ἀποκαρτερεῖν”
824 1886 928 1927 γράφει
941 1886 970 1916 δὲ
981 1886 1124 1926 πρότερον
1136 1885 1296 1921 ἐπιστολὴν
1310 1888 1346 1922 τῇ
1358 1884 1476 1923 γυναικὶ
1489 1883 1677 1923 μεμφόμενος
1690 1882 1819 1912 τοιάνδε·
1834 1895 1849 1908 (ι
1861 1882 1942 1920 Ἐγὼ
1954 1882 2006 1921 μὲν
2020 1883 2054 1912 σε
2066 1882 2183 1920 ἔσωσα,

51 1938 102 1968 καὶ
117 1937 155 1968 σὺ
170 1937 223 1976 μὲν
247 1938 284 1967 δι’
308 1937 360 1975 ἐμὲ
377 1936 492 1971 ἐσώθης
505 1943 512 1950 ·
534 1935 595 1973 ἐγὼ
615 1935 646 1965 δὲ
664 1934 713 1965 διὰ
732 1935 766 1964 σὲ
781 1933 959 1973 ἀπωλόμην.
979 1945 994 1959 »
1012 1950 1052 1954 —
1071 1936 1118 1963 11.
1134 1932 1178 1962 σὺ
1194 1932 1262 1971 γὰρ
1277 1932 1341 1962 κτλ.
1357 1930 1368 1971 ]
1382 1931 1432 1962 Sic
1457 1932 1561 1961 locum
1576 1930 1740 1960 adornavit
1757 1931 1870 1968 Coray.
1890 1928 1999 1960 Codex
2018 1941 2024 1959 τ
2040 1929 2116 1959 ἀλλὰ
2129 1931 2186 1969 γάρ

51 1995 102 2024 μοι
120 1983 291 2024 παρῄνεσας
305 1985 441 2013 τοιοῦτον
455 1982 605 2021 γενέσθαι.
618 1983 723 2011 Ταῦτα
737 1980 853 2019 γράψας
868 1981 926 2010 ὑπὸ
940 1982 983 2018 τῷ
997 1990 1107 2018 προσκ.
1122 1979 1238 2015 τίθησι,
1254 1979 1293 2012 εἰς
1308 1979 1381 2017 ᾅδου
1395 1978 1493 2008 ἀπιὼν
1510 1977 1651 2016 ἀνδρείως
1661 2001 1669 2015 ,
1683 1977 1721 2007 σὺ
1735 1975 1792 2015 γάρ
1804 1987 1853 2014 μοι
1869 1976 2039 2015 παρῄνεσας
2049 1979 2186 2006 τοιοῦτον

51 2030 202 2070 γενέσθαι,
216 2030 268 2060 καὶ
287 2030 320 2060 τὸ
335 2029 415 2067 ξίφος
430 2028 508 2066 ᾔτει.
526 2047 561 2053 -
580 2030 659 2064 Quae
677 2036 693 2057 e
710 2027 806 2057 Suida
824 2026 1015 2064 subjecimus
1030 2024 1166 2056 eunuchi
1180 2023 1275 2053 verba
1293 2025 1366 2053 sunt
1379 2023 1416 2052 ad
1437 2023 1608 2053 Za1·ina=ani
1620 2046 1628 2060 ‚
1643 2023 1791 2052 monente
1809 2021 1946 2051 Valesio.

95 2080 143 2106 13.
167 2079 246 2112 Qure
260 2075 292 2104 h.
308 2075 328 2104 1.
346 2074 492 2112 leguntur
508 2073 654 2104 Nicolaus
671 2073 702 2103 in
720 2073 879 2103 Medorum
901 2072 1037 2102 historiis
1048 2096 1056 2109 ‚
1072 2069 1176 2101 1105010
1190 2078 1254 2108 quo
1271 2069 1336 2108 ejus
1354 2070 1423 2099 loco
1434 2093 1442 2107 ,
1460 2069 1601 2099 attulisse
1618 2067 1778 2107 putandus
1791 2068 1849 2098 est.
1869 2069 1918 2097 Ex
1933 2066 2037 2097 Ctesia
2052 2066 2106 2097 vix
2123 2067 2186 2097 ssu-

51 2121 172 2158 xerint,
189 2120 242 2151 sed
264 2129 301 2151 ex
318 2120 514 2158 graecissante
534 2119 741 2158 logographo,
759 2128 798 2149 ex
815 2118 974 2149 llellanico
986 2141 993 2154 ,
1016 2118 1169 2156 suspicor,
1187 2117 1349 2155 assumpta
1366 2117 1448 2146 suut.
1468 2115 1650 2153 Achaiam,
1677 2114 1779 2145 Persei
1797 2114 1916 2145 Acrisio
1940 2113 2005 2144 nati
2027 2113 2183 2153 patriam,

51 2167 187 2206 intellige
205 2167 308 2206 Ἄργος
324 2165 478 2205 Ἀχαϊκόν.
498 2167 647 2196 Ceterum
664 2165 764 2195 Persei
783 2165 867 2196 filius
883 2164 967 2204 apud
987 2164 1123 2202 reliquos
1139 2163 1307 2201 scriptores
1323 2161 1494 2201 (Herodot.
1514 2163 1573 2192 Vll
1587 2185 1595 2199 ‚
1612 2165 1646 2191 61
1661 2184 1669 2198 ,
1687 2160 1868 2200 Apollodor.
1887 2162 1933 2199 11,
1950 2162 1986 2198 4,
2003 2164 2019 2191 5
2032 2171 2042 2199 ;
2057 2162 2187 2191 Tzetzcs
2199 2171 2207 2175 ς

51 2213 90 2244 ad
104 2213 259 2253 Lycophr.
280 2215 337 2244 838
352 2212 432 2251 etc.)
454 2220 517 2242 11011
536 2212 668 2252 Περσεὺς
681 2235 688 2249 ,
704 2212 758 2241 sed
774 2213 892 2252 Πέρσης
906 2212 1034 2249 dicitur,
1053 2211 1185 2249 excepto
1200 2209 1269 2239 1000
1287 2209 1438 2239 Hellanici
1461 2208 1545 2247 apud
1561 2208 1710 2246 Stephan.
1732 2209 1804 2246 Byz.
1818 2230 1827 2245 ,
1848 2206 1903 2236 ubi
1920 2219 1927 2237 :
1945 2206 2088 2246 Ἀρταῖα,
2106 2208 2185 2246 Περ-

54 2261 127 2296 σικὴ
142 2260 229 2300 χώρα
241 2284 249 2299 ,
267 2260 303 2297 ἢν
321 2259 444 2289 ἐπολισε
464 2259 632 2297 Περσεὺς
648 2281 655 2295 ,
677 2259 692 2288 ὁ
708 2260 850 2298 Περσέως
869 2260 919 2289 καὶ
940 2258 1147 2298 Ἀνδρομέδας.
1167 2255 1226 2286 Sed
1249 2255 1382 2286 sortasse
1398 2257 1534 2293 utroque
1552 2254 1621 2284 loco
1638 2254 1740 2284 scriba
1757 2253 1911 2292 peccavit.
1931 2255 1978 2283 De
1998 2253 2187 2283 Achaemene

51 2307 88 2337 ut
99 2306 173 2345 Cyri
185 2314 246 2336 avo
261 2305 416 2344 regiaeque
432 2307 596 2335 Persarum
608 2305 711 2343 stirpis
725 2306 871 2342 auctore,
889 2314 927 2334 ex
943 2304 1101 2335 Herodoto
1116 2304 1190 2340 Vll,
1212 2304 1254 2332 11.
1271 2304 1301 2340 Ι,
1324 2305 1379 2332 122
1391 2302 1531 2338 constat3
1549 2300 1588 2330 de
1602 2301 1790 2331 Achaemene
1806 2302 1908 2331 Persae
1920 2299 1985 2329 silio
1998 2299 2074 2329 nihil
2086 2300 2185 2338 reperi

52 2353 166 2392 praeter
179 2352 284 2383 locum
298 2351 533 2382 memorabilem
547 2352 644 2383 schol.
661 2351 698 2382 ad
710 2351 834 2390 Dionys.
850 2351 966 2391 l‘erieg.
983 2355 1058 2382 1053
1073 2363 1079 2380 ε
1093 2350 1196 2389 Πέρσῃ
1212 2348 1250 2386 (l.
1266 2349 1388 2387 Περσεῖ)
1401 2348 1429 2383 ἐξ
1444 2348 1635 2387 Ἀνδρομέδας
1650 2346 1762 2384 γίνεται
1776 2347 1853 2382 υἱὸς,
1866 2346 1898 2376 ὃν
1909 2345 2059 2380 ὁπάππος
2069 2345 2185 2383 Κηφεὺς

52 2397 123 2440 παρ’
135 2400 235 2438 ἑαυτῷ
246 2399 360 2439 τρέφων
371 2399 492 2438 Πέρσην
504 2398 659 2438 ὠνόμασε,
669 2399 720 2428 καὶ
731 2398 877 2428 τελευτῶν
889 2398 972 2438 αὐτῷ
986 2398 1127 2428 κατέλιπε
1137 2398 1190 2433 τὴν
1204 2399 1264 2426 τῶν
1276 2396 1426 2435 Κηφήνων
1441 2394 1545 2434 ἀρχήν.
1558 2394 1705 2423 Χαλδαῖοι
1718 2393 1748 2423 δὲ
1762 2392 1931 2431 ἐπιθέμενοι
1941 2391 2023 2430 αὐτῷ
2038 2391 2186 2427 ἐξήλασαν

3 2460 10 2464 ·
50 2448 103 2482 τῆς
120 2445 233 2484 χώρας.
251 2445 288 2475 Ὁ
303 2445 334 2475 δὲ
347 2448 406 2474 τῶν
426 2445 576 2484 Κηφήνων
600 2444 657 2474 οὐκ
676 2444 795 2482 ὀλίγους
810 2445 995 2484 ἐπαγόμενος
1011 2445 1141 2481 ἀπῆλθεν
1156 2445 1197 2478 εἰς
1210 2444 1244 2473 τὸ
1260 2443 1398 2482 Ἀργείων
1413 2442 1496 2476 ἔθνος
1507 2465 1514 2478 ,
1530 2442 1581 2471 καὶ
1596 2440 1816 2475 στασιάζοντας
1829 2439 1924 2478 εὑρὼν
1938 2437 2141 2477 προσθέμενός
2154 2448 2185 2468 τε

60 2491 194 2530 θατέροις
207 2493 331 2531 κρατεῖ,
349 2491 399 2521 καὶ
415 2491 533 2530 Πέρσας
551 2491 599 2531 ἀφ’
618 2492 727 2521 ἑαυτοῦ
742 2491 891 2530 ὀνομάζει.
912 2493 971 2522 Καὶ
992 2492 1081 2531 ἔσχεν
1105 2492 1170 2521 υἱὸν
1183 2490 1362 2530 Ἀχαιμένεα
1375 2512 1383 2528 ,
1406 2489 1455 2527 ἀφ’
1474 2488 1509 2518 οὗ
1526 2487 1732 2527 Ἀχαιμενίδαι
1749 2488 1778 2517 οἱ
1804 2486 1922 2525 Πέρσαι
1948 2485 2131 2521 ἐκλήθησαν.
2151 2487 2185 2515 111

53 2537 102 2567 1115
120 2546 183 2568 vox
200 2537 340 2576 Ἀργείων
364 2537 437 2568 ferri
459 2537 578 2576 nequit.
602 2537 830 2577 Reponendum
854 2546 966 2568 censeo
988 2537 1180 2578 Ἀρταίων.
1205 2539 1285 2568 Nam
1308 2539 1501 2568 Arlceorum
1524 2536 1682 2574 regionem
1703 2537 1852 2565 Perseum
1877 2532 2008 2563 urbibus
2032 2532 2181 2570 [requen-

54 2587 134 2614 tasse
150 2592 187 2614 ex
205 2584 366 2614 Hellanico
383 2584 477 2614 modo
493 2583 642 2614 vidimus.
664 2584 839 2615 Hellanici
856 2586 961 2615 autem
978 2593 1044 2615 esse
1060 2592 1095 2614 ea
1112 2592 1184 2622 quae
1196 2583 1363 2614 scholiasta
1380 2583 1471 2613 affert
1486 2582 1598 2620 colligo
1613 2591 1652 2612 ex
1667 2581 1737 2611 loco
1753 2580 1905 2619 Stephani
1918 2581 1991 2618 Byz.
2011 2591 2018 2609 ε
2038 2579 2185 2608 Χαλδαῖοι

53 2631 82 2660 οἱ
95 2629 237 2669 πρότερον
253 2631 425 2669 Κηφῆνες...
440 2629 613 2664 Ἑλλάνικος
626 2630 658 2660 δέ
671 2641 760 2669 φησιν
774 2629 803 2659 ἐν
814 2631 927 2671 πρώτῳ
939 2632 1097 2670 Περσικῶν
1112 2629 1192 2660 οὕτω
1210 2630 1272 2668 (sic
1285 2629 1355 2660 cod.
1369 2631 1457 2659 Vrat.
1470 2640 1478 2667 3
1494 2637 1542 2668 vg.
1559 2629 1625 2666 ὅτι)
1642 2635 1648 2642 ·
1667 2640 1682 2654 (ι
1698 2627 1824 2666 Κηφέως
1842 2626 1942 2656 οὐκέτι
1955 2628 2063 2660 ζῶντος
2074 2648 2082 2661 ,
2097 2635 2184 2663 στρα-

54 2675 233 2715 τευσάμενοι
250 2676 285 2705 ἐκ
310 2676 490 2710 Βαὸυλῶνος
515 2676 686 2712 ἀνέστησαν
713 2677 748 2706 ἐκ
771 2680 823 2713 τῆς
841 2677 960 2716 χώρας,
986 2678 1038 2707 καὶ
1058 2677 1111 2712 τὴν
1131 2677 1234 2715 Χογὴν
1259 2677 1351 2716 ἔσχον
1371 2675 1460 2715 (ἕχον
1486 2675 1555 2705 cod.
1573 2675 1696 2711 Vrat.).
1713 2673 1748 2689 **
1766 2673 1868 2703 οὐκέτι
1888 2674 1907 2708 ἡ
1927 2672 2016 2711 χώρα
2043 2671 2184 2709 Κηφηνίη

53 2721 192 2752 καλέεται
219 2721 287 2751 οὐδὲ
309 2723 337 2751 οῖ
360 2721 511 2761 ἄνθρωποι
537 2724 565 2752 οἱ
582 2723 764 2757 ἐνοικοῦντες
782 2724 936 2761 Κηφῆνες,
962 2722 1026 2753 ἀλλ’
1048 2724 1206 2754 Χαλδαῖοι.
1224 2737 1238 2750 u
1255 2725 1299 2754 De
1314 2731 1346 2753 re
1360 2721 1486 2753 aliunde
1502 2730 1565 2751 non
1583 2720 1716 2751 constat.
1745 2720 1896 2750 Ceterum
1921 2717 2072 2756 Stephani
2098 2717 2185 2747 locus

53 2768 194 2798 mutilus.
211 2769 269 2797 Pro
282 2768 386 2805 Χογήν
400 2767 569 2798 Salmasius
588 2768 627 2798 ad
641 2767 737 2799 Solin.
761 2776 791 2806 p.
814 2772 889 2799 1226
900 2792 907 2806 ,
924 2770 946 2799 Β
960 2769 1067 2808 reponi
1079 2769 1169 2807 jussit
1183 2771 1308 2810 Κωχήν.
1328 2769 1451 2800 Etenim
1467 2769 1580 2807 Κωχῆν
1600 2768 1706 2797 vicum
1726 2765 1767 2796 ad
1783 2763 1942 2804 Tigridem
1964 2771 2061 2802 prope
2075 2763 2184 2793 Seleu-

53 2814 133 2844 ciam
149 2814 243 2844 situm
259 2815 414 2844 memorat
428 2815 603 2853 Stephanus
619 2824 659 2845 ex
674 2814 795 2845 Arriani
809 2814 889 2844 libro
905 2814 1027 2845 decimo
1043 2816 1106 2854 (so.
1127 2820 1187 2847 τῶν
1204 2816 1395 2856 Παρθικῶν).
1413 2816 1522 2845 Postea
1539 2822 1555 2843 e
1576 2813 1643 2842 vico
1659 2812 1739 2842 faeta
1753 2811 1828 2842 urbs
1841 2811 1905 2847 est,
1921 2818 1993 2848 quae
2008 2809 2092 2848 apud
2106 2808 2183 2839 0110-

54 2859 143 2890 rioris
152 2859 210 2890 aevi
223 2859 389 2898 scriptores
404 2862 514 2899 (Greg.
534 2860 681 2891 Nazianz.
696 2869 742 2890 or.
760 2865 776 2890 2
791 2860 821 2890 in
837 2860 902 2890 Jul.
926 2868 957 2899 p.
977 2863 1034 2891 203
1048 2885 1056 2899 ,
1074 2862 1233 2892 Ammian.
1252 2863 1307 2899 24,
1321 2864 1349 2890 8.
1369 2860 1550 2898 cf.E11t1·0p.
1566 2861 1602 2896 9,
1622 2858 1677 2895 18)
1693 2858 1790 2896 Κωχὴ
1807 2856 1999 2887 nominatur.
2021 2855 2183 2886 Cauchius

54 2913 186 2945 campos
207 2904 238 2934 in
255 2904 302 2935 his
322 2905 499 2943 regionibus
513 2907 668 2936 memorat
683 2905 798 2936 Plinius
813 2907 850 2936 H.
866 2907 904 2936 N.
922 2907 984 2943 Vl,
1005 2909 1056 2937 31.
1076 2908 1114 2937 At
1128 2915 1204 2937 num
1220 2915 1336 2937 nomen
1350 2906 1440 2936 istius
1454 2905 1515 2935 vici
1530 2905 1561 2934 in
1578 2903 1730 2934 liellanici
1746 2904 1959 2934 narrationem
1984 2901 2183 2932 inferendum

54 2950 111 2993 sit,
126 2959 314 2990 magnopere
327 2950 446 2981 dubito.
468 2952 574 2982 Malim
591 2952 727 2982 seribere
743 2965 749 2982 ε
763 2953 815 2987 τὴν
831 2952 1004 2991 Κηφηνίην,
1021 2953 1071 2982 vel
1089 2954 1142 2989 τὴν
1161 2955 1238 2991 Κηρ.
1254 2957 1322 2991 γῆν.
1342 2954 1421 2983 Nam
1435 2951 1630 2982 mentionem
1645 2950 1815 2988 Cepheniae
1830 2950 1948 2989 factam
1963 2956 2029 2978 esse
2045 2949 2184 2986 arguunt

53 3006 125 3036 quae
142 2999 317 3037 sequuntur
333 3009 339 3028 z
358 2997 369 3038 [
383 2999 437 3028 Ἐκ
451 2999 560 3029 τούτου
577 2999 608 3029 δὲ
631 2998 678 3028 vel
695 2998 756 3028 tale
769 2997 863 3036 quid]
878 2998 979 3028 οὐκέτι
1003 2999 1022 3034 ἡ
1035 2998 1123 3038 χώρα
1140 2999 1279 3038 Κηφηνίη
1297 2999 1448 3029 καλέεται.
1475 2997 1572 3037 Igitur
1590 2996 1764 3027 secundum
1786 2995 1982 3027 Hellanicum
1998 2996 2135 3031 Κηφῆνες
2152 2996 2183 3023 et

53 3045 181 3085 Ἀρταῖοι
198 3053 261 3076 11011
278 3046 367 3074 erant
386 3044 525 3083 ejusdem
542 3044 651 3084 populi
670 3044 797 3074 nomina
810 3043 933 3074 diversa
952 3044 1006 3082 (ut
1019 3052 1069 3082 ap.
1088 3045 1236 3075 Herodot-
1252 3046 1328 3084 Vll,
1345 3049 1381 3076 61
1403 3057 1410 3075 :
1430 3044 1590 3075 ἐκαλέοντο
1601 3067 1610 3081 ,
1625 3051 1669 3073 50.
1686 3044 1714 3073 οἱ
1732 3043 1868 3082 Πέρσαι,
1883 3042 1943 3072 ὑπὸ
1964 3041 2016 3078 μὲν
2030 3040 2182 3076 Ἑλλήνων

55 3093 191 3130 Κηφῆνες
202 3115 210 3130 ,
227 3092 286 3122 ὑπὸ
303 3091 404 3131 μέντοι
421 3093 520 3131 σφέων
540 3092 638 3122 αὐτῶν
658 3092 709 3121 καὶ
726 3093 785 3121 τῶν
800 3090 962 3130 περιοίκων
977 3089 1146 3129 Ἀρταῖοι),
1173 3091 1227 3122 sed
1244 3091 1286 3122 ita
1299 3092 1380 3122 inter
1393 3100 1425 3122 se
1435 3091 1538 3130 juncti
1560 3090 1668 3128 erant,
1696 3091 1731 3121 ut
1745 3089 1909 3128 Cephenes
1929 3088 2067 3118 victores
2080 3088 2182 3118 0550111

55 3137 132 3168 ordo
154 3137 353 3176 optimatium
378 3139 409 3168 et
430 3138 608 3177 principum
627 3137 659 3166 in
681 3138 857 3167 Artaeorum
874 3136 999 3175 populo.
1019 3136 1162 3176 [Artaeos
1181 3145 1255 3168 vero
1277 3137 1402 3168 eosdem
1420 3146 1486 3168 esse
1503 3138 1599 3175 atque
1615 3138 1712 3166 Arios
1732 3135 1771 3173 (i.
1788 3144 1816 3166 e.
1832 3134 1948 3166 Medos
1960 3158 1968 3173 ‚
1985 3134 2181 3164 1051011010-

55 3182 130 3214 doto
148 3185 206 3215 Vll
217 3207 225 3222 ,
247 3184 307 3223 62)
327 3186 455 3216 censent
470 3184 527 3215 viri
543 3192 649 3215 rerum
666 3183 780 3214 harum
796 3182 974 3222 peritissimi
988 3183 1170 3223 Lassenius,
1186 3184 1339 3224 Benseyus
1351 3208 1359 3223 ‚
1374 3183 1544 3221 Mullerus‚
1558 3190 1639 3222 quos
1652 3183 1725 3213 vide
1743 3191 1793 3222 ap.
1808 3181 1969 3219 Forbiger.
1995 3182 2110 3217 Geoqr.
2130 3179 2154 3207 Il
2171 3201 2179 3215 ‚

56 3238 85 3268 p.
105 3232 162 3260 575
179 3229 259 3269 not.]

99 3278 146 3306 14.
175 3275 252 3307 God.
267 3276 510 3314 Escorialjol.
530 3280 585 3314 70,
607 3280 639 3307 16
654 3285 721 3307 vso.
739 3294 776 3297 —
792 3279 828 3307 77
842 3300 850 3315 ,
870 3281 879 3307 1
899 3285 928 3307 r.
946 3279 990 3307 De
1005 3286 1037 3308 re
1052 3286 1117 3317 prae
1134 3277 1246 3308 ceteris
1260 3286 1289 3308 v.
1306 3276 1486 3316 Apollodor.
1503 3277 1564 3314 111,
1577 3280 1594 3307 5
1607 3296 1617 3310 ,
1635 3280 1651 3306 ξ)
1665 3287 1673 3314 ;
1687 3277 1822 3305 Pausan.
1839 3275 1886 3310 11,
1904 3277 1939 3310 6,
1960 3274 1974 3301 4
1988 3281 1996 3309 ;
2010 3272 2051 3301 lX
2063 3293 2071 3307 ‚
2088 3274 2123 3307 5,
2142 3274 2179 3308 ὓς

58 3322 168 3360 Hygin.
185 3321 246 3352 fab.
264 3326 293 3354 7.
310 3326 345 3361 8;
360 3323 458 3354 schol.
479 3324 579 3363 Apoll.
598 3326 656 3363 lV,
685 3327 779 3362 10903
802 3324 1001 3364 Paloephatus
1019 3333 1069 3364 ap.
1089 3324 1233 3356 Malalam
1255 3332 1285 3363 p.
1305 3325 1343 3354 45
1361 3332 1429 3362 sqq.
1446 3322 1493 3353 ed.
1513 3324 1611 3353 Bonn.
1630 3321 1741 3352 Nullus
1758 3320 1870 3350 horum
1893 3326 1965 3348 cum
1982 3317 2080 3347 altero
2094 3324 2179 3354 pror-
