2338 3765
935 178 1262 216 FRAGMENTA.

524 278 586 315 29.

99 356 227 403 Steph.
248 357 332 403 Byz.
357 368 364 389 ε
390 352 574 401 Ἀσκανία,
599 351 694 393 πόλις
716 349 872 402 Τρωική.
903 349 1071 392 Νικόλαος

47 413 191 464 τετάρτῃ
210 410 373 462 Ἱστορίᾳ·
390 428 405 443 α
420 409 658 460 Σκαμάνδριος
671 407 841 460 <Έκτορος
859 408 917 445 καὶ
935 407 1069 459 Ἀνδρο-

43 470 157 521 μάχης
176 471 213 507 ἐκ
227 472 286 514 τ’ἧς
304 468 398 514 Ἴδης
418 467 475 505 καὶ
492 471 550 504 τοῦ
571 466 781 504 Δασκυλείου
797 465 855 502 καὶ
869 468 927 510 τῆς
945 465 1069 502 Ἀσκα-

42 529 113 571 νίας
132 526 356 576 καλουμένης,
378 526 418 571 ἣν
439 525 568 562 ἔκτισεν
586 527 602 562 ὃ
626 524 758 562 Αἰνείου
777 523 950 565 Ἀσκάνιος
973 523 1022 560 **.
1049 541 1062 554 υ

527 613 585 649 30.

92 708 273 754 Josephus
286 709 371 742 Ant.
393 705 478 741 Jud.
499 707 535 753 1,
557 717 590 749 7,
608 717 628 739 2
648 717 655 741 :
675 703 844 745 ’Νικόλαος
861 702 895 739 δὲ
916 705 1069 751 ὁΔαμα-

43 762 163 808 σκηνὸς
179 764 212 799 ἐν
229 765 271 813 τῇ
294 761 440 812 τετάρτῃ
458 763 524 797 τῶν
545 759 719 810 Ἱστοριῶν
738 760 830 810 λέγει
844 759 963 802 οὕτως·
984 778 996 792 ει
1016 759 1071 797 Ἀ-

41 820 176 869 ὅράμης
192 819 392 856 §Casmenas
405 820 612 867 Δαμασκοῦ,
630 818 754 864 ἔπηλυς
769 818 828 854 σὺν
841 819 975 868 στρατῷ
994 819 1071 868 ἀφι-

40 878 162 928 γμένος
193 879 231 915 ἐκ
260 879 320 922 τῆς
351 879 412 926 γ’ἧς
442 879 501 921 τῆς
535 876 620 927 ὑπὲρ
653 877 858 918 Βαὸυλῶνος
886 874 1071 913 Χαλδαίων

40 935 236 986 λεγομένης.
257 936 344 972 Μετ’
374 935 411 971 οὐ
432 933 537 971 πολὺν
556 933 590 970 δὲ
615 933 734 984 χρόνον
767 932 984 983 μεταναστὰς
1013 932 1071 969 καὶ

41 993 108 1030 ἀπὸ
122 993 248 1038 ταύτης
264 995 324 1037 τῆς
338 991 454 1042 χώρας
471 991 530 1028 σὺν
547 994 595 1043 τῷ
608 992 759 1043 σφετέρῳ
770 993 844 1043 λαῷ
862 993 907 1034 εἰς
918 990 978 1036 τὴν
996 990 1070 1027 τότε

43 1050 104 1100 μὲν
117 1049 316 1088 Χαναναίαν
325 1049 527 1100 λεγομένην,
542 1054 600 1087 νῦν
621 1049 655 1087 δὲ
673 1049 858 1095 Ἰουδαίαν,
876 1047 1070 1100 μετῴκησε,

42 1109 99 1146 καὶ
121 1110 150 1146 οἱ
168 1110 228 1145 ἀπ’
246 1108 372 1145 ἐκείνου
392 1107 642 1154 πληθύναντες,
657 1107 734 1158 περὶ
747 1102 793 1144 ὧν
812 1108 844 1144 ἐν
863 1106 966 1157 ἑτέρῳ
980 1106 1070 1156 λόγῳ

42 1165 184 1216 διέξειμι
204 1165 246 1202 τὰ
270 1164 509 1214 ἱστορούμενα.
531 1167 604 1203 Τοῦ
620 1164 654 1201 δὲ
672 1164 846 1214 Ἀἕράμου
868 1163 916 1199 ἔτι
936 1162 993 1199 καὶ
1014 1166 1071 1199 νῦν

41 1226 75 1261 ἐν
99 1226 140 1274 τῇ
161 1226 380 1273 Δαμασκηνῇ
405 1222 442 1259 τὸ
463 1223 570 1271 ὄνομα
592 1222 787 1267 δοξάζεται,
809 1221 868 1258 καὶ
888 1220 989 1270 κώμη
1012 1220 1070 1257 ἀπ’

41 1282 142 1318 αὐτοῦ
164 1280 333 1318 δείκνυται
353 1280 528 1331 Ἀὸράμου
546 1279 675 1326 οἴκησις
697 1278 880 1328 λεγομένη.
910 1297 924 1311 »

524 1368 586 1404 31.

94 1455 198 1490 Idem
227 1454 319 1489 ibid.
343 1454 432 1498 VII,
457 1453 490 1498 5,
512 1467 533 1488 2
558 1467 565 1488 ε

45 1512 212 1562 βασιλέως
229 1510 401 1561 (Ἀδάδου)
418 1510 475 1547 καὶ
493 1510 664 1552 Νικόλαος
680 1511 714 1546 ἐν
731 1513 772 1561 τῇ
787 1510 931 1560 τετάρτῃ
951 1511 988 1560 (1)
1005 1511 1071 1545 τῶν

41 1569 229 1620 Ἱστοριῶν,
243 1568 351 1618 λέγων
370 1568 486 1611 οὕτως·
501 1586 517 1602 «
532 1569 631 1606 Μετὰ
649 1567 684 1605 δὲ
699 1571 807 1605 ταῦτα
823 1569 940 1619 πολλῷ
959 1566 1072 1618 χρόνῳ

40 1627 179 1678 ὕστερον
199 1629 266 1663 τῶν
297 1627 472 1678 ἐγχωρίων
490 1642 556 1672 τις,
583 1623 724 1668 Ἄδαδος
742 1626 848 1675 ὄνομα
869 1625 932 1677 (2),
954 1626 1069 1662 πλεῖον

590 1450 776 1500 Μέμνηται
805 1450 839 1488 δὲ
866 1451 986 1489 τούτου
1013 1453 1072 1488 τοῦ

2080 187 2150 218 373

1613 268 1655 301 ‘³9

1170 348 1312 386 Ascania,
1328 349 1402 380 urbs
1412 351 1534 381 Troica.
1552 352 1698 382 Nicolaus
1712 352 1920 383 ilistoriarum
1932 353 2011 383 libro
2022 354 2134 392 (piarto
2148 378 2154 383 .

1131 425 1145 438 «
1168 410 1373 449 Scamander,
1403 412 1546 443 Hectoris
1568 414 1600 444 et
1617 414 1851 445 Andromaches
1868 415 1966 453 tilius,
1990 424 2027 445 ex
2059 414 2111 445 ida
2125 416 2156 446 et

1130 472 1276 512 Dascylio
1292 473 1324 503 et
1338 472 1469 503 Ascania
1481 497 1488 511 ,
1506 483 1601 513 quam
1616 477 1728 506 vocant
1747 477 1785 507 ab
1803 476 1966 508 conditore
1983 478 2048 515 vjiis
2062 479 2156 508 Asca-

1130 535 1181 565 nio
1193 559 1200 573 ,
1219 536 1323 565 AEneoe
1341 534 1405 564 tilio
1418 557 1425 570 ‚
1440 534 1483 564 **.

1620 620 1675 651 30.

1172 708 1319 740 Nicolaus
1345 710 1558 738 Damascenus
1580 708 1611 738 in
1631 710 1744 747 quarto
1770 712 1978 742 ilistoriarum
2009 712 2088 743 libro
2112 714 2156 743 sic

1131 771 1240 802 scribit
1258 781 1264 801 τ
1286 785 1300 798 «
1320 771 1517 802 Abrahamus
1545 772 1685 810 regnavit
1704 772 1787 811 apud
1814 775 2000 805 Damascum
2016 776 2135 806 advena
2150 800 2159 809 .

1130 836 1241 874 utpote
1264 835 1318 874 qui
1338 843 1410 864 cuin
1429 834 1572 865 exercitu
1595 835 1716 865 venerit
1732 844 1748 865 e
1763 836 1885 874 regione
1903 847 1996 876 supra
2024 839 2155 878 Babylo·

1130 908 1202 930 nem
1219 899 1297 937 sita,
1315 907 1387 938 quac
1403 898 1625 930 Chaldaeorum
1639 898 1766 929 dicitur.
1788 901 1850 930 Nec
1865 901 1963 931 multo
1982 904 2067 940 post,
2087 902 2160 932 hinc

1132 970 1260 1001 quoqne
1281 970 1354 991 cum
1368 962 1485 1001 populo
1506 961 1643 1000 migrans
1674 961 1762 993 sedes
1777 963 1936 993 transtulit
1951 963 1981 993 in
2003 965 2158 1003 regionem

1131 1033 1203 1065 quae
1218 1027 1286 1055 tum
1300 1024 1428 1064 quidem
1440 1025 1618 1056 chananaea
1629 1024 1803 1064 dicebatur,
1819 1034 1902 1056 nunc
1915 1027 2043 1060 Judaea‚
2057 1028 2161 1067 ibique

1134 1088 1287 1119 habitavit
1311 1087 1420 1127 etipse
1445 1089 1476 1118 et.
1499 1088 1552 1127 qui
1577 1089 1616 1119 ab
1632 1097 1669 1119 eo
1694 1090 1767 1119 sunt
1784 1089 1843 1120 orti
1861 1089 2004 1129 plurimi;
2027 1100 2161 1129 qnorum

1132 1152 1294 1183 historiam
1311 1152 1371 1182 alio
1388 1152 1456 1182 loeo
1478 1160 1658 1191 persequar.
1680 1153 1828 1183 Ceterum
1855 1153 2022 1183 Abrahami
2049 1163 2162 1184 nomen

1132 1217 1304 1249 etiamnum
1317 1214 1460 1246 Damasci
1472 1214 1649 1254 percelebre
1663 1216 1720 1255 est,
1735 1217 1766 1246 et
1780 1216 1866 1247 vicus
1879 1216 2054 1247 ostenditur
2068 1226 2161 1257 quem

1133 1282 1248 1312 vocant
1261 1278 1430 1311 Abrahami
1452 1278 1569 1310 sedem.
1598 1292 1611 1305 υ

1623 1364 1678 1394 31.

1174 1454 1271 1486 Adadi
1300 1454 1378 1493 regis
1404 1452 1547 1484 meminit
1574 1452 1668 1484 etiarn
1689 1452 1834 1484 Nicolaus
1858 1452 2066 1483 Historiarum
2086 1453 2163 1484 libri)

1132 1515 1245 1553 quarto
1273 1513 1303 1543 in
1330 1513 1397 1543 haee
1427 1511 1524 1542 verba
1551 1524 1558 1541 ι
1589 1524 1602 1538 «
1629 1511 1730 1542 Multo
1752 1512 1822 1550 post
1857 1511 1925 1541 haec
1953 1513 2096 1550 tempore
2123 1513 2163 1542 in-

1132 1572 1318 1611 digenarum
1342 1569 1471 1609 quidam
1500 1570 1626 1600 nomine
1649 1568 1792 1607 Adadus‚
1827 1569 2014 1608 praepollens
2044 1569 2162 1607 sactus,

1133 1632 1164 1660 et
1184 1632 1374 1660 Damascum
1399 1629 1431 1659 et
1456 1627 1552 1666 Syriae
1566 1651 1574 1666 ,
1598 1628 1712 1666 praeter
1728 1627 1915 1666 Phoenicen,
1936 1628 2041 1658 cetera
2064 1636 2160 1667 regno

39 1749 72 1768 τε
92 1741 143 1774 τῆς
160 1736 312 1777 Ἰαρδάνου
324 1736 480 1775 γεγονότες
501 1738 552 1766 καὶ
566 1737 741 1776 Ἡρακλέος.
760 1736 901 1766 Herculis
917 1744 933 1766 e
949 1743 1038 1766 serva
1055 1734 1137 1765 tilius
1153 1741 1214 1764 sec.
1232 1732 1427 1764 Herodotum
1440 1734 1486 1762 est
1503 1732 1650 1768 Alcoens,
1670 1732 1762 1770 hujus
1775 1732 1896 1768 Belus,
1917 1732 2011 1770 huius
2028 1734 2137 1763 Ninus
2151 1757 2159 1770 ‚

42 1784 112 1816 Nini
128 1783 211 1814 filius
227 1785 357 1822 Apron,
380 1783 411 1818 ὃς
434 1786 552 1823 πρῶτος
568 1782 772 1822 Ἡρακλειδῶν
791 1782 931 1821 βασιλεὺς
946 1781 1063 1819 ἐγένετο
1083 1780 1233 1821 Σάρδεων.
1252 1779 1429 1810 Hellanicus
1449 1779 1506 1817 (fr.
1532 1779 1604 1816 102)
1624 1779 1764 1817 Acelum,
1786 1779 1895 1809 Aceles
1914 1779 2000 1809 urbis
2017 1779 2047 1810 in
2068 1780 2161 1818 Lycia

41 1829 256 1868 conditorem,
274 1829 374 1859 silium
395 1829 487 1860 fuisse
501 1828 574 1859 dicit
590 1832 644 1859 τοῦ
663 1829 848 1867 Ἡρακλέους
861 1829 912 1857 καὶ
937 1828 1107 1862 Μαλίδος
1118 1827 1235 1862 4παιδὸς
1246 1850 1254 1865 ,
1269 1826 1375 1862 δούλης
1397 1829 1449 1862 τῆς
1472 1825 1656 1865 Ὀμφαλίῦος
1676 1824 1778 1864 (quod
1794 1833 1856 1855 non
1873 1826 1922 1856 est
1937 1834 1993 1855 (zur
2009 1834 2082 1856 curn
2098 1828 2163 1857 Sal·

43 1880 141 1910 masio
158 1880 300 1909 mutetur
314 1878 345 1909 in
359 1877 514 1918 Ὀμφάλης
535 1878 647 1914 Λύδης.
663 1880 700 1908 V.
716 1879 830 1916 Unger.
849 1877 947 1907 Theb.
966 1873 1118 1906 Paradox:
1137 1882 1168 1912 p.
1184 1874 1273 1910 360).
1298 1872 1380 1902 Num
1400 1871 1508 1902 eadem
1532 1871 1621 1902 Malis
1640 1871 1735 1902 Alcaei
1754 1871 1928 1902 Herodotei
1951 1873 2049 1902 mater
2069 1873 2163 1904 fuerit

42 1926 73 1957 in
90 1926 193 1957 medio
210 1926 363 1965 relinquo.
380 1926 532 1956 Conferre
545 1934 620 1955 vero
634 1933 707 1954 cum
722 1923 833 1955 Malide
847 1924 919 1954 licet
941 1922 1091 1961 Δάμαλιν,
1105 1929 1146 1951 ex
1165 1929 1225 1958 qua
1239 1919 1364 1950 Sandon
1385 1918 1528 1948 Herculis
1542 1917 1624 1948 filius
1642 1917 1680 1955 (i.
1696 1926 1724 1948 e.
1742 1918 1892 1948 Hercules
1907 1918 2055 1957 Sandon)
2076 1920 2162 1950 Dali-

41 1972 175 2002 sandum
188 1971 330 2011 genuisse
346 1971 461 2001 dieitur
481 1979 530 2009 ap.
550 1973 580 2002 S.
600 1971 693 2002 Basil.
711 1970 852 2001 Miracul.
877 1972 908 2000 S.
926 1968 1050 2000 Theclre
1064 1971 1099 2003 2,
1118 1970 1166 2004 10,
1186 1966 1302 1996 citante
1321 1964 1527 2002 Wesselingio
1544 1964 1582 1994 ad
1605 1963 1781 1994 Hieroclem
1802 1973 1830 2002 p.
1852 1968 1910 1995 516
1933 1963 1982 1994 ed.
2002 1965 2101 1994 Bonn.
2118 1966 2163 1996 Ad

43 2018 191 2049 Malidem
214 2017 380 2056 Omphalae
398 2025 520 2048 servam
549 2016 709 2047 retulerim
734 2024 861 2046 versum
884 2016 984 2054 poetae
1006 2012 1136 2050 AEolici,
1165 2019 1260 2051 quem
1288 2010 1394 2041 laudat
1420 2009 1619 2048 Hephaestion
1648 2010 1696 2047 (v.
1723 2009 1861 2040 Dindorf.
1882 2010 1911 2040 in
1939 2009 2045 2048 Steph.
2069 2011 2162 2043 Thes.

41 2074 71 2096 v.
89 2065 192 2105 μόγις)
209 2077 216 2095 :
232 2065 328 2098 Μάλις
346 2064 398 2102 μὲν
413 2063 479 2099 ἕννη
493 2063 600 2093 λέπτον
615 2063 710 2102 ἔχοισ’
726 2063 772 2092 ἐπ’
788 2061 928 2101 ἀτράκτῳ
941 2061 1032 2091 λίνον.
1045 2059 1163 2094 Μηλεὺς
1178 2059 1210 2088 et
1225 2057 1355 2088 Maleus
1372 2056 1515 2088 Herculis
1528 2057 1558 2086 et
1573 2056 1738 2094 Omphalae
1756 2056 1777 2086 f.
1797 2058 1989 2087 memoratur
2001 2064 2049 2094 ap.
2064 2058 2161 2090 schol.

43 2116 135 2145 Hom.
156 2112 189 2142 ll.
214 2114 267 2148 18,
282 2114 359 2150 219,
375 2110 510 2142 Statium
527 2110 625 2141 Theb.
644 2112 661 2140 4
674 2133 683 2148 ,
703 2112 761 2140 224
784 2109 861 2148 (pro
878 2116 941 2147 quo
964 2109 1108 2139 Lamum
1134 2105 1222 2145 ponit
1238 2102 1367 2134 Diodor.
1389 2104 1424 2143 4,
1444 2106 1476 2133 31
1492 2125 1501 2140 ,
1519 2102 1569 2140 7).
1587 2102 1689 2133 Meles
1707 2102 1787 2132 inter
1810 2102 1971 2142 Lydorum
1990 2110 2076 2140 reges
2101 2107 2161 2137 He-

42 2157 175 2190 raclidas
188 2156 337 2187 occurrit.
2139 2153 2147 2158 ''

84 2209 133 2236 29.
159 2203 361 2234 Anaxicrates
377 2201 458 2232 libro
472 2200 610 2232 secundo
623 2200 802 2241 Ἀργολικῶν
820 2201 870 2239 (111
892 2199 1128 2238 corruptissimo
1144 2196 1242 2228 schol.
1267 2195 1380 2226 Venet.
1399 2194 1438 2224 ad
1462 2193 1569 2232 Eurip.
1587 2194 1670 2224 Med.
1691 2199 1748 2225 222
1772 2195 1819 2226 ed.
1843 2195 1960 2236 Cobet)
1988 2200 2064 2231 dicit
2083 2201 2162 2230 Σκα-

42 2251 183 2292 μάνδριος
206 2250 238 2280 δὲ
256 2250 344 2288 (post
360 2248 462 2286 Trojae
479 2247 657 2285 excidium)
676 2247 800 2287 ἀφίκετο
825 2248 865 2282 εἷς
879 2246 1028 2277 Ταναΐδα.
1052 2247 1128 2275 Haec
1143 2244 1193 2274 vel
1210 2241 1369 2272 simillima
1385 2240 1532 2279 quaedam
1554 2240 1726 2279 supplenda
1752 2243 1825 2272 sunt
1843 2243 1927 2281 apud
1948 2246 2161 2285 Stephanum,

41 2299 96 2338 qui
111 2306 148 2328 ea
165 2297 289 2327 tantum
305 2294 430 2333 attulit,
448 2303 521 2333 quae
534 2293 572 2324 ad
593 2302 659 2324 rem
677 2302 766 2325 suam
789 2293 991 2333 pertinerent.
1010 2290 1144 2329 Dascylii
1167 2291 1325 2329 regionem
1348 2290 1461 2328 (cujus
1478 2298 1581 2327 regem
1598 2291 1667 2328 post
1682 2290 1783 2329 Trojae
1797 2292 1988 2324 eversionem
2013 2304 2067 2334 per
2085 2298 2163 2326 tem-

42 2353 101 2384 pus
113 2342 242 2382 aliquod
257 2341 351 2372 fuisse
372 2341 537 2371 Ascanium
562 2341 658 2372 refert
673 2341 800 2379 Dionys.
823 2339 891 2370 Hal.
906 2341 938 2377 l,
954 2340 991 2369 47
1003 2361 1011 2375 ,
1030 2338 1086 2376 53)
1104 2337 1208 2368 AEoles
1227 2338 1284 2368 sub
1302 2337 1453 2369 Archelao
1472 2336 1604 2375 Argivo,
1624 2337 1755 2367 Penthili
1780 2337 1855 2375 tilio,
1870 2348 2039 2380 occupasse
2057 2346 2163 2373 narrat

44 2391 157 2422 Strabo
173 2390 232 2420 Vll
246 2412 254 2426 ‚
272 2396 302 2427 p.
320 2391 388 2418 582.
414 2388 450 2418 Et
466 2387 505 2417 de
521 2387 581 2417 hac
597 2387 782 2426 migratione
799 2386 917 2417 AEolica
933 2385 1064 2424 loquens
1078 2383 1281 2415 Anaxicrates
1302 2383 1333 2414 in
1349 2383 1499 2422 Argolicis
1518 2382 1557 2413 de
1580 2383 1784 2413 Scamandrio
1806 2385 1992 2426 reliquisque
2009 2388 2161 2427 Troianis,

41 2444 180 2476 quorum
206 2434 257 2464 alii
281 2434 312 2464 in
336 2433 414 2464 alias
442 2433 584 2472 regiones
604 2433 756 2470 abierint,
780 2432 959 2472 exposuisse
984 2431 1116 2460 videtur.
1139 2430 1289 2461 Similiter
1311 2430 1431 2461 Nicolai
1455 2430 1664 2468 fragmentum
1693 2430 1723 2460 in
1746 2430 1874 2462 historia
1898 2432 1936 2464 de
1958 2434 2052 2466 rebus
2074 2437 2162 2467 Grae-

41 2490 152 2513 eorum
171 2481 278 2511 locum
295 2479 410 2510 habere
435 2480 567 2518 poterat.
582 2481 646 2518 Ego
667 2478 706 2510 ad
721 2479 838 2518 Lydica
859 2479 926 2509 haec
950 2477 1060 2515 retuli,
1086 2477 1185 2515 iisque
1198 2476 1296 2516 jungo
1310 2476 1425 2507 Xanthi
1449 2476 1663 2506 testimonium
1681 2484 1731 2514 ap.
1757 2478 1901 2509 Strabon.
1927 2481 2016 2519 XIV,
2032 2490 2063 2520 p.
2080 2486 2139 2513 650
2155 2492 2161 2512 ;

41 2532 79 2561 Ὁ
98 2530 150 2569 μὲν
166 2528 223 2568 γὰρ
246 2527 361 2562 Ξάνθος
378 2528 394 2557 ὁ
421 2527 519 2562 Λυδὸς
537 2527 613 2566 μετὰ
629 2527 668 2557 τὰ
684 2526 809 2566 Τρωικά
825 2537 914 2564 φησιν
938 2526 1031 2556 ἐλθεῖν
1052 2524 1121 2559 τοὺς
1147 2523 1268 2562 Φρύγας
1291 2523 1325 2553 ἐκ
1349 2526 1401 2560 τῆς
1423 2523 1572 2562 Εὐρώπης
1594 2523 1645 2552 καὶ
1665 2525 1726 2552 τῶν
1751 2523 1915 2564 ἀριστέρων
1940 2530 1993 2557 τοῦ
2020 2528 2158 2559 Πόντου’

42 2579 166 2617 ἀγαγεῖν
180 2576 205 2606 δ’
221 2575 330 2609 αὐτοὺς
348 2573 555 2613 Σκαμάνδριον
572 2574 607 2604 ἐκ
626 2574 816 2613 Βερεκύντων
836 2574 888 2603 καὶ
904 2571 1072 2606 Ἀσκανίας.
1099 2572 1278 2608 Utrumque
1296 2569 1339 2600 ita
1365 2568 1635 2607 conjungendum,
1655 2571 1690 2599 ut
1707 2570 1899 2609 statuamus,
1922 2574 2162 2605 Scamandrium

43 2625 113 2663 post
128 2622 230 2660 Trojoe
244 2620 401 2651 excidium
417 2628 454 2650 ex
478 2619 627 2658 Dascylio
643 2621 675 2650 et
688 2619 818 2650 Ascania
840 2619 936 2658 Lydia
952 2618 1104 2657 populum
1127 2616 1271 2648 eduxisse
1285 2617 1315 2647 in
1337 2619 1488 2655 Europaea
1511 2616 1601 2646 Ponti
1622 2615 1754 2654 Euxini,
1771 2616 1886 2647 deinde
1911 2627 1984 2649 cum
2002 2622 2164 2660 Europaeis

44 2668 217 2709 Phrygibus
233 2676 271 2697 ex
295 2666 425 2697 Ascania
451 2665 566 2704 (quam
592 2665 831 2696 Scamandrium
851 2665 889 2694 ad
910 2663 1148 2695 similitudinem
1165 2663 1282 2693 relictae
1301 2662 1339 2692 ab
1356 2662 1421 2701 ipso
1448 2662 1588 2692 Ascaniae
1608 2661 1751 2692 Asiaticae
1767 2661 1985 2695 denominasse
2001 2669 2162 2698 narratum

41 2715 157 2752 fuerit)
173 2714 204 2744 in
221 2712 323 2743 Asiam
336 2720 402 2742 esse
415 2720 587 2742 reversum.
604 2713 649 2742 De
666 2711 838 2750 Phrygibus
856 2711 887 2740 in
901 2710 1004 2741 Asiam
1019 2718 1059 2740 ex
1078 2711 1204 2748 Europa
1222 2708 1351 2739 advenis
1367 2709 1407 2738 cf.
1424 2708 1571 2738 Herodot.
1591 2710 1648 2738 Vll
1660 2731 1668 2745 ,
1693 2711 1767 2747 173;
1782 2709 1894 2740 Strabo
1908 2713 1952 2748 V,
1976 2720 2006 2750 p.
2029 2715 2099 2744 295.
2118 2716 2141 2744 Χ
2154 2738 2161 2752 ,

43 2771 75 2802 p.
97 2763 154 2792 471
171 2770 179 2799 ;
198 2758 316 2790 Plinius
337 2758 374 2787 H.
394 2760 431 2788 N.
454 2759 502 2795 V,
523 2760 556 2788 41
575 2769 583 2797 ;
604 2757 754 2797 stephan.
780 2766 810 2786 v.
832 2757 932 2797 Βρίγες
946 2767 953 2793 ;
968 2757 1079 2786 Conon
1092 2757 1182 2786 Narr.
1204 2757 1229 2786 1.
1250 2757 1296 2786 De
1312 2754 1443 2785 Ascania
1463 2754 1586 2793 regione
1607 2763 1637 2784 v.
1657 2755 1769 2785 Strabo
1788 2756 1878 2793 XiV,
1900 2765 1929 2795 p.
1949 2761 2027 2796 681;
2047 2760 2164 2791 Plinius

42 2810 69 2838 V
83 2831 92 2845 ‚
110 2809 159 2837 40.
175 2809 225 2837 43.
242 2803 423 2842 Dascylium
443 2803 554 2833 urbem
569 2803 677 2842 Lydiae
696 2812 762 2833 esse
775 2803 902 2841 originis
918 2801 1054 2832 dubitari
1071 2801 1125 2831 vix
1144 2802 1267 2840 potest,
1284 2809 1383 2840 quum
1401 2809 1515 2830 nomen
1531 2800 1653 2838 Dascyli
1669 2800 1699 2830 in
1719 2800 1876 2839 Lydorum
1895 2802 1991 2842 stirpe
2009 2804 2090 2843 regia
2106 2806 2163 2836 fre-

42 2853 284 2894 quentissimum
311 2850 367 2888 sit,
384 2850 431 2880 uti
457 2859 514 2883 suo
534 2850 603 2880 loco
626 2850 810 2880 videbimus.
833 2850 880 2881 Cf.
902 2848 1098 2888 Marquardt.
1125 2849 1264 2886 Cyzicus
1284 2855 1315 2885 p.
1332 2850 1388 2884 51;
1406 2845 1590 2876 Grotefend.
1608 2845 1639 2874 in
1663 2846 1792 2883 Paulys
1812 2847 1967 2878 Realenc.
1987 2858 2016 2879 v.
2043 2852 2163 2889 Dascy-

44 2901 142 2938 lium;
159 2897 318 2935 Forbiger.
337 2898 453 2935 Geoqr.
468 2898 514 2934 11,
533 2905 562 2935 p.
580 2899 651 2927 388.
663 2912 705 2918 —
723 2896 828 2926 Verbo
853 2904 965 2926 moneo
981 2896 1057 2926 nihil
1070 2903 1135 2926 esse
1150 2903 1205 2924 cur
1219 2894 1272 2924 illa
1293 2902 1300 2923 :
1319 2893 1348 2923 ἐν
1362 2892 1487 2932 τετάρτῃ
1505 2892 1641 2932 ἱστορίᾳ,
1662 2892 1793 2931 jubente
1810 2894 1877 2924 viro
1894 2894 1988 2925 docto
2008 2905 2057 2935 ap.
2074 2898 2163 2928 Orel-

45 2947 121 2978 lium
132 2970 140 2984 ,
155 2945 313 2976 mutemus
329 2942 360 2972 in
374 2943 403 2973 ἐν
419 2954 446 2973 τ.
469 2944 619 2983 ἱστοριῶν.
646 2943 713 2973 Hoc
725 2951 799 2973 sane
820 2942 983 2980 usitatius,
998 2942 1076 2973 illud
1090 2950 1164 2972 vero
1176 2940 1261 2971 haud
1277 2939 1468 2978 infrequens.

86 2996 136 3024 30.
161 2993 240 3027 Quae
259 2989 298 3019 fr.
324 2993 361 3020 30
378 2991 408 3019 et
425 2992 460 3020 31
479 2989 518 3019 de
532 2988 677 3019 Damasci
692 2988 819 3018 historia
835 2989 994 3026 leguntur,
1009 2996 1120 3018 eorum
1133 2984 1392 3024 exponendorum
1402 2983 1669 3022 opportunitatem
1685 2985 1879 3015 Damascene
1893 2984 2014 3017 dederit
2027 2988 2164 3018 narratio

45 3039 84 3070 de
99 3038 260 3077 Lydorum
276 3035 308 3066 in
321 3036 442 3075 Syriam
460 3034 723 3074 expeditionibus.
746 3035 795 3066 Cf.
816 3034 969 3066 Eusebius
985 3036 1017 3064 P.
1037 3036 1070 3064 E.
1087 3042 1116 3072 p.
1137 3035 1194 3063 427
1206 3043 1214 3070 ;
1228 3031 1373 3062 Justinus
1390 3031 1521 3060 XXXVI
1534 3054 1542 3067 ,
1561 3034 1591 3060 2.

87 3088 137 3116 31.
162 3081 242 3113 Vide
259 3081 405 3120 Scaliger.
427 3083 473 3112 De
489 3080 611 3112 emend.
636 3081 757 3119 tempp.
776 3080 919 3119 Append.
936 3088 967 3118 p.
990 3082 1041 3112 47.
1059 3097 1099 3101 —-
1116 3083 1142 3109 1.
1161 3079 1198 3109 ἐν
1216 3082 1262 3117 τῇ
1285 3089 1301 3108 τ
1314 3076 1486 3116 ετάρτῃ]
1506 3077 1530 3108 ἐ.
1550 3088 1577 3107 τ.
1597 3078 1719 3115 πέμπτῃ
1739 3076 1873 3108 Rufinus
1906 3095 1944 3099 —
1966 3082 1995 3109 2.
2014 3079 2162 3113 Ἄδαδος

47 3129 186 3170 ὄνομα]
205 3141 220 3155 «
239 3132 357 3160 Omnes
371 3137 458 3167 reges
473 3128 616 3160 Damasci
630 3128 673 3159 ita
690 3127 902 3165 vocabantur,
916 3129 952 3158 ut
966 3127 1025 3158 illis
1045 3135 1117 3156 mox
1127 3124 1331 3165 significatur,
1350 3123 1481 3154 ἑκάστου
1494 3123 1577 3162 παρὰ
1590 3126 1644 3153 τοῦ
1658 3125 1769 3163 πατρὸς
1789 3124 1839 3152 καὶ
1857 3124 1991 3163 τοῦνομα
2004 3128 2093 3155 τοῦτο
2113 3125 2161 3154 ἐν.-

47 3177 224 3218 δεχομένου.
240 3175 319 3205 Hinc
332 3174 452 3214 accepit
465 3175 673 3214 Hieronymus
690 3173 721 3204 id
734 3198 742 3212 ,
757 3173 840 3212 quod
856 3173 895 3203 de
910 3173 1033 3211 regibus
1053 3171 1197 3202 Damasei
1216 3169 1324 3200 scribit
1342 3182 1348 3199 :
1370 3182 1383 3195 «
1401 3169 1526 3199 Hazaeli
1545 3169 1575 3198 in
1593 3177 1720 3207 regnum
1738 3169 1886 3199 successit
1903 3168 1985 3200 filius
1997 3170 2064 3207 ejus
2083 3171 2161 3200 Ben-

48 3223 166 3259 hadad,
183 3230 201 3252 a
213 3229 277 3260 quo
289 3229 397 3252 omnes
412 3222 518 3260 postea
540 3228 626 3259 reges
647 3222 759 3257 Aram,
774 3219 795 3249 i.
819 3227 847 3249 e.
865 3219 962 3258 Syriae
978 3220 1009 3249 et
1029 3216 1170 3248 Damasci
1182 3239 1190 3254 ‚
1208 3215 1373 3247 Benhadad
1394 3215 1586 3245 vocabulum
1601 3214 1816 3253 possederunt.
1836 3228 1849 3242 >1
1867 3217 1935 3246 Hoc
1954 3224 2066 3245 nomen
2084 3215 2160 3245 scri-

48 3270 185 3301 bendum
211 3275 308 3306 ·ΠΠ,
334 3266 494 3307 quomodo
515 3266 688 3297 vocabatur
711 3264 907 3296 adversarius
926 3263 1121 3301 Salomonis,
1150 3263 1244 3293 homo
1271 3262 1363 3300 regiae.
1382 3261 1485 3300 stirpis
1510 3261 1742 3298 ldumoeorum,
1767 3263 1860 3299 Regg.
1888 3263 1919 3299 1,
1949 3265 1985 3298 9,
2011 3263 2058 3290 42.
2083 3261 2161 3291 ilinc

48 3316 142 3346 etiam
165 3314 309 3346 Benadad
333 3322 387 3345 rex
408 3312 505 3352 Syriae
526 3312 628 3343 dictus
648 3311 723 3350 fuit,
750 3311 829 3342 lilius
845 3310 1038 3348 Tafflemon,
1059 3317 1154 3349 nepos
1170 3308 1304 3346 Hezion‚
1326 3309 1418 3347 Regg.
1441 3309 1470 3345 l,
1492 3311 1545 3344 15,
1567 3310 1600 3337 18
1614 3331 1621 3345 ‚
1638 3308 1670 3337 ut
1690 3307 1762 3338 hinc
1779 3307 1931 3343 sentinus,
1949 3306 2075 3336 nomina
2090 3307 2158 3344 qui-
