2338 3765
178 140 250 171 3510

229 212 308 256 ‘'Ou
341 216 497 267 ἐπράχθη
531 231 562 252 τι
597 216 849 267 φιλανθρωπίας
883 219 1010 265 πολλ’ἤς
1043 221 1205 271 ἐχόμενον

174 274 349 325 Νικολάῳ.
371 274 480 314 Ἰλιεῖς
500 273 564 323 γὰρ
587 274 651 323 (2),
669 274 919 323 ἀφικνουμένης
937 275 1070 329 νύκτωρ
1088 282 1132 320 ὡς
1149 280 1207 315 αὐ-

175 347 252 373 τους
272 331 415 373 Ιουλίας
434 334 495 376 τῆς
518 331 692 380 Καίσαρος
712 332 774 380 μὲν
792 335 977 384 θυγατρὸς,
997 338 1156 385 γυναικὸς
1174 337 1209 374 δὲ

175 389 369 438 Ἀγρίππα,
390 388 448 425 καὶ
472 391 530 424 τοῦ
552 388 783 440 Σκαμάνδρου
810 391 961 441 μεγάλου
986 395 1048 466 ρυε
1035 393 1124 436 ’ντος
1144 394 1209 430 ὑπὸ

173 446 369 497 χειμάρρων
391 447 541 491 πολλῶν,
568 446 827 499 κινδυνευούσης
853 464 933 501 περι
961 450 1025 496 τὴν
1049 444 1208 488 διάὸασιν

175 503 364 541 ἀπολέσθαι
392 503 453 540 σὺν
481 506 552 546 τοῖς
578 504 774 555 κομίζουσιν
806 507 912 552 αὐτὴν
947 508 1116 558 οἰκέταις,
1149 510 1210 545 οὐκ

173 561 328 611 ᾔσθοντο.
388 561 467 612 Ἐφ’
501 577 548 604 οις
580 563 824 612 ἀγανακτήσας
849 566 867 602 ὃ
899 565 1116 638 Ἀγρίππας,
1159 565 1210 602 ὅτι

173 621 209 656 οὐ
229 618 498 670 παρεέοήθησαν
516 621 546 656 οἱ
567 619 696 667 Ἰλιεῖς,
714 621 796 659 δέκα
799 638 978 674 μυριασιν
999 640 1119 666 αυτους
1133 625 1210 671 ἐζη-

174 677 302 726 μίωσεν
319 677 492 729 ἀργυρίου.
519 679 564 716 Οἱ
586 678 620 715 δὲ
643 679 779 731 ᾇαπᾷρως
803 680 937 731 ἔχοντες
951 710 960 727 ,
990 682 1050 718 καὶ
1071 682 1145 730 ἅμα
1172 683 1209 718 οὐ

173 735 461 786 προῦπειδόμενοι
480 735 536 772 τὸν
551 739 728 787 χειμῶνα,
748 739 823 775 οὐδὲ
839 738 890 775 ὅτι
910 739 990 782 ἐξίοι
1007 743 1027 784 ἡ
1049 741 1130 782 παῖς
1152 741 1210 788 (ιι),

174 791 346 843 Ἀγρίππᾳ
369 792 429 841 μὲν
450 794 621 830 οὐδοτιοῧν
648 796 754 831 εἰπεῖν
785 796 996 845 ἐτόλμησαν,
1019 797 1148 844 ἥκοντα
1175 798 1210 834 δὲ

173 850 229 886 τὸν
246 851 418 887 Νικόλαον
438 851 452 866 '⁶
469 851 621 903 δεόμενοι
641 854 682 902 (4)
701 860 897 907 παρασχεῖν
918 856 1032 897 αὐτοῖς
1050 854 1211 906 (Ηρώδην

175 907 297 957 βοηθὸν
314 908 372 944 καὶ
388 909 602 959 προστάτην.
624 910 693 947 Καὶ
715 910 748 953 ὃς
766 911 861 959 μάλα
881 911 1064 963 προθύμοις
1080 913 1208 959 ὑπέστη

174 964 230 1001 διὰ
254 963 315 1010 τὴν
333 969 394 1012 τῆς
413 967 542 1018 πολεως
560 966 673 1014 δόξαν,
702 969 761 1005 καὶ
791 969 912 1015 ἐδεήθη
939 973 997 1007 τοῦ
1025 971 1210 1020 βασιλέως,

173 1022 363 1103 διηγήσατό
382 1038 418 1060 τε
437 1025 528 1060 αὐτω
551 1025 588 1061 τὸ
612 1031 776 1077 πρᾶγμα,
803 1028 847 1068 ὡς
874 1028 912 1063 οὐ
934 1028 1073 1069 δικαίως
1098 1029 1212 1070 αὐτοῖς

173 1081 368 1132 ὀργίζεται,
389 1081 466 1119 οὔτε
493 1082 666 1137 προειπὼν
687 1083 738 1120 ὅτι
761 1085 893 1133 πέμποι
909 1084 970 1131 τὴν
997 1092 1162 1138 γυναῖκα
1166 1090 1210 1138 ὡς

174 1139 294 1182 αὐτους
309 1168 318 1185 ,
337 1139 405 1177 οὔθ’
423 1139 541 1183 ολως’
527 1141 662 1178 εκείνων
681 1143 951 1194 προῃσθημένων
969 1143 1024 1180 διὰ
1039 1144 1077 1181 τὸ
1093 1145 1212 1196 νυκτὸς

174 1196 274 1235 ἰέναι.
290 1197 394 1241 Τέλος
406 1199 435 1234 δ’
452 1201 508 1235 οὐν
522 1199 769 1249 ἀναδεξάμενος
785 1203 802 1237 ὁ
820 1200 905 1251 ἀνὴρ
922 1200 983 1247 τὴν
997 1202 1210 1253 προστασίαν

174 1254 370 1306 ευρίσκεται
386 1258 498 1299 αὐτοῖς
514 1256 576 1302 τὴν
595 1256 715 1308 ἄφεσιν
733 1261 793 1303 τῆς
809 1259 934 1309 ζημίας
946 1289 956 1309 ,
971 1260 1029 1296 καὶ
1047 1276 1108 1306 την
1127 1260 1211 1331 ὑπὲρ

175 1312 303 1359 ταύτης
332 1314 528 1361 ἐπιστολὴν,
551 1314 611 1352 ἅτε
640 1315 680 1360 δὴ
707 1317 970 1362 ἀπεληλυθότων
996 1318 1062 1365 ηδη
1093 1319 1148 1355 διὰ
1174 1319 1211 1356 τὸ

174 1373 370 1422 ἀπογνωναι
390 1372 452 1417 τὴν
470 1373 647 1418 ἀπόλυσιν,
668 1374 832 1426 Νικολάῳ
850 1375 967 1412 δίδωσι
982 1375 1086 1413 πλέον
1105 1392 1137 1413 τι
1154 1377 1211 1414 ἐπὶ

175 1429 261 1467 Χίου
283 1444 342 1466 και
363 1429 502 1476 l'd6ou,
523 1430 602 1467 ἔνθα
621 1434 710 1476 ἦσαν
731 1433 824 1483 αὐτῳ
852 1435 882 1470 οἱ
902 1435 1000 1476 υιεῖς·
1022 1434 1120 1476 αὐτὸς
1145 1434 1212 1485 γὰρ

174 1502 230 1522 επι
253 1487 499 1538 Παφλαγονίας
525 1503 579 1537 ῃει
601 1504 660 1525 συν
691 1488 878 1542 Ἀγρίππᾳ.
910 1491 1080 1534 Νικόλαος
1109 1492 1143 1529 δε
1173 1494 1211 1529 ἐκ

173 1546 234 1590 τῆς
259 1545 398 1593 Ἀμισοῦ
416 1543 565 1588 πλεύσας
588 1546 651 1583 ἐπὶ
676 1548 877 1597 Βυζάντιον,
901 1551 1056 1586 κάκεῖθεν
1081 1551 1127 1592 εἷς
1148 1550 1211 1595 τὴν

174 1603 327 1654 Τρωοίὸα
344 1607 424 1654 γῆν7
446 1604 552 1655 ἀνέξῃ
571 1606 615 1647 εἰς
633 1602 757 1655 Ἴλιον,
776 1607 835 1643 καὶ
848 1607 909 1653 τὴν
930 1611 990 1653 τῆς
1012 1609 1211 1652 ἀπολύσεως

174 1665 232 1698 τοῦ
254 1661 374 1712 χρέους
403 1661 586 1708 ἐπιστολὴν
608 1663 769 1714 ἀποδοὺς,
797 1665 927 1716 σφόδρα
948 1666 1014 1703 ὑπὸ
1033 1670 1099 1703 τῶν
1129 1668 1211 1705 Ἰλι-

176 1720 239 1756 έων
261 1721 301 1769 (5)
322 1719 421 1762 αὐτός
437 1735 471 1756 τε
491 1721 549 1757 καὶ
568 1720 617 1758 ἔτι
634 1723 766 1771 μᾶλλον
784 1725 800 1760 ὃ
822 1724 982 1774 βασιλεὺς
1000 1724 1157 1774 ἐτιμήθη.

678 1807 714 1844 [ι.

229 1888 373 1923 Ibidem
397 1901 404 1922 ε
427 1883 512 1925 εὈτι
530 1886 689 1938 Ἡρώοης
704 1887 806 1933 πάλιν
828 1890 853 1939 (ι
859 1891 869 1938 )
890 1890 1060 1939 διαμεθεις
1083 1890 1138 1928 τὸν
1158 1906 1210 1943 ιρι·

175 1943 373 1995 λοσοιρίας”
355 1960 483 1995 ερωτα,
503 1943 520 1982 0
541 1946 632 1997 φιλεῖ
652 1948 693 1996 (2)
712 1962 780 1988 τοις
802 1948 835 1984 ἐν
854 1949 1008 1999 ὑπεροχῇ
1027 1952 1101 1986 οὖσι
1120 1964 1213 2004 συμ-

175 1999 342 2038 ὅαίνειν
324 2002 379 2039 οιὰ
395 2002 432 2040 τὸ
448 2005 575 2050 πληθος
597 2020 664 2041 των
686 2003 961 2048 ἐξαλλαττόντων
984 2006 1105 2049 αὐτους
1126 2009 1212 2058 ἀγα-

174 2061 241 2096 θων
245 2061 462 2112 ,ἐπεθύμησε
479 2062 617 2099 πάλιν
604 2078 805 2114 ρητορικης,
827 2079 886 2101 και
906 2065 1110 2102 Νικόλαον’
1093 2064 1205 2115 ηνοίγ-

175 2119 256 2161 καζε
274 2118 531 2170 συρρητορεύειν
547 2121 656 2172 αὐτῷ,
673 2121 731 2157 καὶ
746 2124 841 2172 κοινῇ
853 2122 1089 2174 ἐρρητόρευον.
1107 2117 1213 2176 Αὖθις

973 135 1176 174 NICOLAI
1206 136 1496 176 DAMASCENI

1313 223 1399 253 Fecit
1420 222 1568 253 Nicolaus
1584 221 1668 260 quod
1687 229 1834 261 magnam
1851 222 1910 253 viri
1935 222 2039 262 prodit
2062 223 2301 256 humanitatem.

1271 281 1349 311 Nam
1363 288 1464 319 quum
1477 280 1574 318 Julian,
1587 280 1720 311 caesaris
1731 280 1860 318 Augusti
1872 280 1947 319 filia,
1959 281 2076 320 conjux
2090 284 2133 313 M.
2148 284 2304 322 Agrippan,

1272 339 1368 368 noctu
1396 338 1487 368 Ilium
1518 339 1657 376 peteret,
1675 337 1756 368 sorte
1776 337 1908 376 accidit,
1935 340 1989 377 ut,
2025 339 2134 370 estusis
2155 341 2305 371 torrenti-

1274 395 1334 426 bus
1350 394 1544 426 Scamandro
1558 403 1655 434 supra
1676 394 1808 425 modum
1823 397 1936 435 aucto,
1954 396 2040 427 Julia
2061 405 2135 427 cum
2162 397 2304 437 famulis,

1270 455 1324 492 qui
1341 452 1379 483 ad
1398 452 1545 483 lecticam
1561 453 1670 492 erant,
1687 453 1720 484 in
1735 454 1923 493 trajiciendo
1937 455 2035 486 fluvio
2051 456 2227 495 periclitata
2238 458 2307 488 tan-

1271 510 1339 539 tum
1353 517 1415 539 non
1428 510 1562 540 mortem
1576 511 1758 549 oppeteret,
1774 512 1940 543 Iliensibus
1950 512 2106 544 adventus
2118 513 2200 544 illius
2213 522 2299 554 pror-

1270 572 1323 595 sus
1339 563 1465 602 ignaris.
1480 565 1694 600 Quamobrem
1710 565 1890 605 indignatus
1904 567 2056 607 Agrippa,
2074 568 2161 607 quod
2177 569 2306 601 Ilienses

1271 624 1392 655 nullam
1406 632 1500 663 opem
1513 624 1680 663 tulissent,
1697 624 1923 656 drachmarum
1939 627 2060 665 argenti
2073 627 2213 658 millibus
2231 636 2306 659 cen-

1272 681 1340 710 tum
1357 688 1411 711 eos
1428 682 1602 712 mulctavit.
1619 682 1680 717 Qui
1697 691 1795 722 quum
1811 691 1925 722 magna
1947 684 1979 713 in
1998 682 2185 715 difficultate
2201 693 2307 716 versa-

1276 735 1399 772 rentur,
1430 743 1534 774 neque
1556 736 1776 774 tempestatem
1807 745 1910 775 neque
1936 736 2107 767 adventum
2132 737 2227 768 Juliae
2250 745 2307 777 po·

1271 790 1403 822 tuissent
1425 790 1621 829 prospicere,
1646 792 1790 830 Agrippae
1803 791 1931 831 quidem
1945 792 2073 832 obloqui
2093 792 2222 824 minime
2234 795 2309 824 sunt

1271 846 1338 876 ausi
1355 846 1529 886 quidquam
1540 871 1549 885 ,
1566 846 1734 878 Nicolaum
1757 856 1833 878 vero
1849 847 2002 879 adeuntes
2022 850 2173 888 orarunt,
2191 851 2227 881 ut
2242 852 2306 882 He-

1272 900 1381 932 rodem
1398 910 1502 941 regem
1517 902 1577 933 sibi
1593 902 1835 942 suffragatorem
1858 902 2101 944 adjutoremque
2114 905 2305 938 conciliaret.

1279 957 1373 994 Quod
1390 957 1519 997 quidem
1533 958 1585 989 ille
1602 957 1643 989 ob
1655 959 1795 990 veterem
1809 958 1945 990 civitatis
1957 960 2087 999 gloriam
2105 960 2308 993 libentissime

1271 1014 1424 1053 suscepit,
1454 1014 1582 1054 regique
1609 1014 1742 1054 supplex
1769 1015 1933 1055 exposuit,
1957 1015 2115 1048 immerito
2138 1017 2307 1057 Agrippam

1273 1068 1440 1100 Iliensibus
1461 1077 1664 1108 succensere,
1683 1069 1770 1109 quod
1784 1070 1858 1110 ¹ipse
1876 1079 1930 1102 eos
1954 1080 2016 1101 non
2030 1073 2257 1111 praemonuerit
2269 1073 2309 1104 de

1271 1124 1411 1155 adventu
1438 1123 1564 1162 uxoris,
1592 1123 1637 1154 illi
1662 1133 1736 1155 vero
1761 1124 1802 1155 ob
1826 1127 2019 1158 nocturnum
2044 1126 2112 1165 eJus
2135 1127 2307 1159 adventum

1271 1178 1453 1218 praesentire
1478 1178 1653 1219 quidquam
1675 1188 1739 1210 non
1758 1180 1931 1219 potuerint.
1957 1181 2099 1213 Tandem
2120 1191 2220 1222 quum
2246 1185 2308 1215 He-

1273 1235 1364 1266 rodes
1390 1243 1517 1266 causam
1536 1235 1695 1266 Iliensium
1721 1236 1924 1276 suscepisset,
1941 1237 2065 1269 veniam
2093 1239 2221 1271 mulctae
2249 1240 2308 1271 im-

1272 1290 1420 1330 petravit,
1437 1292 1534 1330 atque
1547 1291 1692 1332 Agrippae
1706 1301 1742 1323 ea
1755 1292 1794 1323 de
1808 1302 1842 1324 re
1855 1293 2032 1334 epistolam,
2047 1295 2111 1333 Jam
2130 1295 2263 1328 reversis
2277 1296 2308 1328 iu

1272 1346 1406 1386 patriam
1432 1346 1612 1385 Iliensibus,
1635 1356 1673 1378 eo
1695 1347 1780 1388 quod
1804 1348 1843 1380 de
1861 1349 1953 1379 venia
1975 1349 2170 1389 impetranda
2183 1360 2310 1391 prorsus

1272 1403 1540 1442 desperavissent,
1569 1404 1696 1435 Nicolao
1725 1404 1843 1444 tradit,
1863 1405 1916 1444 qui
1942 1405 2057 1436 Chium
2081 1415 2119 1437 ac
2142 1406 2308 1447 Rhodum,

1273 1461 1326 1491 uhi
1344 1461 1412 1500 ejus
1426 1460 1480 1492 filii
1500 1461 1719 1501 morabantur,
1738 1461 1893 1501 petiturus
1918 1464 2002 1501 erat;
2028 1463 2144 1504 quippe
2168 1464 2232 1504 ipse
2248 1474 2310 1496 una

1273 1524 1346 1546 cum
1360 1518 1402 1547 M.
1419 1515 1553 1556 Agrippa
1575 1515 1633 1547 iter
1654 1516 1685 1547 in
1710 1516 1950 1556 Paphlagoniam
1971 1518 2110 1557 parabat.
2134 1519 2231 1558 Igitur
2253 1520 2307 1550 Ni-

1273 1571 1381 1602 colaus
1405 1571 1503 1602 Amisi
1530 1571 1655 1602 solvens
1691 1572 1832 1611 Byzantii
1867 1574 1995 1612 portum
2024 1573 2144 1612 tenuit,
2180 1574 2253 1605 iude
2277 1574 2309 1605 iu

1274 1627 1428 1658 Troadem
1447 1628 1598 1667 navigans
1610 1628 1703 1659 Ilium
1716 1628 1857 1660 ascendit
1869 1653 1877 1667 ,
1896 1629 2058 1669 literisque
2072 1630 2110 1661 de
2127 1631 2255 1661 mulctoe
2269 1630 2308 1661 li-

1273 1684 1438 1715 beratione
1454 1684 1597 1722 traditIS,
1624 1693 1723 1723 quum
1749 1684 1814 1724 ipse
1839 1687 1907 1716 tum
1931 1686 2069 1717 maxime
2095 1686 2234 1718 Herodes
2252 1695 2309 1718 rex

1274 1747 1416 1770 summos
1435 1739 1569 1770 honores
1582 1739 1622 1770 ab
1641 1739 1806 1770 Iliensibus
1824 1744 2012 1771 consecutus
2028 1742 2085 1772 est.

1776 1818 1811 1849 4.

1314 1896 1454 1927 Herodes
1477 1897 1654 1928 intermisso
1674 1905 1749 1927 mox
1769 1897 1977 1936 philosophiae
1999 1897 2103 1928 studio
2126 1897 2232 1938 (quod
2249 1905 2307 1929 usu

1275 1954 1381 1985 venire
1397 1954 1477 1985 solet
1493 1954 1675 1985 hominibus
1691 1954 1722 1985 in
1742 1954 1917 1994 principatu
1940 1955 2048 1994 positis
2060 1955 2101 1986 ob
2114 1955 2307 1986 affluentiam

1275 2012 1429 2043 bonorum
1442 2036 1450 2051 ,
1467 2021 1539 2051 quac
1558 2013 1684 2043 mutant
1703 2012 1843 2052 animos,
1870 2021 1972 2052 neque
1991 2013 2050 2044 sibi
2074 2014 2218 2044 constare
2236 2022 2308 2053 pcr-

1274 2070 1438 2110 mittuut),
1462 2072 1563 2101 artem
1588 2070 1776 2101 rhetoricam
1795 2071 1942 2102 adamare.
1965 2071 2059 2111 coepit
2077 2071 2306 2111 Nicolaumque

1274 2129 1450 2160 declamare
1465 2137 1572 2160 secum
1593 2129 1695 2168 jussit.
1713 2128 1773 2160 Sed
1790 2138 1889 2168 quum
1915 2129 2110 2169 aliquamdiu
2136 2129 2302 2161 rhetoricae

174 2228 365 2269 adscriptum
380 2240 494 2262 nomen
504 2233 642 2264 auctoris
655 2242 661 2262 :
676 2233 843 2264 Νικολάου.
856 2251 897 2257 -
914 2239 940 2265 1.
959 2234 1168 2266 probabiliter
1184 2235 1254 2265 haec
1267 2235 1308 2266 ad
1323 2234 1491 2271 Herodem,
1503 2234 1557 2273 qui
1575 2234 1739 2265 Nicolaum
1752 2234 1810 2264 sibi
1823 2235 2022 2272 adiunxerit,
2040 2234 2203 2265 referenda
2215 2234 2303 2270 sunt,

175 2276 255 2310 Quae
272 2276 303 2306 in
321 2277 579 2308 antecedentibus
596 2281 719 2311 narrata
739 2279 873 2319 fuerint,
891 2289 930 2311 ne
947 2281 1128 2320 conjectura
1140 2281 1268 2321 quidem
1294 2281 1417 2321 assequi
1441 2281 1524 2312 licet.
1542 2298 1583 2303 —
1600 2284 1629 2311 2.
1647 2282 1724 2311 Rem
1749 2279 1779 2310 h.
1800 2281 1822 2312 l.
1848 2282 2007 2311 narratam
2032 2280 2131 2319 tangit
2151 2280 2307 2319 ,Iosephus

175 2324 211 2351 A.
225 2323 255 2352 J.
274 2325 365 2362 XVI,
382 2327 398 2353 2
409 2347 418 2361 ,
437 2327 453 2353 2
475 2335 482 2354 :
500 2324 616 2355 Πολλαί
630 2325 682 2364 μὲν
698 2325 750 2356 οὖν
764 2327 815 2356 καὶ
829 2325 896 2356 καθ’
916 2327 1048 2364 ἑκάστην
1062 2327 1148 2358 πόλιν
1162 2327 1329 2367 εὐεργεσίαι
1342 2331 1386 2367 τῷ
1400 2328 1520 2367 βασιλεῖ
1535 2327 1693 2366 (Ἡρώδῃ)
1709 2327 1788 2357 κατὰ
1802 2327 1854 2362 τὰς
1869 2327 1969 2366 χρείας
1985 2330 2046 2357 τῶν
2064 2326 2307 2366 ἐντυγχανόντων

174 2368 323 2406 ἐγένοντο.
341 2370 400 2400 Καὶ
417 2370 474 2409 γὰρ
487 2371 577 2406 αὐτὸς
596 2372 657 2401 ὅσα
678 2373 728 2402 διὰ
742 2373 909 2412 χρημάτων
931 2374 968 2411 ἦν
984 2375 1002 2411 ἢ
1020 2375 1187 2410 δεξιώσεως
1204 2374 1240 2404 οὐ
1263 2375 1455 2414 παρέλειπεν,
1473 2375 1502 2409 ἐξ
1520 2376 1613 2404 αὑτοῦ
1629 2375 1681 2409 τὰς
1704 2373 1839 2408 δαπάνας
1861 2374 2041 2413 ποιούμενος
2053 2395 2062 2410 ,
2086 2374 2138 2404 καὶ
2151 2377 2212 2403 τῶν
2236 2372 2308 2413 παρ’

177 2414 327 2455 Ἀγρίππᾳ
340 2420 429 2446 τινῶν
445 2417 687 2457 ἐπιζητουμένων
702 2420 826 2458 μεσίτης
839 2419 888 2457 ἦν,
903 2421 954 2450 καὶ
969 2420 1162 2460 διεπράττετο
1178 2421 1304 2459 μηδενὸς
1319 2421 1471 2460 ἀτυχῆσαι
1487 2420 1556 2455 τοὺς
1570 2420 1765 2459 δεομένους...
1779 2419 1899 2450 Ἰλιεῦσι
1914 2419 1967 2459 μὲν
1980 2420 2037 2459 γὰρ
2050 2419 2140 2450 αὐτὸν
2154 2419 2307 2455 διήλλαξεν

176 2461 381 2501 ὀργιζόμενον,
396 2463 513 2493 διέλυσε
527 2464 557 2493 δὲ
572 2464 657 2499 Χίοις
671 2466 709 2495 τὰ
722 2466 794 2505 πρὸς
807 2467 877 2501 τοὺς
894 2467 1048 2506 Καίσαρος
1064 2466 1243 2506 ἐπιτρόπους
1263 2467 1406 2506 χρήματα
1417 2490 1426 2504 ,
1440 2467 1492 2497 καὶ
1511 2471 1571 2497 τῶν
1588 2468 1737 2506 εἰσφορῶν
1750 2467 1897 2503 διήλλαξε.
1920 2466 2048 2497 Ilienses
2064 2465 2184 2496 mulcta
2200 2465 2306 2496 affecti

176 2511 252 2540 sunt
266 2511 402 2539 excunte
415 2518 497 2539 anuo
512 2512 570 2541 737
586 2519 616 2541 a.
632 2520 678 2548 u.‚
698 2515 730 2543 17
747 2521 777 2543 a.
795 2514 852 2551 C.;
875 2513 996 2544 Nicolai
1015 2523 1109 2553 opera
1130 2513 1252 2545 liberati
1269 2513 1388 2544 mulcta
1401 2515 1476 2543 suut
1488 2521 1562 2543 vere
1575 2513 1626 2544 vel
1639 2515 1749 2544 aestate
1762 2513 1836 2543 anni
1849 2513 2022 2552 sequentis.
2035 2511 2159 2543 Etenim
2174 2511 2306 2550 Agrippa

176 2555 208 2585 iu
224 2555 327 2586 Asiam
342 2557 452 2585 contra
466 2557 679 2595 Bosporanus,
695 2558 748 2597 qui
764 2559 927 2589 Scribonio
943 2559 1023 2590 duce
1038 2569 1086 2590 res
1102 2567 1200 2589 novas
1216 2559 1440 2598 moliebantur,
1454 2559 1566 2590 missus
1577 2561 1623 2590 est
1640 2561 1674 2590 L.
1693 2558 1832 2589 Domitio
1846 2558 2055 2590 Ahenobarba
2068 2562 2099 2589 et
2112 2559 2148 2588 P.
2161 2557 2306 2588 Cornelio

177 2601 322 2640 scipione
339 2610 434 2639 coss,
452 2602 497 2632 uti
513 2604 646 2633 testatur
662 2605 720 2634 Dio
734 2606 858 2636 Cassius
875 2608 956 2644 LIV,
983 2610 1027 2637 19.
1052 2605 1235 2637 Accuratius
1251 2607 1394 2645 tempora
1411 2605 1600 2636 constituere
1622 2606 1697 2636 licet
1710 2613 1728 2636 e
1743 2605 1880 2644 Josepho
1896 2608 1932 2636 A.
1949 2607 1979 2636 J.
2001 2607 2087 2644 XVI,
2105 2608 2136 2642 2,
2162 2607 2190 2641 l,
2207 2611 2225 2633 a
2241 2611 2305 2642 quo

176 2647 328 2678 docemur
342 2648 508 2687 Agrippam
527 2648 557 2678 in
575 2649 679 2679 Asiam
703 2651 879 2689 profectum
895 2660 935 2682 ex
952 2653 1038 2683 Ionia
1056 2652 1177 2683 venisse
1199 2651 1230 2682 iu
1246 2652 1387 2691 Syriam,
1404 2652 1459 2682 uhi
1482 2651 1522 2682 ab
1543 2651 1665 2683 Herode
1675 2660 1769 2682 omne
1784 2660 1882 2691 genus
1907 2651 2079 2682 honoribus
2098 2650 2230 2681 affectus
2251 2649 2303 2680 sit.

179 2696 298 2725 Verum
322 2703 376 2733 per
398 2703 515 2733 paucos
537 2697 661 2726 tautum
679 2696 746 2727 dies
770 2697 810 2727 ibi
825 2701 1038 2730 commoratus
1054 2701 1110 2730 est.
1128 2701 1208 2730 Nam
1224 2700 1274 2730 διὰ
1293 2700 1344 2730 τὸν
1366 2700 1469 2739 καιρὸν
1491 2699 1651 2738 ἠπείγετο·
1669 2700 1721 2730 τὸν
1743 2699 1802 2739 γὰρ
1820 2699 1915 2729 πλοῦν
1934 2697 2211 2731 ἐπιὸαίνοντος
2233 2698 2303 2726 τοῦ

177 2751 218 2779 χε
227 2751 235 2770 ι
244 2743 319 2780 μῶν
328 2751 343 2771 ο
352 2752 364 2775 ς
378 2741 433 2771 οὐκ
444 2741 575 2780 ἐνόμιζεν
586 2742 704 2782 ἀσφαλῆ
716 2746 905 2785 κομιζομένῳ
919 2746 1008 2777 πάλιν
1020 2747 1048 2781 ἐξ
1062 2746 1193 2784 ἀνάγκης
1204 2747 1244 2781 εἰς
1257 2746 1387 2777 Ἰωνίαν.
1404 2747 1538 2781 Ἐκεῖνος
1550 2746 1603 2785 μὲν
1619 2745 1671 2776 οὖν
1682 2745 1848 2776 ἀπέπλει...
1860 2745 1897 2776 Ὁ
1906 2745 1937 2775 δὲ
1950 2744 2093 2784 βασιλεὺς
2105 2753 2166 2783 χει
2177 2753 2197 2782 μ
2208 2741 2281 2772 ἁσα
2290 2755 2303 2777 ς

178 2787 207 2817 ἐν
223 2790 284 2822 τοῖς
298 2787 418 2823 οἰκείοις
429 2811 437 2825 ,
463 2788 574 2828 ἔαρος
590 2790 731 2829 ἠπείγετο
753 2795 911 2832 συντυχεῖν
928 2793 1034 2832 αὐτῷ,
1051 2794 1105 2830 τήν
1126 2794 1166 2828 εἰς
1189 2792 1344 2832 Βόσπορον
1361 2792 1447 2826 εἰδὼς
1464 2791 1623 2831 στρατείαν
1646 2792 1865 2831 προῃρημένον.
1889 2793 1925 2822 ln
1942 2790 2054 2821 itinere
2073 2787 2211 2821 Herodes
2227 2795 2301 2819 cum

177 2833 306 2864 Nicolao
324 2836 432 2865 nostro
449 2835 618 2874 Rhodum,
637 2838 703 2867 con
721 2839 752 2867 et
771 2838 906 2869 Lesbum
924 2841 1150 2878 ι)Γιι·ῐειι”ῑιιῐυ3
1171 2839 1298 2870 tandem
1316 2839 1452 2878 Sinopen
1477 2839 1635 2890 pervenit,
1660 2838 1715 2868 ubi
1737 2840 1814 2869 tunc
1835 2838 1971 2877 Agrippa
1994 2836 2190 2867 versabatur.
2207 2835 2302 2866 Hero-

177 2879 249 2910 dun
264 2888 325 2910 non
340 2881 435 2919 mari,
449 2881 502 2911 sed
516 2883 617 2919 terra,
631 2891 704 2913 cum
720 2884 852 2923 Agrippa
868 2894 922 2924 per
937 2885 1191 2925 Paphlagoniam,
1206 2887 1456 2926 Cappadociam,
1475 2885 1574 2924 l’luy'g
1577 2885 1637 2916 iam
1651 2885 1814 2923 majorem,
1834 2885 1990 2924 Ephesum
2007 2881 2216 2922 contendisse,
2231 2881 2304 2912 inde

177 2929 197 2957 s
201 2936 306 2957 amum
317 2930 531 2959 transvectum
542 2936 608 2959 esse
619 2929 762 2967 pluribus
772 2932 899 2970 exponit
909 2933 1098 2971 Josephusl
1114 2932 1132 2962 l.
1149 2933 1216 2963 Alia
1231 2934 1282 2963 via
1295 2933 1387 2964 rediit
1401 2932 1547 2964 Nicolaus
1557 2955 1565 2970 ‚
1580 2934 1615 2963 ut
1625 2940 1641 2963 e
1655 2934 1762 2963 nostro
1776 2933 1796 2963 l.
1809 2933 1942 2963 constat.
1958 2932 2066 2969 Neque
2079 2931 2183 2960 tamen
2197 2929 2301 2960 statim

179 2975 249 3012 post
270 2974 396 3004 allatam
419 2976 564 3014 lrojffliis
580 2976 743 3014 epistolam
769 2978 915 3009 Rhodum
934 2980 1028 3017 abiit,
1047 2980 1095 3010 vel
1112 2979 1136 3010 si
1162 2980 1258 3018 abiit,
1274 2989 1349 3010 mox
1365 2979 1396 3009 iu
1412 2978 1530 3009 Ioniam
1557 2987 1702 3009 reversus
1727 2979 1790 3016 est,
1808 2977 1860 3008 ubi
1880 2985 1951 3008 cum
1965 2984 2072 3007 coram
2096 2975 2230 3014 Agrippa
2244 2981 2301 3012 pro

177 3020 296 3051 Jndaeis
306 3021 479 3053 orationem
494 3022 639 3052 habuiss«
652 3025 774 3055 constat
784 3034 822 3055 cx
837 3027 974 3065 Josepho
989 3024 1083 3064 (XM,
1098 3031 1133 3062 2.
1149 3028 1207 3067 3),
1222 3027 1276 3067 qui
1288 3028 1326 3058 de
1341 3027 1398 3057 hac
1412 3035 1444 3056 rc
1458 3024 1566 3056 laudat
1578 3025 1697 3056 Nicolai
1709 3025 1789 3056 Hist.
1806 3024 1858 3054 lib
1874 3026 1929 3054 123
1941 3024 1972 3053 et
1990 3023 2056 3052 124.
2069 3037 2110 3044 --
2123 3024 2150 3051 3
2167 3022 2185 3056 ἡ
2199 3017 2299 3057 παῖς]

178 3066 264 3097 ,Ιιιίἰιι
281 3069 350 3097 tum
367 3068 440 3098 titre
467 3077 586 3099 annum
603 3068 715 3107 agebat
742 3071 927 3102 xictsimum
947 3073 1097 3112 tertium3
1116 3082 1188 3103 nam
1214 3074 1287 3103 nata
1315 3074 1361 3102 est
1378 3074 1437 3102 715
1451 3079 1479 3100 a.
1498 3079 1530 3101 u.
1537 3074 1600 3109 ,39
1619 3079 1649 3102 a,
1669 3073 1705 3102 C.
1723 3070 1803 3101 Vide
1817 3069 1909 3100 Dion.
1927 3070 2013 3099 Cass.
2029 3068 2082 3097 XI
2084 3067 2175 3104 VIII,
2193 3066 2243 3095 34.
2260 3081 2301 3086 -

179 3115 208 3143 [ι.
227 3113 394 3148 ἥκοντα..
421 3114 617 3154 δεόμενοι]
634 3127 646 3140 «
661 3115 727 3145 Ουκ
752 3117 877 3156 ἔρρωται
892 3120 930 3148 τὰ
945 3123 997 3154 τῆς
1017 3120 1125 3154 συντάξ
1129 3130 1183 3154 εςω
1172 3142 1205 3157 ,
1221 3119 1296 3154 ἴσως
1310 3119 1359 3148 διὰ
1376 3117 1521 3156 γραφικὸν
1539 3117 1721 3157 ἁμάρτημα·
1740 3116 1847 3154 ὤφειλε
1861 3115 1919 3154 γὰρ
1933 3113 2026 3143 εἶναι·
2046 3113 2173 3149 ἥκοντος
2193 3111 2226 3141 δὲ
2244 3112 2298 3140 ‘²0⁰

179 3158 358 3190 Νικολάου
346 3160 392 3190 εδε
396 3161 524 3196 ήθησαν.
539 3173 553 3187 »
572 3163 686 3200 Coray.
702 3163 835 3193 Orethus
849 3165 1016 3203 proponit
1029 3166 1174 3196 ἰ’κοιτοδὲ
1187 3166 1289 3196 τὸνΝ.
1306 3165 1395 3204 δεόμε
1383 3175 1460 3201 ενοι,
1476 3163 1538 3202 vel,
1553 3172 1652 3202 quum
1665 3164 1725 3193 hoc
1736 3162 1894 3202 poeticum
1907 3160 1958 3198 sit
1974 3158 2133 3196 ι’κοντοδὲ,
2148 3156 2300 3188 Νικολάου

179 3205 326 3243 δεόμενοι.
342 3206 433 3242 Quod
449 3206 617 3238 claudicat.
633 3210 656 3238 Ε
661 3208 792 3239 xcidisse
809 3209 940 3239 terbum
955 3212 1042 3249 puto.
1061 3212 1180 3242 Possis:
1198 3214 1234 3243 N.
1227 3213 1348 3243 κόλαον
1366 3212 1590 3247 ἐπεκαλοῦντο
1607 3211 1742 3250 δεόμενοι
1756 3211 1822 3240 κτλ.
1838 3225 1877 3230 -
1896 3212 1925 3239 5.
1942 3207 2009 3237 Ἰλιε
2004 3205 2068 3245 ων]
2082 3206 2170 3236 ἰλέων
2185 3203 2297 3235 codex·

220 3254 248 3281 4.
273 3252 352 3283 Cod.
380 3255 457 3283 Im.
468 3253 536 3291 fol.
557 3256 633 3291 224,
653 3255 735 3284 261:
755 3274 793 3280 —
812 3257 888 3292 224,
914 3257 1269 3288 81ηςο,-1.πά>ιι..
1293 3257 1422 3296 πάλιν]
1444 3257 1578 3288 alterum
1598 3256 1799 3287 πάλινόιΙριί
1817 3255 1885 3285 *ult
1903 3256 2014 3292 Coray.
2033 3252 2183 3283 Iortassis
2202 3251 2297 3281 recte.

182 3317 219 3323 -
233 3304 261 3329 ·.›..
278 3300 294 3329 ’ὸ
310 3301 366 3338 φιλ
381 3300 425 3339 εἴ]
443 3301 600 3338 Valesius3
624 3302 642 3331 ἃ
665 3302 766 3340 ὀφείλη
792 3302 903 3332 codex.
