2338 3765
948 149 1280 189 FRAGMENTA.

125 231 193 275 ῗΗν
211 236 244 274 δὲ
264 236 432 285 Ἀστυάγῃ
453 234 603 284 Θυγάτηρ
618 233 708 271 πάνυ
728 249 766 284 γε
783 234 919 284 γενναία
936 234 995 271 καὶ
1012 236 1096 271 εὐει·

72 294 150 344 δὴς,
166 294 284 341 ἥντινα
305 293 472 343 Σπιτάμᾳ
493 293 553 343 (12)
577 292 693 329 δίδωσι
712 294 761 343 τῷ
782 292 894 343 Μήδῳ
908 292 964 329 ἐπὶ
982 292 1097 343 προικὶ

71 352 167 403 πάσῃ
190 351 326 403 Μηδίᾳ.
358 352 468 403 Κῦρος
485 350 520 386 δὲ
544 349 808 399 μεταπέμπεται
827 349 884 387 τόν
906 365 943 386 τε
962 349 1096 400 πατέρα

71 408 280 460 Ἀτραδάτην
309 407 368 444 καὶ
394 407 579 457 Ἄργόστην
611 406 673 452 τὴν
702 406 836 458 μητέρα
867 407 905 444 ἐκ
925 406 1094 457 Μάρδων.

103 468 113 503 ἱ
139 465 174 503 δὲ
203 460 286 511 ἧκον
307 464 359 502 ἐπ’
392 466 485 516 αὐτῷ
514 463 655 516 μεγάλῳ
686 464 757 502 ὄντι
778 466 851 517 (13).
882 463 1098 513 Ἐξηγήσατο

71 524 100 560 δ’
116 525 208 574 αὐτῷ
220 523 277 560 καὶ
288 526 309 568 ἡ
326 523 441 573 μήτηρ
455 521 593 573 ὄνειρον,
604 524 649 564 ὡς
661 522 790 559 κύουσα
805 521 905 559 αὐτὸν
921 521 1013 565 δόξαι
1028 538 1098 559 κοι-

71 581 217 629 μηθεῖσα
232 581 265 616 ἐν
281 582 328 631 τῷ
340 581 433 631 ἱερῷ,
448 579 548 625 ἡνίκα
564 582 597 616 ἐν
607 579 760 630 Μάρδοις
772 574 813 625 ἦν
825 580 1013 616 αἰπολοῦσα
1026 581 1096 631 (1⁴).

71 659 121 664 ——-
133 655 147 669 α
157 636 285 680 Ἔδοξα
297 635 376 687 γὰρ,
388 636 464 688 ἔφη,
476 637 619 687 οὐρῆσαι
629 639 785 673 τοσοῦτον
797 629 972 683 nemeae&
988 638 1097 686 Κῦρε,

71 693 128 739 σὲ,
146 693 234 730 ὥστε
253 698 409 742 ποταμοῦ
425 693 575 744 μεγάλου
593 693 746 745 ῥεύματα
760 695 874 742 ὅμοιον
891 694 1046 744 γενέσθαι
1063 694 1099 731 τὸ

68 753 197 797 πλῆθος
216 755 273 789 τοῦ
292 751 409 803 οὔρου,
429 751 486 789 καὶ
511 750 729 789 κατακλύσαι
749 758 862 788 πᾶσαν
882 751 942 797 τὴν
964 751 1078 789 Ἀσίαν
1092 768 1099 774 ·

71 811 191 860 ῥυῆναι
204 808 239 847 δὲ
256 809 338 846 αὐτὸ
357 809 439 860 ἄχρι
456 808 637 855 θαλάττης.
660 826 674 842 »
698 809 766 847 Καὶ
787 808 934 860 ὁπατὴρ
953 810 1100 852 ἀκούσας

70 866 202 904 κελεύει
222 867 290 909 τοῖς
310 869 344 904 ἐν
363 866 544 904 Βαὸυλῶνι
560 866 745 909 Χαλδαίοις
762 868 969 918 ὑπερθεῒναι.
987 869 1098 919 Κῦρος

71 924 106 961 δὲ
125 924 182 962 τὸν
205 924 412 973 λογιώτατον
433 925 544 961 αὐτῶν
566 923 715 966 καλέσας
745 924 935 974 ἐξηγήσατο
949 940 957 948 ·
985 925 1043 961 καὶ
1068 924 1101 966 ὃς

71 981 292 1034 ἀποκρίνεται
317 982 406 1032 μέγα
435 997 471 1019 τε
500 975 587 1019 εἶναι
611 982 649 1019 τὸ
679 982 948 1034 προφαινόμενον
976 982 1100 1032 ἀγαθὸν

70 1040 128 1078 καὶ
148 1040 209 1085 τὴν
232 1039 372 1090 πρώτην
399 1041 490 1091 αὐτῷ
517 1038 619 1089 τιμὴν
642 1039 741 1092 φέρον
775 1041 809 1076 ἐν
842 1039 957 1092 Ἀσίᾳ·
978 1041 1044 1077 δεῗν
1066 1039 1101 1077 δὲ

69 1097 244 1149 κρύπτειν,
254 1099 299 1140 ὡς
311 1097 358 1146 μὴ
374 1097 562 1147 Ἀστυάγης
579 1097 710 1148 ἀκούσῃ
721 1112 728 1120 ·
744 1116 758 1130 «
771 1097 918 1135 κάκιστα
935 1096 1001 1149 γὰρ
1013 1098 1051 1135 σε’
1063 1114 1099 1135 τε

69 1156 264 1202 ἀποκτενεῖ,
280 1154 369 1203 κάμὲ
388 1154 444 1192 τὸν
464 1158 612 1206 κριτῆρα
633 1157 749 1193 αὐτοῦ.
775 1173 788 1188 υ
808 1152 969 1204 ’Ώμοσαν
985 1155 1020 1193 δὲ
1038 1157 1100 1192 ἀλ-

69 1213 185 1258 λήλοις
200 1212 321 1262 μηδενὶ
340 1212 494 1263 κατερεῖν
508 1211 569 1257 τὴν
590 1212 665 1263 ὄψιν
683 1211 835 1262 μεγάλην
855 1227 891 1249 τε
911 1206 1015 1250 οὖσαν
1038 1212 1097 1250 καὶ

68 1269 143 1307 οἵαν
164 1272 225 1308 οὐκ
246 1270 366 1317 ἄλλην.
392 1270 460 1308 Ἐκ
480 1269 599 1308 τούτου
619 1270 705 1307 πολὺ
727 1270 849 1320 μείζων
869 1270 929 1321 (15)
948 1273 965 1309 ὃ
987 1273 1099 1322 Κῦρος

68 1328 246 1378 γενόμενος
265 1328 448 1379 σατράπην
468 1327 525 1365 τὸν
541 1330 644 1365 αὐτοῦ
664 1328 797 1379 πατέρα
817 1330 960 1379 Περσῶν
978 1330 1099 1375 ἐποίη-

72 1401 109 1423 σε
123 1416 133 1435 ,
150 1385 209 1423 καὶ
229 1384 291 1432 τὴν
314 1384 448 1437 μητέρα
466 1385 604 1436 πλούτῳ
624 1401 660 1423 τε
680 1386 738 1423 καὶ
758 1385 900 1436 δυνάμει
921 1387 1100 1438 Περσίδων

68 1444 225 1496 πρώτην.

121 1500 308 1539 Καδούσιοι
328 1500 363 1538 δὲ
385 1501 461 1538 τότε
481 1500 640 1551 πολέμιοι
659 1496 748 1548 ἦσαν
771 1502 923 1552 βασιλεῖ,
949 1501 1099 1553 ἄρχοντα

68 1558 202 1610 ἔχοντες
229 1558 443 1611 Ὀναφέρνην
469 1560 548 1609 (16),
569 1558 660 1603 ὅστις
679 1558 854 1611 προδιδοὺς
876 1559 915 1596 τὸ
943 1558 1032 1602 ἔθνος
1057 1559 1100 1597 τὰ

70 1615 236 1666 βασιλέως
247 1616 395 1668 ἐφρόνει,
410 1617 469 1654 καὶ
483 1615 623 1669 πέμψας
637 1617 780 1667 ἄγγελον
797 1616 892 1668 παρὰ
907 1617 1097 1668 Ἀστυάγην

68 1675 182 1725 ᾐτεῖτο
206 1674 312 1725 ἄνδρα
328 1674 462 1720 πιστὸν,
481 1677 526 1717 ὡς
543 1674 603 1712 σὺν
624 1676 718 1727 αὐτῷ
739 1675 930 1725 βουλεύσειε
951 1675 994 1712 τὰ
1021 1676 1098 1727 περὶ

68 1735 130 1777 τῆς
148 1731 343 1783 προδοσίας.
366 1731 437 1769 Καὶ
463 1731 498 1774 ὃς
517 1732 686 1781 ἐκπέμπει
715 1735 842 1784 Κῦρον,
861 1735 906 1775 ὣς
924 1731 965 1769 ἂν
986 1733 1098 1770 πάντα

69 1788 300 1841 συμπράξειεν
310 1804 318 1812 ·
329 1789 443 1841 ἡμέρᾳ
458 1789 491 1826 δὲ
504 1793 763 1841 τεσσαρακοστῇ
775 1788 896 1842 ὥρισεν
910 1791 1000 1841 αὐτῷ
1016 1792 1097 1842 παρ’

73 1847 175 1885 αὐτὸν
199 1849 245 1890 εἷς
268 1847 468 1885 Ἐκὸάτανα
486 1848 648 1895 ἀνελθεῖν.
668 1847 740 1886 Καὶ
757 1850 774 1884 ὃ
790 1851 849 1884 τοῦ
870 1847 999 1899 ὀνείρου
1024 1863 1101 1899 κρι-

70 1905 130 1951 τὴς
147 1905 401 1957 παρεθάρρυνεν
422 1905 522 1942 αὐτὸν
542 1907 589 1947 εἷς
610 1905 821 1947 Καδουσίους
841 1905 1016 1954 ἀπελθεῖν,
1041 1905 1100 1942 καὶ

70 1962 285 2014 φρονήματος
311 1961 518 2010 ἐνεπίμπλα.
549 1961 672 2012 Εἰσῄει
702 1960 737 1998 δὲ
758 1964 886 2012 Κῦρον,
915 1962 974 1999 ἅτε
1002 1961 1099 2013 φύσει

70 2025 224 2070 γενναῖον
243 2019 302 2057 καὶ
319 2019 575 2072 μεγαλόφρονα,
590 2021 635 2062 ὡς
653 2018 743 2070 χρὴ,
765 2022 839 2057 θεοῦ
860 2019 1102 2068 συλλαμὸανο-

69 2077 192 2127 μένου,
218 2076 355 2128 Πέρσας
382 2079 595 2123 ἀποστῆσαι,
622 2077 681 2114 καὶ
701 2076 890 2127 Ἀστυάγην
916 2081 1099 2128 πειρᾶσθαι

69 2138 130 2181 τῆς
144 2137 253 2186 ἀρχῆς
269 2133 405 2182 παύειν,
426 2132 599 2171 πιστεύειν
619 2149 655 2171 τε
670 2135 719 2185 τῷ
736 2133 952 2185 Βαὸυλωνίῳ
966 2135 1008 2171 τὰ
1025 2136 1097 2171 θεῖα

70 2193 239 2231 κάλλιστα
262 2191 527 2243 ἐξεπισταμένῳ.
547 2190 755 2242 Ἐθάρρυνον
775 2193 833 2241 (17)
850 2191 884 2228 δὲ
911 2191 1099 2237 ἀλλήλους·

69 2254 88 2289 ὁ
106 2250 166 2300 μὲν
186 2249 405 2292 Βαὸυλώνιος
420 2251 535 2300 Κῦρον
551 2247 603 2286 ὅτι
620 2249 824 2301 εἱμαρμένον
843 2250 894 2295 εἴη
914 2251 1014 2288 αὐτὸν
1034 2266 1097 2287 κα-

70 2309 217 2345 ταλῧσαι
229 2306 419 2356 Ἀστυάγην
436 2306 495 2344 καὶ
511 2305 573 2352 τὴν
591 2306 718 2344 ἐκείνου
735 2307 911 2356 βασιλείαν
929 2309 1027 2354 ἑλεῖν,
1041 2306 1099 2344 καὶ

71 2366 162 2403 τοῦτ’
184 2364 282 2407 αὐτὸς
303 2365 426 2416 ἄριστα
443 2363 619 2414 γινώσκειν
634 2380 642 2387 ·
664 2367 680 2401 ὃ
700 2365 729 2401 δ’
749 2358 793 2401 αῧ
814 2366 924 2416 Κῦρος
942 2365 997 2402 τὸν
1027 2367 1101 2403 Βα-

72 2422 248 2469 δυλώνιον,
267 2422 318 2460 ὅτι
342 2422 500 2472 μεγάλων
529 2421 629 2459 αὐτὸν
658 2422 880 2469 καταξιώσει,
907 2423 1097 2473 γενομένων

71 2480 210 2526 τούτων,
228 2480 286 2517 ἐὰν
303 2479 401 2522 αὐτὸς
420 2479 577 2530 βασιλεὺς
594 2479 745 2530 γένηται.
765 2480 986 2530 Ἒνεθυμεῖτο
1007 2480 1042 2517 δὲ
1056 2482 1101 2523 ὡς

72 2537 132 2575 καὶ
159 2536 326 2589 Ἀρὸάκης
354 2537 489 2579 παύσας
518 2536 814 2587 Σαρδανάπαλλον
843 2537 1005 2589 πρότερον
1037 2536 1099 2582 τὴν

74 2594 200 2632 ἐκείνου
217 2593 320 2643 τιμὴν
339 2593 509 2646 ἀφέλοιτο.
530 2611 545 2628 «
568 2594 690 2632 Καίτοι
705 2593 781 2631 οὔτε
795 2595 914 2640 Μῆδοι
927 2593 1102 2645 κρείσσους

75 2655 234 2704 Περσῶν,
246 2646 294 2694 οἷς
304 2653 428 2694 ἐκεῖνος
442 2652 653 2697 ἐπίστευσεν,
665 2651 742 2689 οὔτε
757 2652 925 2703 Ἀρὸάκης
935 2650 1104 2703 φρονιμώ-

76 2725 170 2761 τερος
192 2711 274 2759 ἐμοῦ
291 2724 299 2732 ·
316 2708 403 2760 τύχη
420 2708 455 2746 δὲ
472 2709 530 2747 καὶ
558 2711 661 2760 μοῖρα
683 2709 789 2758 κάμοὶ
808 2708 1083 2760 προδείκνυσ1118)
1095 2737 1105 2755 ,

2105 163 2176 195 399

1201 244 1276 273 Erat
1293 246 1435 282 Astyagae
1451 244 1513 274 filia
1527 244 1617 275 valde
1636 245 1750 277 nobilis
1770 247 1801 277 et
1821 246 1957 278 formosa
1970 270 1978 284 ‚
1998 254 2093 286 quam
2116 247 2185 287 Spi-

1166 304 1259 334 tamae
1273 304 1364 335 Medo
1380 305 1569 346 despondet,
1588 307 1661 339 dote
1688 308 1795 340 addita
1811 309 1913 340 Media
1932 310 2089 341 universa.
2110 312 2191 341 Tum

1167 366 1271 404 Cyrus
1294 367 1478 398 Ati-adatem
1505 371 1624 408 patrem
1650 372 1681 402 et
1706 373 1857 411 Argosten
1882 374 2016 404 matrem
2042 382 2060 404 e
2077 372 2194 404 Mardis

1158 428 1297 459 arcessit.
1320 431 1483 462 Venerunt
1508 431 1551 462 illi
1577 432 1702 464 fortuna
1726 434 1780 465 filii
1807 435 1988 474 gaudentes.
2015 438 2116 475 Atque
2141 444 2190 465 so-

1160 489 1282 520 mnium
1306 489 1334 521 ei
1350 492 1451 521 mater
1467 493 1611 530 exposuit
1625 517 1633 531 ,
1653 495 1812 533 quomodo
1834 496 1962 535 gravida
1975 496 2032 528 sibi
2058 497 2121 528 visa
2134 497 2191 537 sit,

1160 554 1191 584 in
1215 554 1286 585 13110
1301 553 1460 585 dormiens
1479 564 1542 594 quo
1561 559 1700 596 tempore
1716 567 1824 598 capras
1837 560 1919 598 apud
1940 560 2063 593 Mardos
2086 569 2192 600 pasce-

1160 618 1219 648 ret.
1237 635 1276 639 —
1292 630 1306 644 1<
1325 617 1400 648 Visa
1414 618 1490 649 mihi
1507 627 1576 649 sum
1590 642 1598 656 ,
1613 620 1734 659 111111111,
1757 631 1856 661 quum
1876 623 1907 654 in
1920 627 2009 655 utero
2024 625 2072 662 te,
2093 626 2190 666 Cyre,

1160 680 1337 719 gestabam,
1352 682 1473 711 131113111
1488 681 1632 713 emittere
1651 683 1750 714 urinae
1763 685 1884 724 copiam
1895 711 1903 725 ,
1919 687 1953 716 nt
1971 686 2073 726 magni
2090 686 2193 717 amnis

1164 743 1289 774 1111611115
1303 744 1527 784 aequiparanda
1549 746 1646 783 esset,
1662 746 1826 785 totamque
1850 748 1954 778 Asiam
1980 749 2137 779 inundans
2149 749 2189 779 ad

1162 815 1247 838 mare
1261 815 1363 846 usque
1378 806 1560 846 proflueret.
1576 819 1592 834 »
1618 808 1711 844 Quod
1730 809 1861 840 audiens
1881 814 1970 849 pater
1987 810 2144 843 Chaldaeis
2160 811 2192 842 in

1161 869 1321 908 Babylone
1336 869 1462 900 vatibus
1477 869 1517 900 ad
1540 870 1810 910 interpretandum
1821 871 1911 911 jubet
1924 874 2066 913 proponi.
2091 876 2191 913 Cyrus

1162 926 1256 966 igitur
1269 928 1374 958 vatem
1389 927 1630 958 celeberrimum
1648 927 1814 960 advocavit
1831 930 1922 969 eique
1941 932 2097 963 somnium
2115 941 2190 963 nar-

1166 985 1257 1016 ravit.
1277 985 1333 1016 Ille
1349 993 1425 1016 vero
1450 985 1609 1025 respondit
1629 985 1747 1016 honum
1769 987 1912 1025 portendi
1929 996 2132 1027 permagnum
2160 990 2192 1020 et

1163 1051 1320 1074 summam
1341 1042 1369 1074 61
1393 1043 1424 1073 111
1446 1043 1518 1074 Α513
1537 1043 1690 1074 honorem
1715 1043 1866 1082 afferens,
1890 1053 2000 1076 verum
2024 1046 2190 1077 celandum

1163 1109 1229 1132 esse
1241 1125 1250 1139 ,
1264 1110 1303 1132 116
1318 1100 1427 1132 audiat
1451 1101 1609 1140 Astyages.
1629 1113 1644 1128 «
1662 1103 1741 1132 Nam
1763 1101 1875 1133 ultimo
1900 1103 2053 1142 supplicio
2070 1105 2101 1134 et
2114 1106 2145 1135 te
2158 1105 2190 1135 et

1163 1167 1214 1190 me
1236 1159 1438 1198 interpretem
1462 1158 1614 1190 afficeret.
1643 1171 1658 1186 »
1688 1160 1797 1198 ltaque
1820 1159 2026 1198 ,iureiurando
2056 1160 2191 1191 invicem

1161 1217 1392 1256 promiserunt,
1420 1216 1538 1247 nemini
1566 1225 1599 1247 se
1628 1217 1787 1248 somnium
1810 1217 1894 1247 istud
1922 1217 2139 1257 gravissimum
2161 1220 2194 1249 et

1162 1274 1257 1314 quale
1273 1274 1357 1305 aliud
1371 1274 1494 1305 nullum
1505 1298 1513 1313 ,
1530 1273 1673 1305 dicturos
1686 1283 1763 1305 esse.
1782 1274 1902 1306 Deinde
1917 1274 1956 1305 ad
1975 1275 2078 1306 multo
2092 1275 2192 1314 majo-

1163 1341 1229 1362 rem
1243 1333 1345 1371 Cyrus
1357 1331 1530 1372 potentiam
1544 1333 1667 1363 erectus
1677 1356 1687 1371 ,
1714 1333 1834 1372 patrem
1851 1341 1944 1363 suum
1961 1334 2125 1364 Persarum
2140 1342 2190 1364 sa-

1163 1391 1287 1430 trapam
1313 1389 1498 1428 constituit‚
1518 1391 1652 1421 matrem
1678 1389 1797 1421 divitiis
1819 1392 1850 1421 et
1874 1389 2026 1429 dignitate
2055 1391 2192 1430 primum

1162 1449 1245 1479 inter
1258 1448 1400 1479 Persicas
1415 1447 1562 1479 mulieres
1580 1448 1686 1478 locum
1702 1448 1810 1479 tenere
1828 1448 1946 1479 effecit.

1209 1505 1337 1536 Cadusii
1350 1507 1427 1536 tunc
1442 1505 1547 1536 hostili
1565 1506 1597 1536 in
1619 1514 1724 1545 regem
1745 1505 1850 1536 animo
1875 1507 1975 1537 erant.
2004 1506 2192 1538 Praefectum

1164 1563 1324 1594 habebant
1338 1563 1562 1603 Onaphernem
1574 1587 1582 1603 ,
1600 1564 1656 1603 qui
1671 1563 1807 1603 prodens
1827 1564 1980 1603 populum
2008 1564 2087 1603 regis
2107 1573 2189 1595 com·

1165 1626 1264 1657 modis
1282 1626 1490 1666 prospiciebat
1502 1636 1511 1664 ;
1525 1635 1562 1657 ac
1576 1626 1670 1657 misso
1686 1627 1798 1657 nuntio
1814 1627 1854 1657 ab
1870 1628 2003 1667 Astyage
2019 1627 2123 1659 virum
2137 1636 2192 1668 pe·

1160 1690 1248 1721 tebat
1259 1714 1268 1729 ‚
1283 1698 1355 1720 cum
1372 1698 1436 1729 quo
1449 1689 1488 1720 de
1501 1689 1687 1729 proditionis
1709 1689 1830 1720 ratione
1848 1689 1941 1721 iniret
1956 1690 2097 1722 consilia.
2109 1691 2194 1722 Misit

1162 1762 1214 1785 rex
1233 1755 1371 1793 Cyrum,
1385 1761 1449 1792 quo
1465 1752 1504 1783 ad
1517 1752 1622 1783 omnia
1638 1752 1689 1783 ille
1705 1748 1789 1783 socio
1806 1753 1970 1792 uteretur;
1987 1753 2070 1784 diem
2086 1755 2191 1786 autem

1161 1814 1434 1855 quadragesimam
1448 1812 1592 1844 definivit
1604 1821 1667 1853 qua
1682 1813 1841 1844 Ecbatana
1856 1814 1894 1845 ad
1909 1822 1942 1845 se
1958 1815 2073 1846 reverti
2094 1815 2191 1847 debe-

1162 1879 1221 1909 ret.
1238 1877 1358 1909 Somnii
1379 1885 1507 1917 quoque
1531 1877 1684 1916 interpres
1705 1876 1902 1915 hortabatur,
1921 1878 1957 1908 ut
1973 1877 2011 1908 ad
2037 1878 2192 1910 Cadusios

1163 1940 1426 1981 proficisceretur,
1444 1940 1476 1971 et
1487 1939 1602 1970 fiducia
1618 1948 1690 1970 eum
1706 1939 1868 1979 implebat.
1890 1940 1974 1979 Cyro
1993 1940 2118 1979 autem,
2138 1942 2191 1971 ut·

1160 2005 1234 2045 pote
1247 2004 1317 2035 viro
1332 2004 1461 2034 strenuo
1475 2003 1506 2033 et
1522 2001 1722 2041 magnanimo
1732 2026 1741 2042 ,
1757 2002 1907 2042 cogitatio
1923 2003 2062 2034 mentem
2076 2003 2190 2043 subiit,

1160 2067 1275 2099 debere
1288 2075 1333 2105 se,
1352 2066 1410 2097 deo
1423 2066 1609 2105 opitulante,
1624 2067 1733 2096 Persas
1746 2065 1784 2096 ad
1799 2065 2006 2096 defectionem
2020 2065 2189 2105 adducere,

1163 2131 1194 2161 et
1210 2130 1332 2160 tentare
1348 2129 1384 2159 ut
1398 2128 1540 2167 Astyagis
1553 2136 1683 2166 regnum
1698 2127 1871 2166 everteret,
1894 2126 2054 2167 fidemque
2073 2127 2189 2159 11311616

1162 2187 1334 2226 Babylonio
1347 2185 1423 2225 quid
1436 2185 1477 2216 dii
1495 2185 1719 2224 portenderent
1740 2184 1858 2224 optime
1877 2184 1998 2216 scienti.
2018 2186 2122 2225 Atque
2138 2185 2188 2216 in=

1161 2245 1263 2276 vicem
1288 2253 1321 2275 se
1343 2243 1606 2281 exhortabantur,
1635 2242 1826 2282 Babylonius
1849 2243 1986 2282 Cyrum,
2011 2242 2083 2273 13115
2104 2242 2191 2273 316115

1162 2303 1353 2333 116511113111111
1376 2310 1442 2332 6556
1454 2325 1463 2340 ,
1480 2301 1517 2332 111
1535 2309 1647 2332 everso
1667 2300 1806 2340 Astyagis
1824 2308 1919 2339 regno
1939 2300 2003 2340 ipse
2021 2300 2190 2340 potiretur,

1162 2361 1257 2400 idque
1272 2359 1443 2390 certissime
1455 2367 1488 2390 se
1505 2359 1704 2397 compertum
1722 2358 1855 2396 habere;
1873 2360 1975 2397 Cyrus
1998 2367 2073 2389 vero
2092 2360 2190 2398 Baby-

1162 2419 1283 2449 lonium
1294 2441 1302 2457 ,
1318 2425 1431 2456 magna
1445 2416 1474 2447 ei
1489 2416 1619 2456 praemia
1638 2416 1805 2455 pollicens,
1820 2415 1845 2446 si
1860 2415 1908 2446 his
1920 2415 1964 2446 ita
1978 2415 2192 2447 evenientibus

1162 2476 1226 2516 ipse
1244 2484 1298 2506 rex
1312 2478 1402 2506 esset.
1417 2475 1573 2506 Praeterea
1586 2473 1752 2513 reputabat
1766 2476 1912 2503 Arsacem
1927 2481 2054 2512 quoque
2071 2473 2190 2505 Sarda-

1162 2533 1322 2574 napallum
1345 2533 1419 2564 olim
1443 2532 1569 2571 ejecisse
1591 2531 1711 2571 sibique
1735 2531 1888 2562 honorem
1913 2531 1979 2570 ejus
2003 2530 2188 2562 vindicasse.

1164 2594 1231 2623 «Et
1246 2593 1353 2623 tamen
1367 2598 1469 2629 neque
1486 2589 1587 2627 Medi,
1599 2589 1713 2629 quibus
1730 2588 1806 2619 fisus
1819 2588 1870 2620 ille
1881 2596 1947 2619 rem
1961 2596 2120 2628 aggressus
2132 2590 2190 2627 est,

1163 2650 1264 2683 Persis
1283 2649 1425 2680 fortiores
1447 2648 1555 2686 erant,
1577 2655 1680 2686 neque
1704 2646 1841 2678 Arbaces
1856 2654 1907 2677 me
1923 2645 2117 2686 prudentior.
2147 2649 2192 2679 Ac

1163 2706 1432 2750 quemadmodum
1448 2705 1511 2744 illi,
1531 2705 1574 2736 sic
1590 2704 1667 2735 mihi
1683 2712 1810 2744 quoque
1825 2704 1952 2735 fortuna
1967 2703 2132 2743 satumque
2147 2704 2192 2735 su-

74 2784 2191 2803 Μ

78 2828 125 2856 12.
143 2826 194 2855 Σπ
203 2835 234 2854 ιτ
243 2823 336 2865 άμᾳ]
350 2824 525 2865 Ἐπιστάμᾳ
537 2825 649 2856 codex.
665 2824 814 2864 Spitamae
826 2824 969 2863 nupsisse
983 2824 1111 2863 Amytin
1124 2822 1265 2862 Astyagis
1278 2821 1373 2854 filiam
1384 2844 1392 2859 ‚
1406 2827 1502 2857 quam
1519 2819 1626 2858 postea
1639 2817 1703 2856 ipse
1716 2817 1817 2856 Cyrus
1832 2824 1965 2847 uxorem
1981 2815 2091 2852 duxit,
2104 2824 2191 2849 11011-

76 2879 147 2902 mus
161 2879 179 2902 6
195 2870 297 2902 016513
316 2879 346 2909 p.
362 2872 399 2901 45
415 2870 433 2901 b
449 2872 480 2901 et
494 2872 533 2901 46
547 2879 579 2901 α.
599 2871 747 2901 0616111111
764 2870 858 2909 hujus
874 2870 945 2900 tiliae
961 2871 1079 2902 mentio
1094 2872 1159 2902 tam
1175 2869 1308 2908 abrupte
1324 2866 1545 2904 introducitur,
1562 2866 1599 2896 ut
1614 2872 1707 2895 nemo
1723 2872 1787 2894 non
1803 2863 1950 2903 agnoscat
1963 2863 2189 2901 excerptorem.

77 2915 125 2947 Ad
143 2915 326 2954 nuptiarum
342 2915 467 2945 illarum
483 2915 702 2946 solennitatem
719 2917 820 2955 Cyrus
842 2916 986 2955 parentes
1002 2924 1075 2947 suos
1095 2916 1262 2947 advocasse
1278 2913 1415 2944 videtur.
1436 2914 1469 2943 In
1492 2920 1580 2951 seqq.
1598 2911 1646 2941 ἐπὶ
1663 2920 1714 2950 πρ.
1729 2909 1815 2949 πάσῃ
1841 2910 1883 2940 Μ.
1907 2908 1984 2939 116116
2003 2908 2131 2938 113116111.
2150 2927 2189 2962 ᾗ

80 2965 127 2994 13.
142 2962 195 2993 ἐπ’
220 2963 318 3002 αὐτῷ
342 2962 494 3002 μεγάλῳ
508 2962 606 3002 ὄντι]
624 2964 700 2993 Haec
715 2962 793 2993 mihi
813 2965 969 3002 suspecta.
989 2962 1053 2994 Nisi
1075 2963 1192 2994 excidit
1206 2960 1404 3001 participium
1427 2957 1572 2997 aliquod,
1602 2956 1696 2987 1111556
1721 2956 1804 3006 puto·
1821 2964 1828 2986 :
1845 2955 1892 3005 ἐπ’
1916 2955 1999 2994 αὐτῷ
2025 2954 2187 2994 μεγαλυνο-

79 3019 172 3048 μενοι.
189 3025 230 3030 —
246 3010 291 3038 14.
303 3007 345 3046 ἧν
372 3008 610 3048 αἰπολοῦσα]
627 3009 786 3045 ἠπολοῦσα
798 3008 908 3038 codex.
934 3008 1043 3038 Oratio
1070 3007 1222 3038 indirecta
1248 3007 1279 3036 in
1305 3003 1406 3036 media
1433 3002 1648 3033 enuntiatione
1663 3001 1775 3031 transit
1796 3009 1828 3030 111
1851 2999 2022 3030 (1116613111.
2040 3000 2085 3052 136
2100 3006 2133 3051 re
2148 2999 2188 3028 cf.

78 3053 229 3086 Herodot.
248 3055 278 3092 1,
304 3057 359 3086 107
376 3067 383 3084 t
401 3055 463 3091 Τὴν
476 3053 673 3093 (Μανδάνην)
691 3054 792 3085 ἐδόκεε
808 3053 972 3093 Ἀστυάγης
989 3054 1018 3085 ἐν
1032 3057 1076 3093 τῷ
1101 3054 1187 3093 ὕπνῳ
1209 3052 1336 3091 οὐρῆσαι
1349 3052 1512 3086 τοσοῦτον,
1538 3049 1618 3078 ὥστε
1645 3048 1759 3084 πλῆσαι
1791 3046 1844 3087 μὲν
1867 3046 1920 3082 τήν
1946 3046 2060 3094 ἑωυτου
2085 3044 2189 3094 πολιν,

79 3100 318 3131 ἐπικατακλύσαι
344 3101 375 3131 δὲ
396 3102 447 3131 καὶ
464 3101 517 3138 τήν
531 3100 630 3137 Ἀσίην
646 3103 761 3131 πᾶσαν.
778 3101 990 3140 Ὑπερθέμενος
1014 3100 1045 3130 δὲ
1068 3101 1129 3129 τῶν
1157 3098 1262 3137 μάγων
1277 3099 1357 3126 τοῖσι
1383 3094 1601 3133 ὀνειροπόλοισι
1617 3093 1651 3124 τὸ
1665 3093 1801 3124 ἐνύπνιον
1817 3091 1959 3131 ἐφοὸήθη.
1983 3089 2080 3120 Aliter
2091 3090 2189 3138 Justl-

80 3154 139 3177 nus
161 3148 192 3185 1,
206 3148 224 3176 4
238 3155 246 3176 z
260 3147 323 3177 Hic
336 3146 345 3181 (
357 3146 529 3185 Astyages)
544 3154 605 3186 per
620 3154 777 3178 somnum
804 3145 892 3178 vidit
908 3153 951 3176 esc
967 3144 1188 3176 naturalibus
1207 3142 1314 3182 filice,
1327 3149 1432 3181 quam
1448 3142 1587 3171 unicam
1611 3138 1772 3176 habebat,
1794 3139 1894 3169 vitem
1910 3137 2074 3192 6111111111ιῆ
2092 3141 2188 3171 cujus

80 3193 222 3231 palmite
246 3194 353 3223 omnis
378 3194 458 3223 Asia
482 3192 758 3224 obumbraretur.
775 3209 816 3215 -
837 3196 885 3223 15.
913 3193 1011 3231 μεῖζον
1029 3189 1097 3221 cod.
1120 3191 1156 3220 In
1183 3190 1285 3219 antec.
1304 3188 1378 3218 nota
1395 3195 1424 3217 V.
1449 3190 1574 3229 κριτῇρα
1595 3194 1651 3224 1110
1674 3184 1788 3225 κριτήν.
1811 3200 1851 3206 —-
1870 3186 1917 3213 16.
1953 3177 2189 3217 Οναφερνην]

83 3239 167 3269 Intra
182 3239 233 3269 τὸν
247 3238 386 3278 ἁφέρνην.
409 3237 501 3277 Apud
524 3237 675 3269 Herodot.
702 3239 734 3275 1,
754 3240 897 3276 1215sqq.
913 3238 1015 3275 Cyrus
1037 3235 1070 3265 111
1092 3234 1250 3266 Persidem
1275 3233 1314 3265 ad
1339 3234 1484 3273 parentes
1512 3231 1675 3269 dimissus,
1701 3238 1828 3261 suasore
1853 3230 1996 3267 Harpago
2020 3227 2127 3274 Persas
2148 3223 2189 3272 ad

83 3285 288 3316 desectionem
304 3283 442 3314 adducit.
462 3301 502 3305 -—
518 3286 566 3314 17.
593 3282 810 3323 ἐθάρρυνον]
828 3283 844 3313 ὃ
859 3282 1014 3321 ἐθάρρυνον
1042 3281 1111 3312 cod.
1129 3298 1169 3303 -
1190 3283 1235 3311 18.
1258 3279 1465 3319 προδείκνυσιν
1490 3276 1687 3309 intransitive
1714 3275 1745 3306 h.
1772 3275 1793 3305 1.
1810 3273 1989 3313 1151111131111,
2014 3276 2072 3300 nisi
2096 3266 2187 3298 5611111

85 3331 173 3362 malis
192 3330 285 3370 τύχην
302 3330 333 3361 δὲ
349 3331 368 3366 ἡ
391 3332 480 3371 μοῖρα
494 3329 586 3369 κάμοὶ
597 3329 800 3369 προδείκνυσι.
