2338 3765
628 176 796 213 PAMPH
805 174 902 212 11,AE
942 173 1227 211 EPIDAURlAE
1264 175 1392 213 FRAG
1403 175 1436 212 M
1446 176 1590 213 ENTA.

547 263 582 299 3.

331 349 356 382 E
386 347 532 382 LIBRO
562 346 795 382 SECUNDO.

105 441 265 486 Diog.L.
280 440 309 482 l,
328 439 389 482 76,
403 438 448 472 de
463 439 627 474 Pittaco:
646 435 815 486 Παμφίλη
827 434 861 470 δέ
873 448 973 484 φησιν
988 433 1021 468 ἐν
1033 434 1080 483 τῷ

54 495 199 546 δευτέρῳ
211 497 277 532 τῶν
288 494 585 543 Ὓ“πομνημάτων,
598 495 642 536 ὡς
655 494 712 530 τὸν
721 492 792 529 υἱὸν
800 494 902 529 αὐτοῖ-
911 492 1081 541 Τυρραῖον

52 552 243 602 καθήμενον
264 552 319 589 ἐπὶ
339 552 490 602 κουρείου
512 553 543 587 ἐν
570 551 673 601 Κύμῃ
693 549 843 601 χαλκεύς
867 565 917 591 τις
936 548 1080 585 πέλεκυν

54 609 213 659 ἐμὸαλὼν
229 610 354 648 ἀνέλοι.
365 611 444 647 Τῶν
459 609 492 645 δὲ
510 608 676 657 Κυμαίων
691 607 897 659 πεμψάντων
910 607 965 643 τὸν
978 606 1080 657 φονέα

53 669 102 719 τῷ
122 669 306 719 Πιττακῷ,
324 668 476 716 μαθόντα
496 667 555 703 καὶ
573 666 794 703 ἀπολύσαντα
814 667 936 713 εἰπεῖν,
959 681 973 696 ι(
1001 678 1080 711 συγ·

53 725 172 776 γνώμη
191 725 370 775 μετανοίας
388 725 565 776 κρείσσων.
587 742 601 757 υ

548 822 582 859 4.

107 908 211 943 Idem
224 909 255 950 1,
275 919 343 953 90,
363 907 411 941 de
428 906 607 941 Cleobulo
623 907 758 942 Lindio
778 918 786 942 :
806 904 958 954 Φέρεται
974 904 1003 939 δ’
1022 905 1083 939 αὖ·

56 967 113 1001 τοῦ
129 965 163 1000 ἐν
176 969 244 1005 τοῖς
266 962 453 1013 Παμφίλης
471 962 722 1012 <Υπομνήμασι
741 962 798 999 καὶ
819 962 959 1011 αἴνιγμα
977 963 1080 997 τοῖον·

96 1047 146 1082 Εἷς
161 1047 177 1076 ὁ
190 1047 307 1084 πατὴρ,
323 1046 426 1080 παῖδες
440 1046 634 1076 δυοκαίδεκα.
649 1048 718 1077 Τῶν
732 1046 762 1076 δὲ
778 1045 900 1085 ἑκάστῳ

95 1093 198 1127 παῖδες
212 1093 254 1128 δὶς
266 1091 428 1132 τριάκοντα
441 1092 579 1131 διάνδιχα
593 1092 669 1127 εἶδος
683 1093 828 1131 ἔχουσαι·

96 1141 126 1169 αἱ
144 1139 196 1178 μὲν
209 1140 312 1168 λευκαὶ
327 1139 411 1168 ἔασιν
425 1139 509 1175 ἰδεῖν,
524 1140 554 1168 αἱ
569 1137 594 1168 δ’
610 1137 681 1168 αὖτε
696 1139 851 1177 μέλαιναι·

96 1186 239 1216 ἀθάνατοι
254 1186 285 1215 δέ
299 1184 324 1215 τ’
337 1185 461 1222 ἐοῦσαι,
478 1184 728 1224 ἀποφθινύθουσιν
744 1185 872 1214 ἅπασαι.

57 1256 168 1300 Ἔστι,
179 1258 211 1295 δὲ
229 1261 246 1295 ὁ
264 1257 426 1299 ἐνιαυτός.

556 1314 588 1350 5.

354 1409 382 1442 Ε
408 1407 554 1442 LIBRO
583 1408 782 1453 QUINTO.

112 1500 216 1535 Idem
254 1501 284 1543 I,
319 1498 367 1545 98
401 1512 408 1533 :
439 1497 579 1535 Σωτίων
619 1497 654 1533 δὲ
683 1496 741 1533 καὶ
775 1496 1000 1548 Ἡρακλείδης
1030 1497 1088 1533 καὶ

59 1556 229 1607 Παμῳίλη
252 1557 284 1592 ἐν
305 1557 353 1606 τῷ
371 1555 519 1605 πέμπτῳ
536 1556 602 1591 τῶν
618 1553 902 1603 Ἷ’πομνημάτων
926 1554 984 1592 δύο
1004 1555 1088 1606 φασὶ

59 1615 287 1666 Περιάνδρους
303 1613 475 1663 γεγονέναι
490 1644 499 1659 ,
518 1612 574 1649 τὸν
590 1612 650 1661 μὲν
666 1613 841 1664 τύραννον,
862 1613 918 1649 τὸν
936 1613 969 1650 δὲ
987 1613 1088 1664 σοφὸν

57 1672 116 1710 καὶ
140 1671 416 1722 Ἀμὸρακιώτην.
440 1673 550 1708 Τοῦτο
576 1670 634 1707 καὶ
654 1670 808 1716 Νεάνθης
828 1671 929 1722 φησὶν
951 1674 967 1708 ὃ
987 1673 1089 1714 Κυζι-

58 1731 175 1776 κηνὸς,
197 1731 350 1780 ἀνεψιούς
376 1744 411 1765 τε
439 1722 525 1764 εἶναι
555 1728 728 1773 ἀλλήλοις.
757 1728 829 1766 Καὶ
859 1728 1091 1779 Ἀριστοτέλης

60 1787 120 1837 μὲν
139 1788 195 1824 τὸν
221 1786 397 1838 Κορίνθιόν
419 1801 519 1837 φησιν
541 1779 627 1822 εἶναι
648 1785 705 1822 τὸν
731 1785 853 1837 σοφόν·
877 1786 1025 1824 Πλάτων
1054 1786 1088 1823 δὲ

59 1845 96 1883 οὔ
116 1860 211 1897 φησι.

557 1903 592 1940 6.

348 1998 376 2031 Ε
404 1996 550 2031 LIBRO
580 1996 800 2033 SEPTIMO.

114 2088 216 2124 Idem
242 2089 299 2131 Il,
330 2090 391 2130 24,
424 2086 470 2121 de
503 2086 653 2121 Socrate
681 2098 689 2122 ζ
719 2084 899 2135 Αὐτάρκης
917 2100 951 2120 τε
975 2079 1014 2129 ἦν
1035 2085 1093 2121 καὶ

61 2144 195 2194 σεμνός.
217 2142 288 2181 Καί
308 2157 390 2179 ποτε
409 2141 642 2188 Ἀλκιὲιάδου,
664 2140 752 2178 καθά
768 2157 849 2192 φησι
872 2143 1039 2194 Παμφίλη
1058 2144 1091 2179 ἐν

60 2205 108 2254 τῷ
132 2201 269 2252 ἑὸδόμῳ
290 2202 356 2237 τῶν
378 2199 672 2248 Ἵ“πομνημάτων,
690 2199 836 2241 διδόντος
861 2201 954 2251 αὐτῷ
973 2201 1090 2251 χώραν

62 2260 229 2310 μεγάλην,
259 2258 314 2294 ἵνα
334 2256 636 2306 ἐνοικοδομήσηται
662 2257 785 2302 οἰκίαν,
808 2257 932 2308 φάναι,
953 2276 967 2289 «
989 2258 1046 2294 καὶ
1064 2260 1091 2294 εἰ

62 2317 292 2366 ὑποδημάτων
316 2315 400 2362 ἔδει,
419 2314 477 2352 καὶ
499 2314 627 2366 βύρσαν
658 2330 715 2363 μοι
733 2314 874 2359 ἐδίδους,
893 2314 935 2351 ἵν’
954 2318 1091 2367 ἐμαυτῷ

62 2375 269 2424 ὑποδήματα
289 2374 515 2422 ποιησαίμην,
532 2372 786 2422 καταγέλαστος
804 2372 844 2409 ἂν
865 2367 905 2418 ἦν
922 2373 1051 2411 λαίῖών.
1076 2392 1090 2405 υ

1119 2149 1126 2414 Ι

2092 179 2161 211 521

1639 313 1672 344 7.

1405 405 1431 440 Ε
1460 406 1605 439 Lumo
1639 404 1904 441 UNDEClMO.

1193 504 1330 538 Gellius
1355 506 1397 540 N.
1428 507 1469 540 A.
1490 506 1570 548 XV,
1599 506 1644 539 23
1670 519 1677 539 ι
1701 508 2162 550 Hellanicus‚Jlet·()(l‹)!u.s·,

1153 561 1390 606 Thucydidas,
1425 562 1588 596 liisloriae
1629 568 1835 610 scriptores,
1870 568 1907 598 in
1942 566 2067 599 iisdem
2083 563 2172 608 sere

1142 618 1357 666 temporibus
1394 621 1501 654 laude
1526 623 1663 667 ingenti
1675 622 1892 666 floruerunt,
1924 631 1960 656 ec
1975 635 2045 657 non
2064 626 2171 656 nimis

1142 678 1249 723 longe
1265 678 1481 711 distantibus
1494 675 1649 722 filerunt
1672 678 1853 714 (erratibus.
1882 681 1977 714 Nam
1998 681 2170 714 Hellani-

1142 747 1202 769 cus
1232 738 1337 769 initio
1366 736 1452 769 belli
1480 736 1779 782 I’eloponm’siaci
1797 736 1920 781 fitis-ve
1949 742 2105 784 quinque
2137 745 2173 771 ec

1140 795 1337 838 sexaginta
1367 805 1483 827 almos
1509 801 1616 826 uatus
1640 795 1794 838 videtur,
1818 795 2013 828 Herodotus
2041 802 2111 828 tres
2138 802 2173 827 ec

1141 853 1428 896 quinquaginta,
1459 850 1686 895 Thucydides
1712 852 1970 898 quadraginta.
1992 852 2171 897 Scriptum

1144 907 1212 942 hoc
1229 916 1284 942 est
1301 911 1336 941 iu
1357 908 1448 942 libro
1467 908 1652 942 undecimo
1673 909 1892 954 Pamphilae.
1909 910 2023 943 Recte
2041 909 2116 942 liaec
2135 909 2171 941 in

1143 964 1299 1000 dubium
1314 966 1459 1000 vocavit
1476 967 1667 1013 Kriigerus
1680 967 1766 999 Leb.
1781 967 1818 1002 d.
1842 967 1952 1002 leuC.
1969 979 2006 1013 p.
2026 979 2058 1010 7.
2077 967 2138 1002 28,

1640 1069 1675 1105 8.

1324 1170 1350 1203 E
1375 1169 1518 1204 LIBRO
1544 1168 1768 1204 VICESIMO
1798 1168 1996 1213 QUINTO.

1200 1274 1304 1308 Idem
1322 1274 1400 1316 III,
1425 1273 1487 1317 23,
1510 1273 1556 1308 de
1574 1274 1725 1307 Plutone
1744 1284 1752 1308 ε
1775 1270 1873 1316 Φησὶ
1893 1270 1927 1307 δὲ
1954 1271 2121 1322 Παμφίλη
2144 1274 2176 1308 ἐν

1147 1332 1194 1380 τῷ
1205 1329 1352 1380 πέμπτῳ
1361 1329 1419 1366 καὶ
1434 1331 1576 1379 εἰκοστῷ
1587 1331 1653 1366 τῶν
1666 1328 1946 1378 Ἵ“πομνημάτιι)ν
1958 1330 2003 1372 ὡς
2020 1328 2178 1379 Ἀρκάδες

1148 1388 1205 1424 καὶ
1238 1387 1390 1431 &afficior
1427 1387 1592 1434 Μεγάλην
1627 1387 1724 1424 πόλιν
1757 1387 1936 1430 οἰκίζοντες
1963 1387 2179 1436 παρεκάλουν

1151 1444 1251 1481 αὐτὸν
1272 1444 1472 1493 νομοθέτην.
1496 1444 1539 1482 ‘O
1558 1443 1592 1481 δὲ
1613 1444 1730 1493 μαθὼν
1747 1444 1819 1481 ἴσον
1836 1443 1926 1494 ἔχειν
1943 1446 1980 1481 οὐ
2000 1444 2178 1492 θέλοντας,

1148 1504 1209 1540 οὐκ
1230 1502 1409 1554 ἐπορεύθη.

1650 1608 1686 1642 9.

1348 1698 1377 1731 E
1405 1696 1552 1732 LIBRO
1580 1695 1805 1731 VICESIMO
1836 1694 1982 1730 NONO.

1204 1797 1340 1833 Gellius
1357 1799 1402 1833 N.
1429 1800 1474 1833 A.
1498 1798 1581 1840 XV,
1614 1808 1655 1840 17
1677 1806 1685 1831 :
1715 1795 1928 1829 Alcibiades
1951 1793 2184 1828 Atheniensis

1151 1869 1258 1903 quum
1276 1856 1378 1902 apud
1393 1856 1606 1889 avunculum
1619 1854 1797 1888 Periclem
1805 1864 1899 1898 puer
1912 1851 2050 1885 artibus
2066 1864 2110 1885 ac
2129 1852 2183 1884 di-

1151 1914 1319 1959 sciplinis
1344 1910 1554 1946 liberalibus
1572 1911 1780 1952 erudiretur,
1807 1916 1843 1943 et
1861 1911 1996 1943 arcessi
2023 1909 2185 1942 Pericles

1153 1970 1411 2016 Antigenidem
1430 1970 1609 2003 tibicinem
1616 1970 1782 2012 jussisset
1789 1994 1797 2009 ‚
1821 1974 1859 2000 ut
1877 1978 1958 2000 eum
1986 1978 2117 2000 canere
2143 1969 2184 1999 ti-

1152 2030 1233 2071 biis,
1258 2029 1357 2074 quod
1376 2028 1661 2062 honestissimum
1686 2034 1759 2059 tum
1781 2025 1985 2066 videbatur,
2007 2024 2153 2058 doceret
2171 2037 2183 2057 .·

1154 2088 1312 2120 traditas
1328 2086 1395 2120 sibi
1415 2087 1540 2128 tibias,
1562 2097 1668 2131 quum
1686 2084 1739 2117 acl
1756 2095 1794 2117 os
1813 2082 2039 2122 adhibuisset
2060 2081 2184 2126 itgflas-

1152 2152 1290 2190 sensae,
1311 2141 1532 2190 pudefactus
1559 2145 1628 2175 oris
1649 2139 1884 2185 dejbrmitate
1906 2140 2040 2184 abjecit
2065 2136 2184 2182 affre-

1152 2205 1283 2249 gitque.
1314 2202 1372 2235 Ea
1401 2213 1458 2235 res
1485 2212 1591 2247 quum
1614 2199 1892 2246 percrebuisset,
1927 2199 2084 2231 omnium
2111 2203 2185 2229 tum

1154 2260 1430 2294 Atheniensium
1463 2270 1632 2292 consensu
1663 2257 1863 2303 disciplina
1894 2255 1993 2288 tibiis
2026 2254 2187 2287 cauendi

1152 2318 1271 2352 desita
1290 2326 1350 2352 est.
1370 2317 1551 2363 Scriptum
1567 2315 1634 2349 hoc
1646 2317 1753 2348 estin
1776 2312 2045 2347 Commentario
2072 2312 2185 2345 Pam-

1148 2376 1270 2423 plziloe
1283 2388 1375 2410 nouo
1389 2383 1423 2408 et
1437 2377 1623 2408 vicesimo.
1647 2372 1703 2409 Cf.
1725 2372 1821 2406 Plut.
1839 2371 1918 2406 Ale.
1939 2381 1973 2404 c.
1993 2380 2029 2404 2.

561 2487 595 2517 3.

104 2542 266 2582 Pamphila
284 2541 465 2572 insecundo
478 2533 981 2578 commentariorumTyri-lineum
1003 2540 1097 2569 refert

64 2596 176 2627 Pittaci
198 2594 317 2632 tilium⁷
341 2602 440 2632 quum
460 2592 581 2623 sederet
602 2592 634 2622 in
655 2592 809 2622 tonstrina
825 2591 953 2626 Cumis,
982 2591 1095 2629 inJecta

63 2648 165 2680 securi
186 2656 205 2678 a
229 2647 317 2678 fabro
342 2645 454 2676 aerario
480 2644 575 2675 fuisse
596 2645 744 2675 necatum
771 2656 778 2674 z
802 2653 820 2674 a
845 2644 996 2674 Cumanis
1021 2652 1093 2674 vero

65 2703 207 2734 vinctum
230 2700 422 2732 homicidam
444 2699 483 2730 ad
506 2699 664 2730 Pittacum
689 2698 838 2736 missum,
866 2699 963 2736 atque
993 2697 1032 2727 ab
1059 2706 1095 2728 eo

65 2762 157 2794 poena
178 2752 274 2784 fuisse
291 2752 471 2783 absolutum
484 2773 492 2788 ‚
509 2749 650 2788 dicente,
667 2757 768 2788 quum
790 2757 856 2779 rem
882 2748 1094 2787 cognovisset,

66 2804 190 2836 veniam
203 2802 385 2843 poenitentia
397 2810 463 2832 esse
476 2801 642 2840 potiorem.

425 2875 439 2880 -
561 2855 595 2886 4.

107 2914 218 2944 Fertur
241 2911 271 2941 iu
295 2909 536 2940 Commentariis
565 2907 735 2947 Pamphilio
769 2905 910 2937 Cleobuli
934 2905 995 2935 talc
1023 2905 1094 2935 aeni-

67 2973 161 3004 gina:

136 3028 186 3054 Est
199 3026 325 3060 genitor,
337 3023 432 3060 proles
445 3022 492 3049 cui
505 3022 541 3049 sit
551 3021 664 3048 bissena
679 3029 685 3047 :
701 3020 750 3047 sed
764 3022 869 3047 borum

137 3071 229 3099 cuivis
239 3070 358 3104 triginta
372 3068 417 3095 bis
428 3088 434 3099 ‚
447 3066 541 3094 forma
554 3066 668 3101 dispare
678 3085 685 3096 ,
699 3066 776 3091 natae
786 3085 794 3097 ,

137 3117 181 3144 liae
193 3116 284 3144 niveis
294 3118 361 3143 totae
372 3135 378 3146 ,
393 3114 482 3141 fuscis
495 3112 545 3139 sed
559 3111 691 3139 vultibus
704 3111 760 3137 illae
772 3120 778 3141 ;

136 3166 221 3198 atque
234 3161 411 3189 immortales
424 3167 514 3195 quum
527 3159 600 3190 siut,
613 3157 782 3184 moriuntur
795 3155 830 3183 ad
845 3163 943 3183 uuam¹

70 3221 122 3252 Est
135 3220 239 3250 antem
255 3226 364 3263 aimus.

564 3269 596 3300 5.

112 3327 220 3359 Sotion
233 3328 327 3366 atquc
342 3324 519 3357 Heraclides
537 3325 566 3355 cl
583 3321 742 3362 Pamphila
758 3321 788 3352 in
802 3321 911 3360 quinto
925 3322 1093 3351 Common-

1124 2493 1130 2898 l

1156 2483 1310 2514 tariorum
1325 2483 1405 2513 duos
1420 2483 1509 2512 aiunt
1524 2481 1617 2512 fuisse
1634 2478 1818 2511 Periandr-os
1828 2501 1836 2516 ‚
1850 2478 2020 2516 tyrannum
2033 2475 2166 2506 alterum
2176 2497 2185 2512 ‚

1157 2535 1290 2566 alterum
1327 2543 1402 2564 vero
1437 2533 1626 2572 sapientem,
1659 2538 1795 2569 eumque
1831 2528 2062 2560 Ambracioten.
2097 2525 2185 2557 Idem

1157 2588 1312 2619 Neantlies
1341 2595 1468 2626 qnoque
1499 2585 1671 2624 Cyzicenus
1693 2582 1788 2620 dicit,
1808 2580 1925 2612 addens
1953 2578 2107 2618 patrueles
2128 2577 2185 2608 sibi

1156 2639 1291 2669 invicem
1306 2638 1409 2668 fuisse.
1436 2639 1530 2668 Porro
1544 2634 1724 2666 Aristoteles
1740 2631 1937 2664 Corinthium
1960 2629 2069 2660 asserit
2093 2628 2186 2659 fnisse

1156 2691 1327 2730 sapientem
1341 2713 1349 2728 ,
1364 2689 1452 2719 Plato
1466 2688 1570 2726 negat.

1654 2740 1687 2771 6.

1197 2800 1290 2839 Frugi
1307 2800 1380 2830 item
1395 2799 1461 2829 erat
1482 2798 1513 2828 et
1526 2795 1689 2827 continens
1715 2793 1869 2825 Socrates.
1893 2790 1998 2822 Refert
2021 2789 2185 2827 Pamphila

1157 2852 1188 2882 in
1212 2852 1345 2891 septimo
1362 2848 1690 2885 Commentariorum,
1717 2854 1817 2885 quum
1841 2842 2015 2875 Alcibiades
2035 2840 2184 2880 grandem

1156 2903 1198 2934 illi
1214 2911 1318 2933 aream
1332 2901 1371 2932 ad
1383 2899 1624 2931 construendam
1637 2898 1768 2928 domum
1779 2895 1954 2934 largiretur,
1965 2893 2078 2923 dixisse
2091 2901 2098 2921 :
2115 2904 2132 2922 «ς
2146 2891 2184 2921 At

1156 2962 1231 2984 vero
1248 2953 1273 2983 si
1286 2951 1507 2983 calceamentis
1520 2950 1596 2980 mihi
1619 2957 1699 2988 opus
1717 2948 1815 2985 esset,
1839 2945 2022 2983 coriumque
2039 2942 2128 2973 dares
2151 2942 2185 2970 ut

1157 3006 1278 3036 calceos
1307 3004 1383 3034 mibi
1411 3003 1476 3043 ipse
1498 3002 1704 3039 conticerem,
1731 2999 1884 3030 ridiculus
1905 3004 2024 3034 essem,
2052 2994 2077 3024 si
2101 2993 2183 3023 acci-

1157 3064 1272 3096 perem.
1295 3068 1308 3081 n

1197 3161 1304 3193 Refert
1328 3160 1492 3200 Pamphila
1514 3160 1545 3190 in
1567 3158 1716 3190 vicesimo
1740 3156 1851 3196 quinto
1874 3150 2182 3185 Commentariorum

1156 3212 1292 3244 Arcadas
1310 3221 1346 3242 ac
1362 3211 1528 3243 Thebanos
1549 3218 1648 3249 quum
1669 3206 1887 3247 Megalopolim
1911 3201 2099 3238 conderent,
2125 3208 2178 3237 pe-

1156 3264 1240 3295 tiisse
1256 3263 1295 3293 ab
1321 3272 1357 3293 eo
1375 3264 1409 3293 ut
1434 3270 1525 3296 novae
1550 3259 1670 3291 ci‘vitati
1695 3259 1776 3297 leges
1792 3255 1940 3287 scriberet
1964 3251 2042 3283 :sed
2070 3250 2182 3280 certior

1156 3317 1259 3347 factus
1280 3323 1333 3346 cos
1349 3313 1594 3352 aequabilitatem
1608 3309 1687 3351 iuris
1703 3310 1785 3340 nolle
1800 3305 1964 3339 admittere
1976 3327 1984 3342 ,
2002 3310 2064 3333 non
2083 3300 2179 3331 venit.
