2338 3765
949 164 1276 205 FRAGMENTA.

65 251 207 301 γένοιτο.
231 250 296 289 Ἐκ
315 249 434 287 τούτου
457 249 544 299 μετὰ
563 248 622 291 τὰς
641 250 829 299 ἱερουργίας
849 248 1001 286 ἐκέλευον
1023 250 1087 285 αὐ-

65 308 140 350 τοὺς
160 310 189 345 οἷ
215 308 350 358 Φρύγες
373 307 622 356 ὁπλισαμένους
646 312 862 358 πανστρατιᾷ
890 307 1013 358 χωρεῖν
1035 306 1090 343 ἐπὶ

65 365 141 408 τοὺς
159 365 358 415 πολεμίους,
374 364 570 414 ἡγουμένων
590 366 656 400 τῶν
677 366 775 415 ἱερῶν
795 364 860 414 πρὸ
876 367 936 410 τῆς
955 364 1090 416 φάλαγ-

65 438 134 473 γος.
162 423 230 460 Καὶ
256 422 419 467 ἐποίησαν
439 425 563 460 ταῦτα.
587 423 633 458 Οἱ
661 421 695 458 δὲ
724 421 802 473 περὶ
829 421 1017 473 Ἀμφιτρὴν
1047 423 1085 471 (7)

65 480 353 528 ὑπαντιάσαντες,
385 482 429 522 ὡς
447 479 512 525 ἤδη
540 479 684 525 πλησίον
705 479 873 530 ἐγένοντο,
905 481 949 522 εἷς
981 480 1088 531 φυγὴν

66 538 273 590 ἐτράποντο,
294 537 453 587 δείματος
465 538 552 575 Θείου
576 537 803 586 ἐμπεσόντος’
823 540 853 575 οἱ
881 539 910 574 δ’
932 538 1090 586 ἑπόμενοι

65 595 140 639 τοὺς
172 595 233 645 μὲν
261 595 447 647 ἔσφαττον,
480 594 555 638 τοὺς
588 595 615 631 δ’
648 596 784 632 ἐδίωκον
817 597 874 646 (8),
904 595 1090 647 Ἀμφιτρὴν

65 654 93 690 δ’
113 656 143 690 οἱ
173 653 424 703 Λεωδάμαντος
446 653 564 694 παῖδες
587 652 781 701 κτείνουσι,
804 653 861 689 καὶ
893 655 910 689 ὁ
944 654 1090 702 πόλεμος

63 710 121 748 καὶ
138 713 159 757 ἡ
175 711 328 761 τυραννὶς
344 709 516 747 ἐπέπαυτο
537 709 733 756 Μιλησίοις.

114 767 197 806 (Ότι
217 767 409 817 Ἐπιμένης
426 766 513 816 μετὰ
533 782 641 804 ταυτα
666 768 877 816 αἷσυμνήτης
897 768 924 817 (9
927 770 962 816 )‘
952 769 1017 804 υπὸ
1030 783 1086 804 του

63 827 174 874 δήμου
184 828 438 877 χειροτονεῖται,
454 823 569 861 λαὸυν
583 824 734 868 ἐξουσίαν
747 826 887 862 κτείνειν
900 825 954 867 οὒς
970 825 1085 875 βούλε-

61 898 129 920 ται·
141 882 242 926 καὶδς
254 885 320 920 τῶν
330 882 391 933 μὲν
405 882 537 919 παίδων
552 883 777 934 Αμφιτρῆτος
786 882 916 925 οὐδενος
927 877 992 924 οἷός
1008 899 1027 919 τ
1048 886 1087 928 ἠν

62 939 228 993 ἐγκρατὴς
246 940 418 991 γενέσθαι·
434 940 618 985 ὑπεξῆλθον
635 940 700 992 γὰρ
717 943 934 992 παραχρῆμα
955 940 1090 977 δείσαν-

62 1014 132 1042 τες·
146 999 190 1036 τὰ
209 998 244 1036 δὲ
269 999 351 1036 ὄντα
368 1000 482 1041 αὐτοῖς
504 998 689 1048 ἐδήμευσε,
709 999 767 1035 καὶ
785 998 943 1050 ἀργύριον
963 997 1088 1050 ἐκήρυ-

62 1056 125 1100 ξεν,
142 1056 174 1093 εἴ
190 1071 239 1098 τις
255 1055 375 1099 αὐτοὺς
395 1058 570 1093 κτείνειεν·
587 1059 652 1093 τῶν
673 1056 706 1093 δὲ
725 1059 894 1093 κοινωνῶν
913 1059 970 1093 τοῦ
988 1057 1089 1108 φόνου

61 1120 148 1165 τρεῖς
167 1114 362 1160 ἀπέκτεινε,
381 1115 449 1155 τοῖς
465 1114 500 1150 δὲ
518 1113 630 1155 ἄλλοις
652 1112 760 1164 φυγὴν
781 1116 964 1165 προσεῖπεν
978 1130 985 1136 ·
1007 1116 1036 1151 οἱ
1055 1114 1089 1151 δὲ

60 1172 202 1224 ᾤχοντο.
224 1172 269 1210 Οἱ
291 1170 352 1221 μὲν
373 1171 413 1216 δὴ
431 1171 598 1216 Νηλεῖδαι
617 1170 852 1215 κατελύθησαν
873 1166 952 1210 ὧδε.

545 1256 604 1292 55.

115 1344 212 1381 Ibid.
238 1356 246 1381 ε
267 1342 351 1380 ”Οτι
371 1341 459 1392 μετὰ
477 1341 514 1379 τὸ
532 1342 671 1392 ἀγαγεῖν
691 1341 728 1378 τὸ
753 1341 852 1384 νάκος
871 1339 946 1384 τοὺς
964 1342 1089 1393 Ἀργο-

62 1400 187 1443 ναύτας
215 1402 264 1452 τῷ
292 1399 422 1451 Πελίᾳ,
445 1399 567 1437 Ἰάσων
599 1399 693 1441 εὐθὺς
718 1399 822 1436 ἐλθὼν
853 1399 962 1452 Πελία
991 1399 1088 1451 φόνον

62 1457 220 1495 ἐδούλευε
247 1460 308 1503 τῆς
336 1459 446 1509 ἀρχῆς
472 1456 571 1508 πέρι,
603 1456 739 1502 Μήδεια
771 1458 800 1493 δ’
833 1458 926 1509 αὐτῷ
959 1457 1087 1504 ὑπέστη

63 1516 221 1568 ἀνιδρωτὶ
236 1520 335 1554 τοῦτο
349 1515 502 1568 πράξειν.
522 1515 620 1567 Ταχὺ
634 1515 668 1553 δὲ
684 1518 758 1558 ταῖς
778 1515 906 1553 ἐκείνου
923 1516 1089 1567 Θυγατρά-

63 1590 115 1611 σιν
136 1577 169 1612 ἐν
191 1574 309 1626 ὁμιλίᾳ
325 1574 488 1625 γενομένη
510 1573 656 1621 ἔπειθεν,
675 1573 726 1611 ὅτι
748 1575 867 1617 αὐταῖς
884 1573 938 1610 τὸν
957 1574 1089 1625 πατέρα

62 1632 204 1684 γηραιὸν
220 1632 300 1670 ὄντα
318 1632 491 1678 ἀνηὸἧσαι
515 1631 667 1676 ποιήσειε
689 1631 744 1668 διὰ
762 1630 966 1683 φαρμάκων,
986 1631 1017 1668 εἴ
1032 1647 1089 1680 μιν

61 1689 304 1742 κατακόψασαι
320 1691 366 1733 εἷς
382 1689 512 1735 λε’ὅητα
530 1689 647 1734 ζέοντα
658 1689 852 1737 ἐμὸοίλοιεν·
868 1690 913 1731 εἷς
924 1689 957 1726 δὲ
977 1689 1090 1726 πίστιν

62 1751 119 1784 τοῦ
135 1747 237 1797 λόγου
248 1777 257 1794 ,
271 1746 316 1790 ὥς
329 1762 432 1798 φασι,
445 1747 564 1784 παλαί’
583 1746 669 1784 ἅττα
680 1747 908 1798 κατακόψασα
920 1746 1090 1798 πρόὸατα,

62 1806 121 1844 νέα
141 1808 179 1844 ἐκ
199 1807 356 1843 παλαιῶν
376 1805 495 1844 ἐποίει.
519 1807 563 1844 Αἱ
588 1805 622 1843 δὲ
643 1806 698 1843 διὰ
722 1810 819 1843 τοῦτο
847 1806 998 1855 μάλιστα
1015 1821 1090 1842 πει-

63 1868 196 1902 σθεῖσαι
214 1864 270 1901 τὸν
291 1863 423 1916 πατέρα
452 1863 602 1901 ἔκτειναν
615 1880 622 1886 ·
644 1864 702 1901 καὶ
722 1866 766 1907 ὡς
786 1863 881 1901 οὐδὲν
901 1863 1027 1913 ἐγίνετο
1044 1858 1090 1900 ὧν

62 1922 293 1973 προσεδόκων,
321 1923 354 1958 ἐν
376 1921 491 1958 πένθει
520 1921 659 1973 μεγάλῳ
686 1916 788 1967 ἦσαν.
820 1923 866 1960 Οἱ
890 1920 925 1958 δὲ
956 1920 1090 1959 Ἰωλκοὶ

63 1981 120 2017 ἐπὶ
145 1983 194 2032 τῷ
217 1979 306 2032 ἔργῳ
328 1979 485 2030 ἤχθηραν
510 1980 669 2025 Μήδειάν
694 1995 730 2016 τε
759 1979 817 2016 καὶ
846 1979 1006 2028 Ἰάσονα,
1033 1979 1091 2016 καὶ

63 2037 141 2080 τοὺς
161 2037 222 2087 μὲν
240 2041 330 2089 φυγῇ
349 2037 559 2087 ἐζημίωσαν·
577 2039 607 2074 οἱ
625 2038 652 2074 δ’
671 2038 716 2079 εἷς
732 2037 893 2087 Κόρινθον
908 2036 1092 2088 ἀπεχώρη-

65 2111 145 2133 σαν·
165 2101 239 2138 ταῖς
260 2095 293 2132 δὲ
311 2095 410 2132 παισὶ
430 2094 644 2144 συνέγνωσαν
667 2094 732 2132 ὑπὸ
750 2094 896 2137 ἀκακίας
917 2094 1089 2140 ἐξαπατη-

64 2153 208 2197 θείσαις·
229 2153 376 2190 θανάτου
400 2152 466 2203 γὰρ
493 2152 653 2204 ῥυόμεναι
672 2153 728 2189 τὸν
751 2153 884 2203 πατέρα
906 2154 944 2189 ἐκ
961 2152 1091 2202 γήρως,

66 2212 210 2249 ἄκουσαι
238 2211 454 2249 ἀπέκτειναν.
478 2210 562 2249 Ἐπὶ
590 2210 625 2247 δὲ
655 2212 703 2262 τῷ
732 2211 858 2248 Πελίου
889 2210 986 2262 τάφῳ
1006 2204 1091 2247 ἆθλα

65 2270 161 2316 ετέθη
185 2269 329 2319 μέγιστα
347 2269 405 2306 καὶ
429 2268 490 2311 τὰς
511 2267 696 2319 θυγατέρας
716 2269 820 2305 αὐτου
838 2268 1028 2319 ἠγάγοντο,
1049 2270 1092 2310 ὡς

65 2328 105 2365 ἂν
122 2327 271 2380 καθαρὰς
286 2327 397 2377 φόνου,
412 2326 480 2364 ot*
459 2342 602 2377 αριστοι.
622 2326 685 2364 Ἐκ
701 2326 935 2368 Πελοπείας2
908 2328 935 2376 (2
939 2328 948 2375 )
969 2326 1003 2363 δὲ
1021 2326 1092 2364 Ko-

65 2401 140 2429 κνος
160 2385 312 2435 ἐγένετο,
343 2401 370 2421 ω
403 2384 613 2435 Ηρακλης’
599 2384 796 2435 εμαχέσατο
817 2395 850 2421 εν
884 2384 1009 2436 Ἰτώνῳ
1033 2400 1093 2430 της

66 2442 223 2494 Ἀχαίας·
242 2440 409 2485 Ἄκαστος
430 2443 462 2479 δ’
480 2445 497 2480 ὁ
520 2442 646 2480 Πελίου
671 2458 704 2479 εν
731 2442 862 2480 Ἰωλκω
878 2442 1053 2479 εὸασίλευε
1042 2458 1091 2492 εν,

66 2504 125 2540 τοῦ
147 2501 276 2552 πατρὸς
297 2500 582 2546 τελευτήσαντος,
602 2500 750 2543 Ἰάσονος
768 2482 928 2552 φυγόντος
946 2503 989 2542 εἰς
1021 2500 1093 2538 Κό-

66 2562 174 2610 ρινθον
192 2562 251 2596 σὺν
269 2558 418 2609 Μηδείᾳ.

549 2652 608 2687 56.

119 2747 204 2780 Exc.
230 2747 286 2781 De
313 2746 398 2781 virt.
437 2772 443 2779 .
477 2741 561 2781 “On
586 2745 607 2787 ἡ
640 2742 803 2780 Ἀκάστου
832 2741 916 2791 γυνὴ
951 2742 1093 2787 Πηλέως

67 2803 267 2852 ἐρασθεῖσα,
291 2800 409 2849 λόγους
428 2799 512 2850 ὑπὲρ
539 2798 659 2848 μίξεως
683 2798 849 2850 εἰσφέρει·
871 2799 1091 2846 ἀναινομένου

67 2858 121 2905 δὲ,
143 2858 287 2896 δείσασα
306 2857 355 2906 μή
373 2873 429 2907 μιν
454 2857 609 2894 κατείποι
634 2857 671 2906 (1)
693 2856 774 2907 πρὸς
790 2855 846 2892 τὸν
863 2855 989 2906 ἄνδρα,
1011 2857 1092 2892 ὓπο-

66 2915 225 2968 φθάσασα
251 2915 351 2952 αὐτὸν
371 2914 617 2967 προδιαὸάλλει
642 2914 684 2965 (2)
704 2914 787 2964 πρὸς
811 2913 868 2950 τὸν
896 2913 1001 2964 ἄνδρα
1015 2943 1026 2963 ,
1047 2915 1092 2955 ὡς

2103 182 2177 211 3Μ>

1151 257 1209 288 ista
1227 259 1346 290 tierent.
1365 262 1481 292 Deinde
1496 264 1621 301 peracto
1633 264 1784 295 sacrificio
1800 265 1935 304 Phryges
1950 274 2003 296 eos
2017 266 2176 304 jusserunt

1151 328 1222 349 cuin
1247 320 1392 351 universo
1408 324 1547 354 exercitu
1576 325 1605 355 in
1622 325 1743 356 hostem
1767 327 1867 365 egredi
1878 351 1887 366 ,
1904 327 1981 357 dum
1997 336 2085 358 sacra
2106 330 2177 359 ante

1151 381 1333 421 phalangem
1356 384 1587 422 praeferrentur.
1617 387 1714 426 idque
1741 389 1891 420 fecerunt.
1912 391 2029 420 Contra
2042 392 2178 422 exeunte

1151 443 1364 483 Amphitrete,
1381 453 1480 483 quum
1496 446 1560 483 jain
1580 448 1609 477 in
1629 449 1803 488 propinquo
1823 451 1911 481 erant
1928 451 2045 490 copiae,
2063 451 2175 482 divini-

1151 507 1203 536 tus
1219 506 1344 537 incusso
1363 508 1496 546 correpti
1517 510 1633 540 terrore
1650 510 1679 540 in
1696 512 1797 550 fugam
1814 521 1846 543 se
1862 512 2026 545 dederunt.
2042 512 2090 543 llli
2106 522 2179 543 vero

1157 570 1250 609 tergis
1263 578 1373 601 eorum
1388 570 1566 602 insistentes
1579 572 1655 602 alios
1667 574 1876 613 trucidarunt,
1890 576 1967 607 alios
1982 576 2102 615 longius
2116 584 2179 615 per-

1151 633 1249 663 secuti
1263 633 1347 663 sunt.
1364 633 1591 672 Amphitretem
1609 634 1661 664 lilii
1680 635 1898 667 Leodamantis
1912 637 2107 668 occiderunt.
2127 640 2178 668 At-

1151 704 1213 734 que
1226 695 1270 726 sic
1288 695 1407 726 bellum
1420 695 1547 726 Milesiis
1561 697 1769 735 compositum
1781 700 1812 729 et
1828 700 1967 737 tyrannis
1984 700 2107 730 sublata
2121 702 2177 730 esl.

1192 759 1265 789 Post
1276 758 1345 789 haec
1356 758 1520 797 Epimenes
1541 767 1684 789 summus
1712 760 1890 799 reipublicae
1910 762 2098 800 gubernator
2126 772 2175 803 po-

1151 820 1214 859 puli
1225 820 1380 859 suffragiis
1393 821 1516 851 creatus
1530 822 1588 859 est,
1600 820 1672 851 data
1683 821 1844 852 occidendi
1859 824 2010 861 potestate
2024 834 2179 864 quoscun-

1150 891 1211 922 que
1222 882 1326 913 vellet.
1343 884 1371 913 ls
1382 891 1421 913 ex
1435 882 1504 913 liliis
1512 882 1638 921 quidem
1653 883 1856 922 Amphitretis
1869 894 1907 916 ne
1919 895 1980 916 uno
1994 887 2119 926 quidem
2129 896 2179 926 po·

1149 944 1201 976 tiri
1215 945 1334 984 potuit;
1355 953 1427 975 nam
1439 946 1616 976 metuentes
1632 945 1688 975 sibi
1709 945 1780 984 fuga
1793 946 1876 977 illico
1901 956 1932 978 se
1946 948 2178 986 snl›duxerant;

1151 1011 1261 1033 verum
1274 1002 1356 1033 bona
1369 1011 1479 1033 eorum
1497 1002 1686 1042 publicavit,
1701 1004 1731 1034 et
1747 1004 1898 1043 praeconis
1920 1013 1996 1035 voce
2013 1006 2178 1044 praemium

1151 1060 1307 1100 promisit,
1321 1061 1346 1091 si
1360 1061 1431 1100 quis
1449 1069 1501 1091 eos
1521 1060 1724 1091 interfecerit.
1747 1060 1849 1092 Caedis
1865 1062 2030 1101 participes
2046 1064 2108 1094 tres
2125 1072 2178 1093 oc—

1149 1118 1241 1157 cidit3
1262 1118 1399 1158 reliquos
1418 1118 1449 1149 in
1465 1118 1594 1149 exilium
1614 1118 1685 1157 egit.
1711 1119 1750 1149 Hi
1768 1119 1861 1158 igitur
1881 1120 1981 1150 solum
2005 1122 2178 1151 mutarunt.

1150 1178 1253 1216 Atque
1276 1177 1319 1207 sic
1336 1176 1516 1207 Nelidarum
1533 1176 1700 1216 imperium
1719 1185 1864 1207 eversum
1879 1180 1935 1207 est.

1637 1260 1693 1290 55.

1196 1344 1365 1382 Postquam
1384 1344 1571 1382 Argonautae
1590 1342 1690 1373 vellus
1712 1350 1843 1373 aureum
1870 1342 1964 1373 Peliae
1990 1343 2179 1381 attulerant,

1156 1408 1246 1437 lason
1269 1406 1375 1437 statim
1396 1406 1465 1444 post
1494 1404 1630 1436 reditum
1656 1404 1776 1435 caedem
1802 1405 1894 1435 Peliae
1921 1404 2120 1443 moliebatur,
2148 1409 2182 1436 ut

1151 1477 1244 1508 regno
1255 1468 1322 1507 ejus
1334 1468 1499 1508 potiretur.
1515 1467 1624 1499 Medea
1635 1476 1708 1498 vero
1722 1467 1841 1506 absque
1853 1467 1960 1498 labore
1975 1467 2034 1498 hoc
2049 1469 2075 1498 ei
2093 1470 2181 1508 pei-fi!

1150 1526 1296 1557 ciendum
1313 1526 1460 1565 suscepit.
1482 1526 1655 1557 Confestim
1674 1525 1766 1565 igitur
1783 1533 1859 1555 cum
1871 1525 1994 1556 filiabus
2013 1527 2105 1557 Peliae
2119 1528 2179 1557 col·

1152 1584 1260 1623 loquia
1271 1584 1406 1623 jungens
1422 1583 1458 1614 iis
1472 1584 1627 1623 persuasit
1639 1592 1672 1614 se
1688 1584 1808 1623 patrem
1822 1592 1933 1614 earum
1948 1592 2053 1614 senem
2067 1584 2180 1614 veneli-

1152 1639 1207 1669 ciis
1214 1638 1374 1677 juventuti
1386 1638 1598 1669 restituturam
1610 1646 1687 1676 esse,
1699 1638 1724 1668 si
1737 1639 1811 1677 ipsoe
1822 1638 1994 1669 dissectum
2004 1639 2034 1669 in
2046 1639 2178 1670 lebetem

1153 1696 1294 1727 fervente
1314 1696 1442 1735 plenum
1458 1704 1540 1734 aqua
1554 1695 1725 1734 injicerent.
1743 1697 1846 1735 thue
1863 1695 1956 1726 sidem
1974 1697 2076 1727 verbis
2098 1698 2179 1728 face-

1153 1755 1216 1791 ret,
1234 1762 1308 1784 oves
1329 1754 1495 1784 nonnullas
1517 1753 1653 1784 seniores
1677 1753 1825 1784 dissecuit
1847 1762 2005 1793 agnasque
2031 1754 2177 1785 reddidit.

1157 1812 1209 1842 llis
1229 1811 1301 1842 tiliae
1324 1811 1576 1850 quammaxime
1602 1820 1757 1850 persuasae
1783 1813 1902 1850 patrem
1926 1811 2118 1842 occiderunt.
2143 1815 2180 1843 Et

1153 1878 1251 1908 quum
1266 1869 1343 1899 nihil
1358 1869 1445 1899 tieret
1458 1877 1568 1899 eorum
1591 1877 1662 1908 quaa
1685 1871 1961 1909 exspectaverant,
1981 1878 2092 1909 magno
2106 1879 2181 1900 moe-

1153 1936 1222 1958 rore
1238 1926 1359 1957 affectae
1380 1928 1464 1957 sunt.
1485 1926 1559 1957 Iolci
1575 1935 1650 1957 vero
1669 1926 1709 1957 ob
1736 1927 1856 1957 facinus
1874 1927 1957 1958 istud
1976 1927 2047 1958 odio
2074 1936 2174 1966 perse-

1152 1986 1282 2024 quentes
1313 1984 1454 2015 Medeam
1480 1986 1511 2015 et
1541 1986 1680 2015 Iasonem
1711 1985 1804 2015 exilio
1831 1985 2034 2016 mulctarunt.
2065 1986 2180 2016 Exules·

1152 2043 1298 2073 abierunt
1312 2042 1513 2073 Corinthum.
1528 2042 1663 2073 Filiabus
1677 2043 1782 2073 autem
1796 2043 1887 2073 venia
1900 2042 1973 2073 data
1987 2044 2045 2080 est,
2062 2044 2097 2073 ut
2107 2051 2179 2081 quac

1153 2109 1217 2140 prae
1231 2100 1327 2131 animi
1344 2100 1545 2139 simplicitate
1566 2099 1706 2139 deceptae
1728 2100 1767 2130 ab
1787 2102 1872 2130 omni
1889 2101 1971 2131 malo
1997 2100 2178 2131 abhorruis-

1151 2160 1238 2197 sent;
1252 2167 1326 2189 nam
1344 2159 1379 2189 ut
1393 2159 1528 2189 mortem
1544 2166 1583 2188 ex
1603 2158 1689 2188 senio
1706 2158 1920 2188 imminentem
1944 2167 1961 2188 a
1985 2159 2073 2198 patre
2095 2166 2180 2188 arce·

1152 2218 1232 2255 rent,
1251 2217 1357 2247 invitae
1373 2224 1447 2246 eum
1461 2216 1662 2246 necaverant.
1681 2217 1716 2246 lu
1732 2215 1822 2246 Peliae
1839 2224 1914 2246 vero
1928 2216 2071 2255 sepulcro
2089 2215 2179 2246 fune·

1152 2275 1223 2305 bres
1247 2274 1338 2305 ludos
1360 2274 1552 2305 celebrantes
1568 2273 1696 2312 praemia
1719 2274 1857 2304 maxima
1879 2275 2068 2313 posuerunt,
2085 2276 2180 2313 atque

1153 2332 1230 2363 silias
1243 2332 1329 2371 ejus,
1345 2333 1454 2371 utpote
1470 2331 1595 2371 piaculo
1617 2340 1727 2370 puras,
1751 2331 1911 2362 duxerunt
1931 2331 1989 2361 viri
2012 2331 2176 2370 principes.

1154 2393 1200 2421 Ex
1217 2390 1342 2429 Pelopia
1357 2391 1483 2429 Cycnus
1495 2390 1590 2419 natus
1602 2391 1648 2419 est
1658 2413 1666 2428 ‚
1679 2397 1752 2419 cum
1763 2398 1825 2428 quo
1841 2388 1991 2420 Hercules
2004 2389 2043 2419 ad
2054 2391 2183 2419 ltonum.

1153 2448 1279 2479 Achaim
1294 2447 1482 2479 Thessalicae
1497 2447 1609 2478 urbem
1631 2447 1793 2486 pugnavit.
1820 2448 1950 2477 Acastus
1965 2448 2072 2477 autem
2088 2447 2180 2477 Peliae

1153 2506 1235 2537 filius
1248 2514 1386 2545 regnum·
1397 2505 1472 2536 Iolci
1489 2504 1642 2544 suscepit,
1664 2513 1762 2544 quum
1789 2505 1875 2543 pater
1897 2504 2062 2535 defunctus
2079 2506 2179 2541 esset,

1153 2567 1246 2596 lason
1258 2572 1331 2595 vero
1346 2563 1420 2595 exul
1434 2562 1621 2594 Corinthum
1637 2571 1710 2593 cum
1726 2562 1834 2593 Medea
1854 2562 2058 2593 abscessisset.

1637 2653 1695 2684 56.

1193 2743 1359 2780 (Atalante)
1373 2741 1473 2772 Acasti
1483 2749 1562 2771 uxor
1573 2740 1768 2771 Peleiamore
1776 2741 1936 2778 correpta,
1946 2747 2044 2778 quum
2057 2739 2181 2769 Peleum

1152 2804 1190 2835 (le
1211 2806 1319 2843 stupro
1335 2804 1550 2841 sollicitasset,
1565 2811 1623 2833 nec
1646 2801 1832 2841 persuadere
1849 2803 1874 2831 ei
1896 2802 2063 2840 potuisset,
2082 2801 2181 2830 verita

1152 2871 1190 2892 ne
1221 2871 1285 2892 rem
1304 2862 1412 2892 Peleus
1428 2860 1467 2891 ad
1493 2860 1642 2891 maritum
1665 2859 1799 2890 deterret
1813 2883 1820 2896 ‚
1851 2868 2071 2898 praeoccupare
2092 2859 2180 2888 illuni

1150 2918 1271 2949 statuit.
1288 2919 1396 2957 ltaque
1413 2917 1538 2948 Peleum
1552 2916 1635 2956 apud
1650 2916 1752 2946 virum
1767 2916 1989 2954 calumniatur,
2007 2916 2095 2955 quasi
2113 2917 2179 2946 stu-

67 3047 104 3052 —
121 3030 149 3058 7.
171 3025 393 3067 Ἀμφιτρὴν]
409 3027 561 3066 ἀμφυτρήν
579 3025 648 3056 cod.
667 3043 706 3047 —
726 3030 753 3056 8.
774 3023 958 3063 ἐδίωκον]
976 3025 1110 3054 ἐδιώκων
1133 3023 1202 3054 cod.
1229 3041 1268 3046 —-
1283 3027 1312 3054 9.
1339 3025 1412 3053 llaec
1429 3021 1508 3053 adde
1525 3022 1630 3061 paucis
1653 3021 1714 3052 illis
1734 3030 1806 3060 quae
1827 3021 1866 3051 de
1889 3022 2070 3059 aesymnelis
2090 3029 2178 3050 com-

70 3076 154 3111 perta
170 3072 332 3103 habemus.
351 3074 390 3103 V.
414 3074 583 3103 Hermann.
600 3070 745 3102 Auerna.
759 3071 844 3109 §GKR
864 3071 1062 3101 Schoemann.
1080 3069 1158 3100 Hist.
1175 3069 1234 3106 jur.
1252 3069 1337 3108 publ.
1356 3069 1374 3099 l.
1392 3078 1420 3108 p.
1440 3071 1479 3099 89
1492 3068 1589 3107 etqui
1607 3068 1648 3098 ibi
1668 3067 1845 3098 laudantur.

109 3122 158 3148 55.
187 3117 263 3149 Cod.
286 3120 401 3148 Escor.
415 3117 482 3156 fol.
500 3120 556 3155 83,
576 3121 613 3147 29
627 3125 655 3147 r.
673 3133 710 3137 --
733 3119 792 3153 83,
823 3120 857 3146 15
876 3124 941 3146 vso.
964 3117 1008 3146 De
1033 3123 1066 3145 re
1087 3115 1125 3145 cf.
1146 3114 1323 3154 Apollodor.
1345 3117 1374 3153 1,
1398 3118 1437 3153 9,
1456 3117 1492 3145 27
1519 3114 1625 3153 ibique
1649 3115 1843 3153 interpretes.
1865 3132 1903 3137 —
1922 3118 1944 3143 1.

68 3164 131 3195 λαί
144 3163 153 3179 '
178 3163 420 3204 ἄττα]φασιν,
444 3165 520 3194 ἄλλα
542 3163 617 3193 ἄττα
633 3161 741 3192 codex·
756 3179 793 3183 —
811 3166 840 3192 2.
859 3161 1092 3200 Πελοπείας]
1112 3161 1263 3196 Πελοπίας
1280 3161 1348 3191 cod.

109 3215 146 3241 56
170 3209 248 3241 Cod.
274 3211 350 3241 Tur.
359 3209 427 3248 fol.
452 3212 526 3248 154,
538 3212 614 3240 4-12
629 3217 694 3240 vso.
717 3207 832 3238 Eadem
850 3207 988 3238 suidas:
1005 3207 1228 3243 Αταλάντη,
1251 3207 1397 3238 Ἀκάστου
1417 3208 1510 3246 γυνὴ,
1531 3208 1593 3243 ἥτις
1617 3207 1740 3242 Πηλέως
1763 3207 1922 3245 ἐρασθεῖσα
1936 3206 2000 3234 κτλ.
2025 3206 2071 3234 ct.
2096 3204 2177 3233 idern

68 3265 99 3286 v.
121 3255 281 3291 Ἄκαστος.
305 3256 428 3295 Reliqui
447 3258 591 3287 auctores
606 3262 738 3286 uxorem
755 3254 859 3284 Acasti
882 3262 945 3283 non
966 3253 1128 3284 Atalanten
1151 3253 1262 3283 dicunt
1285 3254 1337 3284 sed
1363 3253 1597 3292 Astydammm
1623 3250 1819 3291 (Apollodor.
1846 3253 1906 3287 ΙΙΙ,
1938 3255 1990 3288 ι;,3
2017 3254 2051 3285 3·
2078 3249 2174 3278 schol.

70 3301 162 3333 Arist.
179 3302 261 3332 Nub.
283 3303 522 3341 1οό9εῐς.)νει
538 3302 740 3341 Hippolyten
756 3300 899 3337 (Pindar.
929 3302 1016 3330 Nem
1045 3301 1105 3337 1v,
1125 3303 1174 3331 92.
1191 3302 1218 3328 V
1229 3300 1322 3337 ‚4‹3).
1339 3319 1377 3325 -
1396 3304 1419 3329 l.
1443 3299 1643 3338 κατείποι]
1664 3299 1706 3329 sic
1722 3297 1818 3328 codex
1838 3298 1868 3327 et
1882 3295 2033 3326 Suidasin
2051 3294 2177 3332 optimis

71 3347 159 3378 codd.
176 3349 256 3380 Ante
267 3348 462 3379 Orelliumin
477 3347 564 3379 editt.
581 3347 740 3387 legebatur
756 3346 903 3377 κατείπει.
920 3351 1001 3377 -2
1019 3347 1130 3385 προδν.
1138 3346 1276 3376 2602»AE
1286 3345 1549 3384 ι]προσδια6ά))ε
1554 3357 1562 3375 ι
1585 3344 1656 3375 cod.
1683 3346 1712 3374 et
1737 3343 1809 3381 vulg
1802 3345 1862 3373 uzu»
1885 3351 1933 3380 ip
1958 3340 2103 3377 suidam,
2124 3339 2175 3369 ubi

1974 3124 2096 3151 4162,
2120 3123 2179 3141 not·
