2338 3765
123 178 196 213 398

111 257 200 307 μετὰ
214 257 246 295 Ἀ
254 255 383 307 ρὸάκην
398 255 495 305 λόγος
512 253 583 304 ἔχει
597 254 834 303 γενναιότατον
849 255 1034 304 γεγονέναι.
1054 255 1136 293 Ἐπὶ

110 315 230 353 τούτου
251 312 486 364 βασιλεύοντος
506 314 527 357 ἡ
543 311 677 361 μεγάλη
705 311 834 361 γίνεται
851 312 1025 361 μεταὸολὴ
1037 344 1045 358 ,
1063 313 1137 350 καθ’

111 374 153 419 ἣν
172 374 217 414 εἷς
238 370 375 422 Πέρσας
395 371 432 407 ἐκ
450 369 579 415 Μήδων
598 370 777 419 περιῆλθεν
795 372 815 414 ἢ
836 369 945 421 ἀρχὴ,
963 371 1004 407 δι’
1029 371 1140 407 αἰτίαν

112 430 256 467 τοιάνδε.
275 428 391 477 ῚΝόμος
410 427 542 476 ἐγένετο
562 428 595 463 ἐν
615 426 769 476 Μήδοις,
789 425 879 469 ὅστις
898 427 1000 474 πένης
1019 431 1142 479 τροφῆς

113 487 212 524 ἕνεκα
230 486 355 538 προσίῃ
374 487 411 537 (1)
429 484 525 536 ἀνδρὶ
542 484 692 536 εὖπόρῳ,
707 485 824 522 ἑαυτὸν
845 484 953 527 διδοὺς
967 485 1057 527 ὅπως
1071 485 1142 535 τρέ-

113 543 208 596 φοιτό
222 559 256 580 τε
275 542 333 580 καὶ
354 541 565 592 ἀμπέχοιτο,
584 540 642 578 ἴσα
663 541 722 578 καὶ
743 543 860 579 δοῦλον
881 543 922 592 (2)
945 542 1142 591 νομίζεσθαι

113 601 259 640 ἐκείνου·
285 600 326 646 ἢν
347 602 386 650 (3)
412 598 446 636 δὲ
473 598 521 649 μὴ
548 598 693 650 παρέχοι
710 603 818 636 ταῦτα
837 602 854 637 6
871 599 1004 648 λαὸὼν,
1021 599 1142 642 ἐξεῖναι

113 661 196 711 παρ’
206 659 308 696 ἄλλον
323 657 530 708 ἀποχωρεῖν.
549 656 787 708 Προσέρχεται
799 657 841 703 δή
851 672 900 699 τις
912 656 1142 707 μειρακίσκος,

113 717 221 766 ὄνομα
244 718 371 768 Κῦρος,
393 715 534 765 Μάρδος
551 715 665 764 γένος,
693 715 872 766 θεράποντι
907 714 1089 764 βασιλείῳ,
1110 712 1143 755 ὃς

113 769 154 821 ἦν
176 774 232 811 ἐπὶ
258 779 326 816 τοῖς
345 772 550 809 καλλύνουσι
572 771 615 809 τὰ
637 774 810 823 βασίλεια.
839 767 909 810 ὟΗν
940 771 974 808 δὲ
995 774 1012 808 6
1034 773 1144 822 Κῦρος

113 831 383 883 Τοσατραδάτου
406 832 447 881 (4)
479 833 577 877 παῖς,
606 830 697 873 ὅστις
720 831 898 882 ἐλῄστευεν
919 830 983 867 ὑπὸ
1010 829 1140 870 πενίας.

115 890 159 928 ‘H
180 889 214 926 δὲ
231 887 314 937 γυνὴ
330 890 452 934 αὐτοῦ,
471 888 637 938 Ἀργόστη
655 890 695 936 (5)
713 887 834 936 ὄνομα,
852 891 872 933 ἢ
890 887 1002 937 Κύρου
1016 886 1142 936 μήτηρ,

114 948 304 984 αἷπολοῦσα
326 946 396 992 ἔζη.
417 945 624 984 Ἔκδίδωσιν
647 939 703 983 οὖν
725 946 825 982 αὑτὸν
850 948 887 993 (6)
910 947 926 981 6
956 946 1066 994 Κῦρος
1086 943 1143 980 ἐπὶ

113 1005 152 1042 τὸ
167 1004 349 1057 τρέφεσθαι
367 1006 416 1056 τῷ
438 1004 554 1054 ἀνδρὶ,
575 1004 634 1041 καὶ
650 1004 811 1041 ἓκάλλυνε
831 1003 875 1040 τὰ
897 1002 1055 1053 βασίλεια
1078 1002 1118 1050 (7)
1132 1029 1141 1046 ,

113 1062 173 1101 καὶ
196 1057 237 1108 ἦν
262 1061 439 1109 ἐπιμελής,
458 1061 589 1099 Βελτίω
609 1055 665 1098 οῧν
694 1062 787 1111 αὐτῷ
810 1059 932 1104 στολὴν
958 1062 975 1096 ὁ
1002 1057 1143 1095 ἐπιστά-

113 1137 174 1167 της
193 1121 331 1168 δίδωσι,
348 1118 404 1156 καὶ
419 1121 457 1156 ἐκ
471 1121 538 1156 τῶν
558 1118 621 1162 ἔξω
638 1118 818 1168 εἰσήγαγεν
833 1120 877 1161 εἷς
888 1117 963 1160 τοὺς
980 1116 1047 1153 ἔσω
1062 1118 1145 1153 καλ-

115 1179 278 1221 λύνοντας
292 1176 388 1228 παρὰ
410 1178 563 1227 βασιλεῖ,
583 1176 641 1213 καὶ
660 1179 708 1228 τῷ
729 1176 856 1213 τούτων
874 1175 1042 1225 ἐπιστάτῃ
1064 1189 1142 1211 συν-

118 1234 245 1281 ίστησι.
276 1234 437 1276 Χαλεπὸς
463 1234 491 1271 δ’
516 1228 557 1280 ἦν
583 1228 675 1276 οὗτος
695 1234 752 1270 καὶ
774 1233 959 1283 ἐμαστίγου
979 1231 1144 1273 πολλάκις

116 1294 230 1342 Κῦρον
245 1307 253 1316 ·
275 1292 334 1329 καὶ
364 1291 399 1334 ὃς
428 1291 614 1342 ἀφίσταται
644 1290 740 1343 παρὰ
757 1291 814 1328 τὸν
834 1291 1040 1342 λυχνοφόρον
1053 1305 1061 1312 ·
1081 1291 1145 1326 κά·-

114 1351 223 1393 κεῖνος
242 1349 342 1387 αὐτὸν
362 1351 480 1400 ἀγαπᾷ
503 1351 564 1399 (8),
581 1349 639 1386 καὶ
658 1349 868 1400 προσάγεται
884 1348 1027 1394 πλησίον
1048 1350 1143 1398 βασι-

114 1407 211 1454 λέως,
226 1407 269 1444 ἵν’
285 1409 319 1444 ἐν
330 1408 397 1449 τοῖς
413 1410 678 1459 λυχνοφοροῦσιν
694 1408 788 1458 αὐτῷ
804 1405 871 1452 εἴη.
891 1407 1092 1454 Εὐδοκιμῶν
1110 1403 1144 1441 δὲ

115 1466 174 1502 καὶ
204 1467 238 1502 ἐν
262 1464 391 1506 τούτοις
411 1466 557 1513 μετῆλθε
587 1463 683 1515 παρὰ
703 1463 938 1515 Ἀρτεμὸάρην
968 1462 1025 1513 (9),
1056 1461 1146 1504 ὅστις

115 1526 182 1560 τῶν
202 1523 362 1574 οἰνοχόων
375 1522 573 1569 ἐπεστάτει,
591 1522 649 1559 καὶ
666 1522 766 1564 αὐτὸς
782 1524 918 1574 βασιλεῖ
931 1521 1038 1572 ὤρεγε
1056 1521 1144 1557 πιεῖν

114 1582 177 1626 τὴν
197 1582 334 1632 φιάλην.
358 1580 403 1618 ‘O
424 1579 459 1617 δὲ
479 1580 580 1617 αὐτὸν
601 1580 784 1630 προθύμως
805 1580 962 1630 δέχεται,
982 1578 1040 1615 καὶ
1060 1580 1145 1615 οἴνο-

115 1644 208 1689 χοεῖν
225 1639 355 1676 κελεύει
380 1643 449 1680 τοῖς
465 1637 709 1688 ὁμοτραπέζοις
735 1638 916 1687 βασιλέως.
940 1638 991 1675 Οὐ
1015 1637 1144 1695 πολλοῦ

117 1697 152 1734 δὲ
178 1696 300 1748 χρόνου
331 1696 403 1733 ἐπεὶ
422 1695 511 1746 ἑώρα
541 1695 641 1732 αὐτὸν
668 1694 905 1745 Ἀρτεμὸάρης
933 1694 993 1744 (ιο)
1024 1697 1058 1730 εὖ
1087 1693 1145 1730 καὶ

116 1756 325 1805 ἐπιστρεφῶς
348 1755 568 1790 διακονοῦντα
596 1751 656 1789 καὶ
681 1752 742 1798 τὴν
771 1752 896 1803 φιάλην
926 1752 1147 1802 εὐσχημόνως

115 1812 324 1857 ἐπιδιδόντα,
349 1811 556 1848 πυνθάνεται
589 1810 748 1861 βασιλεὺς
767 1809 1000 1861 Ἀρτεμὸάρου
1027 1810 1146 1848 ὁπόθεν

120 1869 171 1915 εἴη
200 1872 217 1906 6
237 1868 422 1912 νεανίσκος.
446 1886 460 1902 α
480 1868 544 1910 ‘stc
561 1870 674 1910 καλῶς
694 1869 848 1919 οἰνοχοεῖ.
875 1886 889 1901 υ
918 1867 961 1906 Ὁ
982 1868 1011 1905 δ’
1028 1861 1121 1905 εἶπεν
1137 1883 1145 1891 ·

116 1945 132 1960 α
148 1922 200 1965 ῗΩ
218 1927 385 1973 δέσποτα,
399 1926 455 1970 σὸς
470 1927 605 1972 δοῦλος,
626 1926 764 1977 Πέρσης
781 1925 893 1975 γένος,
908 1926 946 1963 ἐκ
962 1928 1029 1962 τῶν
1047 1925 1147 1977 Μάρ-

117 1986 195 2033 δων,
213 1988 339 2037 τροφῆς
365 1984 400 2022 δὲ
430 1984 531 2035 χάριν
555 1983 672 2021 ἑαυτὸν
695 1983 849 2026 δεδωκώς
879 1999 950 2032 μοι.
975 2001 990 2016 »
1014 1978 1084 2021 ὟΗν
1113 1982 1147 2020 δὲ

117 2047 134 2080 6
153 2043 388 2094 Ἀρτεμὸάρης
416 2041 628 2093 πρεσὸύτης·
649 2041 708 2079 καί
727 2057 811 2079 ποτε
831 2042 937 2078 δεῖται
960 2040 1145 2091 βασιλέως,

117 2101 191 2138 ἐπεὶ
209 2100 521 2152 ἐπύρεξε,μεθεῗναι
541 2100 640 2137 αὐτὸν
669 2101 715 2142 εἷς
735 2094 824 2137 οἶκον
852 2099 920 2136 ἔστ’
951 2098 992 2135 ἂν
1012 2099 1146 2149 ὑγιαίνῃ.

118 2178 131 2191 ¹1
143 2159 232 2196 Ἀντὶ
247 2160 275 2196 δ’
295 2161 463 2208 ἐμαυτοῦ,
478 2158 555 2210 ἔφη,
570 2160 587 2194 6
603 2157 775 2200 νεανίσκος
791 2156 846 2194 ὅδε
862 2158 995 2208 (Κῦρον
1009 2155 1146 2208 λέγων),

117 2216 152 2252 ὃν
181 2216 222 2254 σὺ
243 2219 410 2264 ἐπαινεῖς,
428 2215 639 2266 οἷνοχοήσει·
660 2215 730 2253 υἱὸν
751 2216 781 2252 δ’
804 2214 903 2251 αὐτὸν
926 2213 1023 2264 κάγὼ
1041 2215 1146 2258 ποιή-

118 2290 241 2324 σομαι,
259 2276 415 2324 εὐνοῦχος
433 2274 493 2320 ὢν,
509 2273 538 2310 εἴ
556 2289 607 2310 σοι
623 2276 671 2324 τῷ
689 2272 838 2323 δεσπότῃ
856 2274 1017 2323 οἰνοχοῶν
1038 2287 1146 2309 κατα-

118 2333 235 2382 θύμιος
261 2333 404 2382 γένοιτο.
438 2350 455 2365 τ)
513 2333 638 2369 Ταῦτα
667 2330 785 2381 ἐπῄνει
816 2333 832 2367 6
865 2329 1071 2379 Ἀστυάγης·
1090 2329 1148 2366 καὶ

118 2394 135 2428 ὅ
155 2390 216 2440 μὲν
237 2388 420 2435 ἀπελύετο,
440 2387 552 2425 πολλὰ
573 2388 807 2437 ἐντειλάμενος
831 2386 950 2438 Κύρῳ,
972 2387 1030 2423 καὶ
1050 2388 1148 2438 φιλο-

118 2447 372 2500 φρονησάμενος
385 2448 430 2487 ὡς
444 2445 484 2482 ἂν
499 2446 575 2496 υἱῷ.
588 2444 632 2483 ‘O
645 2444 678 2482 δὲ
691 2443 869 2496 παρεστὼς
885 2446 1020 2494 βασιλεῖ
1037 2443 1098 2488 τήν
1113 2459 1149 2480 τε

119 2505 244 2556 φιάλην
263 2504 372 2541 ἐδίδου
392 2502 451 2540 καὶ
465 2501 606 2553 ᾠνοχόει
619 2502 724 2539 νύκτα
738 2502 796 2539 καὶ
812 2501 945 2551 ἡμέραν
959 2531 967 2547 ,
985 2500 1149 2553 ὑπέφαινέ

117 2578 153 2600 τε
178 2560 309 2607 πολλὴν
342 2559 562 2611 σωφροσύνην
594 2558 653 2595 καὶ
683 2558 853 2609 ἀνδρείαν.
882 2557 926 2596 ‘O
950 2560 979 2595 δ’
1009 2559 1149 2608 Ἀρτεμ-

120 2619 228 2671 ὅάρης
257 2621 295 2656 ἐκ
324 2620 383 2663 τ’ἧς
408 2616 507 2654 νόσου
544 2616 672 2661 ταύτης
706 2616 844 2661 θνήσκει
870 2616 1151 2665 υἱοποιησάμενος

118 2678 174 2714 τὸν
207 2679 331 2727 Κῦρον.
369 2674 515 2713 Δίδωσιν
538 2669 594 2711 οὖν
625 2676 718 2725 αὐτῷ
752 2677 769 2711 6
804 2674 1008 2724 Ἀστυάγης,
1037 2676 1081 2715 ὡς
1112 2673 1151 2710 ἂν

119 2735 185 2772 υἱεῖ
213 2736 290 2784 (ιι),
311 2733 367 2770 τὸν
385 2731 570 2781 σύμπαντα
600 2732 670 2782 βίον
694 2731 935 2783 Ἀρτεμὸάρεω
965 2731 1023 2767 καὶ
1059 2731 1148 2767 ἄλλα

119 2792 230 2830 πολλὰ
250 2793 360 2842 δῶρα·
381 2789 488 2840 μέγας
507 2805 543 2826 τε
561 2785 601 2836 ἦν
624 2789 681 2826 καὶ
705 2788 813 2838 ὄνομα
831 2791 935 2826 αὐτοῦ
957 2788 1067 2834 πάντη
1084 2790 1153 2825 διε-

119 2850 250 2902 φέρετο.

1178 1852 1182 1936 Ι

910 169 1107 207 MCOLAI
1139 171 1425 209 DAMASCENl

1201 264 1298 293 simus
1315 263 1409 294 fuisse
1426 263 1568 294 traditur.
1584 265 1628 294 Eo
1643 265 1791 302 regnante
1805 272 1916 303 magna
1930 264 1986 295 ista
2000 265 2114 296 accidit
2125 274 2230 297 rerum

1201 321 1382 359 conversio,
1405 330 1469 360 qua
1489 330 1507 351 a
1529 320 1627 352 Medis
1649 321 1688 351 ad
1712 323 1822 353 Persas
1849 322 2015 362 imperium
2039 323 2165 354 devenit
2189 323 2231 354 ob

1201 387 1329 409 causam
1345 378 1532 418 hujusmodi.
1549 380 1617 409 Lex
1629 379 1712 418 apud
1723 379 1830 410 Medos
1840 380 1977 419 obtinet,
1987 389 2024 412 ex
2037 390 2099 420 qua
2115 389 2232 421 pauper

1202 436 1256 475 qui
1272 436 1375 467 victus
1390 444 1484 467 causa
1499 436 1538 466 ad
1561 436 1665 467 virum
1679 436 1810 468 divitem
1823 438 1945 469 accedit
1964 438 2055 478 eique
2073 447 2106 469 se
2125 439 2232 476 tradit,

1205 495 1239 524 ut
1261 494 1418 524 nutriatur
1434 496 1465 524 et
1480 494 1657 533 amiciatur,
1675 494 1785 525 eodem
1800 504 1863 534 quo
1875 504 1984 526 servus
1997 495 2067 527 loco
2085 496 2230 528 habetur.

1204 550 1321 586 Quodsi
1335 551 1484 582 dominus
1500 551 1567 582 baec
1584 561 1646 582 non
1661 554 1799 592 praestat,
1811 553 1884 584 licet
1899 553 1943 584 illi
1953 553 1992 584 ad
2006 553 2103 584 alium
2116 562 2148 585 se
2160 562 2232 585 con·

1204 608 1295 639 serre.
1313 610 1358 639 Ea
1377 609 1470 647 igitur
1496 608 1674 640 conditione
1700 619 1779 650 puer
1795 610 1943 650 quidam,
1963 612 2065 651 Cyrus
2085 611 2231 651 nomine,

1204 675 1316 705 genere
1330 666 1456 697 Mardus
1467 691 1474 705 ,
1487 666 1525 697 ad
1537 667 1716 698 ministrum
1731 668 1850 708 regium
1863 668 2001 708 accedit,
2016 669 2070 708 qui
2083 669 2234 700 mundan-

1203 724 1288 755 tibus
1299 725 1449 764 palatium
1462 726 1529 755 erat
1539 725 1716 764 praefectus.
1729 727 1830 765 Cyrus
1843 726 1926 757 filius
1938 727 2006 758 erat
2018 727 2234 759 Tosatradatae

1209 782 1439 821 (Ati-adalae),
1460 783 1514 822 qui
1534 783 1575 813 ob
1594 786 1810 823 paupertatem
1834 784 2032 816 latrocinium
2054 785 2232 817 exercebat.

1205 843 1292 872 Uxor
1319 841 1386 880 ejus
1412 842 1541 880 Argoste
1554 865 1562 879 ,
1579 844 1680 872 mater
1705 843 1797 882 Cyri,
1823 851 1932 882 capras
1955 843 2111 883 pascendo
2135 844 2233 875 vitam

1205 898 1409 930 sustentabat.
1423 900 1524 939 Cyrus
1534 899 1640 939 itaque
1653 908 1753 939 quum
1763 900 1802 931 ad
1812 900 1933 931 victum
1946 901 2152 940 quaerendum
2167 902 2234 932 viro

1205 956 1254 987 isti
1269 965 1301 988 se
1319 957 1480 996 elocasset,
1495 957 1611 996 regiam
1631 957 1816 996 mundabat,
1831 959 2032 998 multamque
2048 959 2235 991 ostendebat

1205 1013 1672 1054 diligentiam.splendidiorem,
1685 1015 1780 1054 igitur
1799 1017 1918 1047 vestem
1931 1016 1958 1047 ei
1975 1017 2143 1056 praefectus
2161 1017 2233 1054 dat,

1205 1072 1237 1102 et
1252 1071 1292 1102 ab
1313 1072 1348 1101 iis
1360 1072 1414 1111 qui
1431 1073 1539 1103 extera
1555 1073 1661 1112 palatii
1679 1073 1851 1112 curabant,
1865 1073 1904 1104 ad
1917 1082 1970 1105 eos
1987 1074 2039 1114 qui
2053 1074 2139 1106 intus
2151 1074 2235 1114 apud

1206 1138 1310 1167 regem
1324 1129 1538 1169 mundabant,
1554 1130 1778 1169 introducitur,
1800 1131 1978 1172 horumque
1993 1133 2142 1172 praesecto
2159 1132 2234 1164 sub-

1202 1187 1356 1226 Jungitur.
1377 1190 1406 1218 1<
1425 1196 1498 1219 vero
1514 1197 1643 1219 severus
1659 1190 1726 1220 erat
1745 1198 1782 1220 ac
1807 1198 2024 1229 saepenumero
2043 1191 2162 1230 Cyrum
2180 1189 2235 1221 tla-

1206 1246 1350 1285 gellabat.
1369 1248 1473 1282 Quare
1490 1247 1548 1277 lioc
1566 1247 1675 1278 relicto
1688 1248 1789 1287 Cyrus
1801 1247 1842 1278 ad
1855 1247 2083 1287 lampadarium
2095 1248 2236 1287 transiit,

1206 1304 1259 1344 qui
1270 1312 1377 1335 amore
1391 1313 1463 1335 eum
1475 1305 1675 1344 prosequitur
1685 1305 1768 1337 etad
1784 1314 1887 1345 regem
1901 1306 2029 1346 propius
2043 1306 2183 1345 adducit,
2197 1307 2235 1338 iis

1206 1366 1260 1406 qiii
1273 1366 1418 1397 lucernas
1431 1367 1605 1405 praeferunt
1620 1375 1799 1399 accensens.
1819 1369 1858 1399 Et
1870 1377 1970 1408 quum
1990 1369 2073 1400 inter
2089 1368 2147 1400 hos
2159 1377 2237 1408 quo.-

1206 1435 1268 1466 que
1281 1427 1480 1466 probaretur,
1502 1427 1616 1459 deinde
1631 1428 1755 1459 transiit
1773 1428 1813 1459 ad
1829 1429 2065 1469 Artembarein,
2090 1429 2145 1469 qui
2163 1430 2235 1469 pin-

1206 1490 1307 1521 cernis
1319 1491 1386 1521 erat
1399 1490 1566 1528 praefectus
1579 1491 1674 1530 atque
1693 1490 1758 1530 ipse
1775 1491 1837 1531 regi
1861 1492 1997 1531 phialam
2011 1492 2050 1524 ad
2063 1493 2236 1525 bibendum

1208 1551 1393 1591 porrigebat.
1408 1554 1437 1582 ls
1450 1552 1582 1583 libenter
1592 1554 1712 1592 Cyrum
1723 1553 1861 1585 admittit
1872 1556 1901 1585 et
1912 1555 2004 1586 sociis
2016 1564 2133 1587 mensae
2146 1557 2238 1595 regiae

1207 1614 1371 1645 infundere
1389 1614 1489 1652 jubet.
1513 1616 1578 1645 Nec
1600 1615 1701 1646 multo
1724 1617 1793 1655 post
1817 1625 1916 1656 quum
1938 1618 2088 1657 Astyages
2107 1618 2185 1649 scite
2207 1621 2238 1649 et

1207 1675 1318 1706 dextre
1336 1674 1567 1705 ministrantem
1590 1675 1790 1716 phialamque
1808 1676 1922 1708 decore
1942 1677 2115 1709 admodum
2140 1679 2238 1718 porri—

1207 1739 1331 1777 gentem
1352 1736 1490 1774 videret,
1505 1737 1620 1775 quaerit
1637 1747 1677 1769 ex
1691 1739 1877 1770 Artembare
1892 1748 1965 1778 rex,
1989 1739 2073 1771 unde
2095 1742 2175 1772 esset
2189 1740 2239 1780 jii-

1208 1800 1295 1831 venis
1314 1800 1384 1839 ille,
1408 1801 1463 1840 qui
1479 1802 1545 1832 tam
1571 1800 1695 1840 egregie
1717 1800 1876 1840 pincernae
1898 1809 2029 1832 munere
2045 1801 2237 1840 fungeretur.

1209 1862 1267 1893 Cui
1286 1862 1355 1900 ille,
1374 1874 1388 1888 «
1416 1864 1444 1894 Ο
1461 1862 1610 1901 domine,
1631 1861 1809 1902 respondit,
1832 1870 1941 1894 servus
1957 1863 2034 1894 tuus
2055 1865 2123 1901 est,
2146 1864 2239 1895 Persa

1208 1931 1319 1962 genere
1329 1946 1337 1961 ,
1349 1923 1466 1954 Mardis
1476 1923 1629 1954 oriundus
1639 1946 1647 1961 ‚
1665 1922 1719 1962 qui
1732 1923 1833 1954 vietus
1841 1931 1937 1954 causa
1949 1932 1981 1955 se
1989 1923 2066 1954 mibi
2077 1923 2206 1955 dedidit.
2222 1937 2237 1951 »

1209 1986 1358 2017 Ceterum
1373 1984 1573 2015 Artembares
1587 1985 1651 2024 jam
1671 1993 1767 2016 senex
1785 1985 1870 2023 erat,
1891 1985 1922 2016 et
1942 1984 2121 2024 quondam,
2136 1992 2235 2024 quum

1209 2043 1287 2074 sebri
1300 2044 1474 2083 laboraret,
1489 2053 1506 2075 e
1523 2053 1593 2084 rege
1607 2045 1735 2084 petivit,
1756 2045 1791 2076 ut
1808 2044 1939 2076 domum
1951 2053 1984 2076 se
1999 2044 2172 2076 dimitteret
2184 2044 2237 2075 do-

1208 2115 1265 2137 nec
1279 2108 1491 2146 recuperasset
1501 2107 1725 2138 valetudinem.
1740 2120 1754 2133 «ι
1768 2107 1896 2138 Interim
1907 2131 1915 2146 ,
1927 2107 2040 2147 inquit,
2058 2107 2238 2147 pincernam

1208 2178 1265 2208 pro
1279 2177 1330 2200 me
1345 2170 1415 2208 aget
1427 2169 1550 2208 juvenis
1563 2169 1614 2200 liic
1632 2170 1769 2208 (Cyrum
1785 2169 1943 2208 dicebat),
1958 2177 2051 2209 quem
2064 2171 2099 2200 tu
2116 2169 2236 2200 collau-

1208 2233 1281 2270 das,
1297 2240 1456 2271 quemque
1469 2241 1542 2271 ego,
1558 2232 1613 2271 qui
1630 2232 1794 2263 eunuchus
1805 2233 1863 2263 sim
1876 2257 1884 2270 ‚
1899 2240 1957 2272 pro
1977 2232 2041 2262 filio
2060 2231 2235 2277 adoptabo‚

1210 2295 1234 2325 si
1250 2294 1325 2332 tibi,
1342 2294 1472 2324 domino
1487 2302 1575 2331 meo,
1590 2293 1620 2323 id
1634 2295 1757 2333 gratum
1774 2293 1878 2325 suerit.
1896 2306 1910 2321 υ
1931 2293 2156 2333 Comprobavit
2178 2294 2238 2325 lioc

1208 2358 1367 2395 Astyages.
1387 2356 1443 2386 llle
1456 2364 1531 2386 vero
1547 2355 1696 2385 abscessit
1708 2355 1809 2386 muita
1824 2356 1908 2395 Cyro
1926 2355 2120 2387 demandans
2139 2357 2235 2387 comi-

1210 2421 1257 2450 ter
1269 2420 1301 2450 et
1323 2419 1475 2449 benevole
1487 2442 1495 2457 ,
1511 2418 1600 2457 quasi
1619 2417 1683 2448 filio
1700 2426 1770 2448 suo.
1789 2418 1885 2457 Igitur
1900 2417 1990 2448 lateri
2017 2418 2096 2457 regis
2113 2418 2240 2449 adstans

1211 2480 1313 2518 Cyrus
1329 2478 1465 2518 phialam
1481 2477 1658 2516 porrigebat
1671 2477 1702 2508 et
1717 2477 1828 2507 vinum
1842 2476 2028 2508 infundebat
2054 2476 2107 2508 diu
2125 2479 2238 2508 noctu-

1210 2546 1289 2578 que,
1317 2546 1353 2568 ac
1372 2538 1506 2568 multam
1532 2536 1718 2567 modestiam
1743 2536 1928 2567 ostendebat
1944 2537 1975 2567 et
1993 2536 2158 2568 virtutem.
2185 2539 2239 2567 Ar-

1210 2596 1366 2628 tembares
1380 2597 1485 2625 autem
1500 2603 1517 2625 e
1530 2594 1640 2625 morbo
1660 2594 1805 2633 moritur,
1820 2594 1988 2633 postquam
2007 2596 2126 2634 Cyrum
2143 2597 2239 2627 testa—

1211 2661 1317 2690 mento
1333 2658 1430 2689 siliuin
1444 2657 1503 2688 sibi
1517 2657 1704 2688 instituerat.
1717 2660 1821 2694 Quare
1831 2658 1982 2697 Astyages
1991 2657 2032 2696 ei,
2044 2660 2153 2697 utpote
2165 2658 2240 2697 filio,

1213 2724 1391 2755 facultatem
1406 2721 1602 2754 Arteiiibarae
1617 2721 1795 2752 universam
1806 2720 1934 2752 tradidit
1946 2721 2069 2761 aliaque
2082 2721 2163 2753 dona
2173 2723 2242 2762 plu-

1213 2786 1291 2816 riuia
1307 2784 1436 2816 addidit.
1452 2785 1523 2815 Jam
1538 2783 1659 2814 celeber
1674 2784 1777 2823 Cyrus
1789 2784 1856 2814 erat
1869 2784 1900 2814 et
1912 2791 2027 2814 nomen
2043 2783 2111 2822 ejus
2123 2783 2240 2824 ubique

1214 2847 1445 2887 divulgabatur.

879 2911 2232 2927 —f——ss

121 2953 195 2984 nihil
212 2953 269 2984 nisi
287 2952 357 2982 haec
384 2951 479 2982 tradit
498 2964 505 2981 z
523 2951 623 2986 Φησὶν
640 2950 692 2980 οὖν
718 2950 829 2980 αὐτίκα
856 2951 921 2990 περὶ
943 2954 996 2981 τοῦ
1020 2948 1218 2987 Ἀστυάγους,
1248 2949 1288 2981 ὡς
1314 2945 1397 2976 οὐδὲν
1415 2944 1508 2974 αὐτοῦ
1535 2943 1608 2983 πρὸς
1636 2943 1719 2982 γένος
1745 2940 1951 2981 ἐχρημάτιζεν.
1970 2959 2010 2966 -
2026 2944 2052 2971 1.
2078 2940 2240 2980 προσίῃ]

120 3002 220 3039 προσῇ
251 2998 322 3029 cod.
352 3015 391 3020 —
414 3002 443 3027 2.
476 2996 631 3036 δοῦλον]
654 2997 701 3028 vel
735 2997 849 3032 δοῦλος.
876 2997 984 3027 δούλου
1010 2996 1079 3027 cod.
1107 3015 1140 3021 -
1166 2998 1195 3025 3.
1229 2992 1289 3033 ἢν]
1316 2992 1352 3030 ἢν
1386 2990 1456 3022 cod.
1475 3008 1516 3013 —
1538 2993 1568 3020 4.
1597 2986 1920 3038 Teo-arpot'do‘troy]
1944 2987 2028 3018 Infra
2047 2988 2135 3026 pater
2161 2987 2237 3025 Cyri

122 3046 302 3076 nominatur
324 3043 511 3084 Ἀτραδάτης.
536 3043 625 3074 Unde
653 3043 685 3073 li.
715 3043 735 3073 l.
762 3044 890 3073 sortasse
909 3052 970 3074 scr.
991 3046 1044 3073 τοῦ
1060 3040 1248 3082 Ἀτραδάτου.
1271 3037 1361 3077 Apud
1387 3036 1581 3068 Herodotum
1609 3043 1725 3066 nomen
1749 3033 1897 3071 bubulci,
1923 3032 2007 3084 apud
2025 3040 2120 3070 quem
2141 3032 2240 3070 Cyrus

121 3092 287 3130 educatur,
314 3092 361 3121 est
392 3089 593 3129 Μιτραδάτης.
627 3109 665 3115 -
689 3093 717 3119 5.
748 3088 949 3128 ’Λργόστη]
982 3089 1129 3127 Ἄργοστη
1155 3085 1266 3117 codex.
1295 3083 1451 3124 Ἀρτὸστης
1483 3084 1575 3113 Persa
1600 3081 1793 3112 memoratur
1829 3087 1868 3118 ap
1911 3080 2048 3109 CteSiam
2073 3086 2103 3117 p.
2121 3081 2159 3107 55
2197 3084 2238 3115 a;

122 3138 282 3178 Ἀργήστης
298 3145 347 3176 ap.
364 3136 503 3175 AEschyl.
526 3137 610 3166 PerS.
626 3140 693 3166 300.
713 3155 752 3161 —
767 3140 795 3166 ὓ.
814 3135 948 3174 αὑτὸν]
974 3136 1064 3165 αὐτὸν
1084 3134 1153 3165 cod.
1171 3130 1290 3163 Deinde
1314 3130 1422 3160 malim
1445 3141 1452 3159 ι
1470 3129 1518 3180 ἐπὶ
1537 3130 1581 3167 τῷ
1597 3144 1636 3180 -.-
1649 3130 1678 3158 7,
1694 3123 2099 3178 ’ἐπιμελῄςᾞέπιμελητής
2122 3121 2236 3175 code—it.

122 3185 214 3220 Quod
226 3184 254 3216 si
270 3184 440 3223 genuinum
455 3184 514 3220 est,
532 3184 601 3221 post
616 3190 724 3212 vocem
743 3181 882 3221 βασίλειοι
896 3182 1044 3211 nonnulla
1060 3179 1250 3216 exciderint3
1268 3185 1340 3207 nain
1354 3177 1580 3206 sententiarum
1602 3174 1722 3225 junctio
1741 3178 1963 3222 inconciniiior.
1982 3182 2020 3188 —
2041 3174 2070 3201 8.
2085 3166 2236 3243 αγαπᾳὴ]

122 3233 229 3271 ἠγαπᾶ
256 3230 326 3262 cod.
344 3235 426 3261 -9,
444 3227 711 3269 Ἄρτεμὸάρης]
740 3229 861 3259 Nomen
878 3228 937 3257 lioc
961 3227 1053 3257 etiam
1079 3227 1110 3256 in
1136 3224 1312 3257 Herodotea
1338 3222 1376 3254 de
1393 3224 1475 3261 Cyro
1500 3222 1676 3274 narratione
1700 3219 1836 3272 occurrit
1852 3219 1878 3256 l,
1904 3218 2168 3270 114.115.’116,’
2185 3221 2203 3243 u
2229 3222 2237 3243 i

124 3277 237 3309 nobilis
258 3278 305 3308 est
322 3275 424 3315 Medi,
441 3275 531 3314 quus
549 3274 648 3305 silium
672 3275 775 3313 Cyrus
795 3282 871 3313 puer
896 3272 1007 3303 ludens
1024 3272 1105 3303 male
1129 3272 1329 3303 tractaverat.
1356 3285 1397 3292 —
1421 3272 1468 3298 10.
1486 3263 1767 3322 ἈρτεμξαρηςῙΙ
1783 3263 1956 3294 Dicendum
1981 3263 2048 3319 erat
2067 3264 2236 3298 Αστυαγης.

125 3323 185 3354 Sed
202 3323 288 3355 nolui
315 3323 468 3362 corrigere
498 3322 727 3360 excerptorem.
745 3324 849 3350 -11,
874 3318 972 3358 υἱεῖ]
995 3318 1038 3349 sic
1055 3318 1086 3348 li.
1118 3318 1159 3357 l.;
1179 3317 1273 3349 modo
1300 3317 1367 3348 erat
1395 3316 1464 3354 υἱῷ.
1486 3313 1604 3345 Deinde
1631 3312 1844 3351 Αρτεμὸαρεως
1861 3309 1930 3340 cod.
