2338 3765
943 145 1000 180 Fu
1010 145 1266 183 AGMENTA.

56 228 226 268 ἱππασίαν
246 228 309 272 ἔξω
324 232 380 266 τοῦ
403 228 521 271 ἄστεος
540 227 660 278 προῄει
683 228 737 280 (4),
763 227 828 265 εἴτε
852 228 945 279 παρὰ
963 244 1085 278 συγγε-

54 289 122 330 νεῖς
140 286 162 333 ἢ
183 286 306 329 ἄλλους
333 287 438 328 τινάς.
462 285 590 324 ”Hom
618 285 684 336 γὰρ
706 286 765 323 καὶ
791 285 852 331 τὴν
884 285 997 336 ψυχὴν
1016 291 1085 327 τοῖς

54 343 249 385 καλλίστοις
277 343 547 392 ἐπιτηδεύμασι,
572 344 631 379 καὶ
651 343 688 379 τὸ
706 345 806 391 σῶμα
826 343 898 385 ταῖς
918 342 1085 392 γενναίαις

54 400 112 438 καὶ
130 402 334 450 πολεμικαῖς
355 400 533 450 μελέταις,
557 400 616 437 καὶ
634 403 699 437 τῶν
720 401 947 437 διδασκόντων
965 404 1083 437 θᾶττον

53 458 152 500 αὐτὸς
172 458 234 503 τὴν
260 457 408 506 μάθησιν
427 457 483 493 ἐπὶ
509 459 574 494 τῶν
596 457 702 508 ἔργων
733 457 973 503 ἀπεδείκνυτο,
997 456 1085 494 ὥστε

52 515 119 553 ἀπὸ
136 516 234 553 τοῦδε
252 516 310 552 καὶ
329 517 363 552 ἐν
386 518 426 565 τῇ
444 515 583 565 πατρίδι
613 515 719 552 πολὺν
745 515 845 560 ζῆλον
864 515 1081 565 ἐνέγκασθαι.

52 573 258 624 Ἐφεστήκει
277 573 312 610 δὲ
333 575 426 625 αὐτῷ
443 573 502 609 καὶ
522 576 543 617 ’ἡ
574 572 708 624 μήτηρ,
737 573 795 610 καὶ
815 576 832 610 ὁ
851 572 977 618 ταύτης
1001 571 1085 623 ἀνὴρ

51 631 229 673 Φίλιππος
241 660 250 677 ,
272 629 337 668 ἀνὰ
354 637 468 667 πᾶσαν
489 629 621 681 ἡμέραν
643 631 889 679 πυνθανόμενοι
906 629 1001 682 παρὰ
1018 632 1085 666 τῶν

51 689 266 726 διδασκάλων
293 703 331 725 τε
349 687 408 725 καὶ
428 689 661 737 ἐπιμελητῶν,
689 687 743 731 οὒς
771 687 1085 740 παρακατέστησαν

50 748 99 798 τῷ
117 746 237 795 παιδὶ,
266 745 287 784 δ’
300 762 332 783 τι
347 745 485 797 πράξειε
500 776 510 795 ‚
539 746 597 783 καὶ
625 745 703 784 ὅποι
723 747 925 797 πορευθείη,
945 745 966 792 ἢ
994 746 1085 788 ὅπως

50 803 306 854 διημερεύσειε,
327 805 387 847 τάς
403 820 439 841 τε
456 803 634 855 διατριὸὰς
656 807 730 853 μεθ’
749 798 796 841 ὧν
815 804 1012 849 ποιήσαιτο.

100 863 166 902 IV.
187 862 247 900 Ἔν
268 861 303 899 δὲ
324 865 372 914 τῷ
388 863 600 914 κατασχόντι
618 862 763 914 ταράχῳ
777 861 838 908 τὴν
859 862 957 899 πόλιν
977 864 1076 898 ὑπεκ-

47 919 177 969 πέμπει
195 920 218 967 ἥ
238 936 273 958 τε
301 920 416 971 μήτηρ
435 920 548 958 Ἀντία
568 920 627 957 καὶ
649 920 825 962 Φίλιππος
849 919 1012 971 Καίσαρα
1040 919 1086 961 εἴς

46 994 79 1015 τι
97 980 165 1015 τῶν
185 977 353 1031 πατρῴων
369 979 520 1030 χωρίων.
542 978 737 1017 Kena-{Gema
755 977 790 1016 δὲ
807 980 853 1020 εἷς
873 977 933 1023 τὴν
957 976 1084 1028 ἀγορὰν

49 1037 128 1088 περὶ
158 1035 217 1083 ἔτη
256 1037 409 1086 μάλιστα
447 1035 593 1087 γεγονὼς
622 1036 955 1088 τεσσαρεσκαίδεκα,
996 1035 1085 1073 ὥστε

48 1093 232 1131 ἀποθέσθαι
261 1095 322 1143 μὲν
343 1093 443 1131 αὐτὸν
475 1094 541 1141 ἤδη
565 1094 627 1140 τὴν
656 1094 907 1146 περιπόρφυρον
939 1095 1083 1140 ἐσθῆτα,

46 1152 233 1190 ἀναλαὸεῖν
259 1152 294 1190 δὲ
321 1152 383 1199 τὴν
412 1153 578 1203 καθαρὰν,
611 1153 782 1202 σύμὸολον
812 1147 916 1190 οὖσαν
944 1155 1006 1198 τ’ἧς
1039 1154 1085 1195 εἷς

49 1209 174 1262 ἄνδρας
203 1212 374 1263 ε’γγραφῆς
396 1210 457 1262 (1).
480 1210 779 1262 Περιὸλεπόμενος
807 1210 834 1247 δ’
864 1210 929 1247 ὑπὸ
957 1210 1084 1253 παντὸς

46 1270 105 1304 τοῦ
126 1267 235 1317 δήμου
251 1268 305 1305 διά
325 1284 360 1306 τε
380 1268 584 1320 εὐπρέπειαν
604 1270 643 1317 (2)
662 1268 720 1306 καὶ
739 1268 971 1318 λαμπρότητα
989 1268 1081 1317 εὐγε-

45 1324 152 1371 νείας,
175 1324 248 1363 ἔθυε
267 1332 337 1369 τοῖς
357 1329 460 1373 θεοῖς,
480 1326 540 1364 καὶ
561 1325 726 1378 ἐνεγράφη
748 1328 793 1368 εἷς
812 1324 873 1371 τὴν
893 1325 1081 1377 ἱερωσύνην

46 1385 92 1425 εἷς
108 1382 163 1420 τὸν
178 1383 325 1422 Λευκίου
344 1384 507 1434 Δομιτίου
520 1384 623 1422 τόπον
635 1383 913 1429 τετελευτηκότος
933 1385 989 1433 (3).
1010 1383 1081 1421 Καὶ

44 1443 61 1477 ὁ
79 1441 184 1491 δῆμος
204 1441 297 1490 μάλα
319 1441 499 1493 προθύμως
523 1442 767 1493 ἐχειροτόνησε.
794 1441 864 1480 Καὶ
884 1444 901 1479 ὃ
925 1441 986 1491 μὲν
1008 1440 1081 1490 ἅμα

44 1501 86 1548 τῇ
104 1500 306 1550 μεταλλαγῇ
317 1503 374 1544 τῆς
390 1501 528 1546 ἐσθῆτος
542 1501 600 1537 καὶ
612 1503 655 1551 τῇ
670 1500 838 1551 καλλίστῃ
851 1503 935 1550 τιμῇ
947 1515 1082 1548 κοσμη-

44 1550 109 1593 θεὶς
130 1552 217 1591 ἔθυε.
238 1552 374 1604 Καίπερ
395 1552 430 1589 δὲ
452 1552 541 1589 κατὰ
557 1553 659 1601 νόμον
678 1554 723 1595 εἷς
744 1552 868 1603 ἄνδρας
888 1555 1080 1602 ἐγγεγραμ-

45 1608 158 1657 μένον,
190 1610 369 1647 διεκώλυεν
399 1613 420 1656 ἡ
448 1610 563 1662 μήτηρ
584 1610 647 1655 ἔξω
670 1614 730 1655 τῆς
751 1610 887 1647 αὐλείου
914 1612 958 1661 (4)
980 1609 1080 1661 θύρας

43 1667 181 1717 χωρεῖν,
205 1667 296 1713 πλὴν
315 1667 381 1713 ὅπη
405 1668 463 1704 καὶ
487 1669 663 1719 πρότερον,
688 1668 743 1705 ὅτε
762 1674 843 1710 παῖς
863 1662 917 1713 ἦν,
940 1667 1078 1718 ἐφοίτα,

43 1723 176 1761 δίαιτάν
207 1741 242 1763 τε
262 1726 324 1772 τὴν
355 1726 461 1772 αὐτὴν
486 1726 575 1777 ἔχειν
597 1726 834 1775 ἐπηνάγκαζε,
862 1725 1078 1769 κοιτάζεσθαί

43 1797 78 1819 τε
96 1781 174 1820 ἔνθα
192 1783 251 1821 καὶ
273 1783 436 1835 πρότερον
459 1785 491 1820 ἓν
515 1786 563 1836 τῷ
590 1787 682 1835 αὐτῷ
706 1784 883 1835 δωματίῳ.
912 1782 1022 1834 Νόμῳ
1043 1798 1079 1819 τε

43 1839 143 1888 μόνον
161 1840 247 1892 ἀνὴρ
267 1835 320 1887 ἦν,
341 1841 383 1878 τὰ
403 1843 432 1878 δ’
455 1841 544 1878 ἄλλα
565 1843 731 1884 παιδικῶς
748 1843 981 1880 ἐπεστατεῖτο.
1007 1843 1080 1885 Τῆς

44 1897 78 1934 δὲ
98 1900 239 1945 ἐσθῆτος
267 1900 438 1936 οὖδοτιοῧν
460 1899 655 1950 ἐξήλλαξεν,
674 1900 749 1936 ἀλλ’
778 1898 829 1936 ἀεὶ
849 1898 911 1944 τὴν
935 1897 1078 1948 πάτριον

43 1956 234 2008 ἀμπείχετο
254 1958 313 2006 (5).

93 2015 142 2053 V.
165 2015 309 2066 Ἔφοίτα
325 2015 432 2053 δὲκαὶ
450 2016 495 2058 εἷς
515 2015 557 2052 τὰ
579 2014 653 2064 ἱερὰ
674 2016 707 2052 ἐν
722 2020 794 2056 ταῖς
812 2014 966 2063 νομίμοις
984 2016 1014 2062 ἦι
1037 2013 1078 2050 ε’-

43 2083 116 2119 ραῑς
141 2071 273 2123 νύκτωρ
305 2073 360 2110 διὰ
390 2072 452 2119 τὴν
479 2076 671 2124 προσοῦσαν
694 2074 786 2122 αὐτῷ
814 2072 922 2123 ὥραν,
951 2071 1010 2108 ἅτε
1039 2070 1078 2116 δὴ

42 2126 100 2163 καὶ
116 2127 157 2176 (Ι)
168 2130 297 2172 πολλὰς
310 2137 474 2181 γυναῖκας
489 2131 641 2181 ἐκμήνας
654 2130 837 2182 εὐπρεπείᾳ
849 2130 908 2167 καὶ
923 2129 1077 2180 λαμπρό-

42 2198 118 2230 τητι
136 2185 263 2235 γε’νους.
288 2187 618 2237 Ἐπιὸουλευόμενος
635 2188 669 2226 δὲ
689 2190 773 2238 παρ’
793 2190 919 2235 αὐτῶν,
943 2188 1077 2235 οὖδαμῗΙ

42 2242 195 2292 ἐφαίνετο
216 2244 345 2288 ἁλωτὸς
368 2245 433 2283 ὤν·
455 2245 545 2284 ἀλλὰ
570 2246 612 2283 τὰ
641 2245 701 2296 μὲν
720 2249 740 2291 ἡ
767 2246 883 2296 μήτηρ
903 2245 1078 2295 ἀπήρυκεν

43 2303 145 2340 αὐτοῦ
166 2305 384 2356 φυλάττουσα
408 2307 465 2343 καὶ
493 2307 663 2357 οὐδαμόσε
691 2310 867 2356 μεθιεῖσα,
898 2307 941 2343 τὰ
961 2305 996 2342 δὲ
1020 2306 1079 2343 καὶ

44 2360 142 2403 αὐτὸς
162 2362 227 2409 ἤδη
249 2362 359 2406 ἔννους
379 2363 438 2411 ὢν,
459 2364 518 2402 ἅτε
539 2368 585 2407 εἷς
611 2365 846 2415 τοῦμπροσθεν
865 2368 924 2410 τῆς
943 2363 1079 2409 ἡλικίας

40 2419 167 2468 προϊών
192 2421 248 2469 (2).
270 2420 463 2467 Ἐνστάσης
489 2422 525 2459 δέ
549 2438 637 2466 τινος
657 2425 771 2474 ἑορτῆς
790 2422 956 2468 Λατίνης,
978 2420 1078 2458 ὁπότε

41 2476 196 2521 καὶτοὺς
226 2481 373 2522 ὑπάτους
401 2482 447 2523 εἷς
471 2480 602 2518 Ἄλὲαν
635 2482 675 2530 (3)
705 2480 743 2518 τὸ
778 2480 851 2532 ὄρος
883 2480 1077 2517 ἀναέαίνειν

41 2534 128 2581 ἔδει,
145 2536 290 2586 πατρίου
308 2537 422 2580 θυσίας
439 2537 536 2575 ἕνεκα
548 2569 557 2584 ,
574 2538 651 2578 τοὺς
666 2539 692 2575 δ’
709 2541 808 2589 ἱερεῖς
823 2538 1000 2588 διαδόχους
1018 2538 1075 2573 αὖ·

43 2594 109 2630 τῶν
125 2596 185 2639 τ’ῆς
205 2595 433 2637 δικαιοδοσίας
450 2590 536 2633 εἶναι
549 2626 557 2642 ,
580 2597 709 2640 καθίζει
729 2595 786 2633 ἐπὶ
801 2596 839 2632 τὸ
864 2599 959 2646 βῆμα
982 2598 1074 2633 Καῖ-

2101 156 2174 186 428)

1146 236 1212 266 sive
1225 236 1263 266 ad
1279 238 1468 277 propinquos
1478 241 1532 269 aut
1546 239 1623 269 alios
1633 249 1712 279 quos
1727 240 1849 271 viseret.
1867 243 1943 272 Nam
1956 243 2095 273 anirnum
2110 244 2176 283 qut

1145 308 1216 339 dem
1233 310 1359 348 optimis
1378 312 1499 343 artibus
1511 337 1519 351 ‚
1534 322 1647 352 corpus
1670 323 1744 345 vero
1760 316 1916 353 generosis
1937 325 1973 346 ac
1987 316 2176 347 militaribus

1146 384 1423 415 exercitationibus
1438 387 1627 426 instruebat,
1642 390 1672 419 et
1688 399 1759 429 quae
1776 390 1925 421 didicerat
1942 391 2062 421 facilius
2078 401 2174 432 quam

1146 458 1295 489 docentes
1312 460 1367 498 ipsi
1384 461 1413 490 in
1429 471 1495 491 rem
1511 464 1689 495 conserebat
1703 476 1710 503 ;
1727 466 1812 505 quod
1831 467 1881 498 vel
1900 468 2038 499 maxime
2057 469 2174 500 civitati

1145 537 1218 558 eum
1233 528 1449 560 admirabilem
1468 531 1550 561 fecit.
1568 534 1737 564 Enimvero
1752 544 1825 565 eum
1842 537 1973 568 sollicite
1989 538 2176 570 observabat

1147 597 1246 627 mater
1271 598 1356 628 Attia
1373 607 1445 628 cum
1463 599 1605 639 Philippo
1627 601 1757 641 vitrieo3
1775 605 1915 642 quotidie
1931 614 1948 635 a
1963 607 2120 645 magistris
2143 610 2174 638 et

1145 665 1329 697 custodibus
1341 689 1349 704 ,
1363 675 1442 705 quos
1456 676 1552 706 puero
1567 673 1776 707 apposuerant
1789 695 1796 709 ,
1812 673 2006 712 inquirentes
2018 675 2156 706 studiose
2166 700 2173 713 ‚

1144 734 1221 773 quid
1248 735 1289 766 rei
1310 736 1437 775 egisset,
1462 745 1525 776 quo
1551 739 1631 768 esset
1656 740 1830 779 profectus,
1856 751 1918 781 qua
1947 743 2068 775 ratione
2092 744 2174 775 diem

1144 804 1360 842 transegisset,
1373 804 1564 843 quibuscum
1579 805 1714 845 denique
1728 810 1805 839 esset
1823 811 1974 841 versatus.

1186 874 1239 904 IV.
1265 872 1421 904 posthaec
1440 873 1522 904 bello
1538 874 1621 905 civili
1643 875 1753 905 urbem
1769 877 1915 908 turbante
1935 879 1965 909 in
1989 880 2096 910 villam
2118 889 2174 920 pa—

1144 936 1266 966 ternam
1292 935 1467 966 subductus
1494 937 1541 966 est
1565 944 1583 966 a
1612 937 1803 976 parentibus.
1827 939 1903 970 Inde
1928 949 2025 972 annos
2051 942 2176 973 circiter

1143 998 1398 1038 quattuordecim
1418 1000 1511 1030 natus
1534 999 1565 1029 in
1586 999 1691 1029 sorum
1713 1000 1891 1040 descendit,
1909 1003 2008 1041 posita
2024 1006 2176 1043 praetexta

1142 1062 1248 1100 togam
1270 1069 1383 1100 puram
1407 1061 1552 1099 indutus,
1573 1062 1656 1100 quod
1674 1062 1771 1093 virilis
1795 1062 1930 1093 tirocinii
1953 1068 2175 1104 argumentum

1144 1124 1207 1162 est;
1229 1123 1437 1163 omniumque
1462 1122 1580 1153 civium
1605 1123 1703 1154 oculis
1733 1123 1775 1154 in·
1791 1133 1863 1155 eum
1894 1125 2026 1165 defixis,
2053 1127 2094 1157 ob
2113 1129 2176 1159 oris

1142 1185 1277 1225 speciem
1294 1187 1390 1226 atque
1405 1187 1524 1226 generis
1541 1187 1726 1218 nobilissimi
1739 1187 1937 1227 splendorem
1952 1189 2010 1220 diis
2023 1190 2177 1221 sacritica-

1142 1251 1188 1282 vit
1207 1263 1214 1281 :
1235 1252 1267 1282 et
1291 1251 1323 1281 in
1344 1251 1511 1290 collegium
1538 1251 1726 1290 pontificum
1751 1252 1927 1292 adscriptus
1943 1255 1989 1284 est
2015 1254 2046 1284 in
2072 1254 2176 1285 locum

1144 1317 1175 1343 L.
1192 1312 1323 1344 Domitii
1342 1312 1613 1352 (Ahenobarbi),
1638 1313 1692 1351 qui
1710 1321 1727 1343 e
1745 1313 1824 1344 vivis
1840 1314 1961 1345 abierat
1979 1325 1985 1344 2
2004 1316 2088 1354 quod
2109 1317 2178 1356 qui-

1141 1376 1213 1407 dem
1228 1376 1365 1415 populus
1376 1375 1439 1406 suis
1449 1376 1604 1413 suffragiis
1615 1376 1930 1415 libentissimejussit.
1944 1379 1989 1408 lta
2001 1378 2094 1410 simul
2106 1388 2178 1410 cum

1142 1439 1224 1469 virili
1238 1440 1308 1477 toga
1325 1437 1461 1468 maximo
1482 1437 1658 1468 sacerdotio
1681 1440 1829 1477 ornatus,
1853 1439 1911 1469 diis
1927 1448 2014 1470 sacra
2036 1441 2177 1472 faciebat.

1141 1503 1289 1533 Ceterum
1302 1501 1427 1532 tametsi
1444 1501 1525 1532 inter
1538 1501 1657 1532 tirones
1671 1502 1788 1533 relatus
1805 1503 1885 1534 esset
1898 1512 1937 1534 ex
1953 1512 2039 1534 more
2052 1513 2089 1534 ac
2109 1504 2179 1543 legi-

1142 1575 1199 1606 bus
1212 1577 1426 1605 Romanorum
1437 1598 1444 1612 ,
1463 1574 1668 1605 nihilominus
1684 1575 1785 1604 mater
1798 1583 1837 1605 ex
1853 1575 2007 1606 vestibulo
2022 1585 2095 1607 eum
2110 1586 2177 1616 pro·

1140 1638 1225 1677 gredi
1244 1637 1390 1675 vetabat,
1408 1636 1466 1666 nisi
1478 1645 1540 1675 quo
1551 1637 1642 1667 antea
1657 1638 1863 1675 praetextatus
1881 1638 2036 1669 ventitare
2048 1647 2178 1669 consue-

1141 1703 1247 1740 verat,
1269 1700 1444 1740 eodemque
1469 1700 1556 1730 cultu
1574 1699 1664 1730 illuni
1690 1699 1846 1736 habebat,
1866 1702 1898 1731 et
1920 1701 1951 1731 in
1977 1701 2088 1732 eodem
2113 1711 2178 1742 quo

1140 1765 1226 1803 prius
1245 1763 1391 1794 cubiculo
1417 1763 1535 1793 cubare
1561 1763 1709 1801 cogebat,
1728 1771 1855 1802 prorsus
1882 1764 2002 1803 legibus
2020 1766 2178 1796 duntaxat

1139 1827 1200 1857 tiro
1213 1849 1221 1864 ,
1239 1827 1342 1856 cetera
1357 1825 1535 1865 praetextati
1559 1825 1656 1855 instar
1673 1825 1790 1855 arctius
1807 1826 1995 1857 habebatur.
2018 1828 2176 1858 vestitum

1141 1897 1233 1928 porro
1249 1896 1409 1927 nunquam
1424 1887 1580 1925 mutavit,
1595 1886 1649 1917 sed
1666 1888 1818 1926 perpetuo
1832 1887 1932 1926 patria
1945 1889 2031 1919 veste
2043 1889 2178 1919 amictus

1142 1951 1214 1982 suit.

1181 2015 1220 2043 V.
1239 2012 1398 2051 Legitimis
1421 2011 1533 2041 diebus
1557 2010 1678 2049 templa
1707 2010 1839 2041 deorum
1862 2010 1970 2041 adibat
1989 2011 2042 2042 sed
2062 2013 2176 2051 noctu,

1140 2089 1241 2120 quum
1257 2080 1366 2110 formae
1383 2079 1495 2109 decore
1508 2088 1545 2109 ac
1559 2078 1725 2118 splendore
1738 2079 1858 2117 generis
1869 2079 2018 2118 plurimas
2032 2080 2177 2111 mulieres

1140 2148 1171 2178 in
1184 2156 1325 2178 amorem
1339 2147 1386 2177 sui
1400 2148 1541 2185 raperet;
1559 2155 1642 2185 saepe
1657 2155 1731 2177 vero
1748 2146 1788 2177 ab
1802 2147 1838 2177 iis
1851 2147 1993 2178 tentatus
2004 2147 2099 2181 nullis
2114 2156 2173 2178 un-

1140 2223 1234 2253 quam
1254 2213 1374 2244 artibus
1400 2213 1510 2250 cessit;
1535 2212 1589 2243 sed
1611 2212 1725 2251 partim
1745 2213 1854 2243 matris
1877 2212 2075 2252 sollicitudo,
2104 2221 2176 2251 quae

1139 2290 1210 2313 eun]
1231 2280 1445 2319 custodiebat,
1469 2288 1574 2319 neque
1596 2280 1720 2319 evagari
1743 2280 1865 2311 sinebat
1895 2280 2035 2319 longius,
2060 2279 2174 2319 partim

1139 2348 1203 2388 ipse
1216 2349 1315 2379 semet
1328 2356 1384 2379 sua
1396 2347 1560 2387 prudentia
1574 2346 1747 2383 muniebat,
1763 2346 1878 2385 quippe
1891 2345 1945 2385 qui
1957 2347 2051 2376 aetate
2066 2346 2096 2376 in
2108 2345 2175 2376 dies

1139 2410 1390 2449 progrederetur.
1410 2411 1508 2439 Porro
1523 2417 1622 2447 quum
1639 2407 1759 2438 Latinae
1781 2407 1865 2437 feriae
1879 2407 2023 2437 adessent
2048 2407 2175 2446 (quibus

1139 2474 1282 2504 consules
1303 2471 1445 2503 sacrificii
1462 2470 1553 2510 patrii
1571 2470 1713 2516 causa-in
1733 2471 1873 2500 montem
1892 2470 2046 2500 Albanum
2068 2470 2171 2508 egredi

1139 2545 1208 2566 mos
1224 2536 1288 2572 est,
1306 2533 1525 2573 jurisdictione
1540 2533 1664 2563 interim
1679 2531 1893 2562 sacerdotibus
1909 2530 2057 2561 mandata
2070 2531 2096 2569 ,)
2111 2532 2174 2561 Caz-

1141 2607 1190 2628 sar
1207 2596 1310 2627 medio
1324 2596 1355 2626 in
1367 2596 1433 2625 soro
1447 2596 1547 2634 posita
1560 2596 1661 2624 curuli
1674 2594 1749 2624 sella
1762 2593 1914 2623 consedit.
1930 2595 2032 2629 Quem
2046 2592 2172 2632 quidem

640 2661 2172 2677 ——-————————————————-

81 2699 136 2729 lv.
159 2703 184 2729 1.
204 2701 321 2738 Togam
334 2700 456 2731 virilem
472 2701 606 2740 sumpsit
619 2703 778 2740 Augustus
791 2701 841 2732 die
863 2706 899 2733 18
917 2701 1047 2732 Octobr.
1066 2707 1116 2729 an.
1137 2700 1195 2728 706
1214 2704 1241 2726 a.
1260 2705 1290 2727 u.
1307 2720 1315 2733 ‚
1336 2698 1374 2726 48
1393 2704 1420 2725 a.
1442 2696 1478 2726 C.
1499 2695 1599 2732 (teste
1620 2694 1731 2725 Feriah
1749 2695 1891 2724 Cumano
1907 2693 1961 2742 lin.
1984 2693 2036 2731 5.)
2057 2692 2168 2745 paullo¹

42 2745 113 2784 post
134 2754 271 2785 pugnam
288 2747 511 2778 Pharsalicam.
529 2748 626 2786 Igitur
645 2750 738 2779 natus
756 2752 823 2779 tum
840 2750 907 2779 erat
924 2747 1075 2778 Octavius
1100 2745 1200 2775 annos
1222 2743 1414 2780 quindecim.
1433 2761 1471 2767 -
1496 2745 1525 2771 2.
1545 2739 1804 2791 εὐπρέπειαν]
1827 2747 1844 2769 e
1863 2747 1945 2776 conj.
1967 2740 2108 2790 (lorayi,
2123 2738 2172 2790 δια

41 2802 73 2822 τε
97 2792 246 2832 εὐγένειαν
263 2794 315 2823 καὶ
331 2794 358 2824 λ.
381 2793 531 2833 εὐγενείας
547 2794 658 2825 codex.
674 2815 713 2820 --
728 2798 757 2826 3.
776 2795 916 2833 intellige
934 2797 968 2824 L.
988 2792 1179 2829 Domitium,
1201 2796 1240 2825 C.
1263 2790 1303 2826 f.‚
1324 2787 1584 2823 Ahenobarbum,
1602 2787 1656 2825 qui
1676 2795 1707 2816 in
1726 2794 1829 2825 pugna
1850 2785 2028 2837 Pharsalica
2045 2786 2169 2816 cecidit.

42 2838 80 2868 V.
102 2839 231 2869 Sueton.
247 2840 329 2870 Nero
352 2843 387 2877 3;
406 2840 517 2870 Cicero
534 2840 626 2871 Phili.
648 2842 695 2879 ΙΙ,
713 2844 759 2871 lt.
780 2843 830 2871 27.
850 2844 899 2871 29.
925 2842 969 2878 V,
991 2843 1023 2870 17
1040 2850 1048 2878 ;
1066 2837 1206 2876 Vellejus
1221 2840 1267 2874 ΙΙ,
1286 2841 1341 2873 59,
1358 2839 1374 2865 3
1393 2845 1399 2864 :
1422 2832 1711 2871 pontificatusque
1730 2831 1920 2862 sacerdota)
1941 2839 2097 2882 puerunt
2112 2830 2170 2861 Ιιο-

42 2887 181 2916 ηοναυὲι
198 2885 366 2923 (Caesar).
387 2885 434 2917 Ad
452 2886 616 2925 sequentia
635 2898 641 2916 :
660 2887 676 2917 ὁ
698 2887 826 2925 δῆμος...
844 2885 1054 2926 ἐχειροτόνησε
1070 2893 1098 2914 v.
1117 2886 1247 2915 sueton.
1273 2884 1293 2913 l.
1313 2883 1334 2913 1.
1349 2881 1388 2911 de
1406 2881 1476 2919 jure
1496 2878 1695 2910 sacerdotum
1715 2877 1930 2929 creandorum
1951 2885 1969 2906 a
1989 2877 2114 2916 collegis
2130 2877 2167 2907 ad

41 2931 191 2970 populum
210 2932 370 2962 translate.
386 2949 427 2953 —-
441 2935 470 2962 4.
486 2931 668 2971 αὐλαίου]
689 2932 786 2962 αἰλίου
810 2931 900 2969 cod.;
920 2940 995 2961 mox
1010 2933 1080 2964 παῖς
1103 2930 1145 2960 ὢν
1160 2933 1191 2960 et
1207 2932 1305 2970 νέμων
1332 2937 1389 2967 pro
1413 2927 1498 2967 νόμῳ
1524 2926 1643 2964 codex;
1664 2925 1800 2956 correxit
1822 2924 1981 2976 ·Valesius.
1997 2940 2038 2948 -ν-
2055 2926 2084 2954 5.
2103 2925 2169 2960 τὴν

41 2976 224 3017 πάτριον]
243 2990 257 3004 «
278 2978 503 3009 Percrebuerat
518 2978 570 3008 hic
586 2987 654 3009 mos
667 2979 760 3008 aetate
776 2978 952 3014 Ciceronis,
972 2979 1006 3006 ut
1022 2975 1141 3006 nobiles
1163 2976 1395 3012 adolescentes,
1413 2976 1508 3012 atque
1533 2972 1626 3003 etiam
1645 2973 1806 3002 senatores
1819 2979 1853 3022 ιιι
1871 2970 1971 3020 hortis
1996 2977 2032 2999 ac
2052 2969 2168 2999 subur-

42 3021 129 3054 banis
144 3025 274 3054 externo
289 3025 452 3055 uterentur
468 3025 572 3062 cultu,
600 3033 637 3055 ac
657 3024 788 3064 pallium
806 3033 877 3054 cum
897 3023 1031 3062 crepidis
1047 3023 1078 3052 et
1094 3022 1210 3051 mitella
1232 3022 1404 3052 sumerent.
1430 3019 1536 3050 Verba
1554 3018 1713 3050 Ciceronis
1730 3018 1803 3047 sunt
1818 3025 1848 3046 m
1865 3017 2008 3046 oratione
2034 3023 2090 3053 pro
2106 3016 2167 3045 Ra-

42 3065 121 3097 birio
141 3069 314 3100 posthumo
335 3082 342 3100 :
363 3071 572 3101 Deliciarum
588 3077 691 3101 causa
710 3071 742 3100 et
765 3070 951 3108 voluptatis
975 3077 1039 3098 non
1064 3066 1160 3098 modo
1177 3068 1260 3098 cives
1283 3070 1468 3103 Romanae,
1487 3064 1550 3095 sed
1572 3066 1604 3095 et
1626 3063 1753 3094 nobiles
1777 3062 2001 3112 adolescentes
2025 3062 2058 3090 et
2074 3069 2166 3111 quos-

42 3111 123 3144 dam
138 3116 241 3145 etiam
262 3118 436 3147 senatores
453 3124 583 3147 summo
600 3117 669 3147 loco
687 3118 802 3150 natos,
823 3124 889 3146 non
914 3117 950 3146 ιή
974 3114 1082 3145 hor-tls
1105 3116 1137 3143 ec
1155 3113 1363 3143 suburbanis
1388 3113 1476 3146 sais,
1507 3110 1564 3141 sed
1585 3109 1729 3149 Neapoli
1750 3110 1786 3139 in
1813 3107 2029 3139 celeberr-cmo
2045 3104 2166 3144 oppado

45 3166 123 3189 cum
137 3161 270 3191 mitella
283 3169 369 3200 soepc
385 3162 549 3200 videmus,
566 3163 626 3192 etc.
646 3162 695 3192 ct.
714 3162 832 3192 Gellius
846 3163 884 3192 N.
905 3164 937 3191 Α.
956 3162 1045 3198 ΧΙΙΙ,
1061 3166 1110 3191 20.
1130 3172 1145 3186 »
1160 3161 1326 3189 VALEsms.
1936 3197 1942 3203 ι
1985 3197 1990 3202 Π

84 3205 122 3236 V.
149 3209 176 3236 1.
200 3205 263 3236 ἅτε
282 3205 343 3246 δὴ]
363 3215 379 3237 e
395 3207 477 3245 conj.
505 3207 630 3246 Corayi.
657 3206 766 3237 Codex
783 3219 789 3236 :
817 3207 897 3245 ὥραν
924 3205 1031 3242 ἀντηὸὲ
1051 3207 1102 3236 καὶ
1118 3205 1205 3235 πολλ.
1225 3216 1255 3244 γ.
1283 3204 1449 3244 ἐκμείνασα
1465 3204 1549 3243 εὐπρ.
1569 3204 1689 3233 Vocem
1715 3201 1785 3237 καὶ,
1804 3207 1900 3238 quam
1916 3197 2007 3236 ejecit
2028 3198 2155 3246 Corayj„

45 3250 170 3281 retinui.
191 3252 333 3282 Aliorum
349 3255 498 3290 conatus,
513 3261 594 3292 quos
616 3253 751 3284 Orellius
773 3253 864 3283 affert
876 3276 884 3289 ,
899 3252 1010 3282 lubens
1026 3251 1149 3282 omitto.
1167 3268 1207 3272 —-
1224 3255 1252 3281 2.
1280 3249 1423 3291 προϊὼν
1437 3249 1447 3289 ]
1463 3250 1508 3280 sic
1523 3248 1640 3286 codex,
1664 3256 1727 3278 non
1748 3246 1902 3286 προσιών,
1918 3242 2004 3282 quod
2022 3240 2164 3272 Vfilffilus

45 3295 142 3328 dedit.
160 3314 200 3320 -—
212 3302 228 3329 3
246 3298 399 3338 Ἄλὸαν]
415 3298 554 3330 Ἀλὸανόν
572 3299 669 3330 edidit
683 3297 826 3329 Valesius
840 3299 1051 3329 correcturus.
