2289 3728
606 151 776 189 AGA'l'll
786 148 1022 187 ARCHlDlS
1053 149 1206 187 CNlDll
1240 150 1414 188 FRAGM
1424 151 1567 188 ENTA.

42 246 112 278 hoe
122 250 220 279 certe
231 248 342 290 patet,
355 242 482 276 vixisse
493 252 576 275 eum
588 239 815 286 temporibus
825 238 1012 273 Ptolemaei
1024 238 1071 273 VI

45 300 53 349 (
71 300 138 345 175
153 321 200 326 —-
218 299 287 341 146
301 299 310 346 )
324 326 333 343 ,
352 299 420 333 sub
435 310 510 345 quo
524 296 652 332 floruit
669 296 881 331 Heraclides
892 295 1067 338 Lenibus,

43 358 145 403 cujus
161 365 383 405 anagnosten
398 356 506 390 fuisse
522 354 830 403 Agatharchidem
847 353 962 388 modo
979 354 1071 400 legi-

44 428 136 449 mus.
155 415 339 450 Educatus
356 426 432 449 esse
452 413 588 447 dicitur
607 425 626 447 a
645 412 804 448 Cinnaeo.
829 413 952 446 Homo
969 412 1070 458 igno-

44 480 99 506 tus
117 473 226 515 mihi,
249 474 479 517 alterumque
500 471 576 515 ejus
596 471 754 503 nominis
773 469 982 515 exemplum
1002 468 1071 503 de—

42 529 180 566 sidero.
204 531 367 564 Fortasse
385 528 484 574 apud
504 528 678 562 Photium
696 540 765 574 pro
785 524 945 563 Κινναίου
961 538 1072 561 11101111

44 582 115 616 10111
136 581 412 616 rescribendum
435 577 572 616 Κινέου.
593 580 676 625 Quo
695 591 888 622 concesso,
911 580 1073 626 cogitare

44 640 169 674 liceret
191 639 237 674 de
256 640 366 674 Cinea
386 638 573 672 Ptolemaei
598 637 857 672 Philometoris
879 637 1065 682 ministro,

44 708 153 741 quem
176 696 349 742 Polybius
376 696 583 739 (XXVIII,
617 695 682 742 16)
706 696 743 729 111
772 707 812 729 re
840 695 885 729 ad
917 707 974 732 an.
1002 708 1068 738 171

43 753 248 798 pertinente
263 759 542 788 commemorat.
557 773 609 778 ·-—
624 754 804 787 Praeterea
820 765 863 787 ex
879 754 956 799 ipso
976 755 1075 800 Aga-

45 810 234 845 tharchide
260 811 430 845 novimus
450 822 554 854 eum,
586 823 660 856 quo
682 818 850 857 tempore
881 811 996 845 libros
1020 812 1074 845 De

44 869 135 902 mari
155 869 285 903 Rubro
305 869 509 914 scribebat,
531 875 717 915 provectae
733 868 808 913 jam
827 869 938 903 aetatis
952 869 1075 902 virum

44 926 233 972 multaque
253 933 465 973 expertum,
486 927 638 961 tutelam
657 928 804 974 gessisse
823 927 919 973 regis
933 926 1075 972 juvenis

44 984 101 1018 vel
116 985 237 1030 pueri.
258 985 418 1020 Indicari
436 986 675 1019 Ptolemaeum
692 985 853 1031 aliquem
867 997 942 1018 non
960 985 1077 1031 liquet

45 1042 219 1088 quidem,
239 1050 396 1078 attamen
417 1044 493 1077 veri
515 1043 751 1085 simillimum,
762 1050 827 1079 est.
853 1059 867 1073 α
893 1044 1076 1077 Henricus

43 1100 260 1135 Dodwellus
277 1101 392 1147 (Diss.
410 1103 465 1136 De
484 1108 530 1135 aet
554 1101 694 1148 -Agath.
717 1113 756 1147 p.
777 1101 849 1148 70)
873 1113 995 1148 regem
1012 1102 1075 1148 qui

45 1158 81 1191 in
100 1159 381 1205 Agatharchidis
401 1159 469 1193 fuit
489 1159 620 1202 tutela,
640 1159 879 1193 Ptolemaeum
898 1171 973 1193 esse
987 1172 1076 1194 cen—

44 1217 115 1250 suit
135 1217 406 1261 Alexandrum,
435 1217 650 1263 editumque
678 1217 817 1251 librum
837 1229 934 1251 anno
961 1218 1006 1252 ab
1026 1220 1073 1254 U.

46 1274 88 1310 C.
108 1275 338 1310 Varroniano
360 1274 435 1321 649
454 1275 513 1309 vel
531 1274 606 1309 650
637 1274 715 1320 (Ol.
750 1274 840 1318 168,
862 1278 881 1316 4
903 1275 960 1309 vel
987 1275 1076 1323 169,

53 1345 82 1366 1.
100 1332 168 1367 105
187 1346 223 1369 v.
247 1337 312 1374 104
331 1345 365 1370 0.
385 1333 440 1376 C.‚
459 1345 554 1367 anno
571 1334 679 1368 tertio
691 1333 749 1367 vel
765 1340 897 1379 quarto
916 1333 1077 1368 Alexan-

47 1389 105 1424 dri
118 1389 146 1437 );
165 1403 240 1436 quo
261 1390 394 1425 eodem
412 1398 579 1437 tempore
601 1390 861 1425 Artemidorus
878 1391 1055 1437 Ephesius
1067 1419 1076 1436 ,

47 1449 186 1495 quippe
216 1449 366 1495 Olymp.
405 1449 495 1496 169,
528 1449 583 1483 uti
618 1449 825 1483 Marcianus
860 1450 1079 1485 Heracleota

47 1504 109 1553 (p.
142 1505 211 1541 115
234 1506 294 1543 ed.
316 1506 432 1553 Mill.)
456 1506 603 1550 docuit,
630 1505 786 1549 florens,
809 1507 1078 1554 Geographiam

47 1576 148 1598 suam
171 1565 209 1598 in
228 1565 361 1611 vulgus
381 1565 555 1600 emiserit.
586 1564 699 1611 Quod
715 1571 836 1599 tamen
853 1577 922 1612 ego
942 1566 980 1598 111
998 1567 1079 1599 0111-

48 1635 149 1656 100111
168 1622 434 1658 inducere->non
447 1635 610 1670 possum.
631 1623 770 1659 Videor
787 1624 881 1657 enim
897 1624 987 1657 mihi
1001 1625 1081 1658 ani-

48 1679 282 1715 madvertisse
294 1693 338 1715 ex
349 1681 544 1724 Strabone,
559 1688 594 1715 et
608 1681 797 1716 ostendam
809 1682 1080 1727 opportuniore

50 1737 155 1781 loco,
178 1738 458 1773 Artemidorum
479 1738 759 1785 Agatharchidis
782 1740 914 1774 scrinia
934 1741 1079 1786 compi-

51 1795 159 1842 lasse,
182 1802 217 1830 et
246 1796 292 1831 de
318 1796 555 1844 Troglodytis
575 1797 801 1843 Arabicique
829 1798 928 1831 sinus
949 1799 1082 1833 accolis

52 1856 175 1890 omnia
206 1855 335 1890 iisdem
364 1868 469 1902 paene
492 1855 616 1890 verbis
636 1867 706 1890 esse
730 1861 961 1898 exsecutum3
983 1856 1081 1891 unde

51 1914 290 1949 conclusione
307 1914 468 1961 quadam
482 1912 640 1949 conficio
652 1941 661 1957 ,
681 1926 757 1947 non
769 1914 877 1947 unius
888 1941 897 1959 ,
916 1926 997 1959 quae
1013 1915 1082 1948 viri

52 1969 251 2005 doctissimi
273 1973 472 2018 sententia,
495 1972 603 2018 anni,
625 1971 690 2006 sed
718 1972 882 2018 plurium
906 1972 1080 2007 interval-

52 2028 127 2062 lum
139 2029 234 2064 inter
252 2031 444 2076 utriusque
454 2030 642 2076 publicata
659 2030 793 2076 scripta
810 2030 1052 2064 intercessisse
1073 2041 1080 2065 :

52 2093 229 2132 tantoque
248 2088 382 2134 magis,
403 2087 506 2134 quod
524 2087 653 2122 eadem
671 2088 708 2121 in
725 2088 884 2134 AEgypto
903 2095 938 2121 et
958 2088 1083 2122 Ptole—

52 2157 230 2179 maeorum
251 2147 367 2193 gratia
386 2152 544 2192 uterque
573 2146 709 2193 egerit,
730 2158 798 2180 nec
822 2144 902 2180 fieri
924 2147 1084 2192 potuisse

55 2202 236 2246 videatur,
255 2211 297 2238 ut
313 2205 411 2238 intra
426 2205 533 2238 unius
550 2205 635 2238 anni
649 2204 807 2250 spatium
826 2204 1084 2238 Artemidorus

55 2268 196 2295 tantum
217 2273 310 2308 opus
332 2262 543 2298 absolverit.
571 2263 684 2296 Forte
703 2262 829 2308 itaque
850 2262 1082 2306 Ptolemaeus,

55 2319 157 2364 cujus
176 2321 325 2354 tutelam
346 2320 636 2366 Agatharchides
656 2320 941 2364 administravit,
964 2321 992 2354 is
1014 2327 1082 2364 est,

55 2389 166 2423 quem
186 2376 354 2412 Soterem
375 2378 618 2424 Porphyrius,
632 2379 860 2424 Physconem
880 2379 916 2413 II
940 2379 999 2413 alii
1017 2391 1085 2425 ap—

55 2437 206 2482 pellant.
222 2435 417 2484 [Regnavit
432 2437 528 2471 Ptol.
540 2436 647 2471 Soter
658 2438 695 2470 II
706 2449 765 2472 an.
782 2449 795 2470 1
809 2450 821 2471 1
833 2450 881 2481 7-
891 2449 903 2470 1
913 2435 991 2484 0-7.)
1003 2436 1085 2482 Quo

55 2494 171 2529 modo
186 2501 221 2529 et
232 2494 367 2539 justam
382 2495 559 2541 temporis
571 2495 888 2541 intercapedinem
906 2495 1087 2542 Agathar-

58 2552 203 2586 chidem
220 2553 316 2587 inter
342 2560 378 2587 et
396 2553 676 2588 Artemidorum
700 2552 920 2587 habebimus
932 2581 942 2599 ,
959 2559 995 2587 01
1019 2553 1088 2588 11115

57 2611 141 2644 satis
157 2609 235 2654 fiet,
250 2623 330 2656 quae
348 2610 391 2645 de
408 2611 679 2657 Agatharchide
693 2610 843 2657 prodita
861 2611 1043 2645 novimus.
1068 2627 1083 2641 »

59 2668 178 2702 Verba
197 2675 280 2702 sunt
299 2670 556 2703 WEssmmon
583 2668 649 2716 (ad
670 2668 829 2704 Diodor.
853 2669 929 2711 ΙΙΙ,
958 2681 971 2703 1
985 2681 1039 2711 1,1
1056 2667 1087 2715 )‚

60 2727 119 2760 cui
140 2727 357 2772 astipulatur
376 2727 568 2761 Clintonus
589 2725 648 2775 (F.
671 2727 719 2761 H.
744 2733 834 2760 tom.
857 2726 913 2760 III
927 2753 937 2773 ,
954 2738 992 2773 p.
1014 2724 1086 2761 535

60 2796 114 2830 sq.
136 2781 177 2832 (⁴²)
196 2783 294 2818 etad
318 2796 375 2818 an.
396 2783 503 2830 213).

102 2887 141 2925 (*)
155 2886 260 2917 Verba
275 2886 430 2917 Clintonis
444 2886 511 2916 haec
523 2887 613 2917 sunt:
632 2898 645 2912 u
658 2886 725 2917 The
737 2886 917 2925 arguments
930 2885 970 2924 by
985 2885 1090 2916 which

62 2934 101 2964 he
119 2934 301 2965 establishes
328 2935 336 2971 (
351 2933 551 2972 Dodwellus)
572 2933 645 2971 this,
660 2942 713 2964 are
735 2934 790 2963 not
805 2932 1010 2970 convincing;
1028 2931 1089 2962 and

63 2981 239 3020 wesseling
252 2981 328 3011 with
347 2981 448 3011 better
465 2989 572 3011 reason
588 2979 694 3010 thinks
713 2979 781 3010 that
796 2979 849 3009 the
862 2977 947 3008 elder
964 2978 1092 3009 brother

64 3036 129 3058 was
154 3027 208 3058 the
235 3027 332 3066 pupil.
359 3026 501 3058 Dodwcll
521 3026 639 3064 objects
663 3029 694 3056 to
711 3027 800 3056 Soter
819 3025 887 3056 that
911 3025 950 3054 he
968 3024 1092 3063 reigned

63 3074 172 3113 jointly
191 3074 267 3104 with
292 3074 338 3105 his
360 3074 494 3104 mother.
523 3074 586 3104 But
607 3071 801 3104 Alexander
821 3070 948 3101 himself
968 3071 1092 3109 reigned

63 3121 175 3160 jointly
189 3121 265 3151 with
281 3121 328 3151 his
342 3121 467 3151 mother
484 3133 490 3150 z
506 3128 540 3150 so
553 3120 622 3150 that
636 3118 697 3149 this
710 3117 866 3156 objection
880 3116 987 3146 would
1001 3117 1092 3155 apply

65 3169 97 3198 to
111 3167 196 3198 both.
213 3167 278 3197 The
294 3167 474 3205 expression
486 3190 494 3205 ‚
511 3166 673 3205 ἐπίτροπον
696 3167 750 3194 τοῦ
767 3164 911 3201 σώματος
927 3165 981 3192 τοῦ
998 3165 1091 3192 σοῦ...

64 3215 116 3244 καὶ
132 3218 185 3251 τῆς
201 3215 271 3249 ὅλης
291 3214 466 3253 βασιλείας,
490 3213 583 3243 could
600 3213 672 3251 only
690 3211 782 3250 apply
806 3212 837 3240 to
852 3209 1048 3240 Alexander
1063 3218 1092 3238 10

67 3261 95 3291 in
118 3263 149 3292 Β.
164 3264 196 3292 (3.
215 3265 281 3292 107.
295 3263 355 3292 But
366 3285 373 3299 ‚
389 3270 423 3291 as
438 3261 592 3299 Physcon
607 3259 660 3289 the
675 3258 775 3289 father
792 3256 852 3286 had
866 3255 999 3285 married
1014 3255 1094 3285 their

68 3308 190 3338 mother
220 3309 383 3347 ceopatra
409 3316 495 3338 more
520 3302 595 3337 than
614 3303 845 3343 twenty-three.
873 3310 962 3341 >cars
990 3302 1094 3331 helore

2085 150 2151 183 191

1186 239 1307 284 Opera
1328 241 1351 273 Α
1359 237 1605 285 gatham-hidis
1616 249 1696 284 quse
1710 235 1844 270 viderit
1863 234 2013 270 Photius
2028 245 2156 268 recen-

1130 302 1183 329 set
1200 297 1267 330 tria
1285 308 1292 330 :
1309 293 1365 331 T&
1379 295 1455 345 περὶ
1475 298 1533 339 τῆς
1550 294 1716 344 Ἐρυθρᾶς
1731 291 1903 336 Οαλᾶσσης
1914 320 1924 339 ,
1939 289 1982 326 τὰ
1995 289 2084 326 κατὰ
2098 289 2158 335 τὴν

1132 350 1260 396 Ἀσίαν,
1277 351 1319 387 τὰ
1340 352 1428 388 κατὰ
1448 352 1509 397 τὴν
1532 351 1763 401 Ι·ζύρ1.’)πην.Ῐ’“,1
1781 353 1854 398 ipse
1872 349 2160 397 Agatharchides

1132 411 1170 443 111
1179 411 1336 458 Epilogo
1352 412 1474 456 operis
1486 413 1539 445 De
1550 411 1641 444 mari
1655 410 1784 444 Rubro
1796 421 1872 443 11011
1884 409 1950 442 11151
1963 407 2077 441 multa
2089 407 2160 449 illa,

1133 479 1213 513 quae
1232 465 1313 517 ὑπέρ
1331 482 1365 502 τε
1383 469 1442 511 τῆς
1460 466 1627 515 Εὐρώπης
1646 465 1704 501 καὶ
1724 468 1782 509 τῆς
1802 463 1915 506 Ἀσίας
1932 465 2161 511 conscripse-

1132 528 1198 569 rit,
1216 532 1408 562 mcmorat.
1430 526 1658 560 Alterutrum
1676 525 1812 558 horum
1832 535 1986 570 operum
2008 523 2162 557 Photius

1132 584 1253 619 verbis
1277 595 1285 620 t
1317 581 1513 631 ἀνεγνώσθη
1535 580 1780 630 Ἀγαθαρχίὸου
1806 578 1988 630 ἱστορικόν,
2007 582 2162 628 signasse

1132 641 1320 688 putandus
1347 648 1410 676 est.
1439 642 1531 675 Nam
1560 640 1696 673 mirum
1725 640 1821 674 soret
1845 639 2018 673 Photium
2047 650 2161 685 opera

1134 699 1413 747 Agatharchidis
1426 704 1678 733 recensentem
1692 702 1768 730 11011
1782 697 1942 731 attulisse
1959 709 2089 731 eorum
2103 708 2162 731 ar-

1133 764 1346 805 gumentum
1368 757 1570 798 librorum,
1593 766 1686 800 quos
1713 754 1789 800 ipse
1812 755 1960 800 legerat.
1984 754 2163 799 Reliquiae

1135 828 1262 850 omnes
1275 828 1318 850 ex
1335 814 1451 849 tribus
1465 814 1535 847 illis
1549 812 1725 859 operibus
1737 812 1859 857 petitae
1871 817 1964 847 sunt.
1983 813 2163 857 Excerpta

1135 881 1171 908 et
1189 874 1394 921 fragmenta
1417 884 1461 906 ex
1488 871 1590 905 libris
1618 872 1674 904 De
1704 869 1795 903 mari
1822 869 1952 903 Rubro
1977 869 2051 913 jam
2073 869 2163 903 nihil

1136 944 1324 975 curamu53
1346 943 1431 965 nam
1450 928 1697 977 geographica
1715 934 1813 962 sunt.
1832 927 1968 961 Contra
1985 926 2031 960 ad
2048 927 2164 960 histo-

1135 991 1207 1024 rias
1223 990 1410 1036 pertinent
1426 999 1540 1034 opera
1557 986 1603 1020 de
1621 985 1730 1019 rebus
1748 984 1836 1018 Asiae
1851 990 1887 1017 et
1902 984 2071 1029 Europae.
2095 985 2166 1018 Ar-

1136 1055 1351 1095 gumentum
1372 1046 1437 1080 τῶν
1459 1042 1548 1080 κατὰ
1568 1041 1630 1086 τὴν
1656 1040 1771 1078 Ἀσίαν
1802 1039 1873 1089 (fr.
1910 1044 1967 1081 14.
2005 1040 2068 1083 183
2099 1042 2166 1076 τῶν

1137 1103 1336 1141 Ἀσιατικῶν
1353 1104 1398 1141 fr.
1418 1103 1461 1137 16
1473 1117 1482 1147 3
1493 1102 1559 1137 τῶν
1574 1098 1652 1151 περὶ
1666 1101 1725 1144 τ’ἧς
1736 1096 1850 1138 Ἀσίας
1864 1097 2022 1146 ἱστοριῶν
2042 1098 2084 1132 fr.
2105 1098 2162 1144 17)

1137 1176 1218 1210 quae
1238 1163 1367 1198 decem
1387 1161 1491 1196 libris
1505 1166 1635 1195 auctor
1654 1158 1810 1193 absolvit
1823 1184 1832 1201 ‚
1851 1154 2006 1190 definire
2022 1155 2169 1189 videtur

1137 1222 1317 1268 Josephus
1334 1222 1378 1255 A.
1398 1221 1432 1255 J.
1460 1219 1558 1262 XII,
1591 1230 1604 1252 1
1625 1216 1694 1266 (fr.
1722 1214 1807 1262 19),
1825 1214 1890 1249 ubi
1910 1214 2016 1248 dere
2036 1213 2082 1247 ad
2102 1214 2169 1248 Se·-

1138 1281 1284 1315 leucum
1301 1279 1512 1314 Nicatorem
1529 1281 1717 1323 spectante
1738 1272 1911 1308 laudatur
1928 1271 2169 1319 Agatharchi-

1139 1338 1201 1373 des
1211 1339 1228 1373 ὃ
1242 1335 1300 1377 τὰς
1313 1338 1379 1372 τῶν
1395 1336 1412 1371 δ
1423 1349 1460 1370 ια
1471 1335 1487 1370 δ
1497 1333 1546 1384 όχ
1554 1347 1605 1368 ων
1620 1329 1771 1382 ἱστορίας
1786 1327 2082 1379 συγγραψάμενος.
2095 1330 2170 1364 Nec

1138 1398 1235 1431 ultra
1259 1396 1326 1430 τῶν
1350 1392 1518 1442 διαδόχων
1541 1401 1709 1438 tempora
1730 1396 1921 1424 auctorem
1943 1385 2171 1421 descendisse

1138 1455 1196 1489 vel
1216 1454 1302 1488 inde
1322 1453 1471 1499 colligas
1490 1450 1593 1498 quod
1608 1463 1627 1485 e
1644 1450 1741 1483 libro
1760 1458 1861 1481 nono
1880 1444 1890 1493 (
1909 1445 1956 1480 fr.
1981 1444 2038 1491 17)
2060 1449 2173 1478 exstat

1140 1513 1241 1547 locus
1259 1511 1305 1546 de
1322 1512 1552 1556 Hieronymo
1571 1507 1775 1549 Cardiano,
1795 1511 1831 1539 et
1851 1502 1955 1550 quod
1969 1501 2053 1535 libri
2070 1507 2174 1535 octa-

1140 1572 1176 1606 vi
1210 1578 1246 1606 et
1275 1570 1409 1605 decimi
1440 1569 1643 1616 fragmenta
1672 1567 1760 1600 item
1789 1569 1873 1598 sunt
1901 1562 1947 1596 de
1976 1560 2172 1595 comitibus

1140 1628 1355 1664 Alexandri.
1380 1649 1430 1653 ——
1448 1628 1528 1661 Alia
1547 1626 1642 1660 ratio
1669 1624 1739 1658 suit
1765 1622 1831 1656 τῶν
1852 1616 1940 1655 κατὰ
1969 1617 2029 1661 τὴν
2051 1615 2172 1667 Εὐρώ-

1140 1702 1208 1732 πην
1240 1687 1273 1721 ἐν
1310 1684 1403 1735 βιὸλ.
1440 1683 1512 1732 μθ’,
1546 1696 1626 1730 quae
1664 1694 1708 1717 ex
1742 1692 1818 1715 uno
1855 1678 2032 1713 Athenaeo
2063 1676 2173 1709 novi-

1141 1758 1239 1790 mus,
1257 1744 1372 1779 modo
1390 1743 1539 1778 laudato
1554 1741 1663 1775 titulo
1683 1737 1921 1787 Ῑῖὐρωπιακῶν
1940 1734 2007 1783 (fr.
2032 1747 2061 1768 1.
2080 1733 2115 1770 3.
2136 1738 2171 1774 4.

1144 1803 1178 1840 5.
1198 1817 1232 1848 7.
1259 1816 1303 1837 10
1316 1823 1364 1828 —
1382 1800 1473 1848 12),
1492 1799 1607 1834 modo
1627 1796 1841 1843 simpliciter
1858 1794 1969 1828 citato
1990 1791 2173 1838 Agathar-

1142 1861 1249 1896 chide
1270 1860 1302 1895 ἐν
1327 1858 1385 1909 ιβ’,
1407 1859 1440 1893 ἐν
1458 1855 1488 1893 λ’
1509 1854 1686 1904 Ἱστοριῶν
1710 1853 1778 1902 (fr.
1809 1864 1846 1886 2.
1876 1850 1939 1898 8),
1965 1850 2021 1883 vel
2043 1848 2075 1882 ἐν
2109 1847 2173 1892 κζ’,

1142 1919 1176 1954 ἐν
1193 1917 1248 1954 λα’
1272 1917 1341 1966 (fr.
1364 1918 1400 1952 6.
1422 1915 1493 1963 9),
1516 1915 1612 1949 tituli
1637 1912 1826 1947 mentione
1846 1909 1990 1942 omissa.
2013 1907 2057 1940 In
2075 1905 2175 1939 hisce

1142 1977 1245 2010 libris
1262 1974 1504 2021 quadraginta
1523 1983 1656 2006 novem
1672 1981 1730 2004 res
1747 1979 1876 2002 eorum
1892 1966 1955 2011 qui
1973 1965 2009 1997 in
2025 1964 2175 2009 Europa

1143 2033 1355 2068 Alexandro
1375 2035 1643 2072 successerunt,
1664 2026 1710 2061 ad
1725 2037 1826 2060 suam
1840 2023 1915 2057 fere
1932 2022 2043 2068 ipsius
2059 2032 2175 2066 usque

1143 2098 1284 2126 aetatem
1305 2090 1373 2137 Ag.
1397 2093 1607 2135 persecutus
1627 2097 1700 2120 esse
1719 2083 1880 2117 videtur.
1912 2081 1956 2114 In
1985 2079 2087 2112 libris
2108 2080 2173 2114 31.

1146 2149 1206 2191 34.
1229 2148 1291 2183 35.
1318 2148 1365 2183 38
1381 2146 1536 2181 dubium
1554 2145 1615 2178 vix
1634 2150 1685 2177 est
1701 2141 1791 2188 quin
1804 2145 1966 2174 versatus
1981 2137 2025 2170 sit
2040 2137 2078 2169 in
2092 2147 2178 2170 nar-

1144 2207 1268 2241 randis
1293 2205 1403 2240 rebns
1425 2203 1587 2249 Philippi
1617 2200 1693 2246 ejus
1713 2200 1776 2245 qui
1804 2203 1908 2244 pater
1939 2201 2015 2229 erat
2038 2194 2174 2229 Persei.

1144 2264 1254 2300 Unde
1273 2263 1466 2309 suspiceris
1480 2260 1632 2306 reliquis
1649 2258 1751 2292 libris
1767 2255 1941 2290 undecim
1958 2252 2023 2295 (ex
2041 2252 2176 2297 quibus

1145 2322 1236 2355 nihil
1256 2318 1461 2367 superstes)
1480 2329 1595 2363 usque
1616 2315 1662 2350 ad
1685 2314 1794 2349 finem
1815 2312 1919 2358 regni
1944 2309 2177 2343 Macedonici

1148 2379 1157 2425 (
1177 2379 1246 2415 168
1267 2391 1299 2413 a.
1322 2374 1385 2426 C.)
1403 2383 1593 2412 auctorem
1609 2373 1813 2409 devenisse.
1833 2390 1882 2396 --
1898 2370 1953 2403 De
1970 2367 2096 2401 indole
2110 2367 2176 2400 lia-

1147 2450 1230 2472 rum
1249 2437 1489 2471 historiarum
1513 2445 1629 2480 quum
1648 2432 1782 2466 certius
1798 2427 1980 2474 judicium
2001 2422 2179 2470 reliquia-

1146 2495 1402 2530 rumtenuitas
1420 2505 1498 2527 11011
1519 2490 1711 2532 admittat,
1728 2488 1765 2521 111
1782 2484 1971 2533 praeconio
1990 2494 2065 2528 quo
2084 2481 2179 2515 Pho-

1148 2554 1217 2588 tius
1236 2550 1545 2600 Agatharchidem
1569 2553 1693 2591 ornat,
1709 2543 1986 2591 acquiescimus.

1200 2613 1301 2646 Inter
1320 2611 1484 2656 reliquos
1503 2607 1635 2649 libros,
1657 2616 1751 2651 quos
1778 2597 2041 2649 Agatharchidi
2066 2596 2178 2630 tribui

1148 2669 1248 2715 apud
1276 2668 1478 2703 nonnullos
1506 2664 1659 2699 Photius
1690 2663 1846 2707 legerat,
1875 2655 2069 2691 offendunt
2096 2654 2179 2687 libri

1150 2729 1314 2775 quinque
1332 2723 1419 2773 Περὶ
1433 2720 1702 2773 Τρωγλοδυτῶν.
1717 2720 1845 2764 Neque
1866 2714 2061 2750 erraverim
2081 2713 2179 2746 aiens

1151 2787 1261 2821 alium
1271 2796 1344 2818 esse
1354 2783 1500 2816 titulum
1513 2779 1634 2825 operis
1648 2779 1700 2811 De
1711 2779 1806 2810 mari
1813 2775 1942 2809 Rubro.
1951 2773 2038 2817 Quae
2048 2769 2182 2804 deinde

1149 2844 1303 2890 ponitur
1318 2839 1508 2885 inscriptio
1526 2831 1702 2882 Ἰἰπιτομὴ
1721 2833 1787 2868 τῶν
1804 2825 2088 2879 συγγεγραφότων
2103 2823 2181 2875 περὶ

1152 2900 1350 2947 συναγωγῆς
1367 2893 1567 2943 θαυμασίων
1586 2891 1737 2939 ἀνέμων,
1756 2892 1794 2924 111
1810 2901 1903 2923 voce
1923 2888 2051 2921 ultima
2071 2896 2178 2918 men-

1153 2960 1235 2994 dam
1255 2957 1415 2992 traxerit.
1436 2957 1576 2989 Doctus
1605 2950 1755 2998 quidam
1776 2945 2010 2983 scribendum
2032 2954 2178 2990 propo-

1154 3068 1208 3107 (v.
1229 3076 1260 3107 p.
1280 3065 1380 3105 388),
1399 3065 1422 3095 it
1445 3064 1470 3094 is
1486 3063 1532 3093 far
1547 3069 1634 3092 more
1651 3058 1802 3099 probahle
1820 3057 1888 3087 that
1914 3055 2001 3085 Soter
2018 3054 2043 3083 Il
2068 3048 2180 3080 should

1153 3115 1232 3144 have
1257 3113 1335 3143 been
1355 3112 1385 3141 in
1403 3109 1549 3146 minority
1564 3109 1595 3138 at
1610 3107 1656 3137 his
1669 3104 1826 3136 accession
1847 3103 1877 3132 in
1900 3103 1935 3132 B.
1952 3103 1987 3131 C.
2012 3101 2064 3148 117
2080 3120 2088 3134 ,
2106 3097 2181 3126 than

1153 3161 1222 3191 that
1238 3156 1433 3190 Alexander
1449 3154 1562 3185 should
1581 3154 1661 3183 have
1686 3151 1763 3181 been
1785 3149 1847 3179 still
1866 3157 1884 3178 a
1909 3146 2010 3198 ''¹2¹0''
2033 3152 2063 3172 10
2087 3144 2121 3172 B.
2141 3142 2178 3170 C.

1159 3209 1211 3237 107
1226 3230 1233 3244 ‚
1247 3207 1299 3236 ten
1322 3212 1411 3243 years
1423 3204 1505 3233 aster
1518 3201 1572 3231 the
1588 3199 1703 3230 fathers
1715 3196 1821 3226 death.
1838 3197 1882 3224 ΤΟ
1897 3192 1958 3223 this
1970 3199 2018 3220 we
2035 3196 2104 3225 may
2121 3185 2180 3215 add

1155 3253 1209 3283 the
1237 3251 1436 3282 ohservation
1461 3249 1497 3279 ol*
1521 3246 1711 3282 Wesseling,
1737 3243 1807 3272 that
1829 3240 1883 3270 the
1903 3238 1975 3268 date
1991 3231 2180 3286 of'Dodwcll

1156 3299 1260 3337 brings
1277 3294 1541 3336 Ayszllzarchicles
1558 3296 1610 3324 too
1626 3300 1697 3322 neci·
1713 3290 1765 3320 lhe
1777 3288 1852 3319 time
1866 3285 1896 3315 ot
1911 3279 2151 3315 Arlmmdorus.
2165 3290 2179 3303 »
