2289 3728
942 136 1273 177 FRAGMENTA.

55 228 287 275 potissimum
313 234 383 262 trcs
396 255 405 271 ,
442 227 594 261 l’hanias
626 227 758 276 xDiog.
794 228 837 261 L.
869 227 935 260 vll
949 253 958 269 ,
992 224 1078 272 41),

59 285 342 332 Asclepiodotus
364 284 514 332 (Scncc.
539 285 611 330 Qu.
632 286 713 320 Nat.
737 285 793 327 II,
817 283 885 326 26;
907 284 978 327 Vl,
1014 292 1078 328 173

54 344 113 386 11,
145 342 213 389 3o3
240 345 282 385 V,
315 342 380 386 153
413 343 460 378 VI
474 369 483 385 ,
514 340 581 390 22)
596 371 604 385 ,
624 343 731 376 Iason
761 340 912 388 (Suidas
939 352 974 374 v.
1007 337 1079 375 Ἰά-

53 414 134 447 σων,
154 398 406 449 Μενεκράτους,
423 396 617 445 Νυσαεύς),
634 410 743 445 qucm
760 406 1001 445 postremum,
1020 410 1081 431 ne-

52 464 179 504 potem
193 470 212 491 0
228 456 313 501 filia,
327 468 571 492 successorem
587 457 625 490 111
638 456 762 490 schola
778 456 941 501 reliquit.
959 453 1082 501 Quid?

53 514 156 560 quod
175 513 251 559 ejus
276 515 436 549 nominis
462 513 654 548 celebritas
679 525 757 547 11011
781 513 914 547 scholae
943 513 1079 547 umbra

52 573 234 618 arctisquc
250 571 383 606 finibus
399 571 669 615 continebatur,
686 570 749 605 sed
764 571 836 605 late
855 570 1081 617 abundeque

53 629 154 675 quasi
176 627 315 663 fluebat
337 641 378 663 ac
400 627 634 673 dimanabat3
655 627 694 662 id
714 627 818 674 quod
838 629 1025 663 clarissimi
1043 629 1081 662 in

54 688 222 721 Romana
248 687 394 721 civitate
413 687 482 721 viri
507 693 698 730 testantur,
725 685 904 731 Vellcjus,
926 686 1078 729 Balbus,

52 743 159 780 Cotta
179 741 328 793 (Cicero
345 744 389 779 N.
408 746 452 780 D.
474 745 490 778 I
503 771 512 788 ‚
533 743 604 788 44)
624 756 632 778 :
653 756 746 790 quos
761 743 954 780 Posidonii
975 744 1082 778 fami—

52 802 188 836 liaritas
204 809 240 837 et
255 802 417 837 erudivit
434 808 469 837 et
488 802 709 838 nobilitavit.
739 802 898 836 Maxime
920 801 1081 847 denique

50 859 234 895 celebrata
253 867 307 895 est
325 859 553 895 consuetudo
577 872 658 906 quae
675 860 742 906 ipsi
763 871 845 893 cum
871 858 940 896 Cn.
966 859 1081 893 Pom—

50 917 136 963 peio
157 924 236 952 erat
264 930 271 952 :
303 930 414 964 quem
443 930 559 964 quum
586 929 708 953 rerum
735 917 971 964 publicarum
998 929 1082 952 usus

51 980 161 1020 atque
173 976 341 1009 tractatio
352 975 513 1021 bellique
528 976 701 1021 strepitus
714 975 840 1021 paullo
855 975 900 1009 ab
915 975 970 1009 his
985 987 1082 1009 man-

50 1032 161 1066 suetis
177 1032 307 1067 studiis
319 1033 542 1068 abalienasse
554 1033 785 1076 viderentur,
799 1044 857 1066 eas
870 1031 1083 1079 disciplinas

49 1089 288 1125 nihilomiuus
306 1091 396 1125 tanti
411 1091 573 1137 putavit,
590 1096 630 1124 ut
650 1102 777 1125 earum
793 1090 850 1124 vel
866 1089 1080 1124 admiratio-

49 1158 134 1180 nem
146 1147 263 1181 laudis
272 1148 501 1194 aliquantum
514 1147 719 1182 habituram
731 1147 966 1183 existimaret.
989 1147 1081 1181 Nam

50 1203 268 1249 Posidonio,
289 1205 433 1253 quoties
451 1204 577 1239 Rhodi
595 1204 665 1238 fuit
684 1204 901 1250 Pompeius,
922 1204 970 1238 ita
986 1215 1080 1237 sem-

49 1273 118 1308 per
133 1263 316 1306 utebatur,
333 1270 374 1297 nt
394 1275 470 1309 prae
490 1263 619 1297 ceteris
637 1262 696 1296 vel
716 1262 899 1308 sapientiae
921 1261 978 1295 vel
1003 1261 1078 1295 elo-

50 1321 209 1366 quentiae
241 1320 458 1355 doctoribus
485 1320 688 1367 plurimum
718 1319 826 1365 hujus
862 1319 1080 1365 disputatio-

50 1377 159 1411 nibus
197 1377 455 1421 delectaretur.
493 1379 610 1423 Quam
646 1389 877 1411 summorum
913 1377 1081 1410 virorum

49 1435 357 1470 consuetudinem
370 1434 586 1484 significavit
602 1435 735 1470 Strabo
753 1436 821 1477 XI,
839 1446 877 1481 p.
897 1437 965 1475 401
984 1441 1077 1470 extr.

50 1493 174 1538 Quum
193 1494 290 1528 enim
311 1506 342 1529 a.
362 1507 399 1528 u.
424 1493 497 1539 687
521 1493 568 1528 ad
588 1493 787 1528 Pii-aticum
807 1493 945 1527 bellum
964 1492 1082 1538 profi-

50 1551 249 1586 cisceretur
264 1552 482 1598 Pompeius,
501 1552 538 1585 in
554 1563 674 1597 eoque
691 1551 822 1585 itinere
841 1550 968 1584 Rhodi
990 1563 1082 1585 con—

47 1608 201 1654 sisteret,
217 1609 450 1644 disserentem
462 1609 702 1643 Posidonium
714 1609 856 1643 audivit
870 1621 876 1643 :
891 1621 1082 1654 quumque

47 1666 282 1712 proficiscens
300 1668 568 1702 nobilissimum
585 1667 848 1713 philosophum
860 1694 869 1709 ,
889 1667 1082 1713 Numquid

49 1726 177 1768 vellet,
204 1733 371 1773 rogaret,
398 1726 458 1760 hic
482 1726 683 1760 maximum
707 1726 971 1772 imperatorem
1002 1726 1083 1759 Ho—

48 1784 186 1817 merico
208 1784 275 1818 illo
300 1796 409 1818 versu
433 1783 480 1818 ad
506 1783 763 1818 fortitudinem
788 1782 1081 1828 persequendam

48 1840 217 1876 hortatus
235 1841 352 1876 fertur
374 1854 382 1875 :

129 1951 198 1982 Αἷὲν
216 1951 396 1991 ἀριστεύειν,
415 1952 465 1980 καὶ
485 1951 647 1992 ὑπείροχον
662 1952 789 1991 ἔμμεναι
805 1952 917 1982 ἄλλων.

100 2085 115 2100 α
135 2070 319 2114 Quattuor
336 2075 463 2114 postea
481 2068 597 2111 annis,
611 2080 727 2114 quum
742 2069 1081 2105 belliMithridatici

48 2127 262 2161 incendium
282 2126 527 2170 restinxisset,
554 2127 717 2172 Syriam,
739 2127 923 2172 Judaeum,
945 2130 1080 2163 Arme—

48 2186 144 2219 niam
165 2212 174 2230 ,
196 2185 328 2218 multas
347 2184 433 2218 alias
452 2185 543 2218 Asiae
573 2192 695 2230 partes
714 2187 970 2220 Romanorum
991 2187 1081 2221 sub-

47 2242 187 2287 jecisset
204 2243 375 2289 imperio,
396 2243 539 2276 Italiam
553 2242 711 2287 rediens,
725 2244 923 2289 Mytilenae,
942 2245 1081 2288 Rhodi,

49 2300 199 2334 Athenis
226 2301 275 2335 ita
299 2300 386 2344 fuit,
414 2306 454 2333 ut
484 2299 640 2333 dubium
672 2309 763 2335 essct
792 2303 954 2348 magisne
981 2293 1081 2337 bello

49 2364 194 2404 potens,
210 2370 256 2392 an
268 2370 396 2404 pacem
414 2358 585 2404 pacisque
600 2365 693 2392 artes
705 2358 834 2392 fovens
850 2359 1081 2405 conspicere-

51 2422 121 2452 tur.
139 2414 355 2450 Plutarchus
367 2417 403 2450 in
420 2417 598 2462 Pompeio
613 2428 644 2452 c.
664 2420 731 2456 [121
747 2414 806 2452 Ἔν
821 2414 854 2450 δὲ
869 2413 978 2466 Ῥόδῳ
989 2415 1079 2465 γενό-

49 2486 145 2519 μενος
159 2471 378 2521 (Πομπήϊος)
393 2472 530 2508 πάντων
544 2470 603 2520 μὲν
615 2472 810 2522 ἠκροάσατο
822 2475 887 2509 τῶν
901 2476 1081 2525 σοφιστῶν,

48 2529 106 2565 καὶ
124 2528 252 2580 δωρεὰν
279 2530 413 2580 ἑκάστῳ
439 2530 606 2566 τάλαντον
634 2530 752 2568 ἔδωκε.
790 2531 1016 2573 Ποσειδώνιος
1046 2532 1080 2568 δὲ

50 2586 109 2623 καὶ
131 2586 191 2632 τὴν
217 2587 381 2638 ἀκρόασιν
403 2587 593 2639 ἀνέγραψεν
613 2588 654 2633 ἣν
676 2588 774 2638 ἔσχεν
797 2588 848 2624 ἐπ’
873 2590 979 2626 αὐτοῦ
999 2589 1081 2640 πρὸς

49 2643 270 2695 Ἑρμαγόραν
299 2645 355 2681 τὸν
378 2645 503 2697 ῥήτορα
524 2646 601 2696 περὶ
622 2649 680 2691 τῆς
706 2646 781 2683 καθ’
808 2646 886 2683 ὅλου
908 2647 1081 2692 ζητήσεως

50 2703 327 2751 ἀντιταξάμενος.
365 2721 379 2735 «
410 2705 628 2740 Posidonius
659 2707 766 2739 ctiam
795 2706 1081 2752 disputationem

54 2778 68 2792 «
93 2775 170 2797 eam
189 2764 353 2797 enotavit
370 2776 481 2809 quam
502 2764 679 2810 Pompeio
698 2764 870 2798 audiente
883 2791 892 2809 ‚
909 2765 1082 2800 adversus

54 2837 68 2849 α
95 2821 361 2867 llermagoram
381 2821 570 2855 rhetorem
588 2821 717 2855 habuit
731 2821 777 2855 de
796 2823 961 2867 generali
981 2835 1082 2868 quae-

50 2878 178 2912 stione.
196 2894 209 2908 υ
230 2879 284 2912 De
296 2890 371 2924 quo
384 2878 466 2912 1000
483 2879 766 2925 insequentibus
780 2879 887 2925 plura
904 2879 1079 2916 dicemus.

51 2935 154 2969 Nune
169 2935 320 2981 quidem
337 2935 492 2970 sufficiat
509 2948 662 2970 monere
680 2936 725 2970 dc
744 2948 871 2970 errore
885 2938 944 2970 Jo.
964 2938 1078 2971 Jonsii
1110 2945 1114 2989 Ι

52 2989 209 3039 (Seript.
243 2993 335 3030 Hist.
370 2994 462 3028 Phil.
490 2994 543 3037 II,
584 2994 673 3041 16),
702 2994 766 3039 qui
795 2994 888 3028 hanc
921 2993 1081 3040 disputa-

51 3049 189 3083 tionem
224 3062 308 3083 cum
342 3051 414 3085 alio
447 3050 522 3095 ejus
552 3063 721 3085 sermone
751 3050 958 3086 confundit.
990 3053 1080 3086 Nam

52 3117 168 3152 quum
186 3108 361 3153 praeclara
381 3114 417 3142 et
432 3109 470 3142 in
484 3109 613 3155 primis
628 3108 776 3142 illustrIS
793 3115 882 3142 esset
896 3109 971 3142 haec
986 3109 1080 3143 Stoi-

52 3175 182 3197 corum
210 3165 403 3208 sententia,
427 3178 504 3199 non
530 3178 605 3200 esse
631 3166 768 3199 malum
786 3165 980 3212 dolorem,
1004 3173 1080 3200 tum

53 3221 130 3255 sine
155 3221 272 3255 dubio
291 3223 447 3257 maxime
476 3224 677 3258 laudabiles
692 3230 775 3257 suut
796 3224 818 3256 ii
838 3225 899 3269 qui
919 3224 1074 3258 eandem

54 3290 126 3312 non
144 3280 261 3313 solum
284 3280 491 3316 disserendo
513 3294 553 3316 ac
582 3281 816 3324 deliniendo,
850 3282 912 3316 scd
935 3282 1080 3316 sortitu·-

2093 144 2165 175 2⁴7

1142 224 1229 258 (11110.
1257 225 1291 257 111
1313 225 1585 258 contcnmcndo
1613 224 1744 259 (lolorc
1771 227 1931 272 probant
1948 233 2057 271 atquc
2081 238 2167 259 con·

1142 280 1312 315 firmant:
1333 288 1461 315 contra
1478 283 1568 315 nihil
1589 283 1731 329 turpius
1751 284 1824 317 istis
1846 284 1932 329 qui,
1955 295 2064 328 quam
2086 290 2171 317 ante

1142 339 1179 371 111
1207 338 1331 372 schola
1357 338 1606 383 probaverant
1634 341 1874 383 sententiam,
1903 340 1947 374 ab
1968 352 2008 374 ea
2039 341 2072 373 111
2096 341 2169 386 ipsa

1141 396 1214 430 vita
1244 395 1450 429 desciscunt
1481 408 1635 442 camque
1668 397 1845 443 flagitiose
1877 397 2059 433 deserunt.
2088 399 2170 443 Quo

1142 453 1293 487 nomine
1308 453 1524 498 Dionysium
1547 455 1789 488 Heracleoten
1805 456 2019 489 criminatur
2042 456 2170 491 Cicero

1143 511 1227 547 Fin.
1246 511 1288 553 V,
1308 509 1349 543 31
1375 516 1410 543 et
1435 510 1540 545 Tusc.
1560 512 1595 544 ΙΙ
1609 537 1618 553 ,
1641 510 1687 544 25
1703 538 1711 554 ,
1732 512 1834 556 quod
1853 525 1966 557 quum
1987 524 2006 546 a
2023 513 2171 547 Zenone

1143 567 1248 602 sortis
1265 578 1339 601 0550
1356 565 1562 609 didicisset,
1581 579 1599 601 a
1613 567 1744 602 dolore
1762 568 1943 603 dedoctus
1957 575 2018 605 cst.
2038 571 2087 603 Ac
2101 583 2170 604 non

1141 633 1273 667 noster,
1292 624 1430 670 inquit,
1443 624 1655 658 Posidonius
1673 636 1680 659 ι
1697 638 1801 671 quem
1816 634 1851 660 et
1865 630 1941 673 ipse
1953 639 2053 674 ,ηερε
2068 629 2147 662 vidi
2159 657 2163 667 ‚

1141 690 1179 716 et
1198 682 1239 716 id
1257 682 1378 715 dicam
1390 707 1399 724 ,
1421 681 1518 726 quod
1531 681 1673 715 solebat
1691 694 1844 716 narrare
1863 684 2055 729 Pompeius
2075 698 2086 717 .·
2108 697 2145 719 sc
2161 712 2169 725 ,

1142 752 1249 787 quum
1272 739 1439 773 Rhodam
1458 741 1619 772 venisset
1637 739 1815 773 decedens
1834 752 1881 773 ca:
1901 741 2025 785 1511·ιά,
2047 743 2173 777 (ludim

1142 799 1300 832 voluisse
1325 797 1557 831 Posidonium
1590 809 1602 829 .·
1628 797 1695 830 scd
1714 809 1822 842 quum
1861 798 2056 832 aialim-set
2091 811 2171 833 eum

1141 858 1302 900 graviter
1318 867 1393 889 esse
1419 866 1558 901 oegrum
1570 879 1581 895 ,
1600 855 1697 900 quod
1716 854 1954 888 vehementer·
1978 856 2057 896 ejus
2075 864 2175 891 artus

1145 914 1372 956 laborarent,
1405 914 1554 946 voluisse
1581 920 1703 947 tamen
1729 912 1985 946 nobilissimmn
2014 913 2172 959 philom-

1145 968 1262 1017 pltum
1289 974 1411 1006 visere
1434 983 1444 1006 .·
1472 982 1575 1016 quem
1589 977 1626 1003 ut
1640 970 1793 1004 vidisset
1807 978 1843 1004 et
1857 971 2087 1005 salutavisset
2105 973 2172 1006 lm—

1143 1028 1376 1074 norificisque
1400 1029 1524 1062 verbis
1548 1036 1758 1074 prosecutio·
1780 1035 1874 1062 esset
1897 1029 2110 1074 molesteque
2137 1043 2175 1063 se

1142 1083 1414 1131 dirisselferre,
1436 1087 1532 1132 quod
1545 1098 1624 1120 eum
1642 1098 1713 1120 non
1731 1093 1850 1132 posset
1866 1086 2016 1127 atala-e,-
2032 1094 2071 1120 at
2090 1089 2150 1121 ille
2161 1114 2170 1129 ,

1146 1145 1198 1178 Tu
1220 1157 1326 1186 vers),
1354 1147 1491 1190 inquit,
1507 1151 1606 1191 potes
1618 1157 1631 1186 ,·
1656 1156 1722 1178 nec
1737 1147 1980 1186 committam,
2017 1152 2054 1177 ut
2074 1145 2178 1178 dolor

1142 1205 1300 1248 corporis
1312 1199 1471 1249 efficiat,
1488 1209 1526 1235 ut
1530 1200 1678 1246 ν11101111
1688 1209 1809 1236 cantus
1824 1204 1883 1236 vir
1894 1202 1947 1235 ad
1958 1214 2014 1235 mc
2024 1206 2174 1236 verterit.

1143 1261 1163 1293 I
1167 1267 1274 1305 taque
1290 1259 1467 1293 narrabat
1479 1271 1559 1293 eum
1573 1262 1733 1307 graviter
1748 1267 1784 1293 et
1798 1262 1941 1306 copiose
1955 1259 2000 1292 de
2014 1258 2080 1292 hoc
2100 1263 2177 1306 ipso

1142 1317 1331 1351 cubantem
1363 1317 1602 1364 disputavisse
1631 1330 1642 1351 :
1672 1329 1853 1364 quumque
1882 1320 1988 1363 quasi
2001 1316 2111 1361 jaces
2142 1322 2173 1351 ci

1142 1375 1273 1409 doloris
1285 1375 1567 1418 admoverentur,
1588 1387 1687 1422 scepe
1700 1375 1840 1409 dixisse
1852 1388 1863 1409 .·
1884 1376 1923 1409 N
1924 1374 1994 1408 iliil
2001 1379 2090 1422 agis,
2111 1376 2178 1409 do·-

1145 1434 1217 1475 l01·‚·
1247 1436 1410 1480 quamvis
1435 1436 1486 1468 sis
1505 1434 1688 1476 molestus,
1716 1446 1912 1480 numquam
1942 1441 1975 1467 te
1995 1446 2070 1467 estve
2089 1446 2175 1467 con—

1139 1491 1272 1534 fitebor
1299 1493 1450 1526 malum.
1482 1493 1590 1526 Hunc
1611 1503 1818 1526 sermonem
1840 1490 2025 1525 diversum
2043 1503 2118 1526 esse
2131 1491 2176 1526 ab

1143 1550 1204 1584 illa
1225 1549 1471 1596 disputatione
1490 1550 1662 1585 adversus
1680 1551 1946 1597 Hermagoram
1959 1577 1967 1592 ‚
1987 1561 2062 1583 non
2084 1561 2178 1596 opus

1144 1614 1197 1642 est
1213 1615 1254 1641 ut
1271 1608 1564 1642 demonstremus
1585 1620 1593 1640 τ
1611 1607 1657 1642 (10
1674 1614 1843 1654 tempore
1865 1614 1988 1641 autem
2006 1607 2054 1641 ita
2070 1607 2178 1642 nobis

1144 1665 1306 1712 videtur,
1324 1666 1424 1700 hunc
1440 1665 1627 1700 Ciceronis
1640 1666 1763 1700 locum
1779 1664 2018 1699 referendum
2035 1676 2111 1700 esse
2130 1665 2176 1700 ad

1144 1735 1281 1757 annum
1307 1723 1456 1757 Piratici
1481 1723 1589 1766 belli,
1619 1735 1650 1757 a.
1673 1735 1710 1758 u.
1740 1722 1836 1767 6873
1859 1735 1934 1768 quo
1961 1723 2175 1757 brevissimo

1145 1787 1309 1827 tempore
1320 1781 1498 1825 confecto,
1514 1781 1636 1815 Asiam
1648 1781 1778 1814 obiisse
1792 1780 2011 1826 Pompeium
2021 1787 2175 1827 constat,

1145 1845 1181 1872 et
1208 1836 1409 1888 ἐπέρχεσθαι
1438 1836 1498 1877 τὰς
1517 1836 1651 1882 πόλεις,
1679 1844 1719 1872 ut
1742 1845 1794 1872 est
1813 1837 1915 1884 apud
1934 1838 2172 1872 Plutarchum

1146 1896 1183 1929 in
1206 1895 1282 1940 ejus
1301 1896 1392 1932 Vita.
1410 1894 1467 1929 Ad
1488 1895 1580 1929 illud
1599 1896 1683 1937 iter,
1707 1894 1810 1941 quod
1827 1906 1938 1940 supra
1956 1893 2175 1941 significavi·

1145 1966 1226 1988 mus
1239 1981 1249 1999 ,
1269 1953 1442 1988 confecto
1471 1953 1725 1987 Mithridatico
1753 1953 1872 1999 bello,
1890 1953 2052 1998 pertinet
2073 1953 2175 1986 locus

1146 2012 1253 2045 Plinii
1280 2013 1326 2046 H.
1352 2012 1398 2046 N.
1426 2012 1513 2055 VII,
1534 2023 1563 2046 s.
1588 2010 1630 2045 31
1651 2021 1660 2046 :
1682 2010 1750 2044 Cn.
1773 2011 1989 2056 Pompeius,
2012 2008 2176 2054 confecto

1146 2070 1405 2104 [mithridatico
1422 2069 1534 2109 bello,
1557 2071 1752 2102 intraturus
1773 2068 1958 2102 Posidonii
1977 2071 2173 2114 sapientise

1141 2126 1366 2174 professione
1392 2128 1485 2160 clari
1502 2127 1668 2167 donnini,
1689 2123 1795 2169 fores
1807 2128 1950 2172 percuti
1970 2126 2016 2159 de
2036 2137 2134 2159 more
2151 2138 2174 2162 (1

1148 2187 1268 2219 lictore
1287 2188 1405 2219 veluit
1418 2195 1432 2219 .·
1451 2183 1621 2229 ctfiisces
1647 2185 1848 2217 litterarum
1861 2186 1996 2227 januoe
2013 2181 2177 2216 submisit

1145 2247 1195 2287 ix,
1224 2246 1282 2276 cui
1308 2254 1347 2276 se
1378 2243 1504 2276 Oriens
1534 2241 1778 2287 Occidensque
1804 2241 2031 2274 submiserat.
2063 2239 2174 2285 Quod

1145 2300 1274 2335 iisdem
1290 2300 1412 2335 verbis
1434 2300 1583 2346 repetiit
1609 2299 1756 2333 Solinus
1776 2298 1953 2344 Polyhist.
1979 2310 2012 2334 c.
2041 2310 2052 2331 1
2066 2325 2073 2332 .
2093 2299 2172 2331 ι111111

1144 2360 1219 2393 haec
1234 2359 1459 2393 familiaritas
1473 2386 1482 2401 ,
1499 2364 1540 2392 ut
1560 2357 1739 2403 Pompeio
1761 2356 1907 2391 laudem
1921 2383 1930 2400 ,
1951 2356 2000 2390 ita
2020 2355 2172 2390 Posido-

1144 2418 1205 2451 nio
1226 2417 1388 2451 fructum
1408 2416 1529 2450 attulit
1555 2423 1663 2461 atque
1690 2416 1885 2449 utilitatem
1911 2426 1919 2450 ε
1948 2414 2034 2460 qui,
2062 2423 2175 2461 prout

1144 2475 1359 2510 Aristoteles
1379 2474 1502 2521 Magni
1521 2474 1689 2520 discipuli
1711 2485 1824 2519 opera
1840 2472 1986 2518 adjutus
2000 2499 2009 2515 ,
2029 2473 2078 2506 ita
2099 2473 2173 2518 ipse

1144 2544 1163 2567 0
1198 2533 1364 2578 Pompeii
1391 2531 1584 2566 itineribus
1600 2558 1608 2573 ‚
1634 2529 1787 2565 mirifice
1804 2530 2037 2577 geographiae
2062 2530 2176 2564 scicn-

1145 2591 1232 2625 tiam
1251 2597 1463 2635 naturaeque
1479 2590 1730 2636 cognitionem
1747 2589 1889 2623 auxerit
1903 2600 1911 2622 z
1926 2587 2028 2634 quod
2043 2588 2175 2622 Strabo

1144 2647 1364 2695 significavit
1386 2648 1459 2691 XI,
1487 2660 1524 2693 p.
1557 2652 1626 2693 491
1654 2654 1759 2690 extu,
1786 2646 2014 2680 Posidonum
2042 2647 2178 2679 erroris

1145 2718 1300 2752 arguens
1317 2706 1353 2739 111
1368 2704 1578 2739 defimenda
1597 2705 1717 2739 isthmi
1735 2703 1929 2739 latitudine
1943 2704 2006 2749 qui
2022 2710 2073 2737 est
2088 2704 2175 2737 Col-

1145 2763 1290 2797 chidem
1317 2764 1413 2797 inter
1438 2770 1473 2797 et
1501 2763 1677 2798 Paludem
1695 2763 1870 2797 Maeotin:
1892 2759 2095 2805 καὶταῦτα,
2120 2761 2175 2794 in—

1144 2822 1243 2869 quit,
1269 2821 1365 2870 φίλος
1387 2815 1563 2869 Πομπηΐῳ
1585 2817 1754 2868 γεγονὼς,
1781 2820 1828 2868 τῷ
1853 2816 2099 2867 στρατεύσαντι
2120 2817 2172 2852 ἐπὶ

1142 2876 1218 2918 τοὺς
1253 2876 1395 2927 ’Ίὸηρας
1431 2877 1490 2912 καὶ
1512 2875 1696 2918 Ἀλὸανοὺς
1733 2874 1835 2925 μέχρι
1864 2878 1924 2920 τῆς
1948 2875 1999 2926 ἐρ’
2029 2873 2172 2922 ἑκάτερα

1144 2934 1327 2982 Θαλάττης,
1344 2937 1403 2980 τῆς
1414 2950 1448 2971 τε
1466 2933 1628 2975 Κασπίας
1642 2933 1700 2970 καὶ
1714 2936 1773 2978 τῆς
1793 2935 1980 2983 Κολχικῆς.
2003 2935 2173 2968 Cctcrmn

1143 2995 1219 3029 11ωο
1248 2995 1373 3029 omnia
1397 3005 1443 3029 eo
1475 2994 1690 3039 valuerunt,
1718 3000 1760 3027 ut
1789 2993 1955 3039 Pompeii
1979 3003 2035 3025 res
2061 2997 2174 3037 gestas

1142 3053 1321 3099 peculiari
1337 3052 1524 3086 volumine
1539 3052 1738 3098 explicaret
1753 3051 1896 3100 (Strabo
1910 3062 1951 3109 p⁴
1966 3053 2037 3095 [⁴92
2056 3049 2134 3083 init.
2148 3046 2171 3090 l,

1144 3110 1442 3145 doctissimorum
1462 3111 1630 3144 virorum
1646 3110 1834 3155 exemplo,
1856 3109 1919 3155 qui
1936 3108 1993 3141 vel
2011 3104 2170 3140 multifa-

1143 3169 1233 3202 riam
1249 3168 1469 3211 doctrinam,
1485 3159 1811 3215 cognitionemque
1824 3166 2053 3213 siugulorum
2069 3162 2172 3196 indo-

1144 3226 1185 3259 lis
1202 3226 1444 3271 p‹⁷›pulorum,
1461 3225 1668 3269 hominum,
1686 3232 1763 3258 tum
1778 3225 1970 3271 regionum
1989 3223 2164 3267 ipsarum,

1144 3283 1273 3316 illustri
1295 3283 1453 3316 historiae
1475 3290 1692 3329 argumento
1715 3283 1960 3322 illustrarimt,
1983 3279 2034 3311 vc!
2064 3276 2171 3322 ipvius
