2338 3765
115 198 187 229 300

112 274 292 322 εὐνηθῆναί
315 274 353 321 (a)
373 274 401 310 οἷ
420 272 573 308 θέλοντα.
594 269 638 307 ‘O
660 269 694 306 δὲ
714 270 816 319 λόχον
841 268 980 320 ὑφείσας
1000 266 1148 305 &5601ss-

112 338 210 371 Ἰευσε
234 332 345 376 ΠτἸε
317 347 356 369 ι.
384 328 487 367 Καὶ
471 342 505 371 ος
523 327 739 376 αἰσθόμενος,
766 328 811 368 εἷς
830 326 980 375 πόλεμον
997 323 1147 368 κατέστη

113 392 195 443 πρὸς
212 389 328 438 αὐτὸν,
350 386 643 433 ἐπικαλεσάμενος
665 383 806 435 βοηθούς
825 383 900 427 τούς
925 398 961 420 τε
979 381 1148 433 Τυνδαρί-

112 451 171 492 δας
199 450 256 485 καὶ
274 446 433 491 Ἰασονα,
459 443 579 494 ἐχθρὸν
601 442 682 480 ὄντα
702 441 821 493 ἐκείνῳ
844 442 906 491 (4),
936 439 1029 492 φίλος
1049 438 1150 480 αὐτὸς

113 508 158 544 ὢν
185 506 240 544 διὰ
268 505 305 542 τὸ
332 504 508 553 σύμπἸους
535 503 569 539 ἐν
592 503 633 552 τῇ
653 500 768 552 Ἀργοῖ
793 515 909 550 γεγονε
895 498 987 536 ’·ναι
1009 512 1067 534 και
1088 512 1150 541 την

114 581 150 602 τε
172 564 315 603 Ἰωλκὸν
336 563 425 612 αἱρεῖ
443 559 502 596 καὶ
531 558 592 604 τὴν
619 557 784 596 Ἀκάστου
810 557 956 607 γυναῖκα
990 554 1146 607 σφάττει.

599 651 661 697 57.

166 744 263 780 Ibid.
296 755 304 779 2
330 738 346 754 ‘¹

116 801 261 850 εγενετο.
292 799 447 847 ΒουἸόμε
435 814 526 845 ςνος,
548 797 593 840 ὥς
625 812 728 848 φασι,
753 811 810 833 τον
843 795 883 844 (1)
915 793 987 831 Θεὸν
1017 794 1070 843 ἐρε
1057 791 1151 828 σθαι

350 744 415 778 Οτι
436 739 624 811 Λυκούργῳ
650 738 763 775 τοιάδε
788 741 809 783 ἡ
835 734 976 779 τελευτὴ
995 737 1052 771 τοῦ
1078 732 1151 783 βίου

114 859 193 910 περί
212 874 312 895 τινων
330 857 528 894 ὑπολοίπων
548 855 675 904 νόμων,
693 853 837 906 ὥρκωσε
856 850 1150 900 Λακεδαιμονίους

115 917 164 968 ἄχ
169 933 216 969 ρις
236 915 389 954 ἐπάνεισι
412 931 460 964 μη
465 915 542 952 οένα
563 915 666 951 Ἰῧσαι
683 915 750 950 τῶν
767 911 946 961 κειμένων.
971 908 1151 958 Ὀμοσοίν-

115 992 182 1013 των
205 977 247 1021 δ’,
270 974 344 1012 ἐπεὶ
364 972 700 1026 χρηστηριαζόμενος
716 972 841 1017 ἤκουσε
858 969 953 1020 παρὰ
973 971 1032 1005 τοῖΙ
1054 970 1128 1004 θεοῦ
1143 997 1151 1013 ,

115 1051 159 1077 ως
186 1033 357 1083 εὐδαίμ<11ν
384 1036 405 1077 ἡ
442 1031 539 1074 πόλις
567 1030 700 1077 ἔσοιτο,
731 1032 758 1067 εἰ
787 1034 855 1070 τοῖς
886 1027 1013 1064 ἐκείνου
1040 1025 1155 1074 νόμοις

117 1091 282 1141 εμμένοι,
302 1091 388 1140 ἔγνω
414 1089 539 1138 μηκέτι
559 1091 770 1133 ἐπανεἸθεῖν,
794 1103 832 1124 το
853 1085 992 1137 pegam
1015 1100 1074 1129 της
1091 1099 1153 1135 φυ-

119 1152 228 1195 Ἰακῆς
245 1166 282 1187 εκ
297 1165 357 1187 του
378 1148 479 1201 ὅρκου
495 1147 738 1196 ποιησάμενος.
762 1144 963 1186 Ιιαταὸὰς
946 1143 981 1179 οὲ
1003 1144 1048 1186 εἷς
1068 1141 1154 1192 Κρί-

120 1224 183 1246 σαν
204 1223 306 1245 αυτον
331 1207 545 1258 διεργάζεται
564 1208 594 1254 (2
596 1208 621 1254 ).
647 1203 915 1252 Χακεοαιυονιοι
936 1201 970 1239 δὲ
992 1199 1153 1249 αἰσθόμε-

119 1283 188 1311 νοι,
210 1266 265 1302 διά
281 1281 317 1302 τε
334 1265 396 1310 τὴν
413 1264 581 1315 προτέραν
600 1265 657 1313 ἀρε
645 1263 722 1306 ,τὴν
737 1278 796 1298 και
810 1260 871 1306 τὴν
889 1260 965 1297 τότε
981 1262 1155 1310 κριθεῖσαν

119 1323 199 1375 περὶ
219 1324 276 1360 τὸν
295 1322 451 1367 Θάνατον,
466 1321 546 1357 ναόν
561 1335 597 1357 τε
618 1322 710 1371 αὐτῷ
731 1319 943 1367 ἐτεμένισαν,
958 1316 1017 1354 καὶ
1040 1315 1156 1367 βωμὸν

117 1380 337 1432 ἱδρυσάμενοι
352 1379 486 1416 θύουσιν
503 1381 548 1421 ὡς
570 1377 656 1429 ἥρωι
675 1376 738 1413 ἀνὰ
754 1382 822 1413 πᾶν
843 1375 915 1418 ἔτος
934 1377 987 1425 (3).
1006 1376 1157 1426 Περιφα·

118 1443 183 1482 νῶς
207 1439 273 1490 γὰρ
294 1437 334 1483 δὴ
364 1439 404 1487 (4)
437 1436 673 1488 ...παρτιάταις
694 1434 799 1478 αἴτιος
821 1434 921 1484 μόνος
938 1432 1071 1484 εγένετο
1097 1449 1158 1478 της

121 1499 166 1538 εἷς
194 1497 286 1534 ἅπαν
309 1498 430 1547 ἀρετ-ης
450 1511 487 1532 τε
507 1494 566 1531 καὶ
586 1494 791 1544 ἡγεμονίας,
813 1493 908 1530 ουδὲν
930 1492 1068 1541 ἄμεινον
1089 1507 1156 1528 των

121 1556 233 1592 ἄλλων
255 1554 399 1590 πάλαι
382 1551 625 1601 οιακειμένοις
648 1552 685 1588 οὐ
707 1551 808 1600 μόνον
832 1550 884 1587 ὅτι
905 1551 1019 1592 αὐτοῖς
1035 1550 1158 1598 νόμους

122 1615 215 1650 ἔθετο
246 1612 421 1662 ἀρίστους,
452 1610 542 1646 ἀλλὰ
573 1610 632 1646 καί
660 1609 711 1646 ὅτι
741 1608 886 1651 ἄκοντας
920 1607 1159 1659 προῦτρέψατο

119 1673 270 1721 χρῆσθαι
287 1671 401 1711 αὐτοῖς
417 1668 534 1718 τρόπῳ
549 1667 679 1704 τοιῶδε.
696 1666 765 1705 Δύο
780 1666 957 1708 σκύλακας
972 1665 1089 1703 >itudo-2
1111 1666 1156 1716 (5)

120 1729 190 1765 ἀπὸ
208 1745 268 1773 της
290 1729 393 1773 αὐτῆς
415 1725 542 1777 μητρὸς
569 1725 706 1777 ἔτρεφε,
726 1725 869 1776 χωρὶς
852 1723 915 1761 οὲ
905 1724 990 1761 αλλ
962 1725 1064 1769 ιηλων
1081 1725 1156 1761 ἀνο

123 1787 230 1835 μοίοις
259 1786 316 1831 ἥθε
321 1801 375 1832 σι,
405 1799 461 1821 τον
492 1782 552 1833 μὲν
577 1783 654 1820 κατ’
674 1787 786 1828 οἰκον,
816 1781 885 1834 ὄψα
905 1798 941 1819 τε
966 1781 1076 1825 διδους
1100 1782 1159 1819 καὶ

123 1861 184 1888 την
207 1845 313 1888 ἅἸλτν
335 1842 500 1893 λιχνείαν,
518 1857 574 1879 τον
590 1841 625 1878 δε
643 1843 676 1878 ἐν
698 1841 907 1890 κυνημσίοις
924 1844 1032 1891 θηραν
1053 1843 1159 1890 ἀναγ·

121 1903 233 1945 κάζων
257 1900 316 1937 καὶ
337 1899 505 1937 στιέἷεύειν
524 1902 562 1948 (e)
585 1902 618 1937 ἐν
638 1899 762 1950 ὄρεσιν.
781 1898 846 1941 (Ως
867 1899 897 1935 δ’
916 1900 1075 1951 ἑκάτερος
1095 1900 1159 1936 025-

121 1962 189 1997 τῶν
210 1958 325 2007 ὅμοιος
349 1958 483 2009 ἐγένετο
502 1961 544 2009 τῇ
566 1961 694 2010 τροφῇ,
715 1957 954 2009 Σπαρτιάταις
970 1957 1160 2004 ἐκκλησιά-

124 2021 218 2062 ζουσι
237 2017 320 2069 πρὸς
338 2016 414 2060 τοὺς
431 2016 623 2069 περιοίκους
643 2016 795 2066 πολέμου
818 2016 917 2068 πέρι,
934 2019 992 2053 καὶ
1013 2018 1159 2067 ἀμηχα-

123 2092 235 2122 νουσι,
272 2091 369 2126 παρα
372 2091 415 2125 (α
419 2073 487 2125 (ὼν
521 2075 730 2127 ἀμφοτέρους
767 2076 812 2117 εἷς
848 2073 968 2124 μέσον,
1002 2075 1061 2112 καὶ
1100 2090 1160 2112 συν

125 2137 238 2177 αὐτοῖς
256 2134 394 2186 δόρκους
410 2149 447 2170 τε
461 2132 519 2170 καὶ
539 2133 718 2183 ζι1μους7
691 2135 718 2182 (7
721 2134 731 2183 )
750 2147 807 2170 και
827 2133 926 2185 ὄψα
912 2132 1162 2182 εσκευασμένα,

124 2193 176 2229 ἔἸε
201 2208 252 2229 ε·ν
275 2210 288 2225 «
316 2191 406 2229 ''Au
433 2191 485 2228 ὅτι
507 2191 580 2241 μὲν,
601 2194 628 2228 ὠ
650 2193 892 2243 Σπαρτιᾶται,
912 2206 971 2227 του
992 2207 1028 2227 ευ
1049 2207 1085 2228 τε
1105 2207 1163 2228 και

124 2266 237 2292 κακως
263 2250 424 2300 πράττειν
457 2251 518 2286 οὐκ
539 2249 623 2286 ἄλλο
645 2246 739 2286 ἐστιν
762 2249 869 2286 αἴτιον
893 2248 957 2285 ττλ
933 2264 982 2293 ιην
1003 2249 1042 2285 τὸ
1071 2249 1160 2286 ἔθεσι

125 2311 275 2358 χρῆσθαι
296 2306 437 2359 φαύλοις
456 2306 477 2351 ἢ
493 2306 662 2360 σώφροσι,
681 2307 845 2358 πάρεστιν
863 2309 943 2355 ὑμῖν
958 2309 1053 2357 ὁρᾶν,
1075 2306 1160 2345 Οἵδε

126 2360 163 2414 γέ
183 2381 234 2402 τοι
263 2364 303 2415 (8)
331 2364 431 2414 (τοὺς
461 2363 634 2407 σκύλακας
667 2364 795 2414 δείξας)
822 2367 881 2410 τῆς
903 2366 1008 2410 αὐτῆς
1035 2365 1163 2415 μητρὸς

126 2423 240 2469 ὄντες,
273 2422 432 2465 ἐναντίως
461 2422 496 2459 δὲ
523 2423 684 2468 ἀλλήλοις
707 2422 955 2473 τεθραμμένοι,
976 2425 1059 2473 παρ’
1081 2423 1165 2460 αὐτὸ

127 2484 228 2518 τοῦτο
249 2480 401 2530 ἀνόμοιοι
416 2480 661 2525 ἐκῖὶεὸἦκασιν.
686 2479 731 2519 ‘O
748 2480 808 2528 μὲν
827 2479 891 2532 γὰρ
907 2484 1012 2531 Οηρᾶν
1032 2481 1163 2530 μαθὼν,

128 2542 145 2575 ὁ
166 2538 200 2575 δὲ
228 2538 411 2589 λιχνεύειν,
436 2538 531 2575 οὐδὲν
552 2537 591 2575 ἂν
615 2539 656 2588 (9)
683 2539 757 2575 ἀντὶ
782 2540 878 2576 τοῦδε
894 2569 902 2584 ,
928 2539 959 2575 ἐἶ
985 2538 1163 2589 παρείκοι,

127 2596 296 2641 ποιήσειε,
322 2614 337 2629 »
359 2597 429 2634 Καὶ
449 2595 522 2644 ἅμα
540 2596 727 2646 προσέταξε
749 2599 796 2644 τῷ
817 2598 991 2648 κυνουλκῷ
1011 2597 1161 2645 μεθεῖναι

126 2654 182 2691 ἐπὶ
197 2654 406 2705 ἀμφοτέρους
422 2653 464 2690 τὰ
478 2654 733 2703 ἡτοιμασμένοι.
751 2656 831 2691 Τῶν
852 2656 880 2691 δ’
899 2657 915 2691 ὃ
935 2654 996 2703 μὲν
1013 2655 1166 2691 κατοικί-

918 183 946 219 N
957 181 1120 219 iC()t.Al
1154 180 1259 217 ΒΑΜ
1270 179 1445 216 ASCENI

1211 280 1302 310 prum
1317 270 1498 301 sibiosserre
1511 267 1678 298 voluisset:
1691 267 1758 306 qui,
1767 266 1876 297 uxoris
1886 265 2053 297 calumniis
2063 272 2244 305 persuasus,

1210 327 1338 360 insidias
1355 327 1447 358 Peleo
1461 326 1635 367 comparat.
1654 324 1715 356 Sed
1732 323 1845 355 Peleus
1856 347 1864 362 ,
1882 332 1916 355 re
1932 323 2110 361 intellecta,
2127 322 2245 354 bellum

1211 387 1324 418 Acasto
1341 385 1435 416 insert
1447 407 1456 422 ‚
1473 383 1600 414 adscitis
1617 383 1650 413 in
1666 382 1820 413 auxilium
1837 390 1930 413 suum
1946 380 2133 421 Tyndaridis
2151 382 2248 420 atque

1212 446 1340 482 Iasone,
1359 443 1414 483 qui
1432 443 1546 474 Acasto
1566 441 1723 479 infensus,
1746 440 1838 471 Peleo
1857 441 1964 471 autem
1982 439 2024 470 ob
2043 438 2250 478 expeditionis

1212 501 1432 542 Argonauticae
1447 500 1629 531 societatem
1644 499 1712 530 erat
1722 497 2009 537 conjunctissimus.
2023 499 2144 528 Horum
2158 499 2249 527 auxi-

1212 560 1255 591 lio
1278 560 1389 591 Peleus
1405 558 1584 598 expugnata
1600 557 1687 588 Iolco
1702 556 1807 588 Acasti
1833 555 1999 595 conjugem
2019 555 2154 589 necavit.

1699 653 1756 684 57.

1254 744 1398 781 Lycurgo
1411 738 1566 778 ejusmodi
1582 738 1655 769 vitae
1671 738 1777 769 exitus
1789 737 1929 777 contigit.
1950 739 2056 774 Quum
2075 737 2251 777 Apollinem

1213 801 1252 830 de
1265 798 1456 839 quibusdam
1474 796 1606 828 residuis
1622 796 1744 836 tegibus
1757 796 1941 826 consultum
1959 796 2004 827 ire
2024 796 2137 834 vellet,
2154 797 2252 827 Lace-

1213 858 1387 890 dremonios
1398 855 1606 896 jurejurando
1617 854 1739 894 adegit,
1753 854 1873 886 nullam
1887 863 1926 885 ex
1940 848 2121 885 constitutis
2133 854 2255 894 legibus

1214 917 1438 956 abrogaturos,
1464 915 1636 954 antequam
1653 913 1718 953 ipse
1742 912 1896 944 rediisset.
1920 914 1992 950 Quo
2015 912 2196 951 ¹iuramento
2213 912 2255 944 ab

1214 974 1363 1006 omnibus
1377 972 1531 1013 praestito,
1544 971 1682 1012 Delphos
1693 971 1854 1011 profectus
1864 979 2047 1010 responsum
2061 970 2101 1002 ab
2112 970 2255 1010 Apolline

1216 1033 1341 1071 retulit,
1357 1032 1550 1062 fortunatam
1568 1031 1713 1070 Spartam
1729 1029 1796 1060 fore
1806 1054 1814 1066 ,
1828 1028 1980 1069 quamdiu
1996 1029 2079 1068 leges
2090 1029 2175 1060 illius
2189 1037 2253 1060 ser-

1217 1093 1315 1123 raret.
1331 1093 1399 1122 Hoc
1417 1092 1580 1130 Lycurgus
1596 1096 1744 1128 responso
1758 1088 1888 1127 accepto
1902 1095 2067 1127 nunquam
2081 1087 2210 1128 posthac
2224 1087 2255 1119 in

1217 1150 1349 1190 patriam
1367 1148 1483 1179 reverti
1497 1147 1662 1178 constituit
1674 1171 1682 1185 ‚
1705 1147 1742 1177 ut
1757 1145 1796 1177 ad
1818 1146 2004 1185 perpetuam
2026 1145 2131 1185 legum
2148 1145 2256 1177 obser-

1217 1208 1357 1239 vantiam
1366 1205 1573 1246 jurejurando
1581 1204 1751 1236 obstrictos
1759 1204 1907 1235 retineret
1916 1203 2011 1235 cives.
2024 1203 2123 1243 Igitur
2133 1203 2256 1235 Crisam

1218 1266 1374 1306 digressus
1388 1266 1524 1296 mortem
1537 1264 1595 1295 sibi
1610 1263 1772 1294 conscivit.
1789 1261 1888 1302 Cujus
1901 1261 1945 1293 rei
1964 1262 2046 1293 fama
2056 1261 2259 1293 Lacedaemo·

1218 1333 1292 1355 nem
1306 1324 1419 1361 allata,
1443 1321 1589 1362 Spartani
1609 1321 1736 1352 virtutis
1758 1329 1873 1358 causa,
1896 1328 1994 1359 quam
2012 1319 2092 1351 etin
2114 1321 2258 1350 anteacta

1218 1382 1305 1413 omni
1331 1381 1396 1412 vita
1415 1389 1453 1411 ac
1477 1381 1546 1411 tum
1567 1379 1706 1410 moriens
1730 1387 1796 1418 prae
1829 1387 1862 1409 se
1887 1378 2023 1416 tulerat,
2043 1377 2199 1417 templum
2230 1377 2258 1408 ei

1219 1448 1372 1479 aramque
1387 1440 1581 1479 posuerunt,
1600 1437 1652 1468 uhi
1670 1437 1841 1476 quotannis
1857 1435 1987 1476 perinde
1999 1444 2037 1467 ac
2054 1435 2142 1466 heroi
2160 1436 2259 1467 sacri-

1220 1500 1328 1530 ficant.
1341 1499 1465 1538 Quippe
1476 1497 1554 1528 citra
1565 1494 1811 1526 controversiam
1825 1495 1951 1526 virtutis
1965 1494 1996 1525 iu
2007 1493 2156 1526 omnibus
2166 1493 2260 1524 rebus

1220 1558 1314 1598 gestis
1328 1556 1508 1596 conspicuae
1522 1556 1619 1594 atque
1634 1553 1756 1594 imperii
1780 1563 1864 1584 unus
1886 1553 1936 1584 hic
1961 1553 2075 1583 auctor
2094 1551 2259 1592 Spartanis

1221 1616 1279 1647 suit
1290 1640 1297 1653 ‚
1313 1623 1413 1654 quum
1427 1615 1520 1645 antea
1536 1613 1624 1644 nulla
1638 1621 1671 1643 re
1684 1612 1797 1643 ceteris
1810 1612 1996 1652 pra’starent
2011 1624 2018 1642 :
2034 1610 2129 1651 idque
2143 1619 2208 1641 non
2221 1619 2260 1641 eo

1221 1674 1324 1705 solum
1338 1697 1346 1711 ,
1361 1673 1446 1712 quod
1470 1672 1552 1712 leges
1568 1671 1703 1711 optimas
1719 1670 1755 1701 iis
1771 1670 1951 1709 constituit,
1970 1669 2022 1701 sed
2046 1668 2142 1700 etiam
2155 1667 2239 1708 quod
2251 1692 2260 1706 ,

1221 1732 1282 1763 illis
1299 1733 1335 1762 ut
1358 1732 1537 1769 uterentur,
1561 1738 1614 1760 eos
1630 1729 1756 1768 impulit
1777 1727 1959 1767 hujusmodi
1974 1727 2106 1759 ratione.
2132 1726 2262 1758 Catulos

1222 1790 1303 1821 duos
1316 1789 1427 1820 eadem
1440 1789 1542 1819 matre
1555 1788 1646 1818 natos
1662 1786 1792 1818 seorsim
1807 1795 1844 1817 ae
1857 1786 1982 1817 diverso
1995 1794 2154 1825 quemque
2165 1784 2260 1815 modo

1223 1848 1376 1886 instituit;
1391 1847 1527 1878 alterum
1548 1847 1580 1877 in
1603 1845 1742 1885 aedibus,
1759 1844 1898 1876 obsoniis
1921 1846 2019 1884 atque
2044 1843 2262 1883 hujuscemodi

1226 1905 1449 1938 catillamentis
1468 1905 1574 1944 alens;
1591 1905 1727 1935 alterum
1739 1902 1962 1935 venationibus
1975 1901 2200 1939 assuefaciens,
2215 1903 2262 1933 at-

1224 1973 1286 2004 que
1303 1964 1335 1995 in
1349 1963 1512 1994 montibus
1525 1962 1583 1993 suh
1597 1962 1649 1993 dio
1665 1961 1782 1993 cubare
1796 1970 1920 2002 cogens.
1941 1962 2114 2001 Postquam
2128 1961 2263 2000 uterque

1225 2022 1471 2053 consentaneam
1484 2010 1664 2052 educationi
1678 2027 1744 2050 suae
1757 2018 1894 2049 indolem
1906 2019 1953 2049 est
1965 2017 2106 2056 sortitus,
2119 2017 2189 2048 tum
2202 2018 2260 2056 Ly·

1224 2089 1341 2120 curgus
1354 2079 1534 2120 Spartanis,
1553 2078 1633 2109 sorte
1648 2077 1688 2109 de
1704 2077 1786 2108 bello
1803 2076 1956 2108 adversus
1969 2075 2119 2106 finitimos
2131 2076 2163 2106 in
2184 2083 2261 2106 con-

1225 2139 1317 2169 cione
1332 2137 1586 2169 consultantibus
1599 2138 1696 2176 atque
1707 2143 1897 2174 magnopere
1914 2134 2032 2173 anxiis,
2052 2133 2162 2164 ambos
2174 2134 2262 2164 catu-

1224 2196 1270 2227 los
1284 2196 1315 2226 in
1330 2195 1471 2226 medium
1485 2194 1618 2226 adduxit
1637 2188 1724 2224 cum=
1735 2193 1857 2233 capreis
1875 2202 1912 2223 ac
1927 2191 2061 2231 jusculis
2076 2194 2108 2222 et
2122 2191 2262 2222 obsoniis

1225 2254 1394 2293 apparatis
1413 2262 1451 2284 ac
1467 2262 1555 2291 mox,
1572 2266 1585 2279 «
1608 2253 1788 2294 Enimvero,
1811 2252 1926 2291 inquit,
1944 2250 2100 2290 Spartani,
2118 2249 2260 2280 animum

1225 2320 1262 2343 ac
1282 2312 1441 2343 fortunam
1465 2311 1714 2350 uniuscujusque
1736 2319 1777 2341 ex
1790 2309 1960 2348 institutis,
1984 2308 2099 2348 quibus
2116 2316 2192 2339 usus
2203 2308 2263 2347 sit,

1227 2370 1375 2410 pendere,
1390 2369 1485 2402 velex
1499 2370 1546 2400 his
1558 2369 1671 2400 catulis
1686 2368 1812 2407 intelligi
1824 2369 1940 2407 potest,
1954 2367 2009 2407 qui
2023 2376 2124 2407 quum
2137 2367 2200 2398 sint
2214 2375 2264 2398 ea-

1226 2428 1298 2459 dem
1316 2429 1417 2458 matre
1432 2427 1540 2466 geniti,
1555 2426 1630 2466 quia
1640 2428 1748 2457 tamen
1760 2426 1882 2457 diversa
1896 2425 2015 2456 ratione
2029 2425 2164 2456 instituti
2178 2426 2264 2463 sunt,

1228 2486 1345 2517 idcirco
1362 2485 1527 2517 dissimiles
1546 2485 1669 2523 ingenio
1683 2485 1884 2515 exstiterunt.
1906 2484 1962 2515 Hic
1977 2483 2062 2515 euim
2085 2483 2264 2522 venationi,

1227 2545 1278 2575 ille
1292 2543 1514 2574 catillamentis
1537 2542 1724 2579 innutritus,
1745 2543 1769 2573 si
1783 2543 1906 2582 copiam
1928 2543 2038 2574 feceris
2051 2567 2059 2580 ,
2077 2542 2154 2573 nihil
2175 2543 2264 2573 uter-

1228 2612 1288 2641 que
1302 2601 1385 2632 aliud
1396 2625 1404 2640 ,
1417 2610 1514 2641 quam
1529 2601 1612 2640 quod
1628 2600 1737 2631 didicit
1750 2625 1758 2639 ,
1778 2601 1978 2632 factitaturus
1990 2604 2048 2631 est.
2066 2598 2195 2632 »Simul
2216 2600 2263 2631 fa·

1229 2661 1334 2698 mulo,
1348 2660 1403 2698 qui
1418 2668 1513 2690 canes
1527 2659 1596 2690 loro
1613 2658 1787 2697 retinebat,
1806 2659 1957 2698 imperat,
1977 2661 2151 2698 utrumque
2164 2659 2200 2689 ut
2215 2657 2263 2689 di-

126 2765 223 2795 codex
243 2768 265 2795 A
285 2764 495 2804 προδιαὸάὶλει
510 2764 659 2795 exhihere
677 2764 809 2795 ridetur.
832 2767 864 2795 tu
882 2774 968 2803 seqq.
989 2764 1242 2804 praepositionem
1264 2765 1334 2803 πρὸς
1349 2773 1412 2794 om.
1437 2763 1558 2794 suidas.
1573 2782 1610 2789 —-
1629 2768 1658 2794 3.
1675 2763 1964 2804 εὐνηθῆναι]51(;
1977 2762 2077 2793 codex
2094 2763 2126 2793 et
2139 2761 2263 2793 Suidas.

129 2810 275 2839 Valesius
291 2818 307 2838 e
321 2809 403 2847 conj.
420 2809 505 2840 dedit
522 2811 750 2846 συνευνηθῆναι.
769 2828 809 2832 --
824 2814 851 2842 4.
869 2811 1027 2850 ἐκείνῳ]
1042 2810 1164 2840 Suidas.
1181 2811 1285 2850 ἐχθρὸν
1306 2810 1398 2846 ὄντα,
1414 2810 1547 2850 κάκείνῳ
1562 2810 1643 2848 φίλος
1664 2821 1694 2839 α.
1712 2810 1754 2839 ὤν
1777 2810 1890 2841 codex.
1912 2812 1955 2840 Ue
1978 2809 2068 2840 Peleo
2083 2809 2265 2848 Argonauta

127 2865 157 2886 v.
181 2856 323 2895 Apollon.
343 2856 401 2886 Bh.
420 2857 447 2891 l,
467 2859 499 2887 91
517 2867 525 2894 ;
544 2857 721 2895 Apollodor.
745 2859 774 2894 t,
789 2863 807 2888 9
821 2881 828 2895 ,
851 2862 904 2893 tm
922 2857 1031 2896 llygin.
1053 2857 1114 2887 sab.
1136 2859 1188 2894 14;
1205 2857 1351 2895 Orpheus
1366 2860 1434 2895 Arg.
1459 2860 1525 2887 130.
1544 2860 1613 2887 Sec.
1631 2856 1856 2895 Apollodorum
1875 2859 1937 2894 ΙΙΙ,
1962 2859 2018 2893 13,
2033 2859 2050 2887 7
2074 2856 2183 2887 Peleus
2203 2863 2265 2885 11011

128 2903 235 2933 statim
257 2904 326 2941 post
339 2901 480 2932 detectas
495 2902 639 2941 iusidias,
654 2903 705 2933 sed
731 2905 798 2942 post
819 2904 961 2934 Thetidis
978 2904 1102 2942 nuptias
1124 2906 1299 2942 natumque
1323 2903 1476 2934 Achillem
1499 2903 1621 2934 lolcum
1642 2905 1813 2942 expugnat.
1837 2905 1919 2934 Cum
1942 2903 2063 2934 Nicolai
2087 2901 2268 2933 narratione

129 2949 169 2978 ct.
188 2948 285 2978 schot.
305 2948 403 2986 Apoll.
421 2948 478 2978 Rh.
499 2950 526 2986 Ι,
544 2951 623 2988 224;
645 2949 767 2980 t‘indar.
785 2952 875 2981 Nem.
894 2952 955 2987 ΙΙΙ,
971 2954 1021 2982 59.
1037 2952 1082 2981 De
1098 2949 1247 2980 interiore
1265 2950 1379 2980 harum
1402 2949 1486 2980 sabb.
1507 2950 1627 2980 ratione
1644 2958 1674 2979 v.
1690 2949 1812 2980 Mulier.
1836 2951 1921 2981 Min.
1951 2959 1981 2989 p.
2010 2954 2083 2980 256.
2114 2949 2263 2979 Ceterum

128 3003 228 3032 quum
245 2993 361 3024 tasonis
376 2994 556 3032 historiam,
574 2997 703 3025 eatenus
717 2998 801 3026 certe
817 2999 974 3036 quatenus
990 2996 1029 3027 ad
1044 2999 1297 3035 Argonautarum
1314 2995 1547 3036 expeditionem
1561 2996 1717 3036 pertinet,
1729 2996 1875 3026 Nicotaus
1889 2996 1969 3026 libro
1985 2995 2078 3026 tertio
2091 2994 2156 3033 jam
2173 3002 2266 3032 expo·

128 3040 245 3078 suerit,
261 3042 368 3070 nostro
381 3041 449 3070 loco
463 3040 501 3070 de
517 3041 741 3080 antiquissimis
753 3043 800 3073 his
813 3043 983 3073 Thessaliae
995 3043 1118 3081 regibus
1128 3043 1231 3073 denuo
1245 3043 1342 3082 egisse
1357 3042 1516 3082 putandus
1529 3045 1596 3081 est,
1612 3045 1647 3073 ut
1661 3042 1746 3073 viam
1761 3041 1818 3072 sibi
1833 3042 1973 3073 muniret
1986 3041 2025 3072 ad
2036 3049 2147 3072 corum
2159 3047 2267 3079 regum

131 3087 312 3125 historiam,
328 3085 380 3125 qui
397 3088 465 3125 post
488 3087 726 3118 heraclidarum
748 3088 883 3119 reditum
906 3089 935 3119 in
949 3089 1110 3120 Thessalia
1128 3091 1307 3128 regnarunt.

174 3135 221 3163 57.
252 3131 330 3163 Coti.
351 3132 510 3171 Tne-..sot
531 3137 584 3163 152
597 3157 604 3169 ‚
626 3138 659 3164 12
675 3143 782 3164 vso-
802 3139 856 3165 1.·’15
871 3159 878 3173 ,
895 3139 932 3166 23
959 3144 986 3165 r.
1012 3135 1127 3166 Eadem
1145 3136 1259 3166 Suidas
1275 3145 1304 3167 v.
1323 3138 1509 3175 Λυκοῦργος.
1530 3156 1568 3161 -
1589 3138 1615 3166 1.
1631 3135 1718 3175 τὸν]
1739 3135 1830 3165 artic.
1847 3133 1967 3165 addidit
1980 3135 2095 3172 Coray.
2114 3152 2152 3159 -
2167 3136 2196 3164 2.
2216 3132 2264 3163 Cf.

132 3179 290 3210 Plutarch.
308 3180 380 3217 Lyc.
399 3182 432 3209 31
453 3192 460 3210 :
479 3180 657 3216 τελευτῆσαι
672 3181 702 3211 δὲ
716 3182 766 3211 τὸν
781 3182 959 3220 Λυκοῦργον
973 3183 1000 3211 οἱ
1019 3182 1071 3221 μὲν
1086 3182 1115 3212 ἐν
1136 3183 1232 3222 Κίρρᾳ
1245 3183 1396 3222 λέγουσιν,
1413 3201 1452 3208 -
1476 3186 1505 3212 3.
1525 3181 1573 3212 Cf.
1597 3180 1743 3220 Ephorus
1768 3179 1829 3217 (l'r.
1850 3181 1907 3218 19)
1930 3188 1979 3219 ap.
1996 3179 2143 3210 Strabon.
2170 3179 2264 3215 vm,

131 3236 160 3266 p.
178 3230 257 3264 3663
273 3224 423 3256 Herodot.
441 3228 466 3264 Ι,
481 3231 520 3256 66
533 3237 541 3264 ;
556 3226 684 3257 Aristot.
699 3236 748 3266 ap.
769 3227 929 3258 Plutarch.
952 3230 1024 3267 Lyc.
1042 3232 1074 3259 31
1091 3239 1099 3267 ;
1114 3231 1246 3260 93115311.
1264 3231 1305 3260 ΙΙΙ
1317 3253 1325 3268 ,
1345 3233 1380 3260 16
1393 3251 1402 3266 ,
1417 3233 1454 3267 d:
1471 3227 1599 3259 Boeckh.
1617 3229 1652 3258 C.
1671 3228 1750 3257 tusc.
1772 3228 1803 3265 Ι,
1819 3235 1870 3257 no.
1897 3231 1985 3257 1256.
2006 3229 2094 3257 1362.
2110 3241 2149 3247 -
2165 3227 2192 3255 4.
2212 3223 2267 3263 δὴ]

131 3284 148 3302 e
162 3272 257 3303 suida
271 3273 420 3303 accitum.
443 3273 518 3302 Mox
532 3272 603 3302 cod.
620 3273 789 3312 αἰτιὸμενος
803 3282 860 3313 pro
879 3274 975 3309 αἱτιος
993 3274 1094 3313 μόνος.
1116 3295 1155 3300 --
1171 3280 1200 3307 5.
1226 3276 1367 3306 Eandem
1386 3275 1547 3306 historiam
1562 3275 1669 3304 narrat
1685 3272 1844 3304 Plutarch.
1861 3275 1906 3304 De
1927 3272 2051 3304 educat.
2069 3281 2097 3302 c.
2120 3273 2135 3302 la
2147 3294 2155 3308 ‚
2175 3280 2205 3310 p.
2228 3275 2264 3307 3;

132 3318 231 3350 lustit.
254 3320 327 3349 Lac.
350 3325 379 3356 p.
403 3322 460 3357 22;
486 3319 634 3350 Arsenius
651 3328 680 3358 p.
702 3322 772 3350 343.
799 3325 884 3351 --1ἱ.
909 3321 1340 3361 ⁶1265d5w]W‹·sseling.
1363 3321 1401 3352 ad
1427 3320 1554 3351 Diodor.
1583 3322 1645 3359 tv,
1675 3324 1719 3350 13.
1742 3320 1890 3350 στιὸεύων
1913 3319 2011 3350 codex
2032 3321 2065 3350 et
2086 3317 2208 3350 Suidas.
2228 3334 2267 3340 -

137 3378 161 3396 l.
186 3364 356 3407 ζωμοὺς)
376 3365 506 3404 51111135,
531 3365 625 3401 ζώνας
646 3365 756 3397 codex.
774 3383 812 3387 —
828 3369 857 3397 8.
877 3367 956 3407 οἵδε
975 3368 1014 3406 γε’
1036 3368 1114 3410 τοι]
1132 3369 1265 3407 Suidas3
1283 3370 1311 3399 οἱ
1325 3368 1370 3398 δεῖ
1385 3368 1465 3405 (11011
1488 3367 1567 3405 ιδὴ)
1585 3377 1617 3404 γε
1634 3366 1702 3402 τοὺς
1727 3366 1860 3401 κύλακας
1886 3365 1998 3396 codex.
2025 3367 2108 3395 -9.
2133 3361 2192 3404 ἂν]
2211 3361 2266 3393 ad-
