2338 3765
927 170 985 206 1⁸1³
995 171 1098 207 Aulu
1111 173 1251 211 lzN'l'A.

36 253 138 291 δεύων
158 253 294 302 ἄποθεν,
313 252 389 289 ὅλον
417 252 536 303 ἔτρεπε
564 252 621 289 τὸν
643 251 769 290 σκοπὸν
796 254 840 294 εἷς
860 253 898 289 τὸ
918 253 977 296 τὰς
1008 255 1062 291 ἐπὶ

36 317 108 354 ταῖς
145 310 275 361 χρείαις
313 310 443 354 ἐξόδους
482 311 605 362 εἴργειν
641 313 708 347 τῶν
749 310 1059 361 πολιορκουμένων.

35 370 275 412 Σπανιζόντων
303 369 337 405 δὲ
366 372 407 420 τῇ
437 369 534 406 πόλει
562 372 628 406 τῶν
657 368 870 415 ἐπιτηδείων,
897 370 1063 420 πρεσὸεία

34 427 117 478 πρὸς
130 427 206 469 τοὺς
221 426 380 469 ἀποίκους
394 426 615 475 ἐξεπέμπετο,
626 429 750 478 τροφῆς
764 428 807 463 δι’
821 427 908 472 ὠνῆς
922 429 1063 464 αἰτοῦσα

32 484 209 536 χορηγίαν·
229 487 259 522 οἱ
276 484 310 521 δὲ
323 488 365 536 τῇ
379 485 545 535 πρεσὸείᾳ
559 484 753 533 ἠσμένιζον.

89 544 263 581 LXVIII.
295 543 371 594 Πρὸ
392 542 537 594 βραχέος
557 543 591 579 δὲ
608 547 624 580 ὁ
650 543 811 595 Τριάριος
830 543 886 580 τὸν
907 543 1062 593 εΡωμαϊ-

34 601 91 638 κὸν
120 600 241 638 στόλον
262 600 363 652 ἔχων,
383 600 543 652 ὥρμησεν
564 603 633 638 ἀπὸ
655 602 889 655 Νιχκομηδείας
921 602 978 639 ἐπὶ
1002 602 1062 646 τὰς

35 658 205 700 Ποντικὰς
230 658 396 710 τριήρεις,
418 658 457 701 ἃς
480 665 639 709 προεῖπεν
664 662 681 696 ὁ
698 658 794 710 λόγος
814 660 892 711 περί
911 676 946 697 τε
967 661 1063 711 Κρή-

33 732 93 761 την
113 716 171 754 καὶ
193 716 346 767 Ἰὸηρίαν
368 716 655 762 ἐξαποσταλῆναι.
677 717 807 755 Μαθὼν
831 717 866 754 δὲ
892 718 951 760 τὰς
977 721 1062 756 ὑπο-

34 773 169 816 λοίπους
187 775 232 816 εἰς
252 773 308 810 τὸν
330 773 463 812 Πόντον
490 774 794 826 ἀνακεχωρηκέναι
826 775 973 827 (πολλαὶ
997 775 1063 827 γὰρ

34 833 144 868 αὐτῶν
159 832 217 869 καὶ
236 834 381 882 χειμῶνι
394 832 452 869 καὶ
468 837 542 874 ταῖς
561 832 651 869 κατὰ
669 832 770 884 μέρος
789 833 1000 884 ναυμαχίαις
1020 836 1064 877 εἰς

37 889 221 941 διαφθορὰν
236 889 400 936 ἔδυσαν),
423 890 686 939 καταλαμὸάνει
704 890 739 927 δὲ
755 891 901 938 ταύτας,
923 891 981 928 καὶ
1003 891 1063 937 τὴν

34 947 151 998 μάχην
171 946 250 998 περὶ
269 947 330 992 τὴν
352 947 496 985 Τένεδον
522 949 720 998 συγκροτεῖ,
745 948 981 997 ἑδδομήκοντα
1003 948 1064 998 μὲν

35 1005 122 1055 ἔχων
137 1004 283 1057 τριήρεις
304 1004 423 1051 αὐτὸς,
439 1007 506 1041 τῶν
528 1004 562 1041 δὲ
585 1007 761 1042 Ποντικῶν
781 1005 930 1055 ἀγόντων
953 1005 1063 1057 βραχὺ

34 1062 173 1105 δεούσας
190 1066 257 1100 τῶν
275 1061 496 1113 ὀγδοήκοντα.
558 1062 598 1113 (2)
622 1062 722 1100 Ἐπεὶ
743 1063 778 1100 δὲ
795 1063 938 1109 συνέστη
967 1067 982 1100 ὁ
1001 1065 1065 1101 πό-

33 1121 154 1170 λεμος,
170 1122 247 1158 κατ’
267 1120 376 1172 ἀρχὰς
394 1119 454 1170 μὲν
472 1121 628 1171 ἀντεῖχον
645 1122 675 1157 οἱ
695 1124 752 1157 τοῦ
771 1121 950 1171 βασιλέως,
967 1121 1063 1159 ὕστε-

35 1194 90 1230 ρον
107 1178 142 1216 δὲ
156 1182 285 1230 τροπῆς
300 1180 412 1216 αὐτῶν
426 1180 589 1229 λαμπρᾶς
606 1177 806 1229 γενομένης,
824 1179 862 1215 τὸ
876 1178 1063 1228 Ῥωμαίων

34 1236 97 1272 ἀνὰ
117 1238 241 1287 κράτος
261 1236 395 1282 ἐνίκησε
416 1236 630 1287 στράτευμα,
650 1236 709 1273 καὶ
726 1234 830 1278 οὕτως
851 1236 942 1279 ἅπας
957 1239 974 1274 ὁ
992 1240 1063 1274 Μι-

33 1294 216 1346 θριδάτειος
248 1295 382 1341 στόλος,
402 1292 477 1336 ὅσος
508 1293 564 1330 ἐπὶ
590 1293 650 1338 τὴν
676 1292 789 1330 Ἀσίαν
811 1296 902 1345 αὐτῷ
932 1294 1063 1337 συνεξέ-

33 1353 192 1398 πλευσεν,
211 1352 316 1390 ἑάλω.

85 1412 220 1448 XLIX.
256 1409 389 1452 Κόττας
409 1408 443 1446 δὲ
463 1408 557 1460 παρὰ
572 1408 632 1453 τὴν
649 1407 862 1460 εΗράκλειαν
881 1424 1065 1459 στρατοπε-

33 1468 137 1506 δεύων
158 1466 227 1519 ὅλῳ
257 1468 318 1517 μὲν
347 1468 384 1504 οὐ
405 1466 601 1518 προσέδαλε
627 1469 669 1516 τῇ
697 1467 878 1518 πολιορκία
912 1468 994 1510 τέως
1015 1470 1064 1520 τῷ

33 1528 189 1578 στρατῷ,
207 1525 296 1563 κατὰ
312 1525 410 1577 μέρος
428 1525 463 1562 δὲ
480 1528 668 1576 προσῆγεν,
689 1525 795 1566 ἐνίους
816 1525 876 1573 μὲν
893 1528 959 1562 τῶν
977 1525 1064 1563 Ῥω-

33 1584 157 1635 μαίων,
177 1583 322 1626 πολλοὺς
339 1584 373 1620 δὲ
393 1584 673 1635 προῦαλλόμενος
692 1585 758 1619 τῶν
776 1585 943 1620 Βιθυνῶν.
963 1585 1061 1621 Πολ-

31 1645 99 1680 λῶν
118 1642 152 1679 δὲ
169 1642 228 1679 καὶ
240 1641 523 1692 τιτρωσκομένων
542 1641 600 1678 καὶ
617 1640 886 1692 ἀναιρουμένων,
905 1642 1064 1691 μηχανὰς

31 1700 183 1748 ἐπενόει,
204 1694 251 1737 ὧν
272 1700 382 1737 ἐδόκει
398 1705 465 1742 τοῖς
485 1699 783 1750 πολιορκουμένοις
800 1702 821 1744 ἡ
847 1698 981 1750 χελώνη
1000 1714 1063 1751 φο-

33 1758 218 1810 ὅερωτέρα.
277 1756 317 1807 (2)
335 1756 483 1806 Ἑπάγει
503 1760 580 1806 γοῦν
600 1755 728 1801 ταύτην
750 1755 831 1802 ὅλην
847 1756 907 1801 τὴν
922 1757 1064 1805 δύναμιν

33 1815 239 1866 συγκινήσας
253 1813 373 1866 πύργῳ
387 1814 451 1851 τινὶ
467 1814 627 1856 ὑπόπτως
642 1813 754 1864 ἔχοντι
775 1814 857 1864 πρὸς
872 1814 910 1850 τὸ
926 1817 1061 1852 παθεῖν.

32 1874 92 1917 Ὡς
106 1874 140 1911 δὲ
160 1872 251 1916 ἅπαξ
268 1872 327 1909 καὶ
348 1871 501 1923 δεύτερον
515 1871 660 1921 πληγεὶς
678 1873 714 1907 οὐ
734 1871 835 1920 μόνον
854 1870 947 1922 παρὰ
966 1871 1062 1915 δόξαν

31 1932 258 1983 διεκαρτέρει,
275 1930 364 1967 ἀλλὰ
381 1930 469 1967 καὶὸ
484 1930 577 1980 κριὸς
592 1933 653 1974 τῆς
670 1929 775 1974 ἄλλης
796 1929 945 1978 ἐμὸολῆς
963 1944 1064 1980 προα-

30 1990 228 2034 πεκλάσθη,
252 1987 414 2037 εὐθυμίαν
437 1986 497 2036 μὲν
523 1992 592 2028 τοῖς
618 1986 894 2037 Ἡρακλεώταις,
916 1986 1062 2035 ἀγωνίαν

32 2048 67 2086 δὲ
85 2047 239 2099 παρέσχε
261 2046 379 2098 Κόττα
406 2045 701 2097 διαταράττουσαν
731 2045 845 2091 αὐτὸν,
875 2048 919 2087 ὡς
940 2047 1000 2081 οὐκ
1025 2044 1064 2082 ἂν

31 2111 53 2154 ἡ
78 2108 175 2149 πόλις
191 2106 339 2158 αἱρεθείη
359 2105 458 2144 ποτέ.
519 2104 558 2154 (3)
579 2107 634 2155 Τῇ
656 2105 819 2156 ὑστεραίᾳ
837 2104 864 2141 δ’
886 2098 942 2141 οὖν
960 2104 1064 2140 πάλιν

34 2165 215 2217 ἐπαγαγὼν
241 2164 303 2210 τὴν
322 2163 482 2214 μηχανὴν
503 2164 562 2200 καὶ
583 2163 689 2211 μηδὲν
714 2163 858 2209 ἀνύσας,
883 2162 1064 2199 κατακαίει

34 2223 94 2274 μὲν
110 2223 149 2260 τὸ
169 2222 383 2274 μηχάνημα,
404 2220 588 2269 ἀποτέμνει
609 2221 643 2258 δὲ
664 2221 722 2258 καὶ
742 2220 800 2263 τὰς
820 2223 885 2257 τῶν
907 2236 1065 2271 μηχανο-

33 2285 139 2319 ποιῶν
163 2280 312 2332 κεφαλάς
327 2295 334 2302 ·
352 2279 410 2317 καὶ
431 2278 579 2330 φρουρὰν
611 2285 680 2321 τοῖς
697 2278 825 2329 τείχεσι
846 2277 1062 2325 καταλιπὼν,

35 2340 122 2390 μετὰ
150 2343 208 2376 τοῦ
238 2341 359 2376 λοιποῦ
390 2337 537 2382 πλήθους
567 2339 613 2380 εἷς
644 2337 682 2374 τὸ
710 2336 920 2385 καλούμενον
951 2336 1064 2373 πεδίον

34 2398 184 2436 Λύκαιον
214 2395 392 2447 διέτριῧεν,
419 2395 581 2446 ἀφθονίαν
612 2394 747 2445 ἔχοντος
773 2398 839 2431 τῶν
862 2394 1064 2440 ἐπιτηδείων

34 2460 91 2493 τοῦ
111 2453 238 2506 χωρίου
251 2469 258 2476 ·
276 2455 430 2490 κάκεῖθεν
453 2452 514 2498 τὴν
534 2453 610 2504 περὶ
630 2452 691 2497 τὴν
714 2452 926 2503 <Ηράκλειαν
948 2452 1064 2504 χώραν

36 2513 175 2550 ἅπασαν
209 2511 328 2562 ἐδῄου,
352 2512 398 2553 εἰς
428 2510 558 2555 πολλὴν
592 2510 790 2561 ἀμηχανίαν
820 2510 894 2553 τοὺς
925 2511 1066 2554 πολίτας

35 2570 262 2607 συνελαύνων.
322 2570 362 2618 (4)
385 2567 655 2618 Διεπρεσδεύετο
684 2572 763 2617 γοῦν
792 2569 895 2605 πάλιν
918 2568 998 2620 πρός
1029 2584 1064 2606 τε

35 2628 110 2670 τοὺς
138 2630 170 2665 ἐν
201 2627 332 2676 Σκυθία
353 2626 627 2677 Χερροννησίτας
647 2626 706 2663 καὶ
730 2626 979 2669 Θεοδοσιανοὺς
1008 2627 1065 2664 καὶ

36 2684 109 2727 τοὺς
125 2685 204 2736 περὶ
223 2684 278 2721 τὸν
298 2685 474 2734 Βόσπορον
490 2682 653 2725 δυνάστας
673 2683 757 2734 ὑπὲρ
778 2684 988 2734 συμμαχίας·
1008 2685 1065 2721 καὶ

35 2745 56 2788 ἡ
85 2742 250 2794 πρεσὸεία
272 2741 475 2792 ἀνέστρεφεν
502 2741 709 2791 ἕμπρακτος.
738 2744 815 2779 Τῶν
837 2742 871 2778 δὲ
892 2743 1065 2791 πολεμίων

36 2799 258 2849 ἐπικειμένων
281 2802 321 2850 τῇ
347 2800 463 2844 πόλει,
485 2800 522 2834 οὐ
543 2798 629 2835 πολὺ
656 2798 795 2836 ἔλαττον
823 2801 908 2850 αὐτῇ
937 2799 979 2836 τὰ
1006 2801 1064 2836 λυ-

36 2862 165 2895 ποῦντα
184 2857 276 2895 ἔνδον
297 2858 479 2894 ἐπετίθετο·
495 2858 531 2893 οὗ
549 2856 614 2907 γὰρ
634 2859 799 2906 ἠρκοῦντο
819 2859 848 2894 οἱ
867 2858 1003 2907 φρουροὶ
1018 2853 1065 2900 οἷς

37 2916 126 2961 διέζη
145 2916 182 2953 τὸ
200 2915 394 2964 δημοτικὸν,
412 2915 595 2956 τύπτοντες
612 2913 646 2950 δὲ
663 2913 739 2956 τοὺς
753 2914 892 2957 πολίτας
905 2920 1065 2964 χορηγεῖν

38 2973 59 3009 ἃ
80 2973 126 3022 μὴ
150 2977 229 3026 ῥᾷον
248 2968 288 3019 ἦν
310 2974 422 3014 αὐτοῖς
450 2972 484 3015 ἐξ
510 2972 659 3020 ἀνάγκης
681 2972 847 3010 ἐκέλευον.
908 2972 978 3010 Καὶ
998 2975 1064 3009 τῶν

38 3035 191 3083 φρουρῶν
217 3031 266 3068 ἔτι
284 3032 413 3080 μᾶλλον
431 3025 471 3076 ἦν
490 3029 731 3080 χαλεπώτερος
747 3032 764 3066 ὁ
785 3029 980 3079 ἐφεστηκὼς
1005 3032 1065 3066 αὐ·

37 3092 103 3126 τῶν
134 3088 359 3140 Κοννακόριξ,
389 3091 450 3126 οὐκ
478 3088 649 3138 ἀπείργων
672 3087 746 3124 ἀλλ’
777 3088 968 3138 ἐπιτρέπων
998 3088 1066 3130 τοῖς

38 3147 103 3184 ὑπὸ
141 3153 242 3198 χεῖρα
282 3147 343 3192 τὴν
386 3147 477 3197 βίαν.
550 3147 588 3194 (5)
629 3144 754 3195 Τεμὼν
792 3145 827 3182 δὲ
855 3145 917 3190 τὴν
948 3144 1064 3196 χώραν

38 3207 55 3240 ὂ
77 3204 227 3251 Κόττας,
248 3205 350 3242 πάλιν
367 3204 580 3255 προσὸάλλει
595 3209 662 3246 τοῖς
677 3203 841 3254 τείχεσιν·
862 3202 1009 3252 ἀθύμους
1030 3201 1065 3239 δὲ

2069 192 2134 222 551

1125 265 1272 303 metatus,
1291 267 1375 297 totus
1401 268 1429 298 in
1447 268 1505 298 Iloc
1519 271 1565 300 est
1591 270 1746 309 intentus,
1765 274 1797 302 ul
1827 273 1948 304 exitum
1977 275 2015 305 ael
2034 285 2081 305 res
2097 286 2149 306 ue-

1124 333 1271 363 (ressarias
1282 334 1467 367 intercludat
1479 338 1619 369 obsessis.
1632 342 1772 370 Annona}
1787 341 1878 379 igitur
1890 343 2018 373 caritate
2029 344 2151 382 obortu,

1125 399 1260 430 dimissis
1281 402 1319 431 ad
1349 404 1485 434 col-»uias
1503 406 1629 445 legatis,
1647 408 1794 439 alimenta
1820 410 1877 439 sibi
1896 411 2068 442 venundari
2097 422 2149 451 pv-

1126 468 1206 497 luut.
1224 470 1262 498 Et
1275 471 1447 507 gratissima
1460 472 1518 503 illis
1532 474 1589 504 suit
1603 475 1670 505 liat-c
1687 476 1809 514 legatio.

1165 558 1303 587 XLVIII.
1323 560 1361 588 At
1381 558 1552 591 breviante
1568 563 1705 593 Triarius
1722 566 1861 595 Romana
1872 567 1969 596 classe
1985 568 2154 599 instructus

1124 635 1142 657 a
1159 627 1339 659 Nicomedia
1362 630 1513 670 impetum
1543 634 1657 665 fecerat
1675 635 1704 665 in
1731 637 1874 667 Ponticas
1901 638 2060 676 triremes,
2076 649 2154 679 quas

1128 708 1223 739 supra
1235 700 1356 732 dictum
1373 705 1421 733 est
1436 712 1545 735 versus
1570 707 1695 737 Cretam
1710 709 1740 738 et
1761 709 1937 748 Hispaniam
1955 712 2089 742 emissus.
2117 714 2155 742 At

1126 783 1226 813 quum
1245 775 1385 814 reliquas
1410 776 1441 807 in
1462 779 1596 809 Pontum
1620 782 1701 810 retro
1717 781 1802 812 abire
1827 784 1999 815 rescivisset
2021 786 2154 824 (multze

1125 844 1209 875 enim
1225 845 1322 877 deliis
1335 848 1366 877 et
1382 848 1518 886 procella
1538 851 1568 880 ct
1582 852 1709 891 pugnis,
1736 862 1793 884 suo
1807 863 1941 894 quaeque
1957 856 2024 886 loco
2037 880 2044 894 ,
2063 865 2155 886 navav-

1129 919 1213 951 libus
1226 920 1440 961 interierant),
1458 926 1616 955 assecutus
1631 926 1696 956 illas
1710 927 1749 957 ad
1765 928 1925 959 Tenedum
1939 953 1946 967 ,
1961 939 2072 960 manus
2083 939 2155 959 eou—

1125 994 1428 1034 serit;septuaginta
1441 996 1497 1036 ipsi
1522 998 1664 1029 triremes
1677 1001 1776 1038 erant,
1794 1002 1913 1032 Pontici
1939 1004 2044 1033 autem
2070 1003 2153 1032 haud

1126 1070 1264 1101 multum
1278 1070 1359 1100 infra
1370 1071 1530 1110 octoginta
1542 1072 1685 1110 agebant.
1705 1074 1748 1112 (2)
1760 1075 1907 1105 Commis
1916 1085 1935 1105 o
1950 1076 2070 1115 prurlio,
2084 1077 2154 1113 regii

1127 1142 1191 1173 vim
1208 1143 1345 1174 hostium
1358 1143 1447 1174 initio
1461 1144 1633 1175 sustinent:
1648 1146 1754 1184 postea
1763 1146 1915 1178 universis
1928 1147 1956 1177 in
1969 1148 2071 1186 sugam
2082 1148 2156 1178 el'l'u-

1128 1213 1170 1244 sis
1186 1213 1380 1253 splendidam
1399 1215 1559 1245 Romanus
1577 1215 1742 1246 victoriam
1754 1218 1967 1256 consequitur.
1986 1220 2087 1257 Atque
2116 1219 2157 1249 ila

1126 1286 1233 1317 classis
1261 1286 1451 1317 Mithridatis
1477 1288 1563 1326 tota,
1583 1289 1701 1326 quanta
1721 1288 1751 1318 in
1781 1289 1882 1319 Asiam
1905 1289 2061 1328 exiverat,
2084 1292 2155 1321 sul)-

1126 1361 1195 1391 aeta
1228 1359 1284 1389 est.

1166 1421 1279 1451 XLIX.
1295 1421 1386 1451 Cotta
1401 1428 1474 1450 vero
1488 1420 1526 1451 ad
1542 1421 1727 1451 Heracleam
1744 1423 1846 1452 castra
1862 1422 1979 1453 habens
1991 1446 1999 1461 ,
2020 1424 2158 1453 nondum

1125 1487 1193 1517 toto
1209 1487 1474 1525 oppugnationem
1488 1487 1626 1518 exercitu
1644 1496 1804 1527 aggressus
1817 1490 1906 1521 erat:
1920 1489 1972 1521 sed
1983 1490 2104 1529 aliquos
2121 1491 2159 1521 ‹le

1125 1551 1271 1582 Romanis
1289 1552 1501 1590 particulatim
1525 1552 1733 1591 admovebat,
1754 1554 1870 1583 multos
1884 1553 2010 1592 Bithyni
2026 1554 2161 1584 nominis

1125 1619 1265 1648 statuens
1276 1617 1307 1647 in
1331 1618 1444 1648 fronte.
1460 1620 1606 1657 Dumque
1623 1618 1799 1657 complures
1826 1619 2032 1649 vulnerantur
2054 1621 2084 1649 et
2103 1628 2159 1658 op-

1126 1685 1254 1722 petunt,
1270 1683 1416 1723 operibus
1438 1685 1468 1714 et
1485 1683 1636 1714 machinis
1653 1683 1795 1714 animum
1812 1684 1917 1723 adjicit
1934 1697 1940 1715 :
1959 1693 2098 1724 quarum
2115 1686 2159 1715 le·-

1125 1749 1218 1781 studo
1229 1758 1293 1788 prae
1305 1749 1372 1780 aliis
1383 1749 1582 1780 formidinem
1593 1749 1721 1780 incussit
1732 1749 1877 1781 obsessis.
1889 1751 1931 1789 (2)
1944 1752 2055 1781 Totam
2069 1751 2160 1789 igitur

1126 1816 1208 1845 lianc
1233 1815 1296 1845 vim
1325 1814 1475 1845 admovet
1489 1814 1568 1845 turri
1585 1814 1728 1852 cuidam,
1743 1815 1841 1845 ruinae
1865 1823 1950 1854 spem
1971 1816 2157 1854 praeferenti.

1126 1884 1244 1912 Verum
1255 1881 1307 1911 ubi
1317 1881 1412 1912 semel
1421 1882 1516 1920 atque
1527 1881 1639 1912 iterum
1650 1889 1794 1920 percussa
1805 1889 1866 1911 non
1876 1881 1971 1912 modo
1980 1884 2089 1916 contra
2098 1883 2159 1921 opi-

1126 1948 1251 1977 nionem
1271 1948 1468 1987 persisteret,
1490 1947 1542 1978 sed
1561 1948 1654 1978 etiam
1672 1948 1767 1987 caput
1783 1947 1888 1979 arietis
1906 1956 1923 1978 a
1937 1948 2055 1987 reliqua
2070 1948 2159 1978 trabe

1126 2014 1310 2045 distractum
1325 2014 1521 2053 avelleretur,
1535 2014 1658 2046 animus
1674 2014 1920 2045 Heracliensium
1942 2023 2111 2045 crescerem
2127 2017 2158 2045 et

1126 2081 1327 2120 perturbatus
1346 2089 1480 2111 moerore
1495 2082 1589 2111 Cotta
1602 2080 1713 2111 timere
1727 2081 1839 2120 coepit,
1850 2090 1889 2112 ne
1905 2090 2068 2120 nunquam
2084 2081 2159 2111 urbs

1126 2150 1303 2188 caperetur.
1344 2148 1387 2187 (3)
1410 2149 1539 2178 Postero
1557 2148 1650 2178 etiam
1674 2147 1742 2185 die,
1757 2156 1857 2186 quum
1877 2147 2022 2178 machina
2041 2147 2155 2178 iterum

1127 2218 1261 2256 impacta
1274 2216 1350 2246 nihil
1365 2215 1548 2255 proficeret,
1559 2215 1804 2246 instrumentum
1821 2214 1899 2245 illud
1912 2216 2109 2252 concremat,
2126 2217 2157 2245 et

1128 2283 1221 2314 fabris
1238 2283 1339 2322 capita
1352 2282 1512 2322 praecidit;
1532 2282 1704 2321 relictoque
1721 2282 1758 2312 ad
1774 2282 1889 2312 moenia
1907 2282 2066 2320 praesidio,
2081 2290 2153 2311 cum

1127 2353 1230 2379 cetera
1240 2349 1339 2379 militu
1346 2357 1374 2378 m
1386 2348 1478 2378 turba
1488 2349 1517 2378 in
1527 2356 1649 2386 campo,
1663 2347 1744 2386 quod
1756 2349 1902 2386 Lycaeum
1910 2348 2037 2385 vocant,
2046 2347 2158 2376 stativa

1127 2415 1239 2454 delegit
1254 2424 1338 2454 :quo
1353 2415 1383 2444 in
1395 2415 1466 2445 loco
1478 2414 1562 2453 larga
1574 2415 1640 2445 erat
1651 2414 1753 2444 victus
1769 2413 1857 2452 copia
1870 2425 1876 2443 :
1889 2414 1983 2452 atque
1993 2413 2063 2443 Inde
2072 2413 2157 2443 omni

1128 2481 1209 2512 cirea
1222 2480 1403 2511 Heracleam
1418 2480 1540 2518 regione
1551 2479 1724 2518 devastata,
1736 2479 1765 2508 in
1781 2487 1925 2518 magnam
1936 2479 2019 2509 cives
2027 2478 2158 2508 dislicul-

1127 2550 1224 2579 tatem
1236 2547 1328 2587 cogit.
1343 2548 1386 2586 (4)
1403 2549 1510 2583 Quare
1523 2546 1626 2577 denuo
1640 2545 1678 2576 ad
1694 2546 1825 2584 Scythas
1837 2544 2023 2576 Chersonesi
2043 2544 2158 2574 incolas

1127 2617 1158 2646 et
1168 2614 1402 2646 Tlieodosianos
1413 2614 1443 2643 et
1457 2613 1540 2642 circa
1555 2614 1729 2651 Bosporum
1743 2610 1890 2650 dynastas
1903 2610 1941 2641 de
1954 2610 2099 2641 societate
2116 2611 2159 2641 le-

1127 2684 1285 2723 gationem
1318 2682 1469 2719 mittunt,
1500 2689 1571 2720 quae
1591 2689 1654 2710 non
1685 2679 1803 2718 absque
1831 2679 1945 2709 effectu
1975 2679 2154 2709 revertitur.

1130 2752 1275 2789 Dumque
1283 2749 1387 2779 hostes
1398 2748 1466 2778 urbi
1477 2747 1676 2784 incumbunt,
1686 2755 1749 2776 non
1761 2746 1862 2776 multo
1870 2746 1974 2776 minus
1981 2745 2020 2775 ab
2029 2745 2158 2775 internis

1128 2817 1260 2845 vexatur
1286 2813 1448 2844 molestiis.
1469 2812 1670 2843 Praesidiariis
1689 2812 1772 2842 enim
1789 2811 1941 2841 militibus
1959 2811 1989 2841 id
2006 2819 2067 2841 non
2084 2811 2158 2841 satis

1126 2881 1205 2918 erat,
1218 2888 1280 2919 quo
1294 2879 1381 2918 plebs
1398 2878 1516 2908 urbana
1529 2877 1702 2908 victitabat.
1717 2875 1908 2908 Verberibus
1922 2875 2013 2914 igitur
2025 2875 2156 2905 muleta-

1127 2948 1176 2976 tos
1189 2945 1272 2976 cives
1288 2944 1506 2983 suppeditare,
1525 2952 1596 2982 quae
1610 2943 1800 2982 inpromptu
1820 2950 1884 2972 non
1897 2941 2004 2978 erant,
2023 2948 2077 2978 per
2091 2941 2153 2969 vim

1124 3013 1245 3052 jubent.
1274 3011 1378 3048 Quid?
1405 3011 1489 3050 quod
1514 3010 1711 3050 praesidiariis
1739 3011 1829 3049 longe
1855 3007 2062 3049 importunior
2089 3007 2154 3036 erat

1126 3079 1292 3117 praefectus
1310 3075 1527 3115 Connacorix,
1543 3083 1605 3106 non
1620 3074 1714 3105 modo
1732 3083 1795 3105 non
1814 3072 1982 3113 prohibens
2002 3070 2064 3099 vim
2081 3077 2152 3098 suo-

1127 3152 1195 3174 rum
1207 3167 1215 3181 ‚
1226 3142 1287 3175 sed
1307 3141 1400 3173 etiam
1415 3142 1510 3172 libere
1523 3140 1717 3180 permittens.
1734 3139 1776 3178 (5)
1791 3140 1871 3169 Tum
1886 3144 1974 3175 agros
1987 3133 2152 3174 populatus

1124 3208 1217 3238 Cotta
1228 3214 1336 3236 muros
1348 3205 1463 3235 iterun]
1479 3204 1631 3234 adoritur.
1646 3204 1686 3234 At
1701 3210 1800 3241 quum
1816 3207 1922 3238 segnes
1935 3197 1971 3227 ad
1989 3201 2148 3234 oppugna-

1693 3264 2140 3278 —.--—--———-

83 3317 189 3346 XLIX.
211 3320 241 3345 2.
264 3317 299 3346 τὸ
315 3315 440 3354 παθεῖν]
453 3316 486 3345 τὸ
500 3317 602 3344 πεσεῖν
617 3310 699 3351 conj.
719 3314 823 3344 Orelli.
840 3333 878 3338 -
893 3316 919 3343 3.
938 3312 1095 3352 Λύκαιον]
1112 3314 1157 3342 lta
1173 3312 1367 3350 Steplian11s3
1385 3310 1504 3340 λύκειαν
1527 3309 1606 3340 libri.
1625 3325 1664 3330 -
1678 3310 1703 3337 4.
1730 3304 1820 3346 ῥᾷον]
1845 3317 1857 3329 «
1878 3305 1976 3333 Immo
1999 3299 2109 3339 ῥᾳδιον.
2131 3309 2146 3322 υ

48 3360 184 3392 ΒεήῖΙῑθικ
202 3381 240 3389 ,-
256 3365 316 3396 τοῖς
333 3363 392 3392 ὑπὸ
409 3361 513 3400 χεῖρα]
532 3364 554 3391 Α
575 3372 581 3397 ;
600 3364 659 3390 τῶν
680 3362 738 3391 ὑπὸ
759 3372 788 3399 χΔ
810 3361 892 3398 vulg.
914 3379 952 3385 --
967 3360 1084 3398 τεμὼνῖ
1101 3359 1216 3397 τέμνω-ι
1236 3366 1298 3387 var.
1323 3357 1395 3386 lect.
