2338 3765
205 174 277 206 338

481 276 507 309 E
535 276 683 311 LIBRO
713 276 949 314 SECUNDO.

691 381 702 402 1
713 381 749 404 0.

251 459 436 495 Plutarch.
464 461 516 494 De
534 459 620 495 fluv.
641 473 674 496 c.
712 462 755 496 ιὸ
770 488 779 506 ,
809 475 850 497 12
883 475 891 499 :
916 461 1090 507 Ἀθηναῖον
1111 465 1140 499 δ’
1160 463 1235 513 ὄρος

197 513 301 552 {Mes
317 515 378 560 τὴν
395 515 628 565 προσηγορίαν
648 518 708 552 ἀπ’
727 517 882 564 Ἀθηνᾶς.
902 520 1003 557 Μετὰ
1019 520 1084 570 γὰρ
1100 520 1160 565 τὴν
1176 525 1234 557 τοῦ

201 571 303 609 Ἰλίου
326 572 493 623 πόρθησιν
514 573 709 622 Διομήδης,
734 576 779 617 εἷς
794 575 915 626 Ἄργος
932 579 1169 628 ὑποστρέψας,
1190 580 1235 619 εἷς

195 630 252 666 τὸν
276 630 466 681 Κεραύνιον
492 631 597 676 ἀνέῧη
627 631 743 683 λόφον,
763 633 821 670 καὶ
841 635 980 683 τέμενος
1007 634 1147 681 Ἀθηνᾶς
1170 650 1235 671 κα-

196 688 430 735 τασκευάσας,
451 687 489 725 τὸ
513 687 590 739 ὄρος
611 688 679 726 ἀπὸ
698 693 757 735 τῆς
783 693 860 733 θεᾶς
881 691 1053 736 Ἀθηναῖον
1083 690 1235 739 μετωνό-

197 760 302 794 μασε.
325 747 490 783 Γεννᾶται
511 747 538 783 δ’
560 748 593 783 ἐν
612 749 654 796 τῆ
676 748 847 800 ἀκρωρείᾳ
868 749 942 800 ῥίζαι
961 749 1149 800 παρόμοιος
1166 765 1233 793 πη-

195 803 309 854 γάνῳ·
337 804 379 850 ἣν
405 803 463 841 ἐὰν
488 803 573 854 γυνὴ
595 806 687 856 φάγῃ
707 821 757 849 τις
786 807 862 843 κατ’
893 808 1047 855 ἄγνοιαν,
1078 807 1234 856 ἐμμανὴς

195 861 347 910 γίνεται·
365 863 523 900 καλεῖται
542 863 569 900 δ’
588 863 809 914 Ἀδράστεια·
826 864 939 908 καθὼς
953 866 1082 916 ἱστορεῖ
1101 865 1235 911 Πλησί-

196 935 307 970 μαχος
328 922 423 971 (ser.
442 921 671 972 Λυσίμαχος)
692 924 725 959 ἐν
749 923 779 973 β’
800 922 955 962 Νόστων.

689 1029 746 1051 11.

247 1107 373 1141 Schol.
393 1108 517 1154 Apoll.
537 1108 611 1144 Rh.
634 1109 669 1152 1,
690 1107 776 1152 558,
790 1109 836 1143 de
853 1110 997 1144 Achille
1016 1120 1024 1146 :
1043 1110 1232 1156 Διαπεφω-

194 1163 320 1208 νήκασι
354 1163 469 1200 δὲκαὶ
502 1164 580 1215 περὶ
601 1167 661 1209 τῆς
689 1166 792 1202 αὐτοῦ
823 1165 995 1214 μητρός...
1030 1166 1233 1216 Λυσίμαχος

194 1224 212 1257 ὁ
233 1220 470 1273 Ἀλεξανδρεὺς
494 1223 527 1258 ἐν
544 1225 593 1274 τῷ
615 1223 761 1274 δευτέρῳ
788 1225 854 1259 τῶν
873 1222 1016 1261 Νόστων
1037 1222 1126 1259 κατὰ
1144 1223 1232 1266 λέξιν

192 1278 313 1329 λέγων·
331 1298 344 1313 «
361 1279 507 1322 Σουίδας
520 1279 657 1331 γὰρκαὶ
675 1280 923 1331 Ἀριστοτέλης,
943 1281 972 1317 οἱ
989 1280 1065 1330 περὶ
1085 1279 1233 1323 Εὐδοίας

193 1340 547 1390 πεπραγματευμένοι
561 1368 571 1386 ,
592 1338 651 1375 καὶ
671 1341 688 1376 ὁ
708 1338 785 1381 τοὺς
811 1339 986 1389 Φρυγίους
1008 1339 1127 1389 λόγους
1147 1340 1231 1390 γρά-

192 1400 259 1449 ψας
279 1396 337 1433 καὶ
357 1393 537 1446 Δαίμαχος
558 1396 616 1432 καὶ
646 1396 820 1439 Διονύσιος
841 1399 858 1433 ὁ
888 1396 1079 1440 Χαλκιδεὺς
1107 1399 1144 1434 οὐ
1171 1396 1231 1442 τὴν

191 1455 270 1506 περὶ
292 1454 472 1505 Ἀχιλλέως
493 1454 749 1506 διεσπαρμένην
775 1457 912 1503 οἴῳ-ἧκαν
931 1456 1014 1503 ἡμῖν
1037 1455 1094 1492 ἐπὶ
1116 1455 1233 1507 χώρας

193 1514 310 1556 δόξαν·
334 1512 423 1549 ἀλλὰ
443 1512 638 1550 τούναντίον
659 1515 689 1550 οἱ
712 1512 773 1562 μὲν
795 1515 832 1550 ἐκ
850 1514 992 1556 Θέτιδος
1013 1513 1113 1551 αὐτὸν
1135 1514 1233 1563 νομί-

192 1575 286 1615 ζουσι
305 1571 479 1621 γεγονέναι
498 1574 558 1616 τῆς
580 1571 770 1622 Χείρωνος,
795 1571 977 1623 Δηίμαχος
994 1573 1029 1609 δὲ
1048 1574 1085 1609 ἐκ
1114 1575 1228 1611 Φιλο-

195 1631 309 1679 μήλης
328 1633 388 1673 τῆς
405 1627 441 1667 Ἄ
450 1645 565 1681 κτορος
581 1645 588 1652 ·
612 1630 709 1667 ἄλλοι
728 1631 762 1667 δὲ
781 1630 894 1672 ἄλλως
917 1632 996 1682 περὶ
1013 1633 1117 1667 αὐτοῦ
1145 1633 1232 1669 ἀπο-

192 1689 382 1726 φαίνονται.
406 1705 419 1720 »

684 1795 741 1819 12.

244 1871 412 1904 Fortasse
431 1881 474 1904 ex
494 1870 645 1904 Achillis
663 1870 814 1905 historia
834 1868 940 1904 ssuxit
963 1871 1080 1917 glossa
1112 1873 1231 1918 Hesy-

192 1928 263 1963 cliii
284 1940 292 1964 :

191 1983 355 2034 γιλώόης·
389 1983 611 2034 Λυσίμαχος,
641 1983 704 2029 τὴν
734 1983 906 2030 λατύπην.
938 1986 991 2023 Cf.
1024 1988 1144 2034 Etym.
1176 1988 1226 2022 M.

319 1924 468 1976 Σκύρος,
487 1926 585 1968 πόλις
607 1924 629 1971 ἢ
650 1928 751 1971 νῆσος
777 1925 798 1971 ἢ
815 1925 966 1972 λατύπη.
989 1929 1138 1978 Σκῦρος,
1167 1929 1229 1978 ἀρ-

193 2042 337 2093 Σκύρος,
354 2045 373 2087 ἡ
391 2045 510 2088 νῆσος,
526 2040 645 2087 ἐπειδὴ
661 2041 854 2094 ἀργιλώδης
872 2042 943 2079 ἐστὶ
958 2042 1017 2079 καὶ
1031 2043 1228 2093 λευκόγεως·

192 2100 324 2152 Σκῦρος
340 2101 406 2151 γὰρ
425 2103 445 2145 ἡ
465 2100 617 2145 λατύπη.

684 2194 741 2230 1'3.

245 2287 369 2321 Schol.
394 2289 521 2323 Venet.
554 2288 682 2334 Eurip.
705 2286 892 2323 Androm.
921 2291 965 2328 24
999 2300 1006 2320 :
1041 2285 1150 2327 Ἰδίως
1169 2285 1227 2322 ἕνα

193 2343 275 2394 φησι
297 2344 404 2380 παῖδα
421 2343 579 2393 γενέσθαι
599 2346 648 2392 τῷ
666 2342 920 2393 Νεοπτολέμῳ,
940 2343 1052 2379 ἄλλων
1070 2346 1159 2393 τρεῖς
1176 2345 1227 2380 λε-

234 2507 325 2537 Mons
342 2506 511 2537 Athenaeus
524 2514 540 2535 a
555 2458 826 2539 Minerx‘algomen
843 2505 975 2544 accepit.
993 2507 1066 2536 Post
1081 2506 1126 2537 llii
1142 2515 1231 2537 uam-

193 2567 255 2596 que
269 2558 427 2588 excidium
447 2558 614 2588 Diomedes
631 2560 730 2597 Argos
744 2566 890 2588 reversus
908 2558 938 2588 in
956 2559 1147 2589 ceraunium
1164 2560 1229 2590 col-

195 2610 255 2639 lem
273 2608 454 2647 adscendit,
473 2610 503 2639 et
521 2609 561 2639 ihi
578 2608 735 2639 oediticato
753 2609 902 2639 Minervae
918 2609 1072 2646 sacrario,
1090 2612 1231 2641 montem

194 2670 211 2689 a
225 2660 283 2689 dea
298 2660 485 2690 Athenaeum
497 2660 683 2690 nominavit.
697 2659 815 2691 Crescit
833 2661 863 2690 in
874 2659 941 2698 ejus
952 2660 1115 2691 cacumine
1129 2661 1230 2700 radix,

196 2713 275 2741 rutw
286 2712 408 2749 similis,
423 2720 518 2751 quam
531 2712 554 2741 si
570 2720 624 2751 per
636 2712 842 2751 ignorantiam
857 2712 937 2743 forte
947 2712 1061 2743 mulier
1071 2713 1230 2752 quaepiam

194 2763 386 2801 comederit,
409 2763 514 2794 evadit
539 2763 653 2794 furiata
681 2773 688 2792 z
717 2772 833 2794 nomen
856 2765 964 2794 autem
992 2764 1035 2795 illi
1062 2764 1157 2796 radici
1185 2767 1231 2797 est

196 2815 339 2846 Adrastia
349 2838 357 2853 ‚
373 2816 408 2845 ut
423 2816 530 2845 narrat
543 2814 749 2854 Lysimachus
762 2814 903 2846 secundo
917 2814 1155 2846 Reversiouum.

684 2865 695 2895 l
710 2865 737 2895 1.

240 2919 283 2947 De
298 2918 398 2948 matre
412 2925 538 2956 quoquc
550 2917 678 2948 Achillis
687 2917 884 2948 dissentiunt.
898 2918 1103 2957 Lysimachus
1115 2920 1230 2950 Rever-

197 2969 320 2999 sionum
332 2968 412 2999 libro
427 2968 564 2998 secundo
578 2968 617 2998 ad
630 2969 761 2999 verhum
776 2969 818 2999 ita
833 2969 946 3000 habet:
961 2982 975 2995 n
989 2970 1102 3001 Suidas
1118 2972 1149 3001 et
1166 2970 1230 3000 Ari-

197 3020 342 3058 stoteles,
359 3019 414 3058 qui
431 3021 476 3050 De
494 3019 620 3050 Euboea
637 3019 846 3058 scripserunt,
861 3021 892 3050 et
905 3022 1016 3051 auctor
1030 3020 1231 3052 historiarum

199 3071 424 3111 Phrygiarum,
439 3073 470 3102 et
487 3071 678 3102 Daimachus
696 3073 728 3102 et
747 3071 915 3110 Dionysius
937 3072 1151 3103 Chalcidensis
1168 3082 1231 3104 non

199 3123 360 3162 vulgatam
376 3123 461 3153 illam
473 3131 544 3162 quae,
558 3122 641 3161 apud
655 3131 711 3152 uos
724 3123 947 3153 circumfertur
962 3123 1077 3154 samam
1091 3132 1230 3163 sequun-

199 3177 263 3213 tur,
281 3174 333 3206 sed
348 3173 532 3205 illi'l‘hetide
550 3174 694 3204 Chironis
708 3174 783 3212 fllia,
804 3175 992 3205 Deimachus
1007 3184 1109 3207 veroe
1127 3177 1230 3207 Philo-

200 3226 280 3257 mele
295 3225 417 3257 Actoris
431 3225 506 3264 tilia,
521 3225 572 3255 alii
589 3224 725 3264 denique
738 3225 798 3255 alia
811 3227 911 3255 matre
928 3228 1038 3256 natum
1054 3227 1228 3265 perhibent.

691 3279 742 3310 12.

243 3333 365 3372 Σκὺρος,
382 3333 455 3363 111·le
473 3333 519 3363 vrl
540 3333 638 3362 insula
659 3333 704 3362 vel
725 3334 805 3362 terra
822 3333 934 3370 figlina.
952 3336 1067 3371 Scyrus
1087 3334 1169 3364 euim
1188 3335 1229 3364 iu-

943 170 1221 210 LYSIMACHI
1243 172 1593 210 ALEXANDRlNI

1263 277 1269 308 ι
1295 261 1440 311 γόντων,
1459 260 1607 311 Πύρρον,
1628 259 1826 305 Μολοσσὸν,
1847 258 2015 304 Αἰακίδην
2038 259 2113 310 [καὶ
2132 261 2282 311 Τρωάδα
2296 262 2324 312 ].

1297 318 1499 368 Λυσίμαχος
1517 318 1550 354 δὲ
1570 320 1603 354 ἐν
1621 320 1668 369 τῷ
1689 317 1836 369 δευτέρῳ
1853 320 1919 354 τῶν
1941 317 2083 355 Νόστων
2101 318 2183 370 φησὶ
2202 318 2328 370 Πρόξε-

1295 392 1350 414 νον
1371 377 1429 414 καὶ
1452 377 1507 413 τὸν
1525 375 1698 413 Ἀκάνθιον
1716 375 1919 424 Νικομήδην
1940 378 1972 413 ἐν
1992 378 2060 418 τοῖς
2076 377 2329 426 Λακεδαιμονι-

1296 436 1365 476 κοῖς
1395 435 1541 484 ἱστορεῖν
1561 432 1622 482 μὲν
1652 434 1689 470 ἐκ
1719 436 1778 478 τῆς
1807 433 2043 484 Ἀνδρομάχης
2070 434 2227 484 γενέσθαι
2252 434 2329 478 τοὺς

1295 490 1579 543 προειρημένους,
1601 493 1638 528 ἐκ
1661 491 1696 528 δὲ
1720 490 1930 536 Λεωνάσσης
1949 495 2009 537 τῆς
2031 492 2230 530 Κλεωδαίου
2246 490 2328 545 Ἄρ-

1295 566 1364 599 γον,
1387 550 1590 600 Πέργαμον,
1614 549 1808 598 Πάνδαρον,
1833 548 1985 600 Δωριέα,
2005 549 2148 601 ἼΞραον,
2169 551 2327 598 Δανάην,

1301 606 1521 658 Εὐρύμαχον.
1544 607 1642 645 Φασὶ
1659 606 1694 644 δὲ
1716 607 1844 658 Πύρρῳ
1862 609 1923 656 μὲν
1941 608 2131 659 ἐγχειρίσαι
2150 608 2210 654 τὴν
2229 612 2329 660 βασι-

1296 665 1389 702 λείαν
1405 665 1461 702 τὸν
1474 665 1628 715 πατέρα,
1650 667 1824 718 Μολοσσῷ
1840 666 1875 703 δὲ
1892 665 1953 712 τὴν
1972 668 2009 703 ἐκ
2025 669 2084 711 τ’ἧς
2100 668 2331 719 προσηγορίας

1296 722 1398 771 τιμὴν
1419 723 1660 774 προστάξαντα
1681 723 1742 768 τὴν
1763 724 1881 776 χώραν
1909 725 2112 763 Μολοσσίαν
2133 726 2327 775 ὀνομάζειν.

1295 781 1355 818 Διὸ
1375 782 1444 831 (sie
1464 784 1594 818 Cobet.
1610 795 1620 831 3
1637 783 1679 818 δι’
1695 777 1723 834 ᾧ
1740 784 1879 832 codex)
1898 783 1954 819 τὸν
1969 783 2136 829 Αἰακίδην
2152 785 2208 820 ὑπ’
2226 786 2330 831 αὐτῆς

1295 841 1521 884 ὑπεκτεῡῆναι
1544 842 1552 888 (
1571 843 1620 876 sic
1644 842 1798 888 Cobet„
1821 842 2000 886 ἐκτεθῆναι
2021 842 2160 888 codex)
2191 842 2330 892 Ἀνδρο-

1296 896 1426 947 μάχης,
1445 896 1527 948 πρὸς
1543 897 1594 943 τὸ,
1615 900 1643 934 εἰ
1668 897 1753 947 (εἴτι
1773 901 1856 935 cod.
1872 902 1881 949 )
1900 897 1956 936 διὰ
1974 898 2036 945 τὴν
2058 899 2222 937 ἀπαιδίαν
2243 899 2330 950 ‘Ep-

1299 955 1418 1002 μιόνης
1439 955 1497 992 καὶ
1517 955 1578 1001 τὴν
1596 958 1719 999 ἑαυτῆς
1737 956 1913 994 ἀσθένειαν
1928 957 2059 1006 γένοιτό
2074 973 2106 994 τι
2120 963 2189 1001 τοῖς
2203 957 2331 1001 τέκνοις

1300 1012 1481 1064 δυσχερὲς,
1502 1012 1550 1062 μὴ
1573 1014 1787 1066 ὑποχειρίους
1805 1015 1937 1057 πάντας
1955 1016 2140 1067 ληφθῆναι.

1348 1071 1528 1122 Πύρρον]
1548 1074 1578 1110 Ι]
1586 1071 1687 1121 ίελον,
1702 1073 1882 1110 Μολοσσὸν
1899 1082 1934 1110 et
1950 1073 2136 1124 Πέργαμον
2149 1084 2331 1111 memorat

1294 1132 1505 1176 Pausanias,
1526 1133 1561 1175 I,
1591 1145 1602 1166 1
1618 1145 1648 1176 1,
1686 1145 1718 1169 1.
1752 1134 1885 1168 Noster
1911 1135 2129 1181 Pergamum
2149 1143 2332 1170 memorat

1294 1190 1390 1223 iuter
1419 1189 1532 1223 libros
1559 1202 1578 1224 e
1609 1190 1762 1225 Lanassa
1787 1198 1989 1238 susceptos.
2026 1192 2216 1226 AEacidem
2240 1192 2332 1227 alius

1294 1259 1403 1281 nemo
1419 1247 1576 1282 exhibet.
1594 1248 1738 1281 Pielum
1753 1248 1866 1282 habes
1882 1249 1991 1283 etiam
2007 1250 2043 1282 in
2060 1249 2331 1284 Alexandriade

1294 1305 1394 1351 apud
1414 1305 1713 1342 Pseudocallisth.
1738 1307 1775 1350 1,
1797 1309 1843 1346 [γι
1863 1307 1900 1340 in
1920 1307 2078 1349 Latinis,
2098 1314 2133 1341 et
2152 1307 2253 1354 apud
2265 1309 2329 1342 Ju-

1293 1364 1427 1398 stinum
1444 1364 1571 1407 XVII,
1588 1363 1607 1397 3
1621 1390 1630 1406 ‚
1648 1364 1713 1397 ubi
1727 1376 1925 1410 perperam
1942 1365 2077 1411 legitur
2096 1366 2230 1402 Pialss.
2251 1367 2330 1413 Hy-

1293 1422 1398 1469 ginus
1428 1421 1501 1456 fab.
1541 1434 1552 1455 1
1564 1421 1611 1456 23
1656 1421 1926 1456 Andromachae
1955 1421 2071 1457 filium
2100 1424 2209 1469 ponit
2234 1427 2329 1458 Am—

1289 1480 1477 1527 phialum,
1501 1479 1605 1526 quod
1619 1479 1783 1525 ejusdem
1800 1481 1962 1515 nominis
1979 1482 2172 1528 corruptio
2189 1488 2252 1523 est,
2268 1489 2330 1516 aut

1294 1538 1469 1584 componi
1488 1537 1696 1571 debetcum
1710 1537 1906 1579 Anchialo,
1933 1538 2035 1583 cujus
2050 1538 2094 1572 fr.
2123 1551 2135 1572 1
2148 1542 2166 1579 4
2188 1540 2328 1573 mentio

1293 1595 1343 1629 sit.
1358 1617 1407 1622 —
1426 1593 1495 1631 Καὶ
1506 1593 1679 1644 Τρωάδα]
1701 1594 1784 1630 Haec
1798 1598 1900 1631 uncis
1912 1597 2054 1641 inclusi,
2070 1604 2199 1644 utpote
2212 1598 2329 1632 abun-

1293 1654 1431 1688 dantia.
1451 1656 1505 1688 Ac
1520 1654 1651 1688 desunt
1664 1655 1702 1688 in
1712 1654 1832 1690 schol.
1847 1655 2003 1701 vulgatis
2014 1684 2023 1699 ,
2041 1668 2122 1701 quae
2138 1656 2330 1702 hueusque

1293 1712 1422 1746 eadem
1451 1712 1632 1759 praebent.
1655 1733 1706 1738 —
1726 1710 1952 1759 Νικομηδη
1965 1711 2007 1761 ν]
2035 1714 2084 1748 sic
2113 1714 2238 1760 scripsi
2258 1726 2328 1760 pro

1294 1769 1516 1816 Λυκομήδην,
1530 1770 1632 1816 quod
1645 1770 1764 1805 codex
1778 1771 1931 1817 praebet.
1949 1771 2194 1806 Nicomedem
2208 1774 2328 1809 Acau-

1295 1829 1413 1863 thium
1434 1828 1480 1863 de
1500 1828 1686 1863 Perdiccae
1707 1835 1743 1863 et
1759 1829 1927 1863 Archelai
1946 1841 2077 1876 regum
2098 1830 2330 1876 temporibus

1292 1886 1418 1920 laudat
1434 1886 1630 1920 Athenaeus
1648 1888 1691 1929 V,
1713 1898 1750 1932 p.
1771 1898 1862 1933 217,
1884 1888 1932 1922 D.
1951 1886 2063 1932 Quod
2080 1886 2327 1934 fragmentum

1292 1956 1408 1990 quum
1425 1944 1563 1978 librum
1583 1945 1638 1978 De
1663 1944 1774 1978 rebus
1800 1944 2047 1978 Macedonum
2077 1951 2227 1991 arguat,
2249 1944 2328 1980 for-

1292 2008 1381 2036 tasse
1408 2002 1517 2036 etiam
1533 2001 1709 2048 deinceps
1726 2002 1971 2043 Μακεδονικοῖς
1984 2015 2055 2050 pro
2070 2002 2327 2048 Λακεδαιμονι-

1291 2062 1360 2099 κοῖς
1380 2058 1638 2105 reponendum
1663 2066 1728 2093 est.
1759 2061 1923 2105 Quarum
1944 2073 2079 2095 vocum
2100 2060 2327 2095 confusionis

1290 2117 1456 2163 exempla
1473 2117 1558 2151 vide
1581 2117 1617 2149 in
1643 2123 1720 2152 not.
1746 2117 1793 2152 ad
1815 2118 1968 2152 Duridis
1992 2118 2038 2154 sr.
2069 2118 2133 2153 28.
2166 2118 2325 2153 Proxeni

1290 2174 1593 2208 loeusaddendus
1604 2181 1654 2208 est
1666 2180 1758 2209 tom.
1777 2175 1825 2219 II,
1839 2187 1875 2221 p.
1892 2175 1981 2217 462.
1993 2176 2075 2212 --Α
2085 2189 2159 2211 εων
2170 2173 2189 2210 ά
2199 2189 2218 2210 σ
2229 2189 2277 2218 ση
2287 2174 2324 2223 ς]

1289 2232 1419 2268 Cobet.
1441 2244 1579 2266 nomen
1604 2233 1759 2267 mutavit
1775 2234 1810 2266 in
1831 2231 2069 2277 Κλεονάσσης,
2087 2234 2193 2268 sicuti
2211 2233 2327 2268 codex

1287 2288 1398 2323 habet
1408 2290 1444 2322 in
1456 2289 1663 2335 fragmento
1677 2297 1866 2336 sequente.
1882 2292 1927 2325 At
1942 2291 2004 2324 illo
2016 2291 2141 2336 potius
2152 2292 2236 2325 loco
2248 2302 2328 2325 cor-

1290 2347 1357 2393 rigi
1375 2346 1484 2381 debet
1497 2374 1506 2393 ,
1521 2359 1598 2380 nou
1613 2354 1755 2381 nostro.
1778 2346 1833 2384 Cf.
1850 2347 2013 2381 ,Iustinus
2026 2348 2153 2390 XVII,
2179 2347 2198 2381 3
2220 2359 2228 2384 :
2251 2346 2330 2384 Sed

1293 2456 1361 2486 sula
1377 2456 1521 2493 argillosa
1535 2458 1581 2487 est
1594 2467 1602 2494 ;
1617 2458 1648 2488 et
1664 2456 1869 2496 Lysimachus
1879 2465 1994 2487 nomen
2010 2456 2078 2496 ejus
2093 2465 2171 2488 voce
2189 2456 2307 2492 λατύπη
2317 2479 2326 2494 ,

1295 2506 1535 2545 terraflqtma,
1553 2507 1786 2546 iuterpretatur.

1785 2563 1838 2594 13.

1336 2616 1503 2656 Proprium
1518 2617 1563 2646 est
1581 2616 1755 2655 Euripidis,
1773 2616 1857 2655 quod
1876 2615 2083 2655 Neoptolemo
2095 2624 2134 2646 ex
2149 2615 2325 2646 Androma-

1293 2669 1351 2699 che
1368 2678 1467 2699 unum
1482 2670 1606 2699 tantum
1624 2669 1723 2699 tilium
1739 2669 1832 2699 fuisse
1848 2668 1942 2706 dicit,
1956 2667 2033 2698 dum
2046 2667 2157 2707 reliqui
2172 2669 2234 2698 tres
2247 2666 2327 2698 filios

1293 2720 1495 2759 perhibeant,
1517 2720 1690 2759 Pyrrhum,
1711 2720 1902 2756 Molossum,
1923 2718 2095 2750 AEacidem.
2119 2718 2327 2758 Lysimachus

1292 2779 1368 2801 vero
1379 2770 1459 2800 libro
1471 2770 1611 2801 secundo
1622 2770 1848 2801 Reversionum
1862 2770 1937 2801 dicit
1948 2772 2127 2801 Proxenum
2140 2769 2325 2809 (Epirotam)

1292 2824 1324 2854 et
1339 2823 1537 2854 Nicomedem
1555 2823 1746 2853 Acanthium
1758 2823 1789 2852 in
1806 2823 1909 2853 Rebus
1926 2822 2238 2853 Lacedaemoniorum
2253 2829 2325 2851 uar-

1294 2883 1362 2905 rare
1379 2874 1583 2913 Neoptolemo
1596 2882 1635 2904 ex
1653 2873 1873 2905 Andromache
1887 2875 1979 2904 natos
1993 2881 2060 2904 esse
2075 2874 2139 2903 tres
2155 2871 2235 2902 tilios
2248 2880 2327 2911 quos

1294 2925 1387 2956 modo
1402 2925 1633 2963 recensuimus,
1649 2933 1688 2955 ex
1704 2926 1860 2956 Leonasse
1875 2925 2001 2962 autem,
2016 2923 2152 2954 Cleodaei
2170 2922 2250 2961 fitia,
2266 2927 2324 2953 Ar-

1293 2987 1365 3017 gum
1377 3002 1385 3017 ,
1402 2980 1609 3017 Pergamum,
1624 2977 1821 3015 Pandarum,
1840 2976 1987 3007 Dorieum
1998 2999 2006 3014 ,
2025 2978 2139 3006 Eraum
2151 2998 2160 3014 ,
2179 2976 2326 3013 Danaen,

1295 3028 1579 3068 Eurymacluimet
1604 3028 1777 3059 Troadem.
1803 3027 1955 3058 Referunt
1980 3026 2100 3065 Pyrrho
2121 3027 2241 3065 patrem
2258 3027 2325 3056 tra-

1293 3079 1407 3111 didisse
1428 3088 1576 3119 regnum‚
1594 3079 1730 3110 Molosso
1751 3079 1858 3108 autem
1883 3077 1967 3107 hunc
1983 3076 2129 3107 tribuisse
2154 3076 2305 3107 honorem
2318 3098 2327 3113 .

1293 3132 1329 3161 ut
1346 3130 1507 3169 regionem
1530 3130 1569 3161 de
1585 3129 1651 3168 ejus
1667 3129 1792 3159 nomine
1808 3128 1986 3159 Molossiam
2010 3127 2159 3166 appellari
2179 3126 2325 3166 jusserit3

1293 3182 1452 3213 AEacidem
1465 3191 1542 3213 vero
1557 3182 1597 3212 ab
1614 3182 1680 3221 ipsa
1694 3180 1912 3212 Andromache
1927 3179 2103 3211 securitatis
2115 3188 2208 3209 causa
2218 3179 2324 3217 aliquo

1293 3233 1465 3264 abductum
1483 3241 1565 3271 esse,
1583 3241 1640 3271 ne,
1657 3232 1682 3263 si
1705 3231 1781 3271 quid
1802 3231 1876 3262 mali
1897 3233 2023 3270 propter
2041 3230 2220 3262 Hermionae
2238 3230 2324 3260 orbi-

1294 3285 1390 3315 tatem
1408 3284 1438 3314 et
1452 3292 1542 3314 suam
1559 3284 1656 3322 ipsius
1672 3282 1919 3313 imbecillitatem
1936 3282 2005 3313 tiliis
2021 3282 2188 3320 acciderit,
2213 3290 2323 3312 omnes

1293 3334 1386 3364 siuiul
1401 3334 1460 3365 sub
1479 3342 1589 3364 manus
1604 3335 1788 3364 Hermiones
1804 3333 1958 3364 venirent.
