2289 3728
954 122 1282 163 FRAGMENTA.

41 217 109 255 set,
137 212 200 258 qui
219 212 359 257 reliqna
377 223 528 258 quoque
545 210 742 257 depravata
764 221 838 243 csse
857 216 989 254 putans
1010 216 1063 242 to-

41 276 119 303 tum
136 270 260 303 locum
281 270 317 302 in
336 267 430 302 hanc
448 269 661 302 sententiam
678 265 806 313 refingi
825 266 929 312 posse
950 265 1040 299 (licit
1057 278 1064 299 :

39 326 194 376 τελευτᾷ.
213 327 292 362 Τῶν
314 323 348 360 δὲ
369 323 574 375 κρινομένων
596 324 743 372 (earum
765 335 888 358 rcrum
915 322 961 356 dc
981 323 1066 368 qui-

39 383 107 418 bus
131 383 377 431 disceptatur)
403 381 565 430 ἐγγυηταὶ
593 379 762 430 γίνονται,
796 377 828 415 οἳ
855 381 1068 428 ὑπισχνοῦν-

39 454 96 476 ται
130 439 360 484 καταστήσειν
396 439 466 490 (sc.
500 438 543 474 τὰ
572 436 775 488 κρινόμενα)
812 441 880 478 τοῖς
909 437 1067 485 ἱερεῦσιν·

41 497 129 542 ἐπὴν
165 498 194 534 δ’
222 499 297 547 (vel
329 497 387 533 καὶ
421 495 525 544 ἐπὴν)
548 495 615 545 ἄρα
647 511 680 531 τι
714 493 871 544 γένηται,
904 493 1068 544 κάθαρσιν

40 555 117 604 ὀφλ.
153 557 211 591 τοῦ
237 553 409 603 τεμένους.
444 556 574 591 Priora
601 554 734 587 horum
759 554 928 587 nituntur
949 553 1070 587 verbis

43 614 221 648 Macrobii
245 626 253 647 :
286 621 435 660 accepto
461 616 566 660 prius
576 612 676 658 fidei
702 616 845 657 suasore
868 623 892 644 α
912 623 1070 658 persona

40 682 124 717 quse
150 675 324 716 juratio-(1
362 679 417 705 est
447 672 494 705 cle
524 670 692 705 solvendo
724 682 766 703 eo
799 669 896 715 quod
921 677 1070 715 petere-

40 737 105 770 tur,
141 732 172 762 si
198 727 402 763 izddixisset
420 736 571 763 eventus.
604 727 673 762 Sed
692 727 783 761 nihil
805 727 904 773 cogit
929 735 970 760 ut
994 727 1070 760 haec

40 793 167 820 nostro
180 787 264 821 loco
279 787 490 821 inferamus.
506 787 595 822 Cum
616 786 827 819 Polemonis
841 785 962 819 verbis
981 797 1071 819 con—

42 843 218 878 ferendus
234 845 381 879 Pseudo
393 845 654 880 -Aristot.Mi1·.
674 842 721 888 57

44 903 157 951 κῇ,...

747 855 754 878 :
776 841 832 877 ἐὰν
854 842 887 878 δὲ
907 840 954 889 μὴ
977 842 1070 891 εὔορ-

183 900 240 937 τὸν
271 901 448 953 ἄνθρωπον
468 900 707 951 πίμπρασθαι·
727 899 777 948 διὸ
806 899 845 944 δὴ
881 898 1070 949 λαμὸάνειν

40 957 97 994 τὸν
116 957 209 1008 ἱερέα
234 959 315 1010 παρ’
346 959 449 995 αὐτοῦ
482 958 604 1007 ἐγγύας
624 957 709 1007 ὑπὲρ
726 960 784 993 τοῦ
802 956 975 1007 καθαίρειν
997 956 1071 993 τινὰ

39 1015 76 1052 τὸ
97 1016 198 1065 ἱερόν.
234 1017 345 1063 Quod
374 1018 534 1064 denique
570 1017 660 1051 dicit
688 1017 931 1065 ὑπισχνοῦνται
963 1030 1072 1052 κατα-

41 1072 190 1118 στήσειν,
212 1088 289 1109 11011
302 1087 391 1110 vero
409 1077 606 1118 καθιστᾶσι,
639 1087 716 1108 11011
735 1074 841 1109 video
860 1075 963 1120 quod
977 1075 1071 1109 adeo

42 1132 220 1168 offendat.
251 1134 450 1179 Sequentia
468 1130 553 1176 ἐπὴν
568 1131 596 1167 δ’
611 1130 677 1181 ἄρα
701 1145 733 1167 τι
750 1129 889 1179 γένηται
911 1133 1073 1167 eruenda

45 1198 162 1225 censet
181 1203 225 1225 ex
248 1190 387 1226 codicis
406 1191 520 1226 literis
534 1190 1071 1228 EHHNEAPOIIFENHTAI.

44 1247 218 1285 Ceterum
238 1248 286 1285 de
297 1249 428 1283 Palicis
444 1249 491 1285 cf.
508 1249 637 1284 Callias
666 1247 732 1298 (fr.
763 1247 794 1295 1)
810 1255 847 1282 et
859 1249 1074 1296 Xenagoras

42 1304 109 1350 (fr.
130 1303 164 1355 3)
181 1306 281 1352 apud
293 1307 459 1342 Macrob.
475 1307 501 1343 l.
527 1307 571 1350 l.;
594 1307 735 1341 Silenus
754 1305 821 1354 (fr.
844 1305 887 1355 7)
906 1319 967 1353 ap.
991 1308 1072 1342 Ste-

40 1363 155 1409 phan.
176 1365 263 1410 Byz.
279 1376 312 1398 v.
332 1362 499 1408 Παλικοί,
517 1364 685 1411 Isigonus
701 1362 765 1411 (fr.
788 1364 830 1410 7)
848 1376 907 1411 ap.
929 1365 1072 1401 Sotion,

41 1422 79 1454 in
95 1422 292 1458 WVesterm.
310 1422 442 1458 parad.
460 1435 498 1468 p.
522 1421 589 1462 184
603 1435 612 1465 ;
625 1423 771 1456 Servius
782 1422 829 1456 ad
847 1423 973 1469 virgil.
990 1423 1073 1458 AEn.

41 1480 110 1522 IX,
135 1478 230 1523 5843
249 1481 433 1515 Plutarch.
451 1481 584 1516 Timol.
608 1493 640 1516 c.
662 1493 726 1523 123
748 1480 988 1523 Di0d01·.X1,
1004 1480 1071 1528 893

41 1539 194 1574 Aristot.
210 1539 342 1575 Miral).
360 1537 406 1584 57
422 1550 432 1586 3
449 1540 655 1586 Antigonus
672 1539 807 1585 Caryst.
828 1539 960 1575 Mirab.
986 1539 1071 1576 133.

48 1594 143 1642 1753
166 1596 298 1631 Strabo
318 1598 387 1640 VI,
410 1609 448 1643 p.
474 1595 568 1641 2753
592 1597 795 1643 Hesychius
818 1603 853 1630 et
870 1596 1076 1633 Favorinus

42 1664 77 1688 v.
94 1651 261 1697 Παλικοί,
278 1654 502 1701 Theognost.
516 1654 724 1689 inCramer.
739 1656 806 1689 An.
820 1654 888 1689 Ox.
904 1655 997 1700 11‚p.
1010 1654 1071 1699 60,

42 1711 152 1756 etqui
169 1712 224 1745 his
243 1712 458 1745 testimoniis
474 1712 671 1746 innitentes
689 1711 734 1745 dc
746 1711 873 1745 Palicis
890 1711 1073 1746 disserue-

41 1769 276 1814 runt‚Heyn.
293 1768 339 1803 ad
353 1770 478 1816 virgil.
497 1770 573 1803 ΖΕΗ.
594 1770 664 1811 IX,
687 1768 780 1811 5853
802 1768 988 1804 W'elcker.
1003 1771 1084 1803 Au—

0 1848 2 1852 *
41 1826 114 1860 nal.
136 1827 296 1860 Instituti
316 1827 501 1862 Archaeol.
517 1828 573 1869 ΙΙ,
587 1826 671 1862 fasc.
690 1838 725 1861 2.
746 1826 786 1869 33
814 1826 855 1861 G.
874 1827 1074 1860 Hermann.

42 1884 134 1920 Diss.
152 1883 198 1918 de
211 1884 374 1930 AEschyli
387 1884 581 1930 AEtnaeisp.
600 1884 621 1917 6
634 1896 733 1930 sqq.;
749 1884 897 1927 Preller‚
910 1883 956 1917 ad
974 1883 1011 1919 h.
1030 1885 1072 1927 l.;

43 1942 316 1979 Schneidewin,
340 1943 364 1978 l.
392 1943 417 1976 1.
451 1943 605 1976 Polemo
632 1943 670 1975 in
702 1942 798 1975 libro
832 1939 917 1990 Περὶ
942 1941 1008 1975 τῶν
1041 1942 1074 1976 ἐν

46 1998 125 2034 Σικ.
142 1998 411 2047 Θαυμαζομένων
431 2000 597 2047 ποταμῶν
609 1999 856 2046 probabiliter
871 2000 978 2033 etiam
995 1998 1074 2048 περὶ

43 2056 174 2104 λιμνῶν
189 2055 249 2092 καὶ
262 2058 396 2106 κρηνῶν
415 2069 623 2092 sermonem
639 2057 744 2101 fecit3
760 2057 815 2091 sin
835 2058 971 2100 minus,
989 2070 1072 2091 cum

44 2115 330 2150 Schneidewino
342 2115 551 2162 putandum
565 2115 794 2149 occasionem
807 2115 853 2149 de
864 2116 1073 2149 Palicorum

44 2172 207 2207 fontibus
223 2173 424 2208 disserendi
442 2172 583 2208 dedisse
601 2173 824 2219 Symaethum
844 2171 1013 2215 fluvium,
1027 2172 1073 2207 nol

45 2230 147 2276 cujus
160 2231 258 2277 ripas
271 2231 411 2275 Thalia,
427 2238 544 2265 mater
562 2231 771 2265 Palicorum
782 2258 790 2274 ,
805 2230 978 2276 absorpta
998 2238 1049 2265 est
1063 2259 1071 2275 ,

45 2289 97 2322 uti
113 2290 345 2324 Marcellinus
358 2297 484 2324 narrat
500 2290 524 2323 l.
549 2290 572 2323 l.

516 2374 591 2417 ‘84-

99 2450 293 2485 Athenaeus
318 2452 410 2493 XII,
430 2464 467 2497 p.
494 2450 589 2494 552,
622 2452 649 2485 B
676 2464 683 2485 2
708 2448 878 2496 Πολέμων
911 2449 940 2485 δ’
969 2451 986 2485 ὁ
1014 2465 1077 2485 πε-

41 2500 211 2555 Ιριηγητὴς
238 2503 272 2538 ἐν
302 2503 350 2552 τῷ
384 2502 469 2553 Περὶ
490 2501 691 2550 Θαυμασίων
723 2500 970 2552 Ἀρχέστρατόν
994 2516 1077 2552 φησι

48 2556 103 2593 τὸν
131 2557 253 2605 μάντιν
274 2558 401 2596 ἁλόντα
429 2558 494 2595 ὑπὸ
514 2560 582 2595 τῶν
601 2558 775 2606 πολεμίων
805 2557 864 2594 καὶ
893 2558 948 2595 ἐπὶ
978 2558 1075 2607 ζυγὸν

49 2614 283 2661 ἅναὸληθέντα
303 2616 424 2653 &Cotem
445 2617 547 2662 ὁλκὴν
568 2618 742 2666 εὑρεθῆναι
762 2616 883 2667 ἔχοντα
896 2632 904 2639 ·
919 2615 1024 2658 οὕτως
1037 2611 1077 2661 ἦν

344 2736 409 2773 DE
437 2735 779 2774 MIRABILIBUS.

532 2837 589 2868 84.

90 2916 217 2948 Polemo
231 2917 404 2957 periegetes
416 2917 447 2949 in
460 2919 540 2949 libro
552 2921 596 2950 De
611 2919 804 2950 mirabilibus
827 2920 946 2958 scribit,
961 2921 1078 2952 Arche·

49 2968 182 2998 stratum
198 2970 299 2998 vatem
312 2992 320 3006 ,
337 2968 377 2999 ab
402 2969 542 3001 hostibus
560 2971 686 3009 captum
700 2993 708 3007 ‚
722 2979 822 3009 quum
838 2971 924 3002 librae
937 2972 1079 3011 impone-

51 3019 149 3058 retur,
171 3020 368 3058 compertum
384 3028 450 3050 esse
465 3020 548 3051 oboli
565 3021 602 3060 (Ρ)
618 3021 738 3060 pondus
752 3021 865 3052 habere
881 3034 888 3052 :
906 3022 984 3053 adeo
994 3023 1081 3053 tenui

51 3071 237 3109 corpusculo
252 3070 321 3101 fuit.
338 3071 424 3102 Idem
445 3074 572 3111 narrat,
588 3075 776 3103 panaretum
795 3073 917 3104 nullum
939 3083 1079 3113 unquam

51 3119 210 3151 medicum
225 3122 434 3160 consuluisse3
449 3123 543 3154 fuisse
557 3132 632 3154 vero
646 3123 823 3154 auditorem
839 3124 987 3154 Arcesilai
1008 3125 1078 3164 phi-

51 3171 170 3210 losophi
181 3194 190 3209 ‚
206 3172 384 3212 vixisseque
396 3174 480 3213 apud
498 3175 704 3206 Ptolemaeum
719 3177 891 3214 Evergeten
903 3200 911 3215 ‚
926 3176 966 3207 ab
979 3185 1080 3215 eoque

52 3222 219 3261 quotannis
234 3222 397 3255 duodecim
417 3225 571 3266 accepisse
584 3227 711 3258 talenta.
758 3227 830 3257 Fuit
843 3227 868 3257 is
889 3236 1018 3267 corpore
1032 3230 1079 3259 te-

53 3274 203 3306 nuissimo
215 3298 223 3314 ‚
239 3276 270 3307 et
287 3276 374 3307 nullo
388 3286 529 3318 unquam
545 3279 655 3310 inorbo
668 3280 800 3310 affectus
816 3281 872 3311 est.

2079 132 2142 163 1-11

1129 209 1254 258 ἰσχνός.
1276 210 1317 247 ‘0
1331 211 1358 247 δ’
1374 211 1471 253 αὖτὀς
1484 212 1610 262 ἱστορεῖ
1627 214 1670 253 ὡς
1688 211 1745 247 καὶ
1763 210 1958 262 Πανάρετος
1974 212 2078 262 ἰατρῷ
2093 211 2155 260 μὲν

1129 267 1222 303 οὐδὲν
1242 268 1427 315 ὡμίλησεν,
1458 269 1676 320 Ἀρκεσιλάου
1705 270 1738 305 δὲ
1765 271 1915 320 ἠκροᾶτο
1935 272 1991 306 τοῦ
2012 269 2153 321 φιλοσό-

1129 338 1209 373 φου,
1230 325 1287 361 καὶ
1305 324 1355 361 ὅτι
1372 327 1566 376 συνεγένετο
1589 327 1797 378 Πτολεμαίῳ
1814 330 1861 378 τῷ
1875 327 2049 377 Εὐεργέτῃ
2063 357 2071 373 ,
2092 327 2155 363 τά·

1128 381 1235 417 λαντα
1254 381 1385 418 δώδεκα
1405 383 1459 419 τὸν
1475 385 1624 420 ἐνιαυτὸν
1641 385 1838 434 λαμὸάνων.
1860 378 1930 422 ἢἮν
1949 384 1982 421 δὲ
2000 383 2155 434 ἰσχνότα-

1129 453 1204 487 τος,
1226 438 1343 481 ἄνοσος
1360 440 1571 483 διατελέσας,

1183 513 1198 529 «
1210 500 1264 532 Dc
1281 498 1410 532 iisdem
1424 500 1732 535 homuncionibus
1747 503 1877 538 [Elian.
1894 504 1981 537 Var.
1999 502 2089 537 Hist.
2107 502 2156 545 X,

1132 555 1153 589 6
1167 583 1175 599 ,
1205 564 1241 590 et
1260 557 1425 592 Eustatli.
1446 570 1486 602 p.
1514 557 1629 600 1288,
1654 562 1719 601 44,
1741 561 1803 604 qui
1824 559 2006 606 discrepat
2023 559 2122 593 hisce
2146 571 2154 592 ε

1133 611 1300 659 Πολέμων
1316 606 1372 648 οὖν
1389 627 1491 662 φησιν
1509 613 1633 648 ἐκεῖνον
1646 613 1770 649 ἁλόντα
1787 613 1851 650 ὑπὸ
1869 614 2085 662 Πτολεμαίου
2100 614 2158 650 καὶ

1132 669 1187 705 ἐπὶ
1220 669 1318 718 ζυγὸν
1350 668 1577 715 ἐπιὸληθέντα
1592 684 1599 691 ·
1627 672 1688 705 scd
1722 674 1884 707 Athenaei
1914 675 2061 707 lectioni
2094 671 2159 708 ὕπὸ

1130 729 1196 763 τῶν
1225 727 1398 774 πολεμίων
1419 729 1515 762 favet
1534 729 1715 772 sEliamis,
1745 731 1843 775 apud
1868 743 1977 776 quem
2005 744 2073 777 pro
2095 729 2159 765 ὑπὸ

1132 784 1228 834 ζυγὸν
1245 784 1448 830 ἀναὸληθεὶς
1464 799 1507 821 ex
1525 787 1653 820 ceteris
1667 788 1923 833 reponendum
1939 787 1993 823 ἐπὶ
2011 787 2119 836 ζυγόν.
2141 806 2154 818 ν

1132 846 1313 881 Panum.

1177 953 1295 989 ΠΕΡΙ
1326 952 1429 989 ΤΩΝ
1460 952 1523 989 ΕΝ
1559 952 1847 988 ΚΑΡΧΗΔΟΝΙ
1880 954 2105 991 ΠΕΠᾹΩΝ.

1622 1032 1681 1068 85.

1185 1121 1380 1155 Athenaeus
1396 1121 1488 1164 XII,
1507 1132 1544 1166 p.
1565 1118 1653 1163 541,
1677 1122 1707 1154 A
1727 1132 1734 1153 :
1756 1118 1949 1162 Ἀλκισθένη
1970 1118 2001 1154 δὲ
2021 1118 2075 1154 τὸν
2095 1121 2161 1156 Συ-

1135 1176 1277 1227 Capi-mv
1300 1176 1401 1227 φησὶν
1419 1175 1650 1227 Ἀριστοτέλης
1665 1177 1698 1212 ἐν
1716 1181 1783 1217 τοῖς
1798 1175 2013 1224 Θαυμασίοις
2032 1179 2083 1227 (c.
2102 1180 2162 1225 955)

1134 1235 1200 1271 ὑπὸ
1220 1237 1346 1285 τρυφῆς
1366 1234 1502 1283 ἱμάτιον
1526 1237 1676 1270 τοιοῦτον
1695 1234 2021 1270 κατασκευάσασθαι
2041 1236 2081 1283 τῇ
2100 1249 2162 1271 πο-

1134 1291 1308 1342 λυτελείᾳ,
1333 1294 1377 1332 ὡς
1390 1291 1607 1342 προτίθεσθαι
1628 1291 1710 1327 αὐτὸ
1730 1291 1785 1328 ἐπὶ
1804 1293 1967 1329 Λακινίου
1985 1293 2017 1328 ἐν
2035 1295 2076 1341 τῇ
2098 1307 2163 1327 πα-

1134 1349 1271 1400 νηγύρει
1287 1352 1345 1394 τῆς
1363 1348 1413 1387 “H
1422 1365 1480 1399 ρας
1492 1377 1501 1394 ,
1520 1351 1565 1392 εἷς
1585 1348 1626 1394 ἢν
1646 1349 1919 1399 συμπορεύονται
1936 1348 2057 1392 πάντες
2074 1350 2164 1387 Ἰτα-

1134 1410 1273 1452 λιῶται,
1298 1407 1357 1444 καὶ
1385 1410 1452 1444 τῶν
1475 1406 1698 1455 δεικνυμένων
1720 1407 1871 1456 μάλιστα
1890 1407 2027 1446 πάντων
2059 1409 2165 1444 ἐκεῖνο

1135 1465 1389 1514 θαυμάζεσθαι·
1407 1459 1445 1502 οἷ
1462 1480 1545 1516 φασι
1565 1464 1791 1516 κυριεύσαντα
1810 1465 1984 1503 Διονύσιον
2005 1465 2060 1502 τὸν
2081 1481 2165 1516 πρε-

1136 1524 1299 1574 σὸύτερον
1329 1523 1517 1560 ἀποδόσθαι
1550 1523 1798 1574 Καρχηδονίοις
1827 1522 1946 1560 ἑκατὸν
1970 1522 2028 1559 καὶ
2061 1524 2166 1559 εἴκοσι

1134 1581 1326 1620 ταλάντων,
1350 1580 1492 1632 Ἱστορεῖ
1512 1579 1546 1617 δὲ
1566 1582 1624 1617 καὶ
1651 1580 1819 1630 Πολέμων
1843 1581 1921 1631 περὶ
1943 1581 2044 1616 αὐτοῦ
2066 1581 2099 1616 ἓν
2118 1583 2166 1630 τῷ

1136 1638 1396 1690 ἐπιγραφομένῳ
1416 1638 1501 1689 Περὶ
1521 1640 1586 1674 τῶν
1606 1639 1638 1674 ἐν
1661 1639 1860 1688 Καρχηδόνι
1875 1637 2030 1674 πέπλων,

1190 1696 1408 1747 Ἀλκισθένη]
1426 1698 1536 1745 Apud
1550 1698 1703 1733 Aristot.
1718 1699 1801 1734 Mir.
1814 1700 1924 1734 Auso.
1939 1710 1970 1731 c.
1989 1696 2036 1743 96
2052 1696 2164 1731 Beck·

1135 1770 1259 1793 mann.
1277 1764 1313 1792 et
1326 1758 1598 1792 W'estermann.
1619 1756 1794 1790 exhibent
1808 1767 1946 1790 nomen
1964 1752 2144 1799 Ἀλκιμένη
2156 1781 2163 1795 ,

1136 1822 1324 1861 tamquam
1346 1815 1483 1848 variam
1500 1814 1695 1848 lectionem
1715 1820 1884 1847 notantes
1903 1826 1911 1847 τ
1932 1809 2109 1858 Ἀντιμένη
2131 1818 2166 1845 ct

1136 1870 1348 1915 Ἀλκισθένη.
1368 1893 1419 1898 ——
1441 1870 1495 1906 ἐπὶ
1517 1869 1709 1918 Λακινίου]
1728 1869 1786 1905 ἐπὶ
1813 1868 1965 1918 Λακινίῳ
1984 1871 2025 1918 τῇ
2052 1883 2165 1912 πανη-

1135 1928 1230 1979 γύρει
1250 1926 1448 1978 τῆςἽΙρας,
1470 1930 1621 1963 Aristot.
1643 1929 1686 1963 V.
1705 1928 1751 1961 de
1772 1929 1919 1962 Junone
1940 1927 2088 1961 Lacinia
2106 1926 2165 1961 Li-

1135 1988 1215 2021 vius
1233 1987 1372 2032 XXIV,
1399 1986 1434 2030 3,
1465 1987 1597 2021 Strabo
1618 1998 1654 2032 p.
1678 1985 1745 2019 261
1760 2013 1768 2028 ‚
1788 1986 1863 2022 Cic.
1884 1985 2008 2019 Divin.
2029 1985 2065 2026 Ι,
2095 1988 2162 2027 24,

1137 2040 1211 2075 alii.
1225 2040 1343 2085 Ipsius
1356 2040 1462 2073 vestis
1480 2039 1766 2084 descriptionem
1783 2050 1816 2073 v.
1839 2050 1895 2084 ap.
1917 2038 2068 2071 Aristot.
2092 2037 2118 2072 l.
2136 2037 2161 2072 l.

1136 2097 1307 2131 Ceterum
1323 2097 1430 2131 titulo
1451 2094 1536 2145 Περὶ
1560 2097 1625 2131 τῶν
1647 2094 1680 2130 ἐν
1704 2094 1903 2144 Καρχηδόνι
1923 2092 2061 2129 πέπλων
2084 2094 2163 2130 for-

1137 2162 1225 2189 tasse
1244 2161 1388 2201 partem
1405 2156 1526 2201 operis
1549 2153 1633 2202 Περὶ
1654 2152 1864 2200 θαυμασίων,
1879 2154 1917 2186 in
1931 2165 2005 2199 quo
2026 2153 2165 2187 Aristo-

1137 2213 1246 2247 telem
1265 2214 1423 2247 maxime
1441 2220 1524 2247 ante
1542 2213 1669 2246 oculos
1686 2213 1836 2246 Polemo
1851 2212 2036 2254 habuerit,
2055 2211 2165 2258 signi-

1135 2270 1238 2306 ficari
1259 2271 1465 2319 suspicatur
1484 2272 1675 2306 Prcllerus.

1164 2394 1284 2430 ΠΕΡΙ
1313 2393 1413 2430 ΤΟΥ
1444 2394 1581 2430 ΠΑΡΑ
1611 2390 1909 2428 ΞΕΝΟΦΩΝΤΙ
1942 2390 2132 2427 KANNA·

1573 2471 1720 2510 ΘΡΟΥ.

1188 2566 1451 2613 Xenophontis
1469 2566 1590 2609 locus,
1617 2565 1663 2599 de
1687 2577 1762 2610 quo
1793 2564 1943 2598 Polemo
1965 2563 2053 2610 egit,
2075 2563 2166 2610 legi-

1137 2620 1247 2652 turin
1263 2619 1429 2665 Agesilao
1445 2631 1477 2652 c.
1499 2618 1532 2661 8,
1551 2631 1584 2662 7,
1598 2618 1663 2651 ubi
1675 2617 1721 2651 de
1732 2617 1899 2664 Agesilao
1916 2616 2073 2662 priscam
2087 2616 2166 2649 sim-

1212 2739 1276 2776 DE
1306 2738 1477 2776 PEPLis
1507 2738 1559 2775 lN
1590 2728 1918 2775 CARTHAGINE
1946 2735 2096 2773 URBE.

1623 2815 1681 2847 85.

1181 2870 1390 2901 Alcistbenem
1416 2870 1610 2909 Sybaritani,
1634 2869 1677 2899 ait
1699 2868 1881 2900 Aristoteles
1904 2869 1935 2898 111
1956 2867 2167 2905 Mirabililms,

1139 2921 1274 2952 luxuriae
1288 2921 1429 2952 deditum
1442 2945 1451 2960 ,
1465 2923 1583 2951 vestem
1597 2920 1766 2950 confecisse
1784 2919 1862 2950 adeo
1882 2920 2096 2958 sumptuosam
2109 2942 2117 2955 ,
2133 2920 2168 2949 ut

1139 2973 1223 3003 illam
1239 2972 1268 3002 in
1287 2972 1408 3002 Lacinio
1422 2972 1593 3011 exponeret
1607 2972 1637 3001 111
1650 2970 1783 3002 Junonis
1802 2969 1983 3000 celebritate
1994 2993 2002 3007 ‚
2017 2969 2056 2999 ad
2072 2978 2166 3008 quam

1140 3031 1249 3053 omnes
1264 3023 1331 3054 Itali
1347 3023 1558 3061 conveniunt3
1578 3024 1676 3061 utque
1694 3030 1734 3052 ex
1751 3020 1898 3051 omuibus
1911 3020 2021 3057 rebus,
2035 3028 2107 3058 quac
2121 3019 2162 3049 ibi

1139 3074 1397 3113 ostendebantur,
1417 3083 1486 3105 eam
1506 3074 1644 3105 maxime
1661 3073 1894 3104 admirarentur
1912 3072 2110 3111 spectatores.
2131 3074 2165 3101 111

1140 3126 1230 3164 cujus
1242 3126 1466 3165 possessiouem
1481 3134 1580 3165 quum
1594 3124 1728 3156 venisset
1749 3124 1915 3162 Dionysius
1930 3123 2042 3159 senior,
2057 3121 2164 3152 vendi-

1139 3176 1221 3207 disse
1255 3185 1324 3207 eam
1355 3176 1470 3207 dicitur
1500 3175 1808 3215 Carthaginiensibus
1841 3174 1970 3204 centum
1998 3175 2029 3202 et
2057 3172 2164 3210 viginti

1139 3230 1273 3260 talentis.
1318 3229 1457 3260 Eandem
1481 3238 1545 3260 rem
1568 3229 1674 3259 narrat
1696 3228 1817 3257 l’olemo
1845 3227 1875 3256 in
1898 3224 1977 3255 libro
2003 3226 2047 3255 De
2069 3223 2164 3262 peplis

1141 3280 1454 3320 Carthaginiensium.
