2289 3728
110 151 179 182 142

101 234 270 279 plicatem
286 231 321 263 in
338 229 409 261 vita
426 225 624 260 domestica
639 230 673 257 et
687 223 835 269 publica
848 234 922 268 prae
936 233 971 255 se
989 220 1127 255 ferente
1156 242 1159 253 .

102 292 256 336 loquens
276 289 370 321 inter
384 285 451 319 :ilia
469 284 559 316 dicit
578 294 586 317 ε
609 278 827 324 Ἑννοησάτω
842 277 876 314 δὲ
897 280 942 320 ὡς
962 277 1127 320 ἐθοίναζεν

102 349 135 384 ἐν
163 351 235 386 ταῖς
267 342 412 382 θυσίαις·
440 337 619 375 ἀκουσάτω
641 337 674 373 δὲ
700 339 744 378 ὡς
765 336 821 372 ἐπὶ
840 337 1014 373 πολιτικοῦ
1042 351 1128 372 καν-

102 404 224 452 νάθρου
242 399 362 448 κατῄει
380 398 426 447 [ἡ
442 395 594 446 θυγάτηρ
609 396 711 432 αὐτοῦ
727 397 893 443 supplev.
911 396 1065 432 casaub.
1083 395 1129 430 ad

103 462 235 498 Athen.
259 460 283 494 l.
311 459 337 492 l.
353 456 369 505 l
387 456 419 497 ἐς
438 453 623 503 Ἀμύκλας.
652 454 821 489 Eundem
840 455 962 489 locum
992 460 1130 500 spectat

103 517 320 554 Plutarchus
335 515 481 562 {Agesih
503 526 535 551 c,
564 526 608 560 19
629 526 637 548 2
662 511 732 549 Καὶ
759 512 796 548 τὸ
819 510 1005 561 κάνναθρόν
1027 525 1127 560 φησιν

102 579 119 612 ὃ
136 575 297 624 Ξενοφῶν
318 572 413 609 οὐδέν
430 586 462 607 τι
478 569 680 620 σεμνότερον
702 563 787 606 εἶναι
801 572 861 614 τῆς
879 567 1006 606 ἐκείνου
1023 571 1124 616 θυγα-

100 632 176 682 τρὸς
200 630 222 675 ἢ
254 632 320 666 τῶν
342 628 467 665 ἄλλων.
527 626 709 678 Κάνναθρα
733 628 769 664 δὲ
789 628 950 664 καλοῦσιν
973 626 1132 674 [ἁμάξας

102 691 248 742 ἐχούσας
265 691 321 724 vel
341 690 410 724 tale
432 688 523 735 quid
542 687 690 734 supplet
704 685 879 734 l'rellcr.]
907 684 1030 720 εἴδωλα
1051 699 1131 734 γρυ-

101 750 174 784 πῶν
195 745 311 788 ξύλινα
328 744 387 781 καὶ
406 744 644 794 τραγελάφων,
663 745 694 779 ἐν
713 737 759 785 οἷς
777 743 954 790 κομίζουσι
974 741 1032 782 τὰς
1050 743 1131 776 παῖ-

102 807 162 846 δας
182 806 216 840 ἐν
235 806 307 845 ταῖς
329 807 498 851 πομπαῖς.
519 801 563 840 ‘O
582 802 615 838 δὲ
634 803 794 852 Ξενοφῶν
813 801 921 847 ὄνομα
942 802 1000 844 τῆς
1021 799 1132 847 Ἀγη-

103 860 220 899 σιλάου
242 859 405 911 θυγατρὸς
421 861 457 895 οὐ
476 859 624 910 γέγραφε
637 889 645 900 ,
665 861 681 894 ὁ
703 858 736 894 δὲ
757 856 966 907 Δικαίαρχος
983 857 1045 906 (fr.
1072 854 1129 903 17)

103 921 180 956 κτλ.
203 941 254 946 —
274 922 330 954 De
354 917 531 968 καννάθρῳ
552 918 636 952 vide
654 918 884 963 Polycratem
909 928 968 961 ap.
995 915 1130 949 Athen.

103 981 128 1014 l.
154 980 200 1023 l.;
218 980 342 1024 Etym.
364 978 416 1011 M.
434 989 474 1023 p.
496 976 588 1023 489,
611 975 652 1018 53
673 975 834 1010 Eustath.
855 986 894 1020 p.
923 973 1041 1018 1344,
1066 975 1133 1015 [⁸43

102 1037 218 1071 schol.
250 1037 363 1071 Hom.
390 1035 434 1071 Il.
462 1038 528 1077 24,
564 1044 654 1080 1903
688 1032 864 1078 Apollon.
900 1032 990 1066 Lex.
1018 1030 1131 1064 Hom.

103 1106 141 1140 p.
161 1106 173 1128 1
184 1093 230 1127 28
245 1093 359 1128 Bekk.
375 1092 466 1137 Quae
482 1091 686 1125 testimonia
701 1088 1020 1135 comprehendens
1034 1087 1134 1122 Prel-

105 1152 214 1194 lerus,
237 1166 250 1181 rt
274 1152 333 1184 Est
348 1151 474 1197 igitur,
497 1149 563 1191 ait,
585 1146 782 1195 Κάνναθρον
803 1143 919 1192 ἅμαξα
941 1143 1055 1188 ξυλίνη
1071 1158 1133 1179 κα-

106 1205 249 1257 μαρωτή
270 1209 306 1243 h.
324 1219 357 1243 e.
375 1205 535 1255 καμάραν
551 1202 705 1255 ψιαθώδη
723 1202 868 1253 ἔχουσα,
889 1201 1038 1244 εἰδώλοις
1055 1217 1135 1251 γρυ-

104 1267 178 1301 πῶν
197 1264 255 1300 καὶ
272 1263 493 1314 τραγελάφων
511 1261 766 1310 κεκοσμημένη.
791 1260 944 1310 Καμάρα
966 1262 1026 1295 illa
1055 1261 1136 1310 ψια-

106 1323 214 1367 θώδης
232 1324 385 1370 proprie
404 1321 590 1370 κάνναθρον
615 1321 809 1355 dicebatur
835 1333 842 1354 :
866 1319 1002 1354 deinde
1023 1320 1138 1365 partis

104 1394 243 1416 nomen
264 1381 403 1415 transiit
420 1379 467 1414 ad
487 1386 617 1413 totum.
646 1378 857 1413 Utebantur
875 1376 1007 1411 talibus
1031 1376 1138 1411 vehi—

105 1441 195 1474 culis
213 1439 372 1486 virgines
390 1440 550 1473 Lacaenae
582 1438 620 1471 in
643 1437 789 1483 pompis
810 1436 1136 1482 Hyacinthiorum.

105 1500 228 1544 Quare
256 1509 371 1543 quum
398 1497 551 1530 Polemo
579 1496 703 1529 locum
730 1495 835 1528 illum
854 1494 1137 1540 Xenophontis,

106 1568 178 1602 quo
194 1553 232 1590 τὸ
246 1552 442 1603 ἡκοίνναθρον
463 1553 546 1588 filiae
567 1553 722 1600 Agesilai
740 1552 1030 1599 memorabatur,
1051 1552 1139 1585 illu-

107 1613 297 1649 strandum
314 1613 383 1647 sibi
402 1612 671 1658 proposuisset,
690 1623 767 1644 non
782 1611 905 1658 potuit
922 1611 1011 1656 quin
1031 1611 1140 1644 etiam

107 1672 154 1706 ad
172 1672 282 1717 ipsius
299 1670 377 1704 festi
394 1669 700 1715 Hyacinthiorum
719 1668 1006 1714 descriptionem
1022 1667 1141 1701 defer·

108 1737 223 1772 retur,
246 1731 349 1775 cnjus
366 1727 623 1774 disputationis
650 1738 734 1773 pars
753 1733 893 1760 servata
911 1732 963 1760 est
986 1738 1055 1772 per
1074 1726 1141 1760 Di-

109 1787 262 1833 (lymum
279 1787 326 1821 de
346 1785 481 1832 copide
496 1784 776 1820 Lacedaemonia
797 1784 1056 1832 disputantem.
1085 1799 1098 1813 υ

601 1888 661 1923 86.

162 1988 358 2024 Athenaeus
370 1988 433 2031 IV,
448 1999 488 2034 p.
513 1985 583 2021 138
595 2013 604 2029 ,
624 1987 653 2020 E
673 1998 680 2020 :
700 1976 870 2032 Πολέμων
885 1985 912 2021 δ’
930 1986 963 2021 ἐν
975 1987 1023 2037 τῷ
1040 1985 1143 2037 Παρὰ

112 2046 310 2092 Ξενοφῶντι
337 2043 518 2094 καννάθρῳ
547 2046 606 2080 τοῦ
629 2041 725 2093 παρὰ
756 2042 900 2080 Λάκωσι
931 2043 1143 2093 καλουμένου

112 2103 248 2141 δείπνου
258 2101 395 2144 κοπίδος
407 2100 664 2151 μνημονεύοντα
680 2100 848 2151 Κρατῖνον
860 2100 971 2152 (φησὶ)
985 2103 1018 2138 έν
1036 2102 1143 2139 Πλού-

111 2176 179 2203 τοις
196 2160 325 2209 λέγειν·

893 132 1180 170 POLEMONIS
1212 131 1424 169 lLlENSlS

1273 217 1301 248 'A
1309 218 1333 257 ρ’
1350 218 1466 252 ἀληθῶς
1484 220 1544 250 τοῖς
1563 216 1688 250 ξένοισίν
1703 216 1795 251 ἐστιν,
1811 217 1850 249 ὡς
1864 215 1998 253 λε’γουσ’,
2016 215 2080 246 ἐκεῖ

1269 269 1346 295 πᾶσι
1356 269 1418 299 τοῖς
1435 265 1569 294 ἐλθοῦσιν
1581 263 1610 292 ἐν
1625 266 1661 302 τῇ
1674 262 1776 292 κοπίδι
1792 263 1947 292 θοινᾶσθαι
1959 263 2077 299 καλῶς;

1270 313 1299 341 ἐν
1313 312 1344 342 δὲ
1359 314 1424 345 ταῖς
1443 311 1585 349 λέσχαισι
1600 310 1711 348 φύσκαι
1729 310 2089 348 προσπεπατταλευμέναι

1270 358 1532 396 κατακρέμανται,
1549 359 1628 385 τοῖσι
1643 355 1860 394 πρεσὸύταισιν
1876 355 2057 385 ἀποδάκνειν
2071 354 2159 393 ὀδάξς

1192 433 1262 472 Καὶ
1285 432 1433 474 Εὔπολις
1453 434 1486 468 ἐν
1509 430 1658 469 Εἵλωσι·
1679 448 1693 463 »
1711 430 1769 467 καὶ
1787 430 1926 479 γένηται
1942 431 2054 467 τοῖσδε
2071 430 2222 480 σάμερον

1190 489 1299 532 κοπίς.
1326 507 1342 521 »
1368 492 1512 526 Δεῖπνον
1532 492 1563 525 δ’
1580 488 1671 525 ἐστὶν
1690 487 1781 530 ἰδίως
1798 487 1877 538 ἔχον
1896 491 1917 532 ἡ
1933 488 2047 530 κοπίς·
2065 488 2222 539 καθάπερ

1190 548 1248 584 καὶ
1262 547 1299 583 τὸ
1314 547 1521 595 καλούμενον
1539 546 1729 584 ἅϊκλονῨΗ
1746 546 1858 591 Ἰίπὴν
1877 546 1911 582 δὲ
1926 546 2109 591 κοπίζωσι,
2123 548 2223 596 πρῶ-

1190 621 1246 642 τον
1263 604 1322 654 μὲν
1338 605 1379 649 δὴ
1402 603 1527 650 σκηνὰς
1541 608 1715 641 ποιοῦνται
1738 605 1833 655 παρὰ
1849 603 1905 641 τὸν
1924 605 2011 649 θεὸν,
2031 605 2064 640 ἐν
2080 604 2115 640 δὲ
2135 603 2223 640 ταύ-

1190 679 1264 704 ταις
1285 663 1447 704 στιὲάδας
1467 661 1500 705 ἐξ
1530 661 1628 706 ὕλης·
1660 662 1716 699 ἐπὶ
1741 662 1776 699 δὲ
1810 662 1937 699 τούτων
1965 661 2110 704 δάπιδας
2139 663 2224 698 ὓπο-

1192 718 1451 769 στρωννύουσιν,
1473 719 1523 768 ἐφ’
1554 713 1606 761 αἷς
1628 720 1705 762 τοὺς
1725 720 1994 762 κατακλιθέντας
2024 721 2224 770 εὐωχοῦσιν,

1193 778 1230 813 οὐ
1253 776 1354 826 μόνον
1374 776 1451 818 τοὺς
1476 778 1514 813 ἐκ
1535 779 1594 821 τῆς
1620 779 1802 826 ἡμεδαπῆς
1830 778 2111 829 ἀφικνουμένους,
2137 777 2225 814 ἀλλὰ

1192 834 1250 870 καὶ
1270 833 1345 875 τοὺς
1366 833 1647 882 ἐπιδημήσαντας
1665 837 1731 871 τῶν
1752 834 1867 877 ξένων.
1904 835 2036 874 Θύουσι
2053 837 2080 872 δ’
2101 837 2136 872 ἓν
2154 836 2227 877 ταῖς

1193 891 1328 928 κοπίσιν
1350 885 1467 940 αἶγας,
1487 891 1572 928 ἄλλο
1586 892 1615 928 δ’
1629 892 1724 929 οὐδὲν
1739 894 1870 944 ἱερεῖον·
1891 893 1948 930 καὶ
1968 896 2036 929 τῶν
2051 896 2158 944 κρεῶν
2177 895 2225 930 δι-

1195 948 1293 986 δόασι
1315 949 1435 999 μοίρας
1453 955 1539 986 πᾶσι
1559 949 1618 986 καὶ
1638 949 1695 986 τὸν
1727 950 1937 999 καλούμενον
1959 950 2169 1002 φυσίκιλλον,
2192 951 2226 994 ὅς

1195 1008 1285 1043 ἐστιν
1307 1006 1464 1057 ἀρτίσκος
1486 1007 1615 1058 ἐγκρίδι
1637 1007 1896 1059 παραπλήσιος,
1914 1008 2165 1060 γογγυλώτερος
2191 1008 2226 1046 δὲ

1195 1064 1257 1110 τὴν
1272 1064 1364 1101 ἰδέαν
1377 1080 1384 1087 ·
1404 1065 1535 1102 διδόασι
1550 1067 1615 1101 τῶν
1632 1065 1811 1102 συνιόντων
1830 1066 1965 1117 ἑκάστῳ
1979 1067 2078 1118 τυρὸν
2091 1067 2227 1118 χλωρὸν

1196 1122 1254 1159 καὶ
1273 1122 1418 1173 γαστρὸς
1436 1122 1494 1159 καὶ
1512 1122 1644 1172 φύσκης
1663 1123 1766 1173 τόμον
1784 1124 1842 1160 καὶ
1858 1124 2065 1175 τραγήματα
2085 1125 2172 1161 σῦκά
2192 1140 2228 1162 τε

1198 1179 1281 1230 ξηρὰ
1304 1180 1361 1216 καὶ
1389 1180 1541 1228 κυάμους
1565 1181 1623 1217 καὶ
1647 1181 1821 1234 φασήλους
1842 1181 2007 1234 χλωρούς.
2032 1182 2174 1226 Κοπίζει
2193 1182 2229 1219 δὲ

1198 1237 1257 1273 καὶ
1268 1239 1333 1273 τῶν
1349 1237 1462 1274 ἄλλων
1479 1239 1708 1289 Σπαρτιατῶν
1723 1241 1739 1275 ὃ
1756 1240 1972 1289 βουλόμενος.
1991 1239 2052 1278 Ἐν
2068 1239 2103 1276 δὲ
2116 1243 2158 1291 τῇ
2173 1240 2231 1277 πό-

1198 1296 1250 1331 λει
1265 1295 1406 1337 κοπίδας
1418 1295 1537 1343 ἄγουσι
1551 1296 1609 1332 καὶ
1619 1299 1688 1338 τοῖς
1698 1297 1904 1342 Τιθηνιδίοις
1914 1297 2135 1346 καλουμένοις
2146 1297 2230 1350 ὑπὲρ

1199 1355 1265 1390 τῶν
1283 1352 1432 1389 παίδων·
1451 1354 1626 1403 κομίζουσι
1642 1354 1708 1404 γὰρ
1726 1357 1760 1391 αἱ
1781 1355 1891 1392 τιτθαὶ
1906 1355 1948 1392 τὰ
1969 1356 2093 1406 ἄρρενα
2109 1355 2230 1392 παιδία

1200 1410 1289 1447 κατὰ
1305 1410 1361 1447 τὸν
1384 1411 1500 1462 καιρὸν
1522 1415 1639 1449 τοῦτον
1663 1414 1708 1455 εἷς
1726 1413 1828 1463 ἀγρὸν
1845 1413 1903 1449 καὶ
1919 1413 2002 1464 πρὸς
2024 1413 2086 1457 τὴν
2113 1415 2230 1465 Κορυ-

1200 1469 1343 1506 Θαλλίαν
1371 1469 1586 1518 καλουμένην
1611 1469 1784 1522 Ἄρτεμιν,
1813 1466 1853 1516 ἧς
1876 1471 1914 1508 τὸ
1943 1471 2030 1522 ἱερὸν
2053 1471 2149 1521 παρὰ
2169 1471 2231 1517 τὴν

1201 1527 1416 1576 καλουμένην
1445 1528 1603 1565 Τίασσάν
1627 1530 1717 1566 ἐστιν
1744 1532 1778 1567 ἐν
1800 1530 1873 1571 ταῖς
1894 1530 1977 1581 πρὸς
1997 1529 2058 1575 τὴν
2091 1529 2231 1575 Κλήταν

1203 1585 1320 1636 μέρεσι
1335 1601 1343 1608 ·
1363 1585 1422 1627 τὰς
1447 1585 1480 1622 δὲ
1497 1586 1638 1629 κοπίδας
1653 1589 1907 1639 παραπλησίως
1925 1588 1999 1630 ταῖς
2015 1588 2234 1636 λελεγμέναις

1202 1644 1404 1680 ἐπιτελοῦσι.
1432 1643 1563 1680 Θύουσι
1580 1644 1615 1681 δὲ
1634 1645 1693 1682 καὶ
1714 1645 1788 1688 τοὺς
1814 1645 2026 1695 γαλαθηνοὺς
2051 1645 2232 1695 ὀρθαγορί-

1202 1715 1302 1743 σκους
1313 1701 1371 1737 καὶ
1385 1702 1633 1752 παρατιθέασιν
1648 1704 1680 1739 ἐν
1695 1706 1736 1753 τῇ
1755 1702 1846 1753 θοίνῃ
1860 1702 1938 1745 τοὺς
1952 1703 2085 1745 ἰπνίτας
2100 1703 2231 1754 ἄρτους.

1202 1759 1253 1796 Τὸ
1273 1758 1308 1794 δὲ
1334 1758 1451 1796 ἄϊκλον
1479 1760 1543 1796 ὑπὸ
1573 1759 1634 1809 μὲν
1662 1763 1729 1797 τῶν
1758 1760 1872 1797 ἄλλων
1897 1759 2056 1810 Δωριέων
2077 1763 2235 1798 καλεῖται

1204 1818 1353 1854 δεῖπνον.
1370 1816 1679 1868 Ἐπίχαρμοςγοῦν
1692 1821 1725 1855 ἐν
1740 1818 1881 1857 Ἐλπίδι
1896 1818 1998 1868 φησίν
2009 1833 2016 1841 ·
2034 1837 2048 1851 «
2063 1819 2235 1857 Ἐκάλεσε

1205 1874 1271 1925 γάρ
1291 1873 1330 1910 τύ
1345 1890 1394 1916 τις
1413 1876 1466 1911 ἐπ’
1487 1877 1603 1912 ἄϊκλον
1625 1875 1724 1922 ἑκὼν,
1738 1876 1776 1912 τὺ
1795 1876 1830 1913 δὲ
1845 1877 1932 1914 ἑκὼν
1948 1876 2038 1927 ᾤχεο
2057 1876 2201 1927 τρέχων.
2220 1896 2236 1910 υ

1207 1930 1263 1969 Τὰ
1279 1931 1365 1968 αὐτὰ
1376 1931 1489 1983 εἴρηκε
1500 1933 1558 1969 καὶ
1573 1935 1605 1970 ἐν
1620 1934 1820 1984 Περιάλλῳ.
1835 1934 1894 1972 Ἐν
1905 1934 1937 1971 δὲ
1948 1937 1989 1984 τῇ
2003 1934 2236 1983 Λακεδαίμονι

1205 1991 1274 2032 τοῖς
1291 1990 1450 2026 εἰσιοῦσιν
1468 1992 1516 2036 εἷς
1528 1991 1567 2028 ’τὸ
1581 1991 1739 2043 φειδίτιον
1759 1991 1846 2039 μετὰ
1863 1993 1996 2029 δεῖπνον
2013 1991 2051 2029 τὸ
2065 1991 2238 2042 καλούμε-

1204 2062 1258 2084 νον
1290 2046 1408 2084 ὀίϊκλον
1438 2049 1648 2100 εἰσφέρουσιν
1679 2050 1798 2101 ἄρτους
1819 2052 1852 2086 ἐν
1877 2049 2028 2101 ἀρριχίδι
2053 2050 2112 2087 καὶ
2137 2050 2237 2103 κρέας

1205 2104 1361 2157 ἑκάστῳ·
1383 2105 1442 2143 καὶ
1463 2109 1511 2158 τῷ
1534 2107 1669 2153 νέμοντι
1695 2107 1755 2150 τὰς
1773 2107 1892 2158 μοίρας
1918 2109 2110 2145 ἀκολουθῶν
2127 2111 2144 2144 ὁ
2160 2108 2237 2145 διά-

1206 2177 1299 2204 κονος
1315 2163 1474 2214 κηρύττει
1489 2164 1526 2201 τὸ
1544 2165 1662 2202 ὀίϊκλον
1678 2166 1870 2216 προστιθεὶς
1889 2170 1948 2203 τοῦ
1965 2165 2162 2217 πέμψαντος
2175 2166 2236 2212 τὴν

126 2282 191 2319 DE
220 2279 529 2319 CANNATHRO
558 2278 695 2316 APUD
723 2279 1124 2318 XENOPHONTEM.

600 2385 656 2416 86.

158 2475 284 2506 Polemo
298 2474 329 2504 in
347 2473 572 2504 commentario
590 2474 636 2504 De
652 2472 834 2504 Cannatliro
850 2473 935 2512 apud
952 2474 1145 2512 Xenophon-

116 2529 180 2558 tem
202 2526 247 2556 sic
268 2525 398 2556 scribit:
424 2537 438 2550 «
459 2526 565 2555 Coenae
584 2523 669 2562 ejus,
691 2532 764 2562 quae
785 2525 874 2563 copis
891 2524 975 2562 apud
999 2525 1146 2555 Lacedae-

118 2577 239 2608 monios
253 2576 394 2614 vocatur,
409 2575 600 2605 mentionem
617 2575 731 2605 faciens
745 2574 894 2606 Cratinus
909 2576 939 2605 in
957 2575 1056 2606 Plutis
1070 2576 1113 2606 ait
1129 2589 1136 2606 ι

187 2647 335 2672 Reveranc
348 2643 528 2679 hospitibus,
549 2646 580 2671 ut
594 2643 693 2677 aiunt,
705 2643 773 2670 licet
783 2643 822 2670 ibi

185 2691 322 2718 omnibus
333 2711 339 2722 ,
351 2690 529 2724 quicumque
544 2690 683 2722 veniunt,
699 2690 727 2717 in
742 2689 851 2726 Copide
864 2691 974 2725 eputari
989 2691 1088 2718 laute?

187 2735 217 2763 in
233 2735 346 2762 Leschis
358 2741 428 2761 vero
443 2734 518 2761 liillae
525 2734 620 2773 ⁸clavis
635 2734 727 2762 attixae

189 2780 336 2816 pendent,
350 2787 420 2815 quas
431 2787 512 2807 senes
526 2779 662 2807 dentibus
672 2780 850 2808 mordemt?

121 2842 158 2870 Et
175 2838 300 2877 Eupolis
313 2837 344 2867 in
366 2837 527 2868 llelotibus
544 2850 550 2867 z
568 2850 580 2863 «
602 2840 639 2868 Et
655 2839 783 2877 paretur
797 2839 881 2869 hisce
897 2839 989 2870 hodie
1009 2839 1102 2878 Copis
1120 2854 1146 2871 υ.

121 2891 175 2921 Est
189 2891 294 2920 autem
312 2888 468 2928 peculiare
482 2897 692 2927 cn¹11212g‹·niis
710 2891 817 2928 copis,
839 2890 1106 2928 quemadmodum
1120 2892 1150 2922 et

120 2942 234 2973 aie-lon
251 2940 335 2980 quod
349 2941 475 2971 vocant.
496 2940 544 2955 ***
571 2942 676 2976 Quum
703 2941 796 2979 igitur
812 2942 954 2980 copidem
972 2943 1149 2981 celebrant,

121 2994 261 3033 primum
277 2992 404 3031 quidem
420 2991 555 3022 tentoria
570 2992 694 3030 erigunt
710 2995 802 3030 Juxta
819 2993 869 3023 (lei
885 2994 991 3024 sanum
1006 3005 1014 3032 ;
1034 2997 1103 3025 tum
1120 2995 1150 3025 in

123 3045 169 3075 liis
179 3044 351 3075 stramenta
365 3044 508 3073 sternunt
521 3051 558 3072 ex
583 3042 711 3081 fronde,
735 3051 833 3082 eaque
853 3045 1009 3082 tapetibus
1022 3047 1149 3084 tegunt,

121 3095 236 3135 quibus
257 3093 490 3125 discumbentes
503 3092 637 3132 hospitio
656 3093 816 3132 excipiunt
830 3103 891 3124 non
909 3095 1003 3125 modo
1019 3096 1074 3135 qui
1092 3106 1148 3127 no-

121 3149 187 3178 stra
206 3155 224 3177 e
243 3147 326 3176 terra
343 3144 534 3182 adveniunt,
557 3143 610 3174 sed
625 3145 656 3174 et
673 3144 851 3183 peregrinos
872 3147 991 3183 Spartan
1013 3150 1148 3185 agentes.

125 3197 294 3229 immolant
331 3205 406 3227 vero
440 3196 470 3226 in
505 3195 668 3234 copidibus
697 3196 823 3234 caprasff,
855 3197 885 3226 ct
916 3197 1034 3227 nullam
1057 3199 1150 3229 aliam

123 3252 273 3290 praeterea
294 3248 466 3279 victimam.
501 3248 700 3278 Dis-tribuunt
723 3256 798 3277 vero
824 3248 967 3278 carnium
992 3249 1151 3287 portiones

123 3301 287 3339 omnibus,
319 3301 350 3331 vt
372 3308 466 3340 quem
497 3302 611 3331 vocant
634 3300 851 3339 pliysicillum,
875 3300 928 3339 qui
952 3302 997 3332 est
1020 3301 1150 3341 exiguus

1205 2271 1292 2310 panis
1305 2297 1312 2310 ,
1328 2273 1444 2303 enei-idi
1468 2274 1596 2313 similis,
1613 2275 1713 2305 torma
1729 2284 1805 2306 vero
1824 2276 2019 2307 rotundiore.
2041 2277 2239 2307 Distribuunt

1206 2324 1300 2354 etiam
1314 2327 1570 2357 convenientium
1586 2326 1755 2366 unicuique
1769 2336 1895 2358 cascum
1910 2331 2069 2360 recentem
2081 2352 2089 2366 ,
2107 2331 2138 2360 et
2160 2338 2237 2360 ven·

1205 2376 1261 2407 tris
1284 2378 1315 2407 et
1341 2377 1424 2408 hillae
1446 2378 1598 2416 frustum3
1630 2381 1661 2409 et
1681 2388 1737 2418 pro
1758 2379 1905 2411 *bellariis
1927 2380 2002 2411 ticos
2020 2381 2120 2411 siccas
2144 2383 2176 2411 et
2195 2381 2238 2411 fa-

1206 2427 1259 2456 bas
1277 2429 1307 2458 et
1323 2429 1485 2468 phaseolos
1503 2432 1653 2461 recentes.
1682 2431 1834 2469 Copidem
1860 2440 1934 2462 vero
1963 2432 2101 2462 celebrat
2121 2433 2153 2463 et
2172 2432 2241 2463 reli—

1206 2487 1342 2517 quorum
1355 2482 1579 2519 Spartanorum
1591 2481 1785 2520 quicumque
1798 2482 1877 2512 vult.
1891 2484 1925 2513 ln
1939 2482 2017 2513 urhe
2026 2491 2102 2513 vero
2112 2482 2239 2522 copidas

1206 2531 1301 2561 etiam
1318 2531 1478 2562 celebrant
1511 2532 1781 2564 Titlzem‘dmrwn
1802 2542 1874 2571 quse
1899 2535 2052 2563 vocantur
2067 2533 2105 2571 (i.
2125 2542 2151 2564 c.
2173 2535 2244 2564 Nu-

1207 2582 1390 2620 triciorum)
1406 2582 1493 2613 sestis
1506 2582 1618 2613 (liebus
1630 2606 1638 2621 ,
1662 2592 1717 2622 pro
1732 2592 1903 2622 puerorum
1920 2585 2032 2614 salute.
2052 2586 2141 2614 'runc
2155 2584 2238 2614 enim

1207 2634 1356 2672 parvulos
1372 2634 1402 2663 in
1423 2642 1533 2673 agrum
1548 2636 1717 2673 exportant
1737 2635 1891 2671 nutrices,
1915 2636 1947 2665 et
1963 2643 2059 2674 prope
2078 2634 2240 2674 Corytlial·

1208 2684 1279 2715 lium
1291 2695 1384 2724 quam
1400 2687 1513 2717 vocant
1531 2687 1661 2717 Dianam
1678 2687 1791 2725 (cujus
1802 2687 1954 2726 templum
1969 2687 2065 2718 estad
2079 2687 2239 2718 Thiassam

1208 2736 1324 2767 sontem
1339 2737 1547 2776 intimentur,
1562 2747 1625 2776 qua
1638 2740 1724 2777 parte
1739 2739 1838 2769 Cletac
1852 2738 1959 2768 fanum
1974 2739 2037 2777 est)
2053 2738 2178 2777 cupidas
2191 2748 2239 2769 ce-

1208 2788 1328 2819 lebrant
1344 2790 1437 2819 simili
1454 2790 1547 2820 modo
1562 2792 1658 2831 atque
1674 2799 1726 2821 eas
1745 2790 1784 2821 (le
1803 2791 1918 2830 quibus
1931 2790 2051 2821 (lictum
2066 2793 2113 2821 est
2128 2803 2135 2821 ε
2149 2790 2240 2821 sacri-

1209 2839 1304 2870 ficant
1327 2842 1432 2871 autem
1457 2842 1608 2873 lactantes
1633 2842 1787 2881 porcellos
1821 2842 2131 2882 (or-clmqorz'scos),
2156 2843 2187 2873 et
2209 2842 2240 2872 in

1209 2892 1307 2931 epulis
1324 2902 1419 2932 panes
1445 2896 1606 2933 apponunt
1634 2896 1807 2926 t'urnaceos.
1833 2896 1950 2926 Ἂῐκλον
1966 2903 2041 2926 vero
2070 2904 2088 2925 a
2116 2894 2241 2934 reliquis

1210 2944 1345 2974 boi-ibus
1365 2953 1458 2975 omna
1480 2948 1621 2976 vocatur.
1652 2946 1854 2985 Epicharmus
1879 2948 1981 2981 certe,
2006 2947 2036 2976 in
2060 2947 2142 2985 Spe,
2168 2945 2238 2976 ait:

1211 3008 1223 3019 ιι
1242 2996 1375 3026 vocavit
1396 2997 1426 3026 te
1447 2996 1560 3035 aliquis
1578 2996 1616 3026 ad
1640 2996 1744 3027 ἄικλον
1764 2997 1858 3027 ultro.
1884 2999 1930 3027 Tu
1954 3005 2028 3027 vero
2046 2996 2128 3026 ultro
2138 2996 2240 3027 abiisti

1209 3055 1348 3077 currens.
1370 3060 1384 3073 υ
1401 3047 1583 3085 Eademque
1603 3047 1683 3078 (lixit
1699 3048 1793 3078 etiam
1809 3048 1838 3077 in
1856 3047 1998 3077 Periallo.
2017 3046 2241 3077 Lacedaemone

1210 3106 1283 3127 vero
1300 3097 1360 3134 eis,
1377 3098 1430 3136 qui
1455 3097 1486 3127 in
1506 3097 1674 3128 Phiditium
1693 3099 1925 3135 convenerunt,
1944 3099 2013 3136 post
2030 3105 2152 3127 coenam
2165 3097 2240 3127 asso-

1211 3150 1283 3179 runt
1299 3149 1356 3179 lioc
1369 3148 1453 3188 quod
1468 3149 1571 3179 ἄικλον
1586 3150 1719 3187 vocant,
1739 3157 1834 3188 panes
1847 3149 1878 3178 in
1895 3148 2053 3178 corbicula
2067 3150 2098 3178 ct
2111 3156 2236 3178 carnem

1211 3200 1380 3239 {uuicuique
1404 3209 1411 3229 z
1433 3202 1464 3230 et
1487 3208 1559 3229 eum
1574 3223 1582 3237 ‚
1612 3199 1664 3238 qui
1689 3199 1847 3239 portiones
1869 3199 2045 3236 ‹listi-ibuit,
2070 3199 2238 3229 comitatur

1211 3252 1362 3288 tinnulus,
1377 3250 1481 3280 ἄϊκλον
1498 3250 1713 3289 proclamans,
1728 3252 1758 3281 et
1772 3259 1884 3281 nonwu
1900 3250 1994 3281 edens
2010 3249 2077 3288 ejus
2092 3251 2146 3289 qui
2162 3249 2238 3280 illud

1210 3303 1302 3333 misit.
1321 3316 1334 3328 »
1351 3303 1424 3333 Hrec
1440 3303 1598 3332 Polemon.
