2338 3765
165 153 237 184 320

163 235 225 268 tali
247 233 320 267 sere
338 242 450 278 opere
466 227 705 276 cogitaverim
717 255 727 274 ,
748 227 866 273 qualis
882 227 1052 262 umbram
1068 235 1193 262 osten-

164 292 218 325 dit
243 290 402 325 Cornelii
423 288 574 335 Nepotis
594 286 740 320 libellus
753 287 807 319 De
823 285 967 331 regibus
987 286 1194 331 inscriptus,

163 350 200 382 in
215 361 290 394 quo
307 348 401 382 dixit
429 353 560 380 auctor
580 344 626 378 de
645 344 791 390 regibus
807 344 998 378 Persarum
1011 370 1020 387 ,
1042 344 1194 390 Sparta-

162 419 315 449 norum,
345 405 579 446 Siculmnm,
613 401 880 445 Macedonum,
907 401 954 436 de
980 401 1192 436 Alexandro

163 463 314 509 ejusque
333 462 615 504 successoribus,
628 472 706 494 non
720 460 768 493 ita
784 467 906 494 tamen
925 467 965 494 ut
980 461 1192 503 continuam

163 521 351 566 quandam
396 520 589 555 historiam
629 516 776 552 efficere
819 517 997 562 studeret,
1041 518 1106 552 sed
1150 529 1194 551 eo

162 580 321 613 maxime
355 578 530 620 consilio,
564 583 606 611 ut
638 588 883 623 personarum
918 576 1031 610 rebus
1069 576 1194 623 gestis,

163 637 274 670 animi
294 636 505 683 ingeniique
521 633 777 681 magnitudine
791 640 827 668 et
843 634 1003 668 fatorum
1018 634 1194 667 varietate

163 694 449 740 conspicuarum
479 692 720 727 adumbraret
752 692 940 739 imagines,
972 692 1087 736 Quale
1108 691 1195 736 qui-

164 751 248 786 dem
269 758 528 800 argumentum
542 750 700 785 rhetoris
719 750 848 784 studiis
859 756 909 784 est
931 748 1194 784 accommoda—

164 810 352 844 tissimum.
387 812 440 844 Ex
464 822 508 844 eo
541 815 663 844 autem
691 810 746 843 De
770 808 920 854 regibus
949 819 1062 853 opere
1082 807 1195 853 petita

163 879 263 914 esse,
291 855 372 914 quie
404 868 450 902 de
475 867 692 903 Aristobulo
722 873 758 900 et
775 865 1012 911 Alexandro,
1034 864 1196 910 Hyrcani

162 924 265 970 filiis,
286 925 407 971 deque
428 925 630 960 Ptolemaeo
646 925 774 959 Aulete
791 925 826 957 in
840 923 1053 970 fragmentis
1067 923 1195 968 legun-

162 990 237 1027 tur,
279 984 430 1018 minime
460 983 636 1030 equidem
671 982 942 1017 contenderim.
978 980 1062 1015 Haec
1098 981 1195 1014 enim

163 1053 281 1087 quum
299 1041 345 1076 ad
362 1043 473 1089 ipsius
489 1042 649 1076 auctoris
674 1047 844 1087 tempora
864 1040 1095 1086 pertineant,
1118 1050 1196 1071 non
1213 1078 1216 1082 ⁴

163 1099 320 1135 absurde
337 1112 494 1146 quaeraS,
512 1112 557 1134 an
575 1112 652 1133 non
671 1111 714 1133 ex
729 1099 852 1133 multis
872 1099 946 1132 istis
965 1098 1109 1143 scriptis
1125 1097 1195 1130 Ti—

163 1170 334 1205 magenes
347 1171 463 1192 unum
479 1159 588 1192 etiam
609 1158 663 1192 sui
681 1159 746 1191 aevi
766 1157 926 1191 historiae
944 1155 1194 1197 destinaverit,

164 1216 342 1250 Pollionis
360 1217 509 1262 patroni
527 1222 670 1249 secutus
689 1215 912 1261 exemplum.
935 1214 994 1249 Ad
1017 1212 1197 1258 ejusmodi

164 1286 259 1320 opus
279 1274 474 1308 commode
499 1274 609 1307 etiam
630 1272 762 1307 referre
782 1273 897 1319 possis
911 1284 991 1318 quae
1009 1273 1055 1305 de
1078 1272 1198 1305 Gallis

167 1345 210 1366 ex
222 1333 416 1379 Timagene
434 1331 647 1375 traduntur,
668 1332 809 1378 quippe
837 1343 918 1376 quae
934 1331 1138 1365 narrationi
1155 1329 1198 1363 de

165 1391 312 1425 Caesaris
331 1391 441 1425 rebus
461 1390 499 1423 in
518 1390 634 1424 Gallia
660 1391 767 1436 gestis
790 1390 928 1423 intexta
947 1388 1097 1424 fuerint.
1121 1389 1197 1422 Bo-

164 1460 317 1494 namyus
339 1456 375 1483 et
398 1448 679 1482 Santo-Crucius
692 1448 879 1494 peculiare
900 1446 946 1481 de
967 1447 1083 1481 Gallia
1105 1458 1198 1493 opus

164 1517 184 1540 a
201 1507 398 1553 Timagene
418 1507 666 1552 compositum
686 1517 759 1539 esse
773 1505 841 1539 sibi
860 1511 1134 1551 persuaserunt.

218 1565 389 1599 Ceterum
405 1564 506 1599 haud
520 1563 666 1598 infimus
684 1564 786 1597 locus
807 1564 902 1597 inter
917 1563 1110 1597 historicos
1138 1564 1197 1597 Ti·

166 1624 307 1670 mageni
336 1630 463 1656 nostro
486 1623 701 1668 assignatur.
723 1622 829 1656 Certe
847 1621 1095 1666 Quintilianus
1116 1620 1196 1668 (X,

171 1694 183 1715 1
204 1709 213 1725 ,
237 1680 302 1728 75)
327 1681 545 1715 clarissimos
573 1680 812 1713 historiarum
842 1679 1043 1725 scriptores
1067 1691 1197 1713 recen-

165 1752 257 1782 sens,
278 1747 476 1786 postquam
492 1738 636 1772 dixerat
663 1737 709 1771 de
722 1737 919 1772 Herodoto
931 1766 940 1781 ,
958 1737 1176 1783 Thucydide
1189 1765 1199 1784 ,

166 1799 340 1841 Philisto,
358 1798 625 1844 Theopompo,
645 1796 800 1842 Ephoro
812 1824 820 1839 ,
835 1797 959 1843 pergit
973 1796 1022 1830 ita
1039 1807 1046 1831 ζ
1066 1796 1199 1831 Clitar-

166 1857 226 1890 clzi
250 1857 429 1903 probatur
456 1858 659 1903 ingenium,
688 1854 791 1900 fides
821 1853 1038 1898 infamatur.
1076 1855 1201 1902 Longo

162 1922 247 1961 post
282 1914 471 1947 intervallo
500 1916 670 1960 temporis
688 1921 795 1947 natus
825 1914 1042 1959 Timagenes
1067 1912 1135 1946 lzoc
1150 1920 1202 1946 est

166 1973 233 2006 vel
256 1974 333 2018 ipso
366 1971 585 2018 probabilis,
625 1972 722 2017 quod
751 1974 994 2005 Intermissum
1029 1970 1202 2005 historias

166 2028 348 2064 scribendi
365 2031 581 2064 industriam
595 2042 685 2063 nom
707 2031 817 2064 lande
834 2033 1030 2076 reparavit.

222 2088 450 2123 Clitarchum
484 2095 717 2134 quantopere
745 2088 934 2123 Ciceronis
969 2086 1202 2134 temporibus

168 2147 327 2180 Romani
361 2146 579 2189 dilexerint,
624 2159 690 2180 suo
727 2147 812 2180 loco
852 2146 1198 2182 demonstravimus.

169 2204 262 2238 Sane
284 2203 435 2250 quidem
460 2203 573 2238 fidem
599 2204 766 2238 historici
791 2205 984 2238 minimam
1003 2216 1076 2239 esse
1108 2204 1202 2239 bene

169 2269 332 2308 norunt,
354 2261 415 2296 sed
438 2262 510 2295 hoc
524 2262 617 2295 nihil
632 2268 710 2295 tum
728 2261 775 2296 ad
790 2273 881 2296 rem.
908 2263 1041 2296 Nonne
1068 2262 1200 2297 dictio-

169 2321 226 2354 nis
239 2321 417 2366 elegantia
443 2320 719 2365 luminibusque
758 2332 885 2354 omnes
915 2320 1025 2367 longe
1052 2329 1137 2366 post
1167 2334 1203 2355 se

170 2379 359 2425 reliquisse
388 2377 594 2414 Clitarchus
621 2377 842 2411 videbatur?
869 2378 957 2423 Quis
987 2377 1034 2412 ad
1062 2379 1203 2413 animos

172 2436 353 2470 lectorum
374 2435 664 2469 commovendos
681 2435 1046 2481 permulcendosque
1063 2436 1202 2470 instru-

177 2495 271 2529 ctior
284 2506 449 2540 unquam
470 2499 505 2527 et
520 2493 711 2539 paratior?
733 2492 851 2538 Hujus
873 2493 986 2539 igitur
1001 2494 1204 2539 premenda

176 2552 326 2598 vestigia
356 2558 479 2594 erant,
498 2551 525 2585 si
553 2551 635 2596 quis
665 2551 843 2585 Romanis
870 2551 1022 2596 probari
1044 2552 1202 2586 volebat.

171 2611 301 2656 Neque
320 2609 415 2642 male
434 2620 511 2642 rem
528 2609 676 2642 cessisse*
686 2609 874 2654 Timageni
890 2609 1098 2642 testimonio
1121 2610 1203 2644 rhe-

173 2669 265 2702 toris
285 2667 506 2709 declaratur,
525 2667 663 2712 quippe
681 2667 760 2712 qui,
783 2667 847 2700 etsi
867 2673 952 2712 post
976 2666 1203 2703 Clitarchum

174 2726 265 2760 alios
279 2725 415 2758 multos
442 2724 628 2758 rhetorice
646 2724 837 2758 historiam
856 2731 1024 2758 tractasse
1040 2732 1198 2767 constat,

174 2783 242 2817 hos
261 2789 382 2816 tamen
403 2782 592 2816 mentione
612 2794 689 2815 non
709 2781 841 2829 dignos
861 2782 999 2816 liabens
1018 2783 1205 2830 Timageni

175 2841 326 2875 demum
342 2841 533 2886 contigisse
557 2847 722 2883 censeat,
748 2847 790 2874 ut
810 2841 999 2874 historiam
1018 2841 1204 2875 scribendi

175 2906 289 2933 artem
303 2926 311 2942 ‚
332 2898 417 2932 inde
452 2911 471 2932 a
491 2899 674 2932 Clitum-ho
698 2898 876 2944 jacentem
906 2900 1006 2945 quasi
1032 2906 1067 2933 et
1085 2900 1204 2934 inter-

175 2963 374 2999 mortuam,
390 2956 435 2990 ad
451 2956 561 2990 vitam
577 2956 700 2990 denuo
718 2963 922 2992 revocaret.
948 2956 989 3004 (*)
1006 2961 1128 3004 Atque
1145 2970 1206 2992 ex-

221 3058 262 3095 (*)
279 3058 326 3088 lta
349 3056 432 3086 enim
468 3057 562 3087 verba
581 3057 768 3093 Quintiliani
791 3057 991 3096 intelligenda
1012 3067 1078 3089 esse
1109 3060 1206 3099 patet.

176 3105 296 3135 conti-a
310 3105 508 3142 Bonamyus,
526 3112 625 3141 quum
654 3106 780 3135 Senecae
799 3104 904 3134 locum
934 3104 973 3135 de
990 3105 1164 3137 combustis
1191 3115 1208 3136 a

176 3150 345 3189 Timagene
359 3149 495 3180 historiis
518 3158 612 3194 prave
633 3150 803 3188 accepisset
824 3160 830 3180 :
848 3163 862 3175 «
881 3153 918 3181 Je
932 3159 970 3181 ne
985 3151 1063 3189 sais,
1086 3152 1206 3191 inquit,

176 3197 201 3226 si
222 3197 250 3226 la
265 3196 420 3234 muniere,
440 3196 518 3226 dont
543 3197 628 3235 pai-le
651 3196 796 3235 seneque
812 3196 851 3227 de
874 3197 904 3227 la
926 3197 1127 3228 combustion
1153 3198 1208 3229 des

177 3242 270 3272 ecrits
283 3241 321 3272 de
337 3242 539 3279 Timagenes,
565 3251 603 3271 ne
616 3241 770 3272 demande
790 3251 845 3281 pas
857 3243 995 3282 quelque
1011 3244 1206 3283 restrictum,

177 3290 207 3318 et
221 3287 269 3318 s'il
284 3288 347 3318 n'ax
357 3289 396 3319 ait
415 3298 468 3328 pas
484 3289 534 3319 fait
554 3290 644 3325 grac«-
658 3289 674 3318 a
692 3288 932 3328 ‹pielques-uus.
946 3291 990 3320 Cr
1007 3289 1121 3329 qu'ihv
1134 3299 1150 3320 a
1168 3291 1207 3320 de

1068 137 1347 178 TIMAGENJS
1367 114 1370 115 ⁷

1254 225 1418 260 celluisse
1438 224 1675 269 Timagenem
1698 222 1919 268 eloquentiae
1937 227 2126 256 venustate
2157 232 2199 255 ex
2222 221 2282 264 iis,

1254 295 1335 329 quae
1347 294 1457 329 supra
1469 281 1670 324 attulimus,
1687 280 1922 326 perspicitur.
1936 279 2156 313 Eruditione
2172 279 2282 312 etiam

1253 353 1330 374 non
1362 339 1522 374 caruerit
1545 350 1553 372 :
1582 339 1797 384 Timagenes
1813 345 1852 371 et
1872 338 2067 382 diligentia
2089 337 2234 370 Groecns
2249 343 2288 369 et

1251 408 1416 431 sermone
1447 395 1528 429 lzoec
1558 408 1642 442 (luce
1667 396 1729 429 diu,
1756 402 1838 428 sunt
1866 398 2036 441 ignorata
2067 394 2215 439 collegit
2236 404 2284 426 ea:

1214 459 1217 462 '
1253 454 1517 501 multiplicibus
1538 454 1638 487 libris
1656 452 1724 500 (fr.
1749 453 1808 499 7).
1830 452 1963 488 Fidem
1981 463 2071 486 vero
2098 451 2286 485 narratio—-

1254 513 1309 547 nis
1341 523 1462 557 neque
1502 517 1754 558 exspectamus
1798 521 1920 556 neque
1962 509 2177 556 reperimus.
2227 508 2286 543 Sic

1254 570 1384 617 fragm.
1410 568 1429 603 5
1447 580 1642 603 numerum
1661 580 1838 602 caesorum
1855 573 1965 613 auget
1986 567 2025 600 in
2044 567 2282 600 immensum:

1256 635 1292 662 et
1321 627 1453 674 fragm.
1493 639 1507 660 1
1543 626 1771 661 Clitarchum
1796 632 1941 660 secutus
1973 625 2114 671 insigne
2142 623 2288 670 profert

1257 685 1506 720 mendacium.
1527 686 1649 729 Atque
1678 684 1754 717 haec
1781 683 1931 729 quidem
1957 681 2177 728 imputanda
2203 688 2288 716 sunt

1256 743 1408 778 rhetori.
1431 741 1537 777 Haud
1552 742 1735 775 minorem
1752 742 1791 774 in
1806 740 1977 774 historias
1989 741 2064 774 vim
2081 740 2290 774 exercuerit

1254 801 1444 847 scriptoris
1460 801 1588 847 lingua
1604 799 1712 832 acida
1723 825 1732 842 ,
1748 801 1858 832 nimis
1877 798 1992 832 libera
2003 824 2012 841 ,
2048 798 2210 844 improbe
2233 799 2290 832 di-

1255 871 1341 892 cax.
1377 859 1478 904 Huc,
1512 857 1661 904 opinor,
1695 857 1908 903 pertinent,
1939 867 2020 901 quae
2052 867 2187 901 parum
2213 855 2287 890 ho-

1255 922 1357 950 nesta
1388 916 1553 950 narravit
1578 914 1622 949 de
1647 914 1894 960 Theophane,
1928 913 2097 959 Pompeii
2120 912 2290 948 familiari

1263 974 1580 1019 consiliorumque
1595 971 1778 1017 adjutore.
1800 971 1962 1005 Omnino
1981 971 2078 1005 enim
2094 970 2290 1017 probabile

1257 1039 1310 1065 est
1334 1032 1386 1065 uti
1406 1032 1573 1066 Asinium
1603 1030 1833 1075 Pollionem,
1854 1029 1903 1062 sic
1925 1029 2034 1063 etiam
2054 1029 2289 1076 Timagenem

1257 1090 1569 1136 Pompeianorum
1594 1087 1845 1122 adversarium
1873 1086 1979 1120 fuisse
2002 1085 2066 1133 (de
2092 1087 2220 1122 Asinio
2245 1087 2286 1122 P.

1256 1160 1292 1182 v,
1306 1147 1516 1183 Thorbeck.
1534 1159 1572 1193 p.
1587 1150 1648 1188 40.
1666 1144 1712 1180 55
1724 1142 1748 1194 ).
1765 1145 1959 1191 Perplaeet
1970 1144 2127 1190 denique
2141 1145 2292 1179 Schwa—

1257 1206 1306 1240 bii
1329 1206 1407 1253 (De
1426 1206 1533 1241 Livio
1555 1212 1591 1240 et
1623 1205 1839 1251 Timagene,
1866 1203 2104 1237 historiarum
2125 1204 2289 1249 scripto-

1259 1264 1360 1298 ribus
1375 1291 1383 1307 ,
1412 1264 1563 1300 aemulis,
1598 1264 1789 1309 Program,
1811 1261 1929 1297 schol.
1955 1262 2146 1308 Stuttgart.
2170 1260 2286 1308 1834)

1259 1313 1491 1366 conjectura,
1511 1333 1555 1355 ex
1582 1332 1654 1366 qua
1680 1320 1805 1354 Livius
1825 1318 1922 1367 (IX,
1950 1317 2013 1366 19)
2040 1319 2161 1353 verbis
2191 1319 2291 1353 levis-

1257 1383 1345 1413 simi
1361 1392 1409 1413 eoe
1428 1380 1568 1414 Groecis
1577 1391 1694 1413 unum
1711 1379 1739 1412 T
1744 1379 1945 1425 imagenem
1968 1384 2134 1411 nostrum
2164 1383 2294 1411 notare

1259 1439 1418 1472 voluerit
1440 1436 1500 1485 (⁴¹).

1259 1530 1391 1566 certain,
1407 1530 1453 1559 est
1473 1536 1545 1567 que,
1563 1527 1611 1558 s’il
1625 1528 1670 1558 les
1689 1527 1779 1557 bruta
1799 1528 1890 1564 tous,
1909 1526 1928 1556 11
1940 1525 2089 1564 s'oeeupa
2112 1525 2240 1564 lorsque
2255 1533 2289 1556 sa

1259 1577 1362 1607 colere
1379 1577 1427 1606 tut
1451 1575 1558 1614 passee
1569 1598 1577 1612 ‚
1594 1575 1611 1605 a
1626 1574 1752 1613 reparer
1765 1575 1847 1604 cette
1861 1574 1959 1612 perte.
1976 1571 2182 1609 Quinctilien,
2195 1571 2250 1610 qui
2265 1572 2294 1602 le

1260 1624 1324 1653 met
1336 1630 1374 1651 au
1389 1620 1521 1651 nombre
1537 1620 1595 1651 des
1605 1621 1676 1660 plus
1689 1620 1816 1650 sameux
1829 1618 1997 1650 historiens
2006 1642 2014 1657 ,
2026 1618 2055 1648 le
2069 1618 2139 1648 loue
2154 1617 2194 1648 de
2204 1617 2296 1648 s'etre

1259 1675 1374 1698 encore
1390 1667 1537 1707 applique
1549 1666 1566 1697 a
1580 1666 1679 1697 eci-ire
1695 1666 1861 1702 rhistoire,
1879 1665 1981 1704 apres
1994 1666 2090 1695 avoir
2103 1663 2191 1694 cesse
2203 1663 2298 1704 quel-

1264 1722 1327 1752 que
1356 1717 1463 1753 temps
1480 1713 1520 1744 de
1538 1713 1568 1744 Ie
1585 1712 1825 1751 saiz·e.»Recte
1852 1720 1928 1742 vero
1953 1711 2202 1742 santo-Crucius
2231 1710 2253 1740 1.
2271 1710 2294 1740 1.

1261 1768 1280 1797 p
1302 1764 1337 1790 55
1351 1772 1357 1787 ι
1372 1759 1592 1798 Timczyene...
1609 1767 1673 1799 que
1690 1759 1877 1795 Quintilian
1892 1757 2037 1796 reqarde
2047 1765 2171 1789 comme
2182 1757 2212 1788 le
2225 1764 2295 1788 res-

1266 1807 1451 1836 tam-atem·
1465 1805 1504 1836 de
1522 1805 1701 1836 I’lnstoire..
1721 1805 1770 1835 Cf.
1788 1804 1882 1835 Ulrict
1901 1804 2063 1835 Cliaract.
2093 1803 2126 1834 d.
2141 1803 2205 1834 alt.
2231 1804 2293 1833 Hb-

1260 1854 1417 1891 siorioqr.
1431 1861 1459 1891 p.
1479 1856 1531 1882 65,
1546 1852 1712 1882 Clintonus
1725 1851 1757 1881 in
1774 1853 1809 1882 F.
1826 1852 1865 1882 H.
1890 1852 1970 1881 tom.
1989 1852 2050 1889 111,
2066 1859 2096 1889 p.
2113 1851 2173 1881 624
2191 1849 2222 1880 in
2234 1851 2296 1880 Bo-

1261 1899 1365 1938 namyi
1382 1898 1593 1937 explicatione
1605 1921 1613 1935 ,
1639 1897 1726 1936 quod
1743 1897 1852 1935 miror,
1871 1896 2045 1936 acquievit.
2066 1896 2157 1927 Unde
2177 1896 2297 1926 factum

1262 1947 1326 1983 est,
1342 1947 1377 1975 ut
1392 1947 1594 1983 Timagenem
1618 1944 1791 1983 sophistam
1805 1967 1813 1982 ,
1828 1943 1883 1982 qui
1899 1943 2029 1982 Augusti
2046 1943 2145 1982 gratia
2158 1942 2295 1978 excidit,

1261 1990 1420 2021 diversum
1435 2000 1501 2022 esse
1517 1991 1663 2030 opinetur
1684 1999 1702 2020 a
1716 1990 1884 2029 Timagene
1911 1989 2062 2020 historico
2082 1989 2174 2028 cujus
2189 1997 2294 2028 super-

1262 2040 1333 2068 sunt
1352 2038 1537 2077 fragmenta.

1306 2086 1347 2122 (¹¹)
1364 2084 1470 2115 Livius
1487 2085 1541 2120 ΙΧ,
1563 2092 1591 2115 e.
1620 2087 1655 2114 16
1673 2085 1753 2114 extr.
1773 2081 1985 2113 laudationem
2005 2082 2119 2122 Papirii
2149 2082 2297 2113 Cui-soris

1263 2130 1346 2161 hisce
1360 2130 1480 2161 claudit
1494 2130 1596 2161 verbis
1615 2142 1622 2160 :
1640 2131 1727 2166 Quin
1750 2138 1825 2160 eum
1838 2138 1960 2168 parem
1976 2129 2153 2160 destinant
2167 2130 2297 2159 animis

1265 2179 1387 2216 Maqno
1403 2176 1599 2208 Alexandro
1614 2176 1748 2213 ducem,
1763 2177 1793 2206 si
1809 2184 1924 2212 arina,
1944 2177 2023 2206 Asia
2041 2175 2245 2214 perdomita,
2261 2177 2298 2206 iu

1268 2226 1442 2263 Europam
1458 2224 1624 2253 vertisset.
1641 2221 1760 2252 Deinde
1772 2230 1846 2252 vero
1862 2230 1928 2260 cap.
1950 2224 1983 2252 17
2002 2230 2154 2252 excusans
2167 2229 2199 2252 se
2213 2221 2299 2260 quod

1263 2272 1375 2301 contra
1400 2278 1523 2300 morem
1547 2278 1564 2299 a
1587 2277 1693 2299 rerum
1710 2268 1819 2298 ordine
1837 2267 2027 2305 declinaret,
2045 2276 2189 2307 quaerere
2209 2268 2297 2299 insti-

1264 2317 1335 2355 tuit,
1352 2319 1494 2357 quinam
1507 2318 1646 2347 eventus
1662 2317 1820 2346 Romanis
1838 2315 1949 2350 rebus,
1961 2317 1990 2345 si
2009 2323 2086 2345 cum
2101 2314 2301 2345 Alexandro

1265 2362 1353 2394 foret
1374 2363 1558 2399 bellatum,
1575 2361 1723 2400 futurus
1740 2359 1867 2400 fuerit.
1897 2373 1909 2385 α
1932 2362 1969 2391 Et
1987 2360 2152 2391 exordium
2169 2360 2297 2398 quidem

1265 2409 1357 2448 liujus
1373 2409 1557 2448 quaestionis
1568 2432 1575 2446 ,
1588 2407 1774 2439 seim-abins
1791 2407 1892 2446 inquit
1903 2431 1912 2445 ,
1932 2407 2007 2438 satis
2021 2407 2089 2437 lene
2105 2408 2136 2437 et
2149 2406 2298 2438 modera-

1264 2457 1332 2486 tum
1353 2455 1451 2486 videri
1468 2456 1588 2494 potest,
1603 2453 1704 2484 donee
1717 2462 1757 2484 ex
1774 2452 1947 2491 improviso
1961 2452 2137 2491 prorumpit
2152 2452 2246 2482 ardor
2267 2455 2300 2484 et

1264 2501 1457 2541 perturbatio
1468 2500 1614 2540 quaedam
1629 2499 1753 2537 mentis,
1769 2508 1788 2529 a
1811 2498 2041 2538 tranquillitate
2057 2498 2167 2536 animi,
2183 2498 2298 2538 dignis-

1264 2549 1343 2579 sima
1358 2556 1463 2578 rerum
1489 2546 1639 2585 scriptore
1650 2569 1696 2584 ,...
1724 2553 1850 2584 prorsus
1878 2544 2062 2575 abhorrens.
2093 2545 2201 2582 Neque
2223 2544 2300 2575 alias

1266 2595 1371 2625 Livius
1384 2602 1485 2633 neque
1493 2601 1624 2624 narrans
1638 2600 1741 2631 neque
1750 2591 1909 2630 judicans,
1925 2591 1982 2621 nisi
1997 2591 2050 2621 ubi
2063 2590 2158 2621 verba
2171 2599 2211 2621 ex
2221 2591 2299 2621 alio-

1267 2651 1337 2672 rum
1359 2650 1412 2671 ore
1426 2643 1522 2680 atque
1542 2639 1647 2670 animo
1666 2638 1852 2678 proterenda
1866 2639 1957 2674 sunt,
1974 2640 2040 2668 tam
2055 2645 2087 2668 se
2103 2638 2299 2667 commotum

1266 2690 1296 2719 et
1307 2688 1353 2717 sui
1368 2695 1480 2726 parum
1494 2688 1674 2725 compotem
1688 2684 1838 2715 ostendit.
1853 2683 1971 2715 Deinde
1983 2685 2150 2723 postquam
2164 2683 2299 2714 Alexan·

1266 2733 1525 2766 ‹trum-‘lomnibus
1551 2732 1652 2763 modis
1675 2731 1853 2770 deprimere
1875 2732 1906 2761 et
1922 2731 2016 2763 vilem
2041 2731 2143 2760 facere
2167 2733 2300 2761 conatus

1266 2784 1310 2813 cst
1321 2806 1331 2820 ,
1345 2781 1436 2820 plane
1449 2781 1601 2818 tanquam
1616 2778 1782 2810 aeinulzim
1800 2778 1936 2817 aliquem
1953 2776 2093 2815 ejusdem
2121 2776 2200 2815 regis
2212 2776 2298 2816 prin-

1266 2830 1386 2867 cipem,
1401 2826 1451 2857 cui
1467 2826 1531 2865 ipse
1554 2825 1680 2856 favebat
1704 2824 1824 2862 Livius,
1840 2823 1941 2854 oculis
1962 2822 2026 2853 suis
2051 2821 2226 2860 subjectum
2256 2821 2298 2852 in-

1267 2876 1405 2912 tueatur,
1423 2882 1462 2903 ue
1477 2881 1494 2901 a
1511 2870 1660 2901 conviciis
1674 2869 1802 2909 quidem
1824 2869 1882 2900 sibi
1902 2869 2056 2907 temperat
2074 2867 2105 2898 in
2122 2867 2158 2898 iis
2174 2867 2298 2907 verbis,

1266 2929 1338 2960 quae
1355 2944 1376 2951 ..
1392 2927 1479 2958 paene
1494 2919 1612 2957 integra
1633 2916 1818 2956 apponimus
1839 2925 1846 2945 z
1867 2917 1923 2953 (C.
1943 2915 1997 2953 17)
2017 2914 2206 2950 Mintur-ia,
2237 2914 2298 2953 ait,

1268 2975 1368 3006 opera
1381 2964 1566 3005 pziqnando
1579 2964 1715 2994 obeunti
1731 2961 1950 2993 Alexandro..
1973 2962 2123 2991 cessisset
2142 2960 2302 2992 videlicet

1269 3015 1304 3043 in
1316 3014 1387 3043 acie
1399 3011 1534 3041 oblatus
1544 3018 1615 3049 par
1632 3010 1704 3040 Mn.
1722 3009 1955 3048 Torquatus‚..
1972 3007 2148 3037 cessissent
2171 3007 2298 3045 Decii..‚

1268 3060 1416 3090 cessisset
1435 3058 1597 3096 Papirius
1610 3057 1745 3093 Cursor,
1762 3054 1823 3086 illo
1835 3054 1984 3093 corporis
1999 3051 2129 3089 robore,
2144 3051 2205 3083 illo
2219 3054 2299 3083 ani-

1267 3107 1314 3137 mi
1328 3108 1339 3136 ,⁴
1350 3106 1457 3136 victus
1470 3105 1554 3135 esset
1565 3101 1855 3140 consiliisjuvem's
1868 3101 1973 3131 unius
1986 3100 2124 3130 senatus
2138 3098 2198 3129 ille
2211 3100 2299 3129 etc...

1268 3153 1326 3192 (C.
1352 3152 1419 3189 18.)
1446 3149 1583 3189 Referre
1613 3151 1650 3180 in
1685 3149 1781 3179 tanto
1808 3154 1883 3185 roqe
1901 3146 1994 3185 piqet
2018 3143 2201 3184 superbam
2223 3152 2299 3175 mu-

1270 3201 1433 3231 tationem
1444 3205 1499 3228 ves
1506 3198 1560 3231 tis,
1569 3198 1628 3227 etc.
1636 3217 1656 3225 ..
1673 3194 1796 3231 Quidsi
1808 3194 1879 3224 vini
1893 3200 1988 3223 amor
1997 3193 2032 3222 in
2042 3191 2111 3222 dies
2119 3192 2297 3222 acriore...

1271 3245 1310 3277 ld
1327 3253 1405 3276 vero
1424 3243 1615 3283 periculum
1629 3243 1705 3272 erat
1720 3239 1813 3281 quod
1843 3246 1997 3269 LEvlsslMl
2015 3246 2055 3267 ex
2073 3239 2221 3274 Gumis,
2238 3238 2299 3277 qui

1271 3290 1479 3322 Parthorum
1496 3289 1754 3329 quoquecontra
1774 3293 1891 3317 nomen
1905 3287 2091 3315 Romanum
2102 3283 2221 3322 qlortoe
2236 3282 2298 3322 fa-
