2338 3765
970 158 1298 197 FRAGMENTA.
2124 174 2193 202 4.·,5

75 241 128 287 αἶς
142 245 246 282 ἔδωκε
260 243 320 286 τὰς
333 243 539 294 κληρουχίας
552 246 569 280 ὁ
586 242 699 294 πατὴρ
712 259 814 280 αυτου
829 258 886 279 και
902 243 1095 293 οἰκιστὴς(”“
1099 245 1107 293 )
1139 246 1141 260 ²

75 302 207 352 ἐγένετο
238 304 303 339 τῶν
332 302 481 350 πόλεων,
507 304 552 344 ὡς
578 302 780 372 ἀναμνήσας
810 317 885 343 τους
914 301 1109 352 ἀνθρώπους

75 362 142 396 τῶν
161 359 287 396 ἐκείνου
305 360 518 429 εὐεργεσιων,
536 375 594 395 και
615 358 815 408 ὀδυρόμενος
832 358 969 409 περιὼν
985 358 1108 400 ἐκεῖνός

75 432 111 453 τε
140 416 243 453 ἔπαθε
270 415 329 452 καὶ
361 415 460 458 αὐτὸς
495 415 609 466 πάσχε
596 431 645 457 .,ι
674 414 776 452 λάὸοι
800 414 941 465 βοηθους
969 415 1106 460 τούσδε,

74 474 132 510 καὶ
149 473 338 525 χρημάτων
362 473 453 510 δόσει
469 473 737 523 προσαγάγοιτο.
794 475 906 511 Τοῦτο
925 471 991 524 γὰρ
1013 475 1106 523 αὐτῷ

76 531 176 580 μόνον
199 531 257 569 καὶ
283 531 435 582 ἀσφαλὲς
463 530 538 580 ἅμα
563 546 621 567 και
645 530 799 567 εὔκλειαν
822 529 975 580 μεγάλην
999 530 1105 579 παρέ-

72 588 152 639 ξειν,
179 588 421 626 ἀνασώσεσθαί
445 604 481 625 τε
507 587 566 625 καὶ
591 588 629 624 τὸ
658 591 716 625 τοῦ
737 587 828 625 οἴκου
854 587 993 638 κράτος·
1018 586 1106 624 πολυ

70 646 135 698 γὰρ
162 647 300 696 ἄμεινον
318 650 404 683 εἶναι
430 646 488 683 καὶ
516 647 726 697 δικαιότερον
757 645 889 695 μᾶλλόν
909 661 973 697 περ
993 644 1014 691 ἢ
1042 645 1106 682 ὑπὸ

70 707 136 741 τῶν
165 703 271 753 μηδὲν
291 703 533 756 προσηκόντων
558 702 828 755 περιωθούμενον
859 705 918 748 τῆς
943 702 1107 755 πατρῴας

70 777 171 807 τιμης
188 761 237 798 ἔτι
254 777 312 798 και
332 762 531 813 προσαπολέ
517 763 646 798 eoeat'
628 761 762 810 ανόμως
780 777 814 798 τε
836 776 893 798 και
914 759 1058 806 ἀδίκως,
1070 761 1105 797 ὃν

68 819 192 871 τρόπον
213 819 270 856 καὶ
290 821 308 856 ὃ
326 818 456 869 πατήρ.
489 821 613 857 Ταυτα
636 818 907 868 βουλευσάμενος
933 817 1020 867 μετὰ
1038 821 1105 855 τῶν

70 877 189 929 φίλων,
203 876 261 914 καὶ
279 880 363 919 θεοῖς
373 876 476 919 θύσας
490 875 597 927 τύχης
616 879 745 926 ἀγαθῆς
758 876 997 927 συλλήπτορας
1012 877 1104 928 αὖτῳ

68 935 226 985 γενέσθαι
254 934 387 977 δικαίας
406 950 464 972 και
492 936 648 977 εὐκλεοῦς
678 934 873 984 ἐλπίδος,”
850 949 1026 984 (Ιρμησεν,
1043 936 1104 972 οὐκ

69 993 166 1042 ὀλίγα
188 992 428 1044 ἐπιφερόμενος
446 991 634 1043 χρήματα,
652 993 698 1034 εἷς
716 991 931 1041 Καμπανίαν
950 994 1101 1042 πρῶτον·

68 1052 109 1100 l
94 1067 133 1096 ην
153 1050 219 1101 γὰρ
233 1051 305 1087 ἐκεῖ
319 1053 391 1095 ἠ4
366 1051 391 1099 (4
395 1050 429 1100 )]
451 1049 580 1098 ἓὸδόμη
598 1049 724 1099 λεγεὼν
741 1048 801 1086 καὶ
826 1051 847 1094 ἠ
868 1048 970 1099 ὀγδόη
1000 1048 1104 1096 (οὕτω

68 1108 133 1159 γὰρ
153 1107 214 1154 τὴν
235 1108 392 1151 σύνταξιν
410 1109 554 1145 καλοῦσι
567 1107 776 1157 Ῥωμαῖοι).
798 1109 1085 1157 Διαπειρᾶσθαι
1067 1107 1102 1145 οὲ

67 1166 229 1218 πρότερον
257 1165 366 1203 ἐδόκει
392 1181 519 1217 χρηναι
548 1168 608 1211 τ’ἧς
627 1165 792 1214 ἓὸδόμης·
815 1165 950 1215 (μεῖζόν
981 1179 1017 1201 τε
1035 1165 1101 1216 γὰρ

67 1223 105 1264 ἀξ
110 1224 201 1271 ίωυ.α
204 1225 259 1273 *)·
273 1223 460 1269 ἐνδοθείσης
473 1222 507 1259 δε
519 1222 717 1268 ταύτηςτης
734 1222 902 1267 ἀποικίας,
915 1222 972 1259 καὶ
986 1223 1100 1260 αλλων

67 1283 200 1318 πολλῶν
212 1281 515 1327 συνεληλυθότων*
519 1282 578 1330 (5
581 1282 608 1330 ).
624 1281 695 1319 Καὶ
708 1296 816 1318 ταυτα
832 1282 924 1317 αὐτ-(Ν)
941 1281 1100 1331 βουλευο-

68 1339 159 1390 μένῳ
176 1339 234 1376 καὶ
257 1341 326 1382 τοῖς
348 1337 463 1381 ἄλλοις
481 1338 653 1376 συνεδόκει
672 1337 779 1390 φίλοις
792 1367 802 1384 ,
825 1337 856 1375 οἳ
870 1340 1027 1388 μετεῖχον
1041 1354 1102 1381 της

65 1397 244 1448 σ-ρατείας
260 1399 326 1434 τῶν
348 1412 383 1433 τε
406 1396 492 1444 μετὰ
509 1412 619 1433 ταυτα
639 1396 869 1446 πραγμάτων.
926 1390 1043 1435 ΝΗσαν
1066 1395 1100 1433 δὲ

66 1458 175 1501 οὗτοι,
196 1455 337 1506 Μάρκος
358 1454 566 1506 Αγρίππας,
595 1454 738 1496 Λεύκιος
760 1453 936 1500 Μικήνας,
960 1454 1102 1497 Κόϊντος

65 1511 262 1558 Ιουέντιος,
281 1512 422 1564 Μάρκος
437 1512 625 1556 Μοδιάλιος
639 1529 697 1550 και
714 1512 857 1554 Λεύκιος
875 1513 903 1561 (6
888 1514 929 1561 6)
950 1511 1100 1550 Είποντο

65 1568 98 1606 δὲ
112 1571 204 1621 αὐτῷ
222 1586 281 1607 και
296 1570 424 1607 ἄλλοι
409 1569 572 1620 ηγεμόνες
586 1585 644 1607 και
659 1572 868 1620 στρατιῶται
879 1585 937 1606 και
952 1572 1095 1607 ἑκατον-

63 1627 215 1678 τάρχαι,
234 1627 291 1665 καὶ
313 1628 451 1664 οἰκετῶν
468 1628 595 1672 πληθος
614 1626 702 1678 [και]
728 1626 917 1676 υποζυγίων
936 1628 966 1676 (7
951 1630 978 1676 7)
1000 1627 1042 1664 τά
1060 1643 1097 1664 τε

63 1685 228 1736 χρήματα
255 1684 464 1734 κομιζόντων
485 1685 544 1722 καὶ
563 1685 623 1727 τὰς
641 1685 748 1727 αλλας
777 1684 982 1727 ἀποσκευάς.
1039 1687 1095 1737 Ἱῇ

65 1758 168 1793 μητρι
186 1743 214 1780 δ’
236 1759 297 1780 ουκ
315 1742 422 1780 ἐδόκει
439 1741 500 1788 τὴν
518 1741 659 1793 γνώμην
678 1744 815 1789 δηλουν,
834 1742 882 1792 μὴ
909 1743 975 1779 υπὸ
997 1743 1095 1794 φιλο-

64 1800 221 1852 στοργίας
241 1801 314 1849 ἅμα
331 1817 389 1838 και
409 1803 488 1838 ἀσθε
476 1801 603 1849 ενείας,
634 1795 688 1838 οἶα
710 1800 795 1850 γυνή
821 1816 857 1838 τε
880 1800 938 1837 καὶ
958 1800 1095 1851 μήτηρ,

68 1859 265 1909 μεγάλαις’
251 1860 414 1902 επινοίαις
442 1859 607 1933 ἐμποδοῖψ
623 1860 764 1909 γένοιτο
824 1857 952 1909 Ἔλεγε
974 1859 1016 1908 μὲ
1003 1875 1036 1895 ν
1062 1875 1100 1896 εκ

65 1921 125 1954 τοῦ
143 1933 309 1969 φανερου,
333 1917 422 1967 (ὅτι)
449 1918 504 1954 ἐπὶ
530 1917 572 1954 τὰ
593 1933 625 1954 εν
648 1917 843 1969 Καμπανίᾳ
861 1918 1009 1968 βαδιζειν
1031 1919 1097 1954 τῶν

66 1974 238 2027 πατρῴων
257 1976 462 2027 χρημάτων,
481 1978 525 2017 ὡς
542 1978 684 2012 κάκεῖνα
706 1975 915 2024 ἀποδόμενος
933 1975 1101 2025 ἀθροίσειέ

65 2033 93 2070 τ’
124 2033 282 2084 ἀργύριον
303 2033 362 2071 καὶ
388 2036 416 2071 εἶ
420 2050 434 2076 ς
461 2033 482 2070 ἃ
506 2033 710 2084 προσέταξεν
744 2036 761 2070 ὃ
783 2033 898 2084 πατὴρ
921 2034 1095 2071 ἀναλοιεν.

64 2090 156 2128 Αλλ’
181 2094 198 2128 ὃ
217 2091 277 2140 μὲν
295 2107 332 2129 ου
350 2092 440 2128 πάνυ
459 2107 491 2128 τι
518 2091 641 2128 πείθων
661 2091 766 2137 αὐτὴν
786 2093 841 2128 ἀνε
835 2091 950 2135 ζευξε.
1011 2092 1099 2129 Ίότε

64 2149 99 2186 δὲ
116 2150 257 2201 Μάρκος
273 2152 419 2200 Βροῦτος
434 2150 493 2187 καὶ
510 2150 612 2192 Γάϊος
630 2150 812 2191 Κάσσιος
798 2149 854 2187 επὶ
867 2149 1097 2199 Atxoetotpytotv

65 2211 173 2253 ἦσαν·
189 2208 247 2244 καὶ
268 2208 452 2256 πυθόμενοι
472 2207 509 2245 τὸ
528 2210 656 2250 πλῆθος
678 2210 745 2244 τῶν
764 2210 803 2245 ἐκ
820 2207 962 2256 Ῥώμης
983 2208 1079 2251 συνεξ
1083 2231 1097 2236 ·

65 2265 279 2311 εληλυθότων
304 2266 479 2315 Καίσαρι,
503 2266 562 2302 καὶ
587 2268 655 2302 τῶν
681 2265 870 2322 ἀγγέλων
856 2266 912 2302 επί
931 2281 963 2302 τι
985 2267 1097 2314 μειζον

65 2327 173 2361 ταῦτα
194 2323 440 2373 διηγουμένων,
460 2328 515 2361 οἷα
536 2325 628 2376 φιλεῖ
646 2323 820 2374 γίνεσθαι,
842 2323 1097 2396 συνεταράχθη-

65 2397 128 2419 σαν
149 2383 206 2419 καὶ
231 2384 264 2419 ἐν
293 2384 434 2434 μεγάλῳ
461 2383 597 2432 δείματι
625 2387 726 2429 ἠσαν,
756 2382 903 2432 οἰόμενοι
930 2382 985 2419 επὶ
1014 2389 1099 2433 σφᾶς

64 2443 151 2476 εἰναι
184 2439 246 2484 τὴν
276 2438 401 2483 ἔξοδον.
462 2439 533 2478 Καὶ
562 2439 722 2491 φεύγουσι
749 2439 804 2476 διὰ
835 2442 895 2483 τῆς
924 2439 1100 2489 Ἀδριανης

64 2497 245 2542 θαλάττης.
303 2496 374 2535 Και
392 2500 558 2548 Βρουτος
554 2497 614 2535 υιὲν
630 2499 675 2540 εἰς
693 2494 835 2548 Ἀχαίαν
852 2501 930 2543 ἧκε,
948 2496 1099 2539 Κάσσιος

63 2554 92 2591 δ
111 2555 156 2596 εἷς
174 2553 303 2604 Συρίαν
328 2557 358 2603 (8
360 2558 386 2603 ).
407 2557 545 2606 Καῖσαρ
566 2556 600 2592 δὲ
619 2558 680 2600 τῆς
698 2553 910 2603 Καμπανίας
934 2555 980 2596 εἷς
999 2555 1094 2591 Καλ-

67 2612 184 2649 λατίαν
204 2611 321 2658 ἐλθὼν,
341 2612 497 2656 ἐδέξαντο
525 2616 565 2661 (9)
591 2613 710 2661 αὐτὸν,
731 2615 775 2655 ὡς
793 2611 972 2663 εὐεργέτου
991 2613 1098 2649 παῖδα

63 2671 120 2707 καὶ
140 2670 195 2707 διὰ
212 2670 378 2716 πλείστης
405 2674 506 2720 τιμ-Νης
528 2675 622 2722 ἠγον.
680 2672 751 2709 Καὶ
767 2674 809 2721 τῇ
834 2670 997 2722 ὑστεραία
1017 2670 1098 2720 ἐγύ-

64 2744 147 2776 μνου
163 2729 219 2766 τὸν
233 2728 346 2765 πάντα
364 2728 462 2779 λόγον
482 2730 612 2775 αυτοῖς,
629 2729 686 2765 καὶ
700 2728 889 2779 παρεκάλει
904 2743 979 2769 τους
994 2743 1096 2778 στρα-

65 2787 207 2833 τιώτας,
230 2790 274 2830 ὡς
303 2786 427 2829 ἀδίκως
446 2787 505 2824 καὶ
526 2790 543 2824 ὃ
573 2786 691 2838 πατὴρ
719 2787 885 2824 ἀποθάνοι
914 2786 972 2822 καὶ
1000 2785 1098 2827 αὐτὸς

64 2845 328 2883 επιὸουλεύοιτο.
388 2847 510 2883 Ταυτα
533 2846 688 2894 λέγοντος
707 2847 736 2882 οἱ
762 2845 822 2893 μὲν
840 2860 878 2881 εκ
894 2860 953 2888 της
972 2845 1097 2893 βουλης

63 2904 99 2938 οὐ
120 2902 233 2939 πάντα
253 2902 446 2950 εἰσήκουον,
468 2905 485 2939 ὁ
511 2902 546 2940 δὲ
568 2904 674 2951 δημος
703 2902 761 2939 καὶ
792 2903 887 2950 μάλα
916 2901 1098 2951 προθύμως

64 2975 121 2996 και
140 2960 277 3007 εὐνόως,
297 2959 356 2997 καὶ
375 2964 492 2998 τοῦτον
512 2959 690 3012 ᾤκτειραν,
709 2959 768 2996 καὶ
792 2958 944 2996 ἐπεὸόων
961 2958 1096 2995 πολλά-

1168 252 1252 289 erat,
1273 254 1306 281 ut
1327 253 1476 284 beneficia
1500 257 1630 287 Caesaris
1645 258 1763 288 colonis
1779 259 1808 288 in
1827 260 1964 289 mentem
1984 269 2152 297 remeans,
2168 263 2199 290 et

1167 317 1206 348 de
1231 318 1267 349 iis
1286 328 1359 357 quae
1386 320 1437 351 ille
1465 330 1572 360 passus
1594 325 1674 354 essct
1696 325 1727 354 et
1750 324 1814 364 ipse
1838 326 1996 364 pateretur
2026 326 2200 357 lamentans

1167 384 1336 415 auxiliares
1349 387 1529 418 conciliaret
1540 389 1596 419 sibi
1611 398 1668 419 nec
1681 399 1742 421 non
1757 392 1898 430 pecuniae
1912 393 2075 431 largitione
2090 393 2198 432 adjun-

1166 453 1263 490 geret.
1282 454 1349 482 Hoc
1362 453 1447 483 enim
1469 455 1570 485 solum
1593 457 1792 488 securitatem
1815 458 1908 490 simul
1933 462 1964 490 et
1981 460 2096 490 saulam
2118 470 2197 499 pree·

1167 522 1285 552 claram
1317 523 1544 562 praebiturum,
1583 525 1758 566 domusque
1791 529 1963 566 potentiam
2000 533 2199 563 servaturum

1166 597 1260 620 csse:
1286 590 1387 620 multo
1405 591 1464 621 lioc
1481 594 1628 630 praestare
1644 596 1675 625 et
1695 595 1809 633 justius
1831 606 1896 629 esse
1918 608 2013 638 quam
2036 600 2075 630 ab
2091 601 2200 631 alicnis

1167 663 1293 694 prorsus
1304 655 1485 689 hominibus
1497 661 1628 698 paterno
1642 661 1754 700 depelli
1769 664 1904 704 honore,
1916 675 1953 697 ac
1963 667 2090 698 tandem
2105 669 2199 699 ctiam

1166 724 1268 762 perire
1293 726 1403 755 contra
1429 726 1475 756 fas
1500 728 1532 756 et
1557 730 1627 767 jus,
1654 730 1923 767 quemadmodum
1949 736 2071 772 patrem
2093 744 2198 766 suum.

1167 792 1212 821 De
1226 790 1273 821 liis
1287 793 1455 830 postquam
1472 801 1545 823 cum
1563 794 1672 825 amicis
1685 795 1914 829 deliberaverat
1933 808 1970 829 ac
1983 808 2070 830 sacra
2086 801 2203 831 fecerat

1165 858 1223 889 diis
1241 859 1351 889 faustae
1365 859 1524 897 sortunae,
1542 861 1578 891 ut
1594 861 1753 899 adJutores
1770 866 1872 895 essent
1886 866 1949 905 spei
1971 867 2062 905 juste
2085 871 2143 899 οἱ(
2134 869 2200 907 5:l-o

1166 927 1275 966 riosae,
1296 937 1366 964 ma
1359 937 1442 960 nam
1467 930 1532 960 vim
1556 931 1699 970 pecuniae
1715 940 1822 963 secum
1845 934 1946 966 serens
1970 937 2106 974 primum
2126 947 2200 977 pro-

1166 996 1265 1028 fectus
1279 999 1324 1028 est
1340 997 1369 1028 in
1385 998 1610 1037 Campaniam,
1631 999 1684 1029 ubi
1704 1000 1837 1039 septima
1857 1004 1888 1033 et
1911 1005 2023 1035 octava
2037 1016 2053 1035 ι
2057 1008 2103 1037 rat
2123 1008 2202 1046 legio

1165 1066 1222 1104 (sic
1236 1067 1357 1096 certum
1372 1065 1533 1106 quoddam
1544 1075 1656 1105 agmen
1668 1067 1805 1100 militare
1817 1071 1949 1102 Romani
1965 1074 2101 1111 vocant).
2116 1076 2201 1105 Prior

1163 1135 1270 1165 autem
1296 1134 1490 1174 exploranda
1507 1135 1674 1167 videbatur
1697 1137 1775 1176 legio
1798 1139 1949 1178 septima,
1974 1142 2090 1181 quippe
2113 1144 2202 1182 cujus

1164 1211 1193 1232 n.
1196 1202 1262 1240 ajor
1278 1204 1358 1233 esset
1373 1202 1582 1241 existimatio,
1599 1204 1629 1234 et
1642 1204 1770 1243 quando
1785 1204 1853 1236 llaec
1867 1206 1989 1237 colonia
2008 1209 2150 1239 militaris
2163 1211 2201 1240 ad

1164 1269 1269 1308 partes
1285 1276 1358 1298 suas
1370 1268 1570 1305 accessisset,
1585 1270 1616 1299 et
1630 1269 1682 1299 alii
1701 1270 1793 1300 multi
1813 1272 2034 1303 convenissent
2048 1274 2108 1304 ***.
2131 1277 2200 1305 Pro

1163 1333 1279 1365 barunt
1294 1335 1353 1365 hoe
1370 1335 1436 1374 ejus
1448 1335 1615 1366 consilium
1630 1335 1725 1366 etiam
1742 1337 1852 1376 reliqui
1867 1338 1972 1375 amici,
1987 1348 2066 1378 quos
2080 1341 2203 1380 expedi-

1163 1402 1257 1433 tionis
1273 1402 1356 1433 illius
1369 1404 1400 1433 et
1416 1411 1526 1433 eorum
1548 1411 1621 1442 quae
1641 1402 1755 1435 deinde
1769 1404 1863 1443 gessit
1880 1405 1980 1436 socios
1997 1406 2141 1438 habebat
2164 1409 2201 1438 Hi

1162 1478 1238 1499 vero
1252 1469 1342 1499 erant
1356 1470 1481 1499 Marcus
1494 1469 1650 1508 Agrippa,
1666 1469 1783 1500 Lucius
1798 1471 1971 1510 Maecenas,
1990 1471 2127 1508 Quintus
2144 1475 2201 1503 Ju-

1164 1535 1304 1573 ventius,
1329 1537 1454 1566 Marcus
1480 1535 1648 1567 Modialius
1667 1537 1698 1567 et
1720 1536 1848 1568 Lucius.
1872 1537 2114 1569 Comitabautm
2130 1548 2202 1569 eum

1162 1599 1257 1629 etiam
1271 1598 1367 1629 duces
1383 1601 1414 1630 et
1428 1599 1542 1630 milites
1556 1601 1587 1630 et
1604 1600 1805 1630 centuriones
1818 1601 1850 1630 et
1862 1609 2025 1631 servorum
2046 1610 2155 1641 agmen
2171 1604 2202 1633 et

1159 1664 1390 1704 jumentorum,
1407 1674 1479 1704 quae
1496 1665 1645 1705 pecunias
1659 1666 1880 1706 reliquumque
1893 1669 2078 1706 apparatum
2095 1671 2200 1708 porta-

1162 1731 1250 1762 hant.
1272 1733 1420 1762 Ceterum
1435 1731 1529 1761 matri
1543 1732 1709 1762 consilium
1729 1741 1822 1763 suum
1840 1732 1999 1764 declarare
2016 1733 2099 1764 haud
2118 1735 2199 1765 vide-

1163 1799 1268 1837 batur,
1283 1808 1322 1829 ne
1337 1808 1401 1839 prae
1419 1808 1527 1830 amore
1544 1802 1575 1830 et
1589 1799 1804 1830 imbecillitate
1815 1801 1947 1839 ‚utpote
1965 1802 2065 1832 mater
2084 1803 2115 1832 et
2129 1811 2200 1832 mu-

1163 1864 1231 1903 lier,
1248 1864 1369 1903 magnis
1383 1864 1494 1904 coeptis
1508 1866 1588 1895 esset
1604 1864 1841 1904 impedimento.
1859 1865 2068 1896 Profitebatur
2082 1874 2153 1904 ergo
2169 1866 2200 1896 in

1163 1931 1370 1970 Campaniam
1387 1939 1419 1962 se
1435 1930 1611 1970 proficisci,
1627 1931 1662 1961 ut
1677 1930 1813 1961 venditis
1837 1931 1891 1970 qui
1910 1931 1951 1961 ibi
1976 1933 2079 1963 esseut
2096 1931 2201 1963 fundis

1164 1998 1318 2037 paternis,
1336 1999 1501 2037 argentum
1523 1997 1698 2036 colligeret,
1714 1997 1966 2036 collectamque
1959 2006 1989 2028 m
2003 2006 2040 2028 ea
2056 2006 2129 2037 quae
2142 1997 2198 2029 de-

1164 2065 1342 2096 mandasset
1369 2066 1459 2105 pater
1490 2065 1692 2105 expenderet.
1722 2064 1860 2103 Deinde,
1887 2073 2081 2104 quamquam
2103 2066 2199 2096 matri

1164 2140 1225 2161 non
1241 2133 1452 2171 persuaserat,
1467 2130 1526 2161 iter
1541 2131 1763 2169 estingressus
1785 2132 1909 2160 Marcus
1921 2131 2042 2161 Brutus
2058 2132 2090 2160 et
2104 2130 2198 2161 Caius

1163 2197 1304 2235 Cassius,
1322 2196 1377 2236 qui
1390 2197 1467 2227 tunc
1480 2195 1518 2226 ad
1538 2196 1621 2226 Dicat
1614 2195 1765 2225 archiam
1785 2196 1891 2232 erant,
1912 2203 2013 2234 quum
2032 2194 2072 2225 de
2086 2195 2197 2225 multi-

1162 2261 1270 2292 tudine
1287 2269 1396 2292 eorum
1411 2261 1464 2300 qui
1478 2269 1551 2290 cum
1567 2263 1692 2291 Caesare
1708 2262 1806 2291 Roma
1823 2260 1957 2299 profecti
1970 2261 2091 2298 essent,
2111 2268 2198 2290 com-

1162 2327 1332 2367 perissent,
1350 2328 1446 2366 atque
1464 2326 1495 2356 in
1514 2325 1616 2364 majus
1630 2334 1695 2356 rem
1713 2324 1963 2363 nuutii‚uts1eri
1986 2325 2085 2363 solet,
2104 2334 2197 2364 exag-

1160 2394 1338 2432 gerassem,
1362 2392 1481 2423 turbati
1508 2396 1660 2431 metuque
1681 2391 1816 2431 perculsi
1839 2392 1930 2429 sunt,
1955 2392 2102 2430 putantes
2124 2400 2197 2421 eum

1160 2464 1270 2491 contra
1296 2460 1379 2499 ipsos
1403 2459 1637 2498 expeditionem
1667 2458 1836 2497 suscipere.
1865 2458 1975 2496 ltaque
2000 2457 2095 2495 aufug
2086 2456 2194 2487 lentes

1159 2531 1214 2562 per
1227 2531 1314 2553 mare
1327 2521 1521 2553 Adriaticum
1537 2520 1676 2551 Brutus
1670 2529 1699 2550 in
1715 2519 1875 2557 Achaiam,
1891 2518 2015 2550 Cassius
2030 2518 2059 2548 in
2075 2519 2195 2557 Syriam

1159 2595 1191 2617 se
1204 2586 1418 2617 contulerunt.
1440 2587 1545 2616 Caesar
1559 2593 1634 2615 vero
1654 2592 1755 2623 quum
1774 2582 1805 2613 in
1826 2581 1991 2613 Callatiam
2012 2581 2193 2620 Campaniae

1158 2650 1268 2681 urbem
1286 2650 1434 2688 venerat,
1459 2649 1650 2688 excipientes
1669 2657 1740 2679 eum
1767 2649 1801 2677 ut
1829 2646 1929 2677 filium
1944 2645 2172 2676 benefactoris
2166 2654 2196 2675 m

1158 2720 1283 2742 summo
1297 2710 1456 2742 habebant
1475 2711 1605 2740 honore.
1623 2710 1752 2741 Postero
1768 2708 1818 2739 die
1842 2710 1941 2739 totam
1958 2717 2025 2741 rem
2046 2708 2081 2738 ΙΙ5
2100 2715 2194 2746 expo-

1160 2773 1240 2811 suit,
1257 2773 1439 2812 militesque
1454 2771 1696 2802 commonefecit
1712 2779 1810 2810 quam
1825 2770 1939 2808 injuste
1953 2772 1984 2800 et
2004 2778 2032 2808 p
2033 2771 2091 2800 iter
2108 2778 2163 2799 ner
2167 2778 2197 2799 a·

1159 2840 1209 2869 tus
1229 2838 1311 2867 esset
1324 2839 1355 2867 et
1371 2837 1436 2875 ipse
1451 2835 1570 2866 insidiis
1588 2836 1801 2873 appeteiQetur
1821 2835 1896 2863 llaec
1909 2832 2026 2863 dicenti
2039 2833 2197 2862 senatores

1158 2900 1284 2940 quidem
1300 2907 1362 2928 non
1380 2898 1455 2928 satis
1475 2906 1595 2928 morem
1620 2896 1791 2935 gerebant,
1813 2895 1946 2934 populus
1963 2895 2068 2924 autem
2091 2893 2195 2922 animo

1159 2963 1304 3002 prompto
1321 2959 1494 2991 admodum
1512 2960 1543 2989 et
1559 2958 1734 2995 benevolo,
1752 2959 1975 2994 Caesaremque
1995 2954 2131 2984 miserati
2147 2962 2183 2983 ic

66 3073 79 3086 *
99 3071 295 3111 οἰκιστὴς]
315 3072 467 3111 Diibnerg
486 3073 550 3102 οὶκε
554 3071 635 3107 ιότης
651 3071 763 3101 codex.
781 3088 818 3092 —-
835 3073 864 3101 4.
883 3070 924 3107 ἦν
941 3070 1009 3109 γὰρ
1029 3070 1111 3099 ἐκεῖ
1126 3068 1169 3122 ἠγ]
1187 3070 1205 3104 ἡ
1225 3068 1282 3107 γὰρ
1301 3067 1413 3106 ἑὸὂόμη
1432 3065 1543 3096 codex.
1564 3066 1707 3095 Fortasse
1722 3063 1811 3102 plura
1827 3061 2022 3093 exciderunt
2038 3079 2077 3085 --
2092 3064 2119 3090 ὁ
2139 3059 2193 3089 Hi(

65 3126 191 3157 quoque
204 3118 365 3148 turbatum
381 3118 510 3157 aliquid.
532 3120 573 3148 De
587 3126 620 3148 re
636 3117 676 3147 cf.
691 3117 820 3156 Appian
835 3119 889 3151 ΙΙΙ,
905 3119 966 3147 4οε
980 3115 1089 3150 Δείσας
1106 3114 1137 3144 δὲ
1148 3115 1164 3143 ὁ
1178 3116 1298 3152 Καῖσαρ
1316 3113 1356 3152 μή
1372 3111 1447 3150 μετὰ
1459 3113 1600 3167 στρατιᾶς
1614 3110 1785 3140 ἐπαΙεΙΘὼν
1803 3109 1989 3148 ἀφρούρητον
2003 3107 2092 3137 αὐτὸν
2107 3105 2192 3135 Mrem

66 3164 235 3201 (Αντώνιος
243 3165 264 3202 ),
279 3166 421 3204 χρήματα
437 3176 531 3205 φερων
546 3166 570 3194 ε’
565 3177 586 3200 ,ς
601 3164 785 3203 ΚαμπανίαΙ
803 3164 863 3202 ήει,
881 3164 996 3194 πείσων
1009 3163 1062 3196 τὰς
1078 3162 1178 3195 πὸ)ει;
1197 3162 1224 3190 οἱ
1239 3158 1454 3199 <reparassem
1473 3158 1525 3192 τὰς
1542 3168 1602 3187 υπο
1619 3159 1673 3186 τοῦ
1689 3156 1802 3195 πατρὸς
1814 3165 1932 3194 ῳκισμε
1920 3155 1996 3188 ,ζ-νας
2016 3153 2072 3183 Kar
2090 3151 2192 3181 ἔπεισε

68 3211 238 3246 Καλατίαν,
274 3210 323 3241 ἐπὶ
354 3209 381 3240 δ’
400 3211 461 3241 ἐκει
464 3223 499 3250 νῃ
515 3212 695 3248 Κασιλῖνον,
707 3211 760 3240 δύο
776 3209 866 3240 τάσδε
882 3208 1008 3244 Καπύης
1023 3207 1190 3246 ἑκατέρωθε
1193 3213 1225 3236 Ι·
1242 3206 1361 3239 ἐπιδους
1376 3204 1401 3235 6'
1417 3204 1539 3243 ἑκάστῳ
1555 3203 1691 3243 δραχμὰς
1708 3202 1911 3235 πεΙτα-,ιοσίας
1921 3200 1993 3238 ,ἦγε
1997 3210 2039 3228 νε

2043 3209 2092 3236 υ
2094 3208 2192 3236 aptota:

66 3258 171 3295 ὄιΙδροις
185 3258 250 3287 κτλ.
268 3256 469 3294 Velleiusll‚
486 3261 542 3287 61·
535 3255 795 3295 ‚CirmoadAtt
815 3254 1210 3293 Xll,8;Pliilipp.lll,2.
1232 3253 1479 3291 lv‚1.11,3;9
1498 3250 1791 3282 Suetonius-oetam
1814 3253 1868 3285 ¹0;
1893 3248 2050 3277 Ι)Ιο(“ιι55.
2070 3246 2125 3279 ΙΙ),
2145 3249 2189 3273 17

68 3308 145 3332 —st
164 3303 223 3338 Qui
238 3303 277 3333 sit
294 3302 471 3333 Luciusille
482 3303 594 3333 nescio.
616 3304 722 3341 Neque
742 3303 888 3338 Quinlus
905 3302 1072 3331 Juventius
1089 3300 1164 3331 milii
1183 3302 1277 3330 notus
1295 3301 1352 3330 est.
1379 3299 1514 3329 Mmlmlii
1541 3306 1654 3327 nomeu
1675 3298 1858 3333 corruptum
1874 3295 1977 3324 suerit.
1999 3294 2019 3322 Ι
2023 3291 2118 3322 annii
2146 3290 2191 3319 vii

66 3348 163 3387 gentis
179 3349 298 3379 Madian
313 3366 353 3372 —
370 3352 396 3380 7.
414 3351 477 3379 καὶ
497 3351 601 3384 ὐποζ.
612 3348 742 3388 Jaddidi
763 3348 825 3378 καί.
844 3366 880 3369 —
899 3351 927 3379 8
953 3347 1007 3387 δὲ]
1026 3349 1092 3386 post
1113 3347 1247 3381 Κάσσιος
1266 3346 1392 3376 inserui.
1409 3362 1445 3366 —-
1469 3348 1486 3374 9
1521 3345 1564 3374 ἐν
1554 3342 1702 3380 {omoje

1740 3342 1808 3376 ξατο
1824 3341 1891 3370 ‹·.o‹l
1912 3339 2038 3370 sedum
2056 3348 2086 3366 s<
2092 3337 2188 3367 libam
