2289 3728
453 172 948 272 NYMPHIS
1008 175 1157 256 HE

1166 168 1789 260 RACLEOTA.

119 503 248 538 Suidas
270 514 278 538 t
300 500 453 551 Νύμφις,
482 498 702 550 [Νύμφιδος]
732 498 948 549 Ξεναγόρου,
981 499 1090 549 Ἥρα-

64 559 213 604 κλεώτης
239 560 274 595 ἐκ
296 558 445 605 Πόντου,
463 557 643 609 ἱστορικός.
667 557 753 608 Περὶ
787 556 1004 606 Ἀλεξάνδρου
1034 556 1093 592 καὶ

64 619 129 652 τῶν
148 616 324 665 Διαδόχων
341 616 400 652 καὶ
422 615 615 665 Ἐπιγόνων
635 614 751 666 βιῧλία
771 615 842 660 κδ’,
862 614 949 664 Περὶ
979 614 1090 666 Ἡρα-

63 674 174 716 κλείας
196 673 313 722 βιὸλία
335 674 377 722 ιγ’
390 685 398 692 ·
427 673 496 724 ἔχει
524 673 560 709 δὲ
579 672 682 723 μέχρι
701 674 761 714 τῆς
781 672 1008 722 καθαιρέσεως
1024 674 1089 708 τῶν

63 732 247 782 τυράννων,
268 730 310 767 τὰ
339 730 426 781 μετὰ
447 730 561 781 [κατὰ
580 733 742 768 Clinton.
763 731 932 780 (sortasse
949 732 1017 765 fuit
1032 728 1090 765 καὶ

61 790 102 826 τὰ
120 788 207 839 μετὰ
225 793 335 826 ταῦτα
346 789 435 826 κατὰ
454 806 486 828 τ.
508 791 538 828 ε’.
559 796 566 839 1
584 788 661 831 τοὺς
677 788 877 838 Ἐπιγόνους
898 787 1004 837 [καὶ]
1026 785 1088 835 με’-

60 863 117 898 χρι
134 851 191 885 τοῦ
221 846 335 898 τρίτου
366 846 587 896 Πτολεμαίου
606 847 698 897 (247
722 860 753 883 a.
772 845 851 896 C.).

113 910 192 942 Vox
207 905 384 956 ΊΝύμςριδος
398 907 443 942 ab
471 907 638 941 Eudocia
651 919 690 952 p.
714 906 786 952 309
807 906 1003 947 omittitur,
1024 915 1091 937 ne-

59 978 131 1012 que
153 967 265 1013 patris
278 978 437 1012 nomen,
452 965 515 999 sed
533 965 682 1012 genitivi
703 964 878 1006 formam,
899 963 952 996 uti
963 962 1091 1008 srepius

60 1023 100 1058 {it
116 1025 153 1057 in
172 1023 315 1067 verbis,
333 1036 413 1069 quae
434 1024 471 1056 in
493 1037 518 1062 ις
533 1022 717 1065 desinunt,
736 1022 914 1056 denotare
929 1020 1087 1055 videtur.

110 1082 290 1128 Nymphis
301 1081 467 1127 quidam,
491 1079 658 1117 Clearchi
680 1077 1088 1126 tyran11i(365-354)

59 1140 368 1187 consangumeus,
388 1138 451 1173 sed
482 1139 604 1172 animo
625 1138 670 1172 ab
692 1150 735 1172 eo
757 1138 954 1182 alienatus,
973 1138 1089 1182 iisque

60 1198 183 1233 favens
196 1225 204 1241 ‚
219 1198 280 1244 qui
301 1210 383 1231 cum
400 1197 540 1231 Chione
557 1195 759 1230 evertendae
775 1194 978 1241 tyrannidis
995 1207 1089 1229 con-

58 1257 136 1291 silia
159 1256 345 1305 agitabant
361 1254 462 1302 (ἧμῖν
478 1252 538 1301 μὲν
556 1252 667 1303 φίλος,
689 1251 806 1302 ἐκείνῳ
826 1251 860 1287 δὲ
881 1250 939 1287 καὶ
963 1266 1087 1301 συγγε-

59 1312 117 1358 νής
132 1314 240 1361 ἐστι),
261 1320 487 1347 memoratur
507 1313 544 1345 in
563 1312 713 1348 Chionis
735 1312 848 1357 Epist.
878 1310 936 1353 13,
957 1322 996 1356 p.
1017 1310 1088 1355 176

60 1372 120 1406 ed.
141 1372 267 1408 Orelli.
291 1372 324 1405 Is
344 1372 531 1417 (11111131115
552 1370 609 1403 vel
631 1375 728 1403 certe
749 1380 794 1402 ex
814 1368 949 1402 familia
966 1369 1089 1402 Nostri

60 1429 189 1472 suerit,
219 1429 308 1462 nihil
346 1428 478 1462 obstat.
511 1426 624 1462 Caute
657 1433 777 1460 tamen
799 1420 984 1472 agendum
1017 1431 1065 1460 est
1078 1452 1087 1469 ,

59 1499 174 1534 quum
195 1485 284 1521 tides
303 1486 566 1531 Epistolarum,
586 1496 674 1529 quas
701 1484 814 1517 homo
833 1484 978 1529 ineptus
995 1490 1089 1517 tem-

59 1557 227 1592 poraque
249 1551 386 1578 temere
406 1544 559 1577 miscens
577 1541 682 1591 (vide
709 1554 743 1578 v.
765 1554 795 1577 C.
818 1542 886 1588 Ep.
913 1540 955 1589 3)
976 1541 1090 1576 fabri-

60 1605 176 1646 cavit,
196 1615 299 1649 paene
317 1603 415 1636 nulla
429 1603 483 1636 sit.

112 1661 228 1696 Annis
244 1660 471 1707 septuaginta
501 1658 617 1692 tribus
632 1664 714 1704 post
734 1664 893 1692 mortem
909 1658 1089 1701 Clearehi‚

61 1719 207 1753 devicto
222 1730 288 1764 per
298 1719 489 1751 Seleucum
502 1716 719 1762 Lysimacho
740 1714 833 1763 (281
846 1715 872 1763 )‚
884 1716 1091 1751 libertatem

60 1776 210 1810 tandem
243 1776 467 1809 lleraeleotae
490 1781 768 1820 recuperarunt.
797 1775 890 1808 Tum
924 1775 1033 1808 etiam
1063 1775 1092 1809 οἱ

60 1831 333 1883 περιὶειπόμενοι
350 1833 416 1867 τῶν
438 1829 609 1881 φυγάδων,
626 1829 803 1881 Νύμφιδος
819 1845 877 1865 και
899 1831 1000 1866 αὐτου
1023 1830 1093 1873 ἑνὸς

61 1890 267 1948 ὑπάρχοντος
283 1887 408 1925 τούτων
426 1887 565 1924 καΟοοον
588 1887 835 1937 βουλεύσαντος
866 1888 979 1929 αὐτοῖς
993 1916 1003 1933 ,
1034 1903 1092 1924 και

62 1947 179 1998 ῥαδίαν
207 1950 293 1982 εἰναι
329 1944 455 1990 ταύτην
487 1944 756 1994 ἐπιδεικνύντος,
791 1946 818 1981 εἰ
849 1943 935 1993 μηοὲ
938 1960 954 1981 ν
987 1947 1033 1981 ὡν
1063 1943 1093 1980 οἱ

61 2005 216 2056 πρόγονοι
243 2002 476 2054 ἀπεστέρηντο
500 2003 595 2040 αὐτοὶ
617 2003 752 2052 φανεῖεν
781 2003 1030 2053 διογλοῧντες
1012 2016 1094 2038 ανα-

60 2063 227 2114 λήψεσΟαι
241 2091 251 2110 ,
269 2061 383 2098 ἔπεισέ
398 2077 434 2098 τε
451 2060 511 2098 σὺν
529 2064 576 2112 τῷ
596 2060 724 2113 ῥᾴω-τῳ,
744 2060 802 2098 καὶ
821 2063 881 2105 τῆς
896 2059 1041 2096 καθόδου
1057 2058 1093 2096 ὃν

60 2120 238 2158 ἐξούλευσε
259 2118 382 2170 τρόπον
410 2120 649 2168 γεγενημένης,
670 2118 704 2155 οἵ
731 2134 766 2155 τε
787 2116 1014 2168 καταχθέντες
1036 2117 1094 2154 καὶ

60 2181 81 2223 ἡ
103 2176 267 2226 δεξαμένη
293 2177 389 2219 πόλις
410 2178 443 2213 ἐν
469 2176 601 2226 ὁμοίαις
625 2178 761 2223 ἡδοναῖς
786 2177 844 2213 καὶ
875 2175 1094 2229 εὐφροσύναις

62 2235 303 2286 ἀνεστρέφοντο
323 2237 530 2284 (Memnon.
550 2250 583 2273 c.
607 2250 621 2271 1
635 2250 647 2271 1
665 2264 674 2281 ‚
697 2237 750 2283 3).
769 2237 864 2271 Hine
886 2237 998 2283 igitur
1015 2237 1094 2270 col-

58 2296 206 2343 ligimus
225 2295 472 2341 Nymphidem
489 2307 531 2329 ex
546 2308 701 2329 numero
723 2295 829 2329 fuisse
845 2295 1093 2341 optimatium,

64 2354 216 2400 quibus,
239 2366 353 2399 quum
382 2365 401 2387 a
430 2354 592 2399 tyrannis
619 2353 731 2387 exilio
765 2354 931 2387 mulctati
954 2359 1092 2396 essent,

64 2424 299 2457 summopere
313 2418 435 2445 tamen
450 2411 653 2445 curandum
675 2417 752 2445 erat
772 2418 812 2445 ut
826 2424 845 2445 a
865 2411 1007 2457 populo
1031 2423 1093 2445 su—

64 2471 222 2516 spicioso
249 2470 285 2502 in
316 2470 469 2514 patriam
497 2470 761 2515 reciperentur.
783 2470 837 2503 Eo
858 2477 979 2503 autem
1000 2476 1094 2503 tem-

66 2538 160 2573 pore
187 2527 387 2572 Nymphis,
416 2527 478 2572 qui
507 2528 596 2572 quin
628 2534 752 2561 noster
777 2526 887 2561 fuerit
904 2527 1096 2560 historicus

67 2598 142 2618 non
163 2590 214 2618 est
230 2596 296 2617 eur
318 2584 550 2627 dubitemus,
582 2585 806 2631 trigesimum
829 2585 941 2618 aetatis
959 2596 1095 2618 annum

68 2643 125 2676 vix
146 2654 306 2687 egressus
325 2653 397 2675 esse
414 2643 533 2687 potuit
551 2641 609 2689 (*).

120 2699 370 2744 Quadraginta
393 2699 539 2732 circiter
559 2699 693 2733 abhinc
717 2700 820 2733 annis
848 2700 976 2746 clapsis
1001 2699 1095 2747 (240

68 2771 100 2793 a.
122 2756 254 2791 01111(-
269 2757 417 2791 Clinton
433 2756 526 2790 adh.
547 2768 576 2790 a.
590 2756 615 2803 ),
630 2757 878 2790 Mithridatem
900 2759 947 2791 lv
962 2784 971 2801 ,
994 2758 1098 2791 Ario-

70 2815 234 2850 barzanis
271 2814 384 2859 patris
417 2814 452 2846 in
487 2825 602 2858 regno
637 2815 790 2847 Pontico
825 2827 1096 2861 successorem,

70 2885 183 2918 quum
195 2872 384 2906 Gallorum
401 2871 500 2904 bello
512 2883 651 2916 pressus
665 2884 819 2905 annonae
834 2873 987 2918 penuria
999 2885 1096 2906 sum-

71 2942 221 2976 mopere
249 2929 451 2971 laboraret,
488 2930 711 2962 lleracleotae
748 2929 902 2963 adverto
936 2931 1096 2964 Amisum

72 2987 256 3021 frumento
276 2993 532 3020 sustentarunt.
550 2989 627 3031 Qua
643 2998 680 3020 re.
699 2987 856 3031 acerbati
872 2988 963 3021 Galli
983 2986 1027 3027 εἷς
1038 2984 1098 3029 τὴν

72 3042 305 3093 ἹΙρακλεῶτιν
330 3041 485 3093 ἔπεμψαν
516 3042 733 3092 στράτευμα,
761 3042 819 3078 καὶ
846 3042 972 3088 ταύτην
994 3043 1097 3079 κατέ-

114 3153 155 3189 (*)
175 3151 262 3190 Apud
277 3150 363 3181 Stoh.
379 3150 481 3187 Eclog.
494 3151 584 3189 Phys.
603 3152 626 3188 l,
643 3156 692 3189 552,
706 3154 755 3189 Ἰ’1.(1,
770 3160 800 3190 p.
821 3155 896 3181 101⁴}
905 3152 953 3182 ed.
969 3153 1099 3183 lleeren.

75 3198 218 3227 tundatur
231 3198 336 3228 Φίλων
347 3198 363 3226 ὁ
376 3197 587 3235 Ἡρακλεώτης
602 3197 631 3227 ἐν
639 3202 682 3236 τῷ
696 3200 767 3237 πρὸς
782 3200 806 3228 N
816 3199 832 3228 ὑ
842 3210 887 3237 μφ
898 3210 928 3228 ιν
945 3200 1017 3238 Περὶ
1034 3200 1100 3229 Οαυ-

75 3244 206 3281 μασίωνι,
223 3243 275 3273 ubi
291 3243 439 3282 Nymphis
453 3243 506 3274 ille
521 3253 538 3273 a
555 3246 660 3273 nostro
672 3245 798 3274 tortasse
811 3253 871 3274 non
886 3244 1029 3276 ‹lixersus
1042 3248 1099 3276 est.

77 3290 122 3320 (“Ι’.
143 3292 375 3321 westcrmann.
396 3290 548 3321 [Ἧι-1111111,
567 3300 594 3329 p.
613 3292 739 3321 ΧΧΧΥΙ
755 3292 783 3321 et
800 3300 831 3329 p
862 3294 925 3321 ΠΗ.

1152 512 1289 548 τρεχον,
1322 496 1442 547 μέχρις
1474 496 1515 534 ἂν
1545 497 1575 534 οἳ
1602 496 1845 569 ῑΗΝρακλεῶται
1879 499 2188 551 διεπρεσὸεύσαντο

1154 555 1237 606 πρὸς
1257 554 1391 597 αὐτούς.
1420 553 1558 606 Νύμφις
1586 555 1621 592 δὲ
1638 559 1679 602 ἠν
1707 557 1725 592 ὁ
1744 557 1928 608 ἱστορικὸς,
1960 560 1978 594 ὃ
2007 565 2188 610 κορυφαῖος

1153 628 1219 649 των
1238 611 1438 662 πρέσῧεων·
1453 612 1487 655 ὃς
1505 628 1562 650 τον
1581 629 1643 662 μεν
1661 614 1806 663 στρατὸν
1821 615 1855 650 ἐν
1868 630 1917 651 τι)
1930 617 2031 652 κοινῶ
2050 621 2189 667 χρυσοῖς

1155 670 1460 720 πεντακισχιλίοις,
1480 670 1557 713 τοὺς
1575 670 1610 708 δὲ
1629 671 1801 720 ἡγεμόνας
1819 671 1888 725 ἰδία
1903 673 2087 717 διακοσίοις
2105 677 2188 712 ὑπο-

1150 728 1364 777 Οεραπεύσας
1399 730 1459 773 τῆς
1491 728 1607 779 χώρας
1647 731 1889 775 ἀπαναστῆναι
1928 731 2188 783 παρεσκεύασεν

1153 786 1361 834 (Memnon.
1383 799 1415 823 c.
1438 790 1523 830 24).
1545 789 1640 822 Tum
1662 789 1776 835 igitur
1794 789 1972 835 Nymphis
1997 802 2042 825 ex
2060 798 2188 826 nostro

1150 851 1326 891 computo
1347 846 1647 892 septuagenarius
1667 845 1743 880 sere
1757 858 1831 880 esse
1851 846 2004 892 debuit3
2026 860 2067 883 ac
2088 861 2183 896 pro-

1149 908 1296 936 vectum
1313 908 1415 936 aetate
1435 901 1545 937 fuisse
1558 903 1617 937 vel
1637 902 1725 937 inde
1742 903 1914 950 colligas,
1935 905 2039 950 quod
2058 907 2187 941 Histo-

1150 959 1221 993 rias
1233 971 1313 993 suas
1339 972 1417 994 non
1446 960 1545 995 ultra
1563 960 1710 994 initium
1736 961 1842 1008 regni
1859 961 2049 996 Ptolemaei
2071 964 2187 1000 Euer-

1149 1023 1240 1063 getae
1267 1016 1361 1064 (247
1377 1029 1410 1054 a.
1434 1017 1497 1065 C.)
1515 1017 1709 1052 deduxisse
1730 1017 1868 1052 dicitur
1888 1015 1950 1067 (⁴¹).

1203 1076 1231 1109 E
1259 1075 1361 1109 libris
1398 1076 1529 1122 viginti
1552 1082 1744 1122 quattuor,
1778 1088 1872 1122 quos
1897 1076 1943 1110 cle
1967 1078 2186 1114 Alexandro

1149 1136 1296 1179 ejusque
1307 1134 1570 1167 successoriba.s·
1587 1145 1897 1180 successorumque
1902 1146 1973 1181 pos
1978 1138 2064 1168 teris
2075 1136 2190 1183 Nym-

1147 1191 1230 1238 phis
1249 1191 1471 1238 composuit,
1488 1192 1580 1225 nihil
1595 1191 1643 1231 ad
1655 1204 1722 1226 nos
1737 1193 1906 1238 pervenit
1921 1199 2055 1239 praeter
2066 1206 2181 1229 unum

1153 1250 1279 1284 locum
1309 1249 1372 1294 (fr.
1396 1249 1464 1298 2ο)
1479 1277 1488 1294 ,
1507 1250 1573 1284 ubi
1603 1250 1782 1297 Nymphis
1800 1250 1974 1285 laudatur
1993 1250 2028 1286 ἐν
2063 1249 2091 1287 θ’
2110 1252 2187 1303 περὶ

1154 1305 1395 1354 Πτολεμαίων.
1417 1307 1506 1353 Quae
1525 1307 1639 1342 verba
1663 1319 1707 1342 ex
1732 1307 1872 1342 citandi
1898 1309 2044 1343 ratione
2062 1311 2193 1357 saepius

1150 1365 1211 1399 illa
1237 1365 1347 1399 obvia
1367 1365 1417 1400 ita
1435 1372 1519 1400 sunt
1539 1365 1780 1413 intelligenda
1793 1392 1803 1410 ,
1824 1372 1867 1400 ut
1894 1372 2017 1400 totum
2036 1379 2128 1414 opus
2140 1368 2194 1405 fin

1151 1422 1240 1457 duas
1258 1422 1418 1457 divisum
1434 1423 1541 1458 fuisse
1560 1430 1759 1458 statuamus
1777 1430 1917 1470 partes,
1939 1435 2099 1470 quarum
2121 1425 2185 1458 al-

1152 1487 1230 1515 tera
1253 1480 1458 1518 Alexandri
1476 1482 1667 1516 historiam
1683 1482 1878 1528 complexa
1898 1482 1965 1525 sit,
1987 1481 2102 1516 altera
2112 1481 2194 1517 sue-

1150 1538 1199 1572 rit
1219 1538 1265 1572 de
1283 1539 1395 1573 rebus
1413 1538 1694 1573 Diadochorum
1721 1551 1815 1584 quos
1843 1538 1974 1573 dieunt
2003 1539 2194 1586 Epigono-

1152 1608 1324 1642 rumque.
1369 1598 1490 1643 Hujus
1534 1597 1631 1631 libro
1681 1609 1783 1631 nono
1830 1597 2058 1631 enarraverit
2095 1603 2194 1644 gesta

1152 1654 1340 1688 Ptolemaei
1378 1654 1626 1701 Philadelphi.
1649 1655 1741 1689 Nam
1769 1661 1904 1701 praeter
1937 1667 2192 1690 successorum

1152 1711 1356 1746 Alexandri
1374 1712 1567 1746 historiam
1595 1713 1784 1759 peculiare
1805 1711 1851 1746 de
1869 1713 2075 1747 Ptolemaeis
2099 1725 2193 1760 opus

1152 1769 1197 1803 ab
1213 1769 1345 1804 eodem
1361 1769 1574 1816 Nymphide
1588 1771 1768 1817 scriptum
1786 1782 1861 1805 esse
1889 1782 1909 1804 a
1924 1782 2016 1805 vero
2042 1783 2194 1818 prorsus

1151 1827 1355 1862 abhorrere
1370 1826 1533 1863 videtur.

1208 1885 1334 1919 Altero
1356 1896 1470 1931 opere
1485 1891 1616 1919 auctor
1635 1896 1693 1918 res
1712 1885 1841 1930 patriae
1857 1885 2023 1920 narravit
2042 1885 2130 1920 inde
2146 1886 2192 1921 ab

1152 1943 1414 1989 antiquissimis
1447 1943 1680 1989 temporibus
1697 1954 1814 1989 usque
1846 1942 1895 1978 ad
1921 1943 2101 1978 sublatam
2135 1951 2194 1991 ty-

1152 2000 1346 2035 rannidem
1373 2000 1490 2049 (281)
1511 2007 1622 2047 atque
1643 2012 1724 2046 quae
1741 2000 1916 2047 deinceps
1949 2008 2074 2036 secuta
2109 2009 2194 2037 sunt

1152 2070 1268 2104 usque
1286 2058 1334 2093 ad
1351 2065 1519 2104 tempora
1534 2059 1640 2105 regni
1652 2058 1840 2093 Ptolemaei
1854 2060 1910 2093 III
1931 2058 2060 2107 (247).
2077 2060 2193 2095 Libro

1152 2122 1253 2150 sexto
1288 2123 1511 2162 pervenerat
1533 2115 1581 2150 ad
1601 2123 1769 2162 tempora
1800 2117 1984 2151 Pausaniae
2016 2117 2082 2166 (fr.
2112 2117 2191 2165 15),

1153 2173 1249 2207 libro
1268 2173 1492 2208 duodecimo
1512 2171 1523 2220 (
1541 2185 1579 2208 v.
1602 2172 1647 2207 fr.
1671 2172 1733 2219 16)
1753 2175 1924 2219 exposuit
1948 2173 1994 2209 de
2014 2175 2193 2222 Dionysio

1152 2237 1311 2277 tyranno
1325 2257 1334 2275 ‚
1369 2229 1471 2276 cujus
1501 2229 1596 2264 filios
1617 2229 1840 2267 Clearchum
1863 2232 1900 2265 II
1932 2239 1968 2266 et
1991 2233 2192 2268 Oxathrem

1194 2323 1235 2362 (Ἴ
1253 2322 1462 2362 Nymphidem
1475 2322 1514 2353 de
1526 2323 1676 2354 Heraclea
1691 2322 1853 2353 historiam
1867 2322 2001 2355 edidisse
2019 2325 2191 2363 antequam

1154 2369 1337 2408 Apollonius
1350 2369 1488 2400 Rhodius
1504 2369 1655 2400 scriberet
1665 2370 1875 2408 Argonautica
1888 2379 1959 2408 sua,
1978 2371 2089 2401 statuit
2105 2372 2190 2402 Wei-

1154 2417 1254 2447 chert.
1270 2416 1343 2447 Leb.
1369 2416 1426 2447 des
1442 2416 1554 2455 Apoll.
1574 2415 1680 2446 Rliod.
1697 2424 1727 2455 1).
1745 2420 1802 2447 255
1819 2424 1865 2455 sq.
1890 2416 2016 2448 Scilicet
2032 2417 2130 2448 schol.
2149 2418 2188 2448 ad

1155 2463 1255 2502 Apoll.
1275 2463 1333 2494 Rh.
1351 2464 1377 2493 Il
1391 2486 1400 2500 ,
1415 2465 1474 2493 729
1490 2461 1566 2492 (licit
1589 2462 1646 2501 (fr.
1675 2461 1712 2501 2)
1737 2474 1744 2492 z
1764 2461 1841 2501 Παρ’
1859 2461 1894 2492 οὗ
1924 2462 1986 2502 [sc.
2011 2463 2193 2504 Νύμφιδος]

1154 2509 1349 2545 Ἀπολλώνιος
1361 2509 1469 2540 ἔοικε
1484 2512 1581 2539 ταῦτα
1595 2510 1781 2548 μεταφέρειν.
1797 2510 1869 2540 ,111111
1884 2517 1984 2547 quum
2011 2510 2195 2549 Apollonius

1152 2556 1276 2594 juvenis
1294 2554 1444 2586 extremis
1460 2554 1550 2585 annis
1565 2554 1723 2585 Ptolemaei
1736 2556 1763 2585 11
1781 2562 1909 2585 carmen
1925 2553 2133 2592 elaborasset,
2149 2564 2194 2597 se-

1154 2603 1207 2641 qui
1226 2602 1386 2633 Heracleae
1413 2600 1575 2631 historiam
1591 2601 1656 2639 jam
1679 2602 1771 2631 antea
1797 2600 1828 2631 in
1846 2599 2009 2639 publicum
2026 2601 2193 2642 prodiisse,

1156 2658 1257 2688 neque
1282 2656 1382 2687 usque
1407 2647 1447 2678 ad
1472 2656 1603 2687 regnum
1632 2646 1794 2678 Ptolemaei
1818 2648 1862 2677 111
1885 2646 2015 2685 produci
2043 2647 2192 2686 potuisse.

1156 2696 1261 2729 Quare
1289 2694 1388 2724 verba
1409 2693 1516 2724 Suidae
1534 2694 1621 2733 μέχρι
1638 2696 1692 2724 τοῦ
1705 2693 1807 2733 τρίτου
1826 2693 2018 2731 Πτολεμαίου
2032 2701 2193 2732 perperam

1156 2750 1172 2770 a
1186 2740 1282 2771 Suida
1297 2739 1336 2769 ad
1357 2740 1517 2770 Heracleae
1527 2739 1691 2770 historiam
1703 2739 1827 2777 referri,
1839 2747 1938 2778 quum
1954 2739 2116 2770 reserenda
2130 2741 2194 2772 sint

1160 2786 1200 2816 ad
1218 2786 1352 2816 alterum
1382 2794 1461 2825 opus
1475 2785 1513 2817 de
1535 2786 1714 2817 Alexandro
1730 2785 1860 2825 ejusque
1875 2785 2115 2817 successoribus.
2133 2786 2193 2817 Sed

1157 2831 1267 2862 debilis
1287 2832 1354 2862 haec
1364 2832 1613 2871 argumentatio,
1633 2840 1733 2871 quum
1754 2840 1864 2862 revera
1881 2830 2084 2871 Apollonium
2098 2833 2192 2871 Nym·

1158 2878 1258 2916 phidis
1279 2886 1374 2917 opere
1407 2886 1499 2908 usum
1525 2887 1592 2909 esse
1622 2878 1753 2908 minime.
1778 2878 1914 2916 liqueat,
1941 2885 1999 2907 nec
2017 2877 2192 2917 quidquam

1158 2924 1310 2963 probatur
1322 2932 1371 2961 eo,
1383 2923 1467 2962 quod
1479 2923 1518 2954 de
1529 2924 1688 2954 nonnullis
1703 2923 1795 2954 rebus
1812 2921 1994 2962 Apollonius
2009 2930 2081 2952 eum
2098 2924 2123 2953 N
2127 2931 2193 2962 ym-

1158 2970 1250 3009 phide
1263 2970 1439 3008 consentit,
1463 2979 1563 3009 quum
1592 2970 1762 3001 verisimile
1787 2969 1827 2999 sit
1848 2967 2057 3007 Nymphidem
2079 2968 2110 2998 in
2125 2969 2192 3007 ple-

1159 3017 1262 3054 risque
1285 3018 1432 3046 secutum
1455 3025 1521 3047 esse
1543 3016 1753 3055 Argonautica
1778 3014 1949 3050 Herodori,
1975 3021 2047 3052 quae
2064 3014 2192 3053 Apollo-

1159 3063 1244 3092 nium
1261 3064 1334 3092 ante.
1346 3063 1454 3093 oculos
1471 3063 1617 3094 hahuisse
1633 3062 1766 3093 constat.
1794 3064 1899 3098 Quare
1916 3059 1992 3090 nihil
2010 3059 2102 3091 video
2114 3084 2122 3099 ‚
2135 3069 2192 3092 cur

1158 3108 1195 3137 ad
1213 3117 1285 3138 eum
1305 3117 1398 3147 quem
1411 3108 1487 3139 111111
1502 3109 1612 3140 suidas
1627 3109 1798 3139 terminum
1810 3106 2017 3146 Nymphidem
2033 3107 2192 3138 Heraclea>

1160 3154 1319 3184 historiam
1343 3154 1510 3185 ‹lt-duxisse
1544 3163 1703 3193 negemus.
1729 3157 1772 3184 Ac
1796 3153 1925 3183 omnino
1951 3160 2013 3182 non
2038 3154 2105 3183 erat
2133 3162 2190 3183 cur

1159 3200 1269 3231 Suidas
1288 3200 1475 3239 explicaret,
1489 3209 1662 3240 quousque
1679 3199 1878 3238 pertinuisset
1897 3207 1976 3238 opus
1991 3201 2035 3229 De
2052 3198 2189 3229 Alexan-

1159 3247 1233 3284 dro,
1255 3246 1418 3277 Ι)1;1111)1·1115Ι
1437 3248 1467 3278 et
1486 3247 1646 3287 Epigonis,
1665 3255 1763 3285 quum
1779 3246 1842 3285 ipsc
1868 3245 1979 3277 titulus
1998 3244 2132 3276 disertus
2146 3246 2190 3279 rei

1155 3291 1246 3322 index
1261 3294 1350 3323 «sset.
