2289 3728
46 3370 64 3384 1

477 181 566 259 L.
617 172 1060 261 CINCIUS
1103 170 1775 259 ALIMENTUS.

65 340 146 410 P.
173 330 751 410 CORNELIUS
779 328 1133 404 SCIPIO.
1160 329 1242 404 C.
1273 328 1677 403 ACILIUS
1709 327 2183 402 GLABRIO.

837 523 1384 554 mrwssffl<

146 707 207 760 L.
251 699 539 757 CINCIUS
576 699 1015 755 ALIMENTUS.

119 859 173 893 M.
206 856 347 890 llmrz.
367 853 423 886 Dc
452 853 573 886 Luciis
604 850 740 885 Ciliciis
768 848 947 899 (Berolin.
983 848 1100 896 1842)

65 931 101 964 p.
130 916 151 950 3
184 927 191 948 :
225 929 239 943 r<
263 912 387 957 Quum
412 922 534 956 neque
566 910 603 942 in
629 907 883 943 consularibus
914 918 1035 953 neque
1064 908 1101 940 in

66 971 350 1019 triumphalibus
364 969 461 1003 fastis
476 968 586 1001 ullius
603 967 717 1001 Cincii
729 964 791 999 flat
806 965 965 1007 mentio,
981 976 1102 1010 neque

68 1033 263 1079 quisquam
289 1039 419 1062 corum
438 1032 570 1072 praeter
597 1031 766 1057 nostrum
785 1034 826 1056 ac
854 1023 905 1058 M.
936 1022 1103 1056 Cincium

68 1091 293 1126 Alimentum
307 1113 317 1129 ,
336 1092 379 1120 tr.
396 1085 448 1131 pl.
464 1096 497 1119 a.
515 1096 551 1117 υ.
570 1081 644 1116 530
657 1108 666 1123 ,
683 1082 772 1127 legis
787 1080 919 1115 Cinciae
934 1079 980 1114 de
997 1079 1105 1113 donis

70 1160 111 1182 ac
127 1145 343 1181 muneribus
360 1143 516 1176 latorem
528 1167 538 1185 ,
557 1139 605 1173 ad
619 1137 889 1184 rempublicam
905 1136 1106 1183 gerendam

72 1205 259 1240 accessisse
290 1200 474 1242 videatur,
496 1198 616 1232 minus
643 1196 809 1229 nobilem
836 1194 931 1229 hanc
960 1201 1106 1241 gentem

69 1263 253 1310 plebeiam
267 1259 372 1293 fuisse
390 1267 522 1291 censeo
543 1266 654 1300 quam
673 1253 862 1298 antiquam
877 1258 913 1286 et
928 1263 1108 1286 numero-

70 1333 158 1356 sam.
178 1321 258 1353 Iloe
275 1328 363 1351 vero
382 1316 509 1350 Festus
526 1325 565 1359 p.
591 1312 663 1346 262
682 1312 788 1347 Miill,
817 1310 981 1357 prodere
1000 1310 1107 1345 vide-

72 1386 131 1411 tur
147 1391 153 1411 ε
169 1378 372 1410 Romanam
386 1379 531 1419 portam
550 1371 683 1417 vulgus
698 1370 866 1416 appellat
882 1369 943 1402 ubi
960 1381 1008 1402 αῖ
1027 1372 1105 1415 (Ῥί-

69 1437 178 1481 slylio
197 1433 323 1478 &fluit
341 1443 454 1478 aqua.
477 1430 549 1474 Qui
567 1430 663 1462 locus
679 1428 727 1461 ab
744 1429 902 1473 antiquis
922 1427 1109 1473 appellari

70 1495 191 1527 solitas
210 1499 264 1526 est
273 1498 405 1525 statuae
419 1489 568 1527 Cinciae,
592 1487 691 1533 quod
703 1489 740 1519 in
760 1483 889 1530 eosnit
904 1485 1107 1531 sqmlcrum

71 1549 339 1596 ‹3j11.vfamilioe.
364 1546 470 1582 Conf.
490 1545 591 1581 Paul.
616 1544 772 1578 Diaeon,
790 1555 829 1589 p.
854 1540 900 1587 57
921 1542 970 1576 M.
992 1553 1000 1575 z
1022 1542 1107 1576 Cin-

71 1613 130 1643 cia
147 1610 243 1642 locus
261 1607 407 1647 Romoe,
432 1603 492 1637 uhi
515 1602 719 1637 Cinciorum
742 1603 1002 1634 monimentum
1012 1596 1106 1643 fnit.

72 1667 215 1701 Eodem
247 1666 285 1698 in
315 1664 400 1697 loco
430 1662 599 1707 antiquas
630 1659 844 1694 cinniorum
876 1657 971 1691 aedes
1002 1657 1110 1692 fuisse

73 1725 159 1759 inde
186 1722 379 1768 conjicias,
403 1719 507 1767 quod
541 1717 801 1764 antiquissimis
824 1715 1055 1762 temporibus
1074 1715 1111 1747 in

74 1795 137 1817 sua
155 1782 310 1828 quisque
331 1779 445 1813 domo
466 1777 629 1823 sepultus
658 1787 734 1809 esse
758 1774 918 1808 traditur
939 1786 959 1807 a
982 1773 1110 1807 Servio

76 1849 109 1875 et
130 1839 274 1874 Isidoro
302 1837 368 1884 (cf.
405 1837 575 1871 Creuzer.
605 1834 732 1868 Abriss
752 1845 790 1879 p.
810 1830 883 1873 455
910 1832 998 1867 edit.
1023 1832 1110 1880 alt.;

76 1900 253 1933 Klausen.
273 1899 409 1930 AEneas
425 1908 460 1928 u.
477 1895 513 1928 d.
527 1894 693 1928 Penaten
707 1904 745 1938 p.
768 1890 863 1925 1016
877 1904 886 1934 3
903 1890 1108 1937 Herzberg.

75 1958 131 1991 De
147 1957 215 1989 diis
229 1956 333 1989 Rom.
345 1955 494 2000 patriis,
507 1951 591 1987 Hal.
610 1949 723 1993 1840,
741 1961 779 1996 p.
801 1960 846 1983 10
863 1948 949 1996 sq).
974 1963 988 1978 »

128 2012 339 2049 Secundum
366 2011 535 2057 Pighium
556 2007 615 2055 (in
634 2009 731 2043 Ann.
756 2014 847 2041 tom.
871 2008 925 2050 ΙΙ,
942 2019 982 2053 p.
1019 2011 1110 2050 142,

82 2085 94 2106 ι
106 2085 123 2116 7
135 2085 147 2105 l
162 2099 171 2114 ,
194 2084 205 2105 1
217 2070 280 2118 78)
296 2072 341 2105 L.
357 2069 504 2104 Cincius
525 2068 730 2102 Alimentus
747 2072 908 2112 quaestor
925 2064 994 2099 suit
1015 2077 1047 2099 a.
1071 2077 1109 2100 u.

78 2144 110 2166 c.
133 2129 226 2173 533,
247 2128 417 2162 tribunus
435 2126 555 2172 plebis
584 2137 615 2160 a.
639 2137 677 2159 u.
699 2136 730 2160 c.
755 2122 850 2170 539,
878 2122 991 2157 aedilis
1011 2123 1061 2169 pl.
1079 2135 1111 2159 a.

78 2202 116 2224 u.
137 2201 168 2225 c.
187 2187 275 2228 541.
295 2186 385 2232 Quae
404 2196 514 2231 quam
534 2182 644 2217 firmo
664 2183 830 2216 nitantur
847 2181 1091 2215 fundamento
1104 2208 1113 2225 ‚

79 2259 145 2280 nos
157 2246 233 2291 jam
252 2257 329 2278 non
346 2243 559 2290 quaerimus,
581 2241 750 2276 Certiora
770 2239 885 2274 tradit
903 2240 1048 2283 Livius,
1070 2251 1114 2273 ex

80 2316 155 2349 quo
170 2309 309 2349 praetor
328 2301 365 2336 L.
382 2301 528 2336 Cincius
545 2305 688 2334 creatus
704 2306 757 2333 est
777 2310 809 2334 a.
828 2310 864 2332 u.
883 2309 914 2332 c.
932 2295 1005 2337 544
1024 2295 1114 2343 (210

81 2375 113 2396 a.
155 2361 220 2409 C.)
254 2362 305 2394 M.
342 2358 499 2396 Claudio
528 2357 705 2392 Marcello
746 2357 794 2391 IV
825 2362 861 2390 et
887 2356 938 2391 M.
967 2355 1114 2389 Valerio

81 2420 231 2455 Laevino
250 2420 287 2452 Π
309 2430 400 2452 coss.
420 2418 475 2451 Ita
489 2417 587 2450 enim
606 2416 732 2450 Livius
750 2414 901 2456 XXVI,
918 2412 965 2447 23
985 2425 992 2446 ;
1009 2413 1116 2447 Pne-

83 2481 178 2511 loria
200 2478 285 2510 inde
313 2478 459 2510 comitia
493 2474 635 2509 habita.
664 2474 710 2507 P.
742 2472 912 2506 Manlius
944 2471 1053 2504 Vulso
1083 2479 1119 2505 et

84 2538 126 2571 l..
147 2536 316 2569 Manlius
335 2534 516 2568 Aciclitzus
529 2540 567 2566 et
587 2532 630 2566 C.
650 2533 826 2565 Laetorius
848 2537 883 2563 ct
905 2530 947 2563 L.
969 2529 1117 2563 Cincius

85 2595 294 2628 Alimentus
319 2596 433 2626 creati
450 2599 545 2625 sunt.
575 2590 810 2625 Provinciam
832 2589 994 2623 obtinuit
1019 2589 1117 2623 Sici-

85 2653 184 2687 liam.
205 2652 324 2686 Livius
343 2651 367 2685 l.
388 2651 412 2686 l.
434 2663 464 2685 e.
487 2649 534 2684 28
555 2662 563 2685 ;
583 2650 779 2683 Decrevere
795 2648 941 2691 Patres,
957 2655 995 2681 ut
1010 2648 1118 2681 alteri

85 2711 268 2743 consulum
302 2710 420 2743 Italia
446 2709 649 2754 bellumque
678 2720 758 2741 cum
786 2706 997 2740 Hannibale
1024 2718 1114 2752 pro-

87 2771 207 2801 vincia
227 2774 319 2801 ‹as-set
337 2779 348 2798 :
372 2766 652 2807 alces-classem,
672 2768 732 2799 cui
756 2765 797 2798 T.
822 2764 999 2797 Olacililts
1014 2776 1117 2809 proe-

84 2823 231 2867 suisset,
267 2823 502 2868 Siciliamque
531 2825 759 2868 provinciam
797 2833 877 2855 cum
916 2822 957 2855 L.
992 2820 1119 2855 Cincio

87 2883 285 2922 obtinerem
303 2887 338 2914 et
355 2880 482 2926 paucis
504 2879 703 2925 interjectis
727 2892 734 2913 :
757 2881 798 2914 L.
823 2880 946 2914 Cincio
958 2883 1118 2925 planari

89 2940 143 2972 ad
166 2938 398 2972 obtinendam
430 2938 595 2970 Siciliam
619 2936 828 2970 Cannenses
856 2938 990 2970 milites
1011 2937 1110 2978 clati,

89 2997 243 3031 (ladrum
282 2999 398 3029 immr
446 2996 642 3041 legionum,
686 3011 701 3026 «
747 2994 939 3041 Agrigenti
981 2993 1122 3029 deinde

94 3055 103 3100 (
119 3054 255 3089 Hertzii
272 3054 384 3087 verba
397 3053 497 3100 sunt)
513 3053 787 3098 multarumque
802 3053 955 3086 aliarum
969 3052 1119 3086 urbium

94 3113 149 3146 vel
184 3111 366 3146 deditioni
404 3111 461 3144 vel
494 3110 757 3157 expugnationi
793 3109 942 3142 videtur
977 3109 1120 3144 assuisse

96 3170 195 3215 (Liv.
217 3181 248 3203 c.
269 3169 340 3214 40)
358 3180 441 3201 cum
460 3168 608 3201 Laevino
623 3194 632 3210 ,
660 3167 718 3200 cui
739 3178 779 3200 ea
802 3166 994 3212 provincia
1016 3166 1121 3199 obti-

94 3233 195 3271 gerat
214 3225 266 3273 (c.
289 3223 374 3272 29),
393 3225 513 3259 donec
534 3225 594 3258 ille
610 3231 789 3258 autumno
810 3223 884 3268 jam
904 3224 1058 3257 instante
1076 3223 1121 3257 ad

96 3285 245 3318 comitia
265 3283 468 3318 consularia
487 3282 657 3316 habenda
678 3283 834 3316 Romam
856 3281 969 3315 literis
988 3282 1124 3314 accitus

98 3342 248 3375 insulam
282 3354 301 3375 a
332 3352 369 3374 se
401 3347 566 3386 pacatam
601 3346 710 3385 atque
739 3339 939 3373 exercitum
974 3338 1121 3383 praetori

1161 677 1350 711 mandavit
1381 674 1567 722 (XXVII,
1595 674 1655 722 5).
1688 676 1805 721 Quam
1834 676 2067 722 provinciam
2095 676 2195 711 haud

1162 734 1226 769 diu
1246 734 1409 769 obtinuit
1428 733 1592 775 Cincius,
1613 745 1726 778 quum
1742 735 1927 777 Laevinus,
1949 746 1995 768 ne
2023 734 2195 777 dictator,

1162 804 1272 837 quem
1289 804 1332 826 ex
1344 797 1488 825 senatus
1503 789 1654 824 decreto
1671 791 1777 836 plebs
1789 790 1948 835 jussisset
1963 819 1971 834 ‚
1991 792 2108 825 invito
2126 791 2194 825 sibi

1162 856 1251 884 essct
1267 847 1466 891 dicendus,
1483 847 1576 881 clam
1596 855 1705 882 noete
1721 849 1758 881 in
1775 849 1935 883 Siciliam
1952 848 2110 891 rediret,
2130 849 2195 884 ubi

1162 915 1198 941 et
1217 908 1249 942 ei
1267 914 1302 941 et
1321 907 1448 941 Cincio
1470 906 1506 939 in
1523 917 1661 940 annum
1680 907 1932 953 insequentem
1949 914 2196 953 prorogatum

1163 971 1215 998 est
1244 964 1443 1010 imperium
1468 975 1553 997 cum
1582 964 1749 997 exercitu
1780 964 1982 1007 Cannensi,
2015 977 2126 1010 quem
2153 977 2198 1010 eit

1163 1022 1361 1065 militibus,
1378 1021 1442 1068 qui
1457 1033 1501 1055 ex
1518 1021 1583 1056 Cn.
1595 1022 1714 1056 Fulvii
1729 1030 1958 1068 superessent
1974 1023 2196 1070 legionibus,

1161 1079 1250 1125 jussi
1271 1087 1355 1114 sunt
1371 1079 1545 1126 supplere
1571 1092 1579 1113 ε
1599 1080 1737 1114 Laevini
1756 1081 1854 1114 enim
1874 1081 2036 1127 legiones
2052 1082 2097 1126 Q.
2117 1082 2200 1115 Ful-

1170 1139 1231 1172 vio
1253 1151 1328 1172 cos.
1352 1145 1457 1172 erant
1484 1137 1662 1181 decretae,
1687 1138 1932 1184 quamobrem
1952 1138 1997 1184 Q.
2019 1139 2200 1173 Maximus

1165 1200 1210 1244 Q.
1233 1199 1337 1234 Fabii
1359 1198 1518 1232 consulis
1537 1197 1633 1232 filius
1647 1211 1666 1232 a
1685 1205 1788 1245 patre
1804 1200 1933 1233 missus
1954 1199 2111 1245 amplius
2130 1200 2199 1234 tria

1165 1257 1280 1290 millia
1296 1257 1456 1290 militum
1477 1268 1522 1290 ex
1547 1257 1717 1291 Fulviani
1739 1257 1922 1291 exercitus
1944 1256 2111 1303 reliquiis
2131 1256 2200 1290 ad—

1167 1313 1295 1357 duxit,
1316 1313 1479 1348 referens
1498 1313 1585 1347 inde
1605 1313 1695 1347 duas
1714 1314 1791 1348 illas
1807 1314 1972 1361 legiones
1994 1320 2029 1348 et
2053 1314 2201 1360 triginta

1168 1372 1473 1417 quinqueremes,
1506 1383 1595 1417 quas
1617 1373 1818 1405 Tarentum
1839 1371 1886 1406 ad
1916 1378 2060 1418 patrem
2081 1370 2199 1406 duce-

1167 1437 1243 1471 ret,
1262 1430 1351 1464 dum
1373 1437 1495 1464 cetera
1513 1430 1621 1464 classe
1640 1429 1847 1476 praedatum
1873 1431 1911 1463 in
1938 1429 2099 1464 Africam
2125 1437 2202 1465 tra-

1166 1485 1278 1531 jicere
1297 1495 1360 1522 aut
1376 1488 1452 1534 ipse
1471 1488 1640 1522 Laevinus
1652 1487 1806 1532 jubetur
1824 1495 1886 1522 aut
1905 1488 2052 1522 mittere
2078 1499 2123 1522 eo
2142 1487 2202 1521 vel

1169 1546 1213 1580 L.
1236 1546 1403 1580 Cincium
1422 1546 1478 1580 vel
1502 1546 1687 1580 Valerium
1702 1546 1902 1580 Messalam.
1919 1545 2059 1580 Laevini
2079 1551 2201 1580 tamen

1170 1604 1285 1649 eopiae
1307 1615 1376 1650 per
1393 1603 1571 1638 Numidas
1587 1615 1738 1650 quoque
1753 1603 1958 1650 transfugas
1975 1603 2204 1637 Siculorum-

1170 1673 1242 1707 que
1273 1662 1435 1708 aliquem
1466 1661 1651 1696 delectum
1677 1668 1791 1696 auctae
1822 1661 1909 1695 inde
1943 1672 2020 1694 non
2052 1661 2203 1694 minutae

1170 1726 1271 1763 sunt,
1289 1726 1330 1753 ut
1350 1719 1513 1754 duorum
1540 1721 1768 1754 exercituum
1797 1719 1957 1766 speciem
1977 1726 2100 1765 posset
2124 1730 2200 1752 ser-

1170 1788 1277 1820 vare,
1299 1789 1460 1823 quorum
1483 1777 1598 1811 altero
1619 1789 1704 1811 cum
1731 1776 1885 1811 dimidia
1913 1777 2023 1810 classe
2049 1777 2092 1811 L.
2115 1776 2203 1811 Cin-

1172 1833 1272 1869 cium
1306 1847 1386 1869 eam
1417 1842 1560 1881 partem
1595 1836 1740 1877 insulae,
1774 1847 1847 1881 qua
1876 1834 2050 1868 Hieronis
2084 1833 2203 1868 fuerat

1171 1904 1328 1939 regnum
1340 1920 1350 1936 ,
1368 1892 1463 1926 tueri
1478 1891 1600 1936 jussit,
1617 1893 1733 1926 altero
1757 1892 1833 1938 ipse
1851 1898 2011 1926 ceteram
2028 1891 2203 1925 tuebatur

1172 1949 1326 1984 insulam
1348 1949 1533 1997 (XXVII,
1556 1962 1588 1984 c.
1608 1962 1627 1994 7
1651 1962 1706 1996 sq.
1720 1946 1744 1998 ).
1763 1951 1808 1984 In
1826 1961 1963 1983 annum
1984 1948 2120 1983 deinde
2140 1949 2198 1982 in—

1172 2014 1387 2054 sequentem
1417 2009 1461 2043 L.
1493 2008 1592 2041 Julio
1626 2008 1755 2043 Caesari
1790 2008 1941 2053 praetori
1975 2019 2059 2041 cum
2090 2007 2206 2041 milite

1174 2065 1355 2101 Cannensi
1371 2066 1564 2112 provincia
1583 2065 1667 2099 data
1689 2072 1740 2100 est
1759 2065 1899 2107 Sicilia,
1915 2065 2067 2100 Laevino
2085 2064 2204 2110 impe-

1174 2124 1270 2157 rium
1300 2129 1545 2170 prorogatum
1573 2130 1610 2157 et
1640 2123 1757 2157 classis
1788 2123 2018 2169 septuaginta
2050 2123 2201 2157 navium

1174 2182 1320 2223 relicta,
1338 2188 1379 2215 ut
1399 2193 1483 2215 cum
1499 2193 1541 2215 ea
1558 2181 1707 2227 triginta
1730 2181 1885 2215 navibus
1902 2182 2062 2215 Tarento
2083 2193 2205 2215 arces-

1174 2240 1248 2273 sitis
1264 2246 1369 2274 aucta
1391 2246 1477 2273 tunc
1495 2238 1664 2282 demum,
1688 2239 1715 2272 si
1736 2239 1804 2285 ipsi
1827 2238 2032 2281 videretur,
2056 2238 2205 2284 praeda-

1177 2305 1254 2331 tum
1277 2298 1314 2330 in
1333 2297 1498 2331 Africam
1525 2296 1709 2341 trajiceret
1730 2294 1914 2344 (XXVII,
1937 2296 2004 2342 22)
2031 2296 2208 2332 :Cincius

1174 2367 1264 2389 vero
1288 2354 1340 2401 (e.
1360 2353 1427 2402 26)
1448 2354 1642 2388 consulum
1664 2354 1778 2388 literis
1797 2353 1845 2388 ad
1863 2354 2060 2400 Magonem
2079 2353 2208 2389 Locris

1177 2412 1472 2459 oppugnandum
1503 2424 1547 2446 ex
1575 2411 1697 2445 Sicilia
1718 2423 1802 2445 eum
1831 2411 1940 2445 classe
1969 2411 2108 2446 excitus
2135 2418 2207 2455 est,

1176 2471 1277 2517 cujus
1296 2471 1494 2517 imperium
1511 2471 1543 2504 ei
1562 2470 1732 2504 relictum
1753 2481 1827 2504 esse
1845 2468 2013 2512 videtin-3
2033 2481 2143 2515 quam
2160 2465 2207 2503 ad

1175 2541 1255 2563 rem
1283 2540 1424 2563 summa
1449 2529 1503 2572 vi,
1527 2528 1703 2574 operibus
1734 2533 2080 2573 tormentorumque
2106 2527 2206 2561 omni

1176 2599 1310 2633 genere
1333 2599 1377 2622 cx
1402 2587 1523 2621 Sicilia
1544 2585 1723 2629 advecto,
1748 2586 1908 2622 accessit.
1932 2586 2042 2632 Mago
2057 2612 2066 2628 ‚
2089 2597 2205 2631 quum

1179 2644 1423 2680 Hannibalern
1444 2644 1657 2679 consulibus
1673 2643 1825 2677 devictis
1837 2670 1846 2687 ,
1865 2643 2043 2677 Marcello
2065 2644 2205 2687 occiso,

1179 2704 1316 2738 anxilio
1335 2704 1462 2737 venire
1477 2703 1545 2749 ipsi
1559 2702 1769 2736 nuntiatum
1782 2708 1892 2744 esset,
1914 2700 2018 2735 ferox
2036 2701 2073 2735 in
2086 2701 2209 2736 hostes

1179 2762 1314 2808 erupit.
1344 2762 1469 2795 Primo
1502 2771 1636 2806 anceps
1667 2765 1745 2793 erat
1774 2766 1972 2793 certamen.
1998 2758 2142 2794 Deinde
2167 2766 2209 2793 ut

1179 2819 1424 2854 Numidarum
1458 2819 1641 2865 equitatus
1674 2817 1720 2851 ab
1763 2816 1969 2851 Hannibale
2005 2816 2208 2862 praemissus

1179 2877 1413 2923 supervenit,
1432 2882 1553 2910 tantus
1570 2886 1689 2921 pavor
1705 2880 1758 2909 est
1776 2874 1954 2910 Romanis
1977 2873 2151 2919 injectuS‚
2167 2881 2210 2908 ut

1179 2935 1310 2980 passim
1331 2934 1377 2968 ad
1399 2945 1502 2968 mare
1527 2940 1563 2968 et
1581 2944 1692 2967 naves
1714 2932 1902 2979 fugerent,
1926 2931 2062 2965 relictis
2087 2931 2208 2977 operi-

1180 2992 1509 3037 busmacliinisqne
1521 3019 1529 3034 ‚
1546 2991 1680 3037 quibus
1694 3001 1822 3024 muros
1833 2988 2047 3035 quatiebant
2063 2985 2114 3034 (e.
2130 2985 2205 3034 28).

1179 3050 1389 3083 Locrorum
1422 3048 1616 3083 obsidione
1656 3048 1706 3082 sic
1745 3047 1865 3081 soluta
1897 3047 2057 3080 Romam
2097 3045 2209 3079 rediit

1181 3107 1344 3149 Cincius;
1364 3106 1464 3141 unde
1479 3113 1600 3141 tamen
1616 3105 1742 3151 paucis
1757 3104 1887 3139 dicbus
1899 3108 1983 3148 post
1999 3114 2081 3136 cum
2097 3102 2208 3137 Sexto

1182 3165 1281 3197 Julio
1311 3165 1449 3199 Caesare
1484 3162 1554 3209 (cf.
1579 3164 1742 3197 Klausen
1774 3162 1799 3198 1.
1821 3161 1846 3195 l.
1873 3172 1913 3206 p.
1943 3158 2036 3193 1062
2065 3158 2141 3206 sq.)
2173 3167 2208 3194 et

1183 3224 1224 3257 L.
1249 3223 1392 3255 Licinio
1425 3222 1591 3255 Pollione
1619 3221 1781 3266 Capuam
1810 3217 1856 3252 ad
1876 3217 2083 3263 Crispinum
2115 3229 2209 3251 con--

1184 3280 1297 3313 sulem
1313 3280 1439 3313 missus
1456 3285 1526 3322 est,
1548 3279 1611 3324 qui
1630 3277 1731 3324 gravi
1749 3276 1900 3310 vulnere
1918 3286 2112 3321 oppressus
2130 3275 2208 3309 lite-

1184 3349 1240 3370 ras
1274 3338 1415 3370 'tomam
1437 3336 1647 3381 scripserat,
1669 3347 1706 3367 se
1730 3336 1952 3367 munitior-um
1982 3344 2110 3366 causum
2137 3343 2207 3365 non
