2289 3728
943 87 1073 125 FRAG
1084 88 1265 126 MENTA.

563 165 671 203 (must

28 245 166 282 σχιστον
190 231 218 267 δ’
237 228 355 279 ἐκείνῳ
372 242 432 264 και
448 229 514 263 τῶν
529 224 782 275 πεπραγμένων
804 225 860 259 υπ’
878 225 979 259 αὐτου
998 224 1057 260 καὶ

28 286 322 337 πεπολιτευμένων
342 283 584 329 ἀναξιωτατον,
606 281 794 330 Ἀντίγονον
819 280 875 317 ἐπὶ
898 280 958 326 τὴν
975 280 1030 318 ‘⁴11'
1021 295 1056 317 Λ-

27 346 114 383 λάδα
128 347 258 391 καλεῖν,
273 343 332 381 καὶ
348 341 584 381 Μακεδόνωνε
571 339 786 389 εμπιπλοίναι
800 338 861 384 τὴν
874 339 1059 376 Πελοπόν-

27 419 140 450 νησον,
164 402 219 445 οὒς
240 401 339 443 αὐτὸς
358 402 396 437 ἐκ
424 398 691 443 Πελοποννήσου
721 397 899 448 μειράκιον
919 395 966 433 ὢν
988 396 1059 442 ἐξή-

26 462 143 510 λασεν,
164 459 391 510 ἐλευθερώσας
409 456 466 494 τὸν
486 455 755 526 Ακροκόρινθον,
788 453 847 491 καὶ
879 460 965 491 πᾶσι
996 454 1057 503 μὲν

27 524 96 561 τοῖς
119 517 345 569 βασιλευσιν
337 515 487 556 ὕποπτος
506 513 565 551 καὶ
582 513 740 564 διάφορος
755 512 933 562 γενόμενος
945 541 955 561 ,
977 527 1058 549 του-

27 575 98 613 τονὶ
118 575 152 612 δὲ
183 575 283 612 αὐτὸν
314 573 502 623 Ἀντίγονον
522 569 667 622 εἰρηκὼς
698 570 791 607 κακὰ
814 569 937 621 μυρία,
958 569 998 606 δι’
1012 573 1059 606 ὧν

26 632 254 670 ἀπολέλοιπεν
273 629 567 680 Ὑπομνημάτων.
589 628 714 667 Καιτοι
729 628 841 665 πολλα
861 630 981 664 παθεῖν
1001 627 1060 663 καὶ

25 690 295 742 παραὸαλέσθαι
325 688 427 740 φησὶν
471 686 570 729 αὐτὸς
598 685 682 736 ὑπὲρ
720 685 925 731 Ἀθηναίων,
969 683 1059 743 ὅπως

25 753 45 795 ἠ
66 748 163 791 πόλις
202 746 423 796 ἀπαλλαγείη
456 749 603 797 φρουρᾶς
634 743 693 781 καὶ
726 743 955 782 Μακεδόνων·
986 746 1059 779 εἶτα

24 805 159 848 τούτους
175 805 232 842 ἐπὶ
251 804 312 851 τὴν
328 803 520 855 πατρίδα...
543 801 725 852 εἰσήγαγεν
743 803 820 838 κτλ.

76 865 131 903 Cf.
146 865 329 900 Plutarch.
346 866 448 900 Arat.
466 875 497 897 c.
520 861 567 896 38
581 889 590 905 ,
606 862 672 896 uhi
691 860 979 908 vituperandum
999 860 1058 894 di—

26 925 73 959 cit
91 924 263 967 Aratum,
281 922 385 968 quod.
401 922 520 956 socios
538 920 751 954 advocasset
768 931 850 963 eos,
872 916 927 958 οὓς
943 915 1061 957 αὐτοὺς

26 981 59 1016 ἐν
71 980 145 1020 ταῖς
155 977 299 1028 πράξεσι
310 977 604 1026 καταστρατηγῶν
620 973 679 1010 καὶ
691 971 1059 1022 καταπολιτευόμενος,

26 1038 59 1073 ἐν
78 1035 113 1072 δὲ
142 1038 211 1077 τοῖς
243 1033 494 1083 ’Υπομνήμασι
526 1032 688 1082 λοιδορῶν
722 1030 911 1069 διετέλει...
938 1030 1060 1068 Καίτοι

26 1098 140 1130 πᾶσαν
172 1095 189 1129 ὁ
219 1090 364 1143 Ἄρατος
396 1089 517 1141 ἀφίησι
547 1088 659 1139 φωνὴν
682 1088 963 1137 ἀπολογιζόμενος
999 1087 1060 1133 τὴν

27 1150 191 1201 ἀνάγκην.

528 1223 564 1259 5.

76 1319 260 1355 Plutarch.
281 1319 418 1354 Cleom.
440 1330 472 1352 c.
500 1329 542 1361 17
569 1327 578 1353 ε
597 1317 813 1352 Cleomenes
831 1328 946 1362 quum
962 1317 1061 1350 solus

25 1378 164 1424 absque
179 1377 344 1412 exercitu
375 1376 414 1410 in
436 1377 556 1423 Argos
582 1375 716 1409 urbem
730 1401 739 1418 ,
762 1374 827 1408 ubi
859 1381 1062 1409 conventus

27 1442 105 1471 erat
119 1436 356 1479 Achaeorum,
366 1434 492 1469 venire
512 1433 558 1467 ab
572 1434 686 1468 Arato
696 1432 905 1479 juberetur,
928 1432 1061 1478 injuria

25 1505 62 1528 se
85 1493 258 1530 affectum
271 1499 416 1540 putans,
433 1488 586 1533 ἀνέζευξε
602 1488 657 1526 διὰ
673 1488 821 1540 ταχέων,
838 1488 896 1525 καὶ
928 1488 1061 1539 κήρυκα

24 1548 174 1599 πόλεμον
189 1551 399 1600 προεροῦντα
417 1549 487 1589 τοῖς
504 1546 652 1597 Ἀχαιοῖς
668 1545 821 1597 ἔπεμψεν
841 1546 902 1583 οὐκ
917 1547 962 1588 εἷς
980 1544 1017 1583 Ἄ
1026 1561 1061 1597 ρ-

24 1658 106 1695 tem,
131 1658 275 1688 omnium
301 1659 408 1689 autem
430 1657 571 1687 maxime
594 1656 653 1695 ipsi
674 1657 803 1696 turpem
825 1657 857 1687 et
876 1657 971 1687 rebus
987 1657 1060 1687 ante

29 1709 109 1741 actis
124 1710 370 1749 indignissimam
382 1735 390 1750 ‚
411 1710 562 1740 nimirum
585 1711 621 1740 ut
643 1709 835 1747 Antigonum
854 1708 887 1739 in
903 1709 1059 1740 Graeciam

27 1762 156 1792 vocaret
170 1785 179 1800 ‚
202 1761 492 1800 Macedonibusque
513 1760 659 1800 impleret
683 1760 953 1798 Peloponnesum,
979 1768 1060 1799 quos

26 1813 92 1853 ipse
110 1813 291 1844 adolescens
316 1813 447 1844 liberato
460 1812 688 1844 Acrocorintho
708 1821 747 1843 ex
763 1812 977 1852 Peloponneso
994 1812 1059 1851 eje-

26 1865 128 1903 cerat,
143 1865 175 1895 et
192 1864 321 1903 quidem
337 1864 485 1895 omnibus
498 1863 624 1902 regibus
639 1863 805 1901 suspectus
818 1871 855 1893 ac
868 1872 942 1893 cum
956 1862 1059 1893 omni-

27 1915 86 1946 bus
98 1915 276 1946 simultates
288 1923 439 1945 exercens
450 1915 563 1945 Aratus
576 1913 731 1951 Antigono
746 1914 820 1944 huic
835 1914 920 1944 mille
930 1923 1059 1944 suorum

26 1966 336 1998 Commentariorum
348 1966 424 1996 locis
434 1965 603 1995 obtrectat.
617 1966 635 1995 J
638 1972 688 1994 am
699 1965 753 2003 qui
767 1965 868 1995 multa
879 1973 911 1995 se
922 1973 1059 2003 passum,

27 2018 125 2049 multa
141 2018 290 2048 conatum
306 2018 434 2057 propter
446 2016 651 2048 Athenienses
664 2016 725 2055 ait,
737 2015 814 2046 dum
828 2016 939 2046 urbem
950 2024 1059 2046 eorum

28 2068 169 2109 praesidio
195 2068 396 2100 Macedonico
413 2068 579 2106 liberaret,
600 2068 626 2099 is
648 2067 837 2099 Macedones
864 2065 1001 2097 armatos
1029 2067 1060 2097 in

30 2120 162 2160 patriam
175 2119 315 2150 adducit.

69 2172 184 2203 Aratus
207 2171 325 2202 auxilio
347 2170 516 2202 advocavit
540 2179 593 2201 eos
616 2179 696 2210 quos
714 2170 779 2210 ipse
803 2170 924 2200 artibus
945 2169 1008 2200 suis
1030 2170 1060 2200 ct

30 2223 165 2254 consiliis
189 2224 424 2262 oppugnaverat
444 2223 540 2261 inque
552 2221 795 2262 Commentariis
809 2220 958 2251 conviciis
979 2221 1061 2251 lacc-

32 2275 112 2305 ravit
129 2273 258 2305 crebris.
274 2277 477 2314 Quamquam
494 2274 571 2304 nihil
589 2282 653 2304 non
672 2273 748 2304 dicit
762 2275 798 2305 ut
822 2273 1059 2304 exeusationem

29 2325 217 2356 necessitatis
232 2325 352 2356 asserat.

524 2380 558 2410 5.

69 2451 254 2482 Cleomenes
268 2450 411 2482 celeriter
427 2450 586 2490 discessit,
609 2452 641 2482 et
666 2458 844 2490 praeconem
867 2450 920 2489 qui
942 2449 1059 2481 bellum

31 2502 152 2534 Achaeis
170 2503 336 2542 indiceret,
354 2512 418 2534 non
434 2506 550 2543 Argos,
567 2503 621 2535 sed
637 2503 762 2542 AEgium
775 2527 783 2538 ,
800 2504 835 2533 ut
861 2501 904 2533 ait
923 2503 1038 2533 Aratus
1050 2527 1058 2540 ‚

31 2553 240 2593 praeveniendi
256 2562 366 2586 eorum
380 2556 548 2594 apparatus
560 2563 654 2585 causa
676 2554 771 2585 misit.

2096 95 2140 125 23

1115 182 1193 216 γος,
1212 167 1288 203 ἀλλ’
1324 170 1368 210 εἷς
1400 168 1534 217 Αἴγιον,
1555 168 1598 209 ὥς
1616 184 1715 220 φησιν
1739 167 1900 218 Ἄρατος,
1924 167 2013 208 ὅπως
2034 167 2146 218 φθάσῃ

1116 224 1177 268 τὴν
1192 224 1412 274 παρασκευὴν
1433 228 1556 264 αὐτῶν.

1615 303 1650 338 (5.

1171 392 1356 428 Plutarch.
1383 393 1524 429 Cleon).
1556 408 1587 429 ι·,
1718 392 1933 434 (Εαλωκότος
1956 390 1990 428 δὲ
2011 390 2149 443 Ἄργους

1118 447 1177 483 καὶ
1206 446 1351 483 κατόπιν
1371 447 1463 489 εὐθὺς
1482 449 1719 499 προσθεμένων
1740 451 1788 501 τῷ
1812 449 1995 498 Κλεομένει
2029 452 2148 488 Κλεω-

1117 508 1183 541 νῶν
1209 505 1268 541 καὶ
1286 506 1497 554 Φλιοῦντος,
1533 506 1697 557 ἐτύγχανε
1721 507 1780 555 μὲν
1802 510 1818 544 ὁ
1848 507 1990 559 Ἄρατος
2020 510 2053 544 ἐν
2081 510 2150 545 lxo<

1120 562 1220 613 ρίνθῳ
1239 560 1438 610 ποιούμενός
1467 578 1542 598 τινα
1562 566 1629 599 τῶν
1646 565 1839 614 λεγομένων
1857 566 2052 610 λακωνίζειν
2071 566 2148 609 ἐξέ-

1118 635 1235 657 τασιν·
1257 618 1417 669 ἀγγελίας
1438 619 1472 656 δὲ
1493 620 1571 669 περὶ
1603 621 1731 658 τούτων
1751 623 2011 672 προσπεσούσης
2032 626 2150 661 διατα-

1120 676 1256 728 ραχθεὶς
1275 676 1333 713 καὶ
1365 675 1426 721 τὴν
1452 675 1550 712 πόλιν
1575 678 1824 715 ἀποκλίνουσαν
1851 681 2048 729 αἰσθόμενος
2069 683 2150 733 πρὸς

1119 735 1175 773 τὸν
1198 733 1379 784 Κλεομένη
1397 733 1455 770 καὶ
1468 736 1535 771 τῶν
1559 734 1704 784 Ἀχαιῶν
1723 738 1963 786 ἀπαλλαγῆναι
1986 740 2149 789 βουλομέ-

1119 810 1196 842 νην,
1215 793 1331 830 ἐκάλει
1344 791 1404 841 μὲν
1425 793 1470 834 εἷς
1486 792 1524 828 τὸ
1539 792 1776 843 βουλευτήριον
1790 794 1865 837 τοὺς
1878 796 2033 846 πολίτας,
2053 797 2149 834 ἔλαθε

1120 852 1154 889 δὲ
1183 850 1359 889 διολισθὼν
1389 849 1471 901 ἄχρι
1490 852 1551 895 τ’ἧς
1573 849 1696 896 πύλης.
1753 850 1848 888 Ἐκεῖ
1878 853 1931 898 δὲ,
1965 859 2022 890 τοῦ
2041 855 2149 892 ἰ’ππου

1120 909 1393 961 προσαχθέντος,
1412 907 1541 949 ἀναὸὰς
1576 907 1695 959 ἔφυγεν
1716 911 1761 952 εἷς
1783 911 1954 949 Σικυῶνα.
2011 915 2090 949 Τῶν
2117 914 2148 949 δὲ

1121 966 1307 1018 Κορινθίων
1325 964 1572 1015 ἁμιλλωμένων
1592 967 1638 1008 εἰς
1653 965 1774 1018 Ἄργος
1796 968 1879 1018 πρὸς
1898 968 1954 1005 τὸν
1975 970 2150 1017 Κλεομένη

1120 1023 1410 1078 φησὶνὸἌρατος
1443 1021 1519 1065 τοὺς
1547 1021 1670 1065 ἵππους
1698 1024 1829 1066 πάντας
1847 1028 2011 1076 ῥαγῆναι·
2030 1027 2085 1062 τον
2117 1028 2151 1063 δὲ

1122 1082 1302 1131 Κλεομένη
1325 1080 1520 1132 μέμφεσθαι
1539 1079 1615 1123 τοὺς
1638 1081 1832 1132 Κορινθίους
1850 1081 1896 1131 μὴ
1922 1083 2153 1125 συλλαῧόντας

1121 1141 1239 1190 αὐτὸν,
1255 1140 1330 1177 ἀλλ”
1351 1138 1518 1180 ἐάσαντας
1540 1140 1713 1190 διαφυγεῖν
1725 1154 1732 1162 ·
1756 1142 1793 1176 οὐ
1815 1139 1882 1188 μὴν
1896 1140 1983 1177 ἀλλὰ
1998 1141 2056 1177 καὶ
2073 1141 2153 1190 πρὸς

1121 1199 1222 1237 αὐτὸν
1251 1199 1358 1236 ἐλθεῖν
1378 1196 1608 1246 Μεγιστόνουν
1638 1196 1733 1248 παρὰ
1762 1201 1820 1235 τοῦ
1849 1198 2061 1247 Κλεομένους
2082 1200 2153 1235 δεο-

1121 1257 1223 1307 με’νου
1244 1255 1459 1306 παραλαὸεῒν
1490 1254 1547 1291 τὸν
1575 1254 1824 1306 Ἀκροκόρινθον
1844 1250 1932 1306 (εἶχε
1952 1256 2018 1307 γὰρ
2048 1272 2152 1307 φροιμ

1123 1315 1182 1367 ρὰν
1214 1315 1378 1365 Ἀχαιῶν)
1407 1312 1466 1349 καὶ
1492 1312 1605 1350 πολλὰ
1627 1313 1794 1364 χρήματα
1820 1314 1985 1356 διδόντος·
2014 1315 2153 1364 ἀποκρί-

1625 407 1697 439 192

1121 1374 1282 1411 νασθαι
1265 1372 1299 1410 οὲ
1326 1371 1442 1418 αυτὸν,
1461 1373 1506 1413 ὡς
1524 1372 1585 1408 οὐκ
1605 1370 1677 1421 ε’χει
1691 1371 1733 1408 τὰ
1744 1371 1950 1422 πράγματα,
1971 1373 2061 1420 μᾶλλ
2066 1387 2100 1407 ον
2121 1372 2153 1407 δὲ

1122 1431 1187 1470 ὑπὸ
1201 1447 1268 1468 των
1288 1430 1503 1481 πραγμάτων
1518 1430 1617 1471 αὐτὸς
1639 1428 1696 1479 ἔχε
1684 1444 1768 1467 -.ται
1790 1431 1910 1466 Ταυτα
1935 1445 1974 1466 με
1978 1446 1993 1465 ν
2016 1445 2032 1466 ο
2048 1428 2153 1479 Ἄρα-

1122 1503 1176 1530 τος
1195 1487 1377 1539 γέγραφεν.
1395 1490 1447 1525 Cf.
1464 1490 1650 1526 Plutarch.
1673 1502 1705 1526 ο.
1729 1494 1791 1535 40,
1818 1494 1877 1530 41.

1615 1662 1646 1692 6.

1161 1732 1251 1770 Argis
1265 1732 1366 1770 captis
1379 1741 1478 1771 quum
1501 1732 1607 1762 statim
1625 1733 1720 1762 etiam
1741 1732 1870 1762 Cleonae
1888 1734 1919 1762 et
1937 1732 2045 1762 Phlius
2063 1733 2146 1762 Cleo⁴

1122 1782 1205 1813 meni
1227 1791 1259 1813 se
1277 1783 1514 1821 adjunxissent,
1538 1784 1673 1819 Aratus,
1697 1782 1751 1821 qui
1774 1784 1842 1813 tum
1859 1783 1999 1814 Corinthi
2016 1784 2046 1813 in
2063 1792 2152 1822 quos-

1121 1834 1267 1873 dam‚qui
1284 1834 1463 1864 serebantur
1476 1836 1633 1864 Laconum
1649 1834 1790 1872 partibus
1805 1833 1944 1871 studere,
1960 1834 2151 1872 inquirebat,

1121 1885 1232 1915 nuntio
1249 1885 1292 1915 rei
1309 1886 1406 1915 allato
1427 1884 1649 1924 perturbatus,
1666 1893 1766 1922 quum
1782 1884 1944 1914 civitatem
1967 1893 2037 1914 eam
2056 1885 2144 1915 senti-

1121 1937 1168 1967 ret
1178 1936 1217 1967 ad
1231 1937 1432 1967 Cleomenem
1444 1935 1593 1966 inclinare
1607 1943 1643 1965 ac
1651 1943 1765 1974 cupere
1780 1935 1967 1965 Achaeorum
1976 1935 2150 1974 principatu

1121 1989 1264 2026 liberari,
1288 1988 1410 2019 civibus
1432 1987 1463 2017 in
1485 1987 1656 2017 concilium
1675 1986 1838 2017 advocatis
1851 2010 1859 2024 ,
1883 1986 1948 2025 ipse
1967 1986 2091 2016 occulte
2112 1987 2150 2016 azl

1121 2042 1226 2079 portas
1239 2040 1364 2079 elapsus
1379 2039 1442 2077 est,
1457 2039 1563 2077 ibique
1581 2047 1699 2077 equum
1723 2037 1897 2067 adductum
1917 2038 2099 2070 conscendit
2115 2047 2150 2068 ac

1120 2092 1286 2131 Sicyonem
1304 2091 1457 2130 confugit.
1502 2090 1589 2121 Idem
1614 2090 1738 2126 scribit,
1753 2089 1991 2120 Corinthiorum
2006 2090 2150 2120 certatim

1121 2146 1218 2182 Argos
1231 2143 1269 2174 ad
1287 2145 1491 2174 Cleomenem
1507 2142 1766 2172 contendentium
1784 2142 1904 2172 tantam
1919 2142 2010 2172 fuisse
2024 2142 2151 2173 festina-

1120 2196 1237 2227 tionem
1255 2219 1262 2233 ,
1279 2197 1314 2226 ut
1331 2195 1403 2234 equi
1418 2204 1530 2225 eorum
1544 2202 1653 2224 omnes
1668 2194 1751 2232 rupti
1775 2194 1901 2228 suerint,
1916 2194 2152 2232 increpatosque

1120 2256 1173 2278 eos
1186 2255 1204 2278 a
1219 2248 1387 2278 Cleomene
1399 2270 1407 2285 ,
1422 2245 1507 2285 quod
1528 2254 1560 2276 se
1575 2254 1637 2275 non
1660 2244 1970 2284 comprehendissent
1982 2269 1990 2282 ‚
2002 2244 2054 2274 sed
2071 2246 2150 2275 etsu-

1120 2308 1192 2339 gere
1217 2299 1298 2338 passi
1321 2298 1462 2328 fuissent.
1507 2297 1638 2327 'Venisse
1661 2297 1766 2327 tamen
1786 2296 1824 2326 ad
1851 2305 1883 2327 se
1904 2296 2111 2334 Megistonum
2134 2305 2151 2325 a

1121 2351 1290 2381 Cleomene
1311 2349 1441 2379 missum
1452 2373 1460 2387 ,
1475 2356 1642 2386 orasseque
1665 2348 1699 2377 ut
1715 2349 1843 2386 accepta
1854 2371 1862 2385 ‚
1876 2356 1971 2386 quam
1986 2346 2150 2385 promitte-

1121 2401 1174 2432 bat
1189 2401 1365 2440 ingentem,
1378 2400 1512 2439 pecunia
1530 2398 1791 2429 Acrocorinthum
1809 2398 1997 2428 Achaeorum
2010 2397 2152 2436 praesidio

1120 2452 1255 2483 deducto
1279 2451 1435 2488 traderet,
1453 2459 1549 2489 seque
1562 2449 1588 2479 ei
1610 2449 1805 2487 respondisse
1825 2462 1830 2479 :
1847 2458 1909 2479 non
1925 2449 2039 2479 habere
2058 2458 2090 2478 se
2105 2458 2152 2478 res

1121 2505 1151 2535 in
1165 2512 1220 2534 sua
1239 2504 1393 2542 potestate
1406 2527 1414 2541 ‚
1429 2501 1481 2532 scd
1501 2502 1539 2531 ali
1552 2501 1587 2532 iis
1607 2500 1726 2531 halwri.
