2338 3765
149 158 222 189 346

148 246 223 281 Rus
244 246 497 278 I‘nroroxxaffl
516 242 698 292 (exceptis
716 244 827 279 rebus
844 243 1044 295 Arcadiae).
1062 248 1180 281 Rem-

148 314 215 338 'rcs
236 303 553 337 finalem-snm.
579 303 634 336 De
655 302 784 347 priscis
801 303 1047 350 Peloponnesi
1066 306 1181 339 nomi·

148 361 276 403 nibus,
312 360 357 395 fr.
391 359 452 395 32.
486 360 847 406 Amythaonidarum
882 363 996 406 fama,
1031 363 1075 399 fr.
1112 363 1179 406 333

149 419 308 461 OresteS‚
331 417 375 453 fr.
408 416 488 458 3!÷*-
510 439 560 443 —-
576 418 726 451 Redime
751 420 1034 454 Heraclidm·um
1063 434 1074 453 .·
1106 422 1182 454 La—

148 475 354 517 cedoemon,
383 474 426 510 fr.
452 474 519 518 36,
544 474 603 519 37.
635 477 775 523 Argos,
810 477 854 513 fr.
879 477 961 515 38⁴⁶.
991 479 1175 520 sileantene,

149 532 195 566 sr.
221 531 305 579 39⁴2
337 537 396 574 4ο.
416 532 629 575 Corinthus,
659 533 705 568 fr.
731 537 791 575 41.
813 536 1022 582 Antequam
1043 536 1090 571 de
1109 537 1184 572 Co-

150 591 275 624 rintho
306 602 326 624 a
353 590 594 625 Doriensibus
623 598 804 638 occupata
835 600 1058 639 exponeret,
1086 594 1184 628 anti—

150 649 322 693 quiorem
345 649 500 682 civitatis
517 648 708 683 historiam
728 651 916 696 praemisit.

202 707 320 740 Lmen
339 708 379 741 V.
400 707 476 741 Rus
494 708 690 750 ARcAmAE,
709 720 790 753 quae
809 709 895 742 solae
920 716 1025 743 motu
1046 709 1184 743 Dorico

150 764 374 797 inconcussae
395 770 624 806 manserant,
643 764 730 799 inde
749 765 794 800 ab
816 766 985 812 Lycaone
1005 769 1202 812 repetun-‘

150 826 224 862 tur,
248 821 293 857 fr.
318 824 453 863 42-44.
478 842 530 847 —
546 822 687 856 INSULAE
710 835 822 858 MARIS
842 825 981 871 AEoffl,
1003 836 1085 870 quae
1101 830 1185 870 post

152 878 434 913 Heraclidarum
450 879 664 914 descensum
679 893 794 915 novas
811 882 949 916 incolas
963 894 982 916 e
1002 882 1186 927 Pelopon-

151 947 239 969 neso
267 937 447 983 accepisse
470 936 658 978 videntur,
681 938 911 984 aliarumque
933 940 1082 973 urbium
1110 939 1188 972 ori-

151 994 252 1041 gines
268 1006 311 1029 ex
327 994 456 1029 iisdem
474 996 589 1029 causis
603 996 814 1042 repetendae
835 996 900 1043 (fr.
920 996 1079 1045 45-48).

207 1053 326 1086 Lmen
345 1053 407 1088 VI.
427 1054 612 1087 Hls'ronlA
625 1054 824 1088 Lvnonum.
842 1055 960 1101 Reges
982 1055 1187 1089 Heraclidae

153 1122 271 1156 usque
303 1110 349 1144 ad
370 1110 615 1155 Candaulem,
647 1112 690 1148 fr.
714 1111 797 1159 494.
818 1131 868 1138 —
896 1115 1186 1148 ATiffixffixsmM

151 1179 326 1202 msa-oms
340 1195 350 1214 ,
376 1180 493 1214 usque
519 1168 566 1203 ad
584 1170 855 1204 institutionem
875 1171 1097 1204 archontum
1118 1183 1185 1205 an-

152 1238 312 1259 nuorum
324 1255 333 1270 ,
349 1227 402 1260 uti
419 1226 578 1263 videtur.
598 1228 750 1261 Initium
769 1235 900 1262 auctor
916 1229 1112 1274 sumpserit
1130 1230 1189 1263 vel

158 1283 244 1318 inde
269 1296 289 1318 a
317 1285 458 1318 Troicis
478 1286 728 1331 temporibus,
757 1286 811 1320 vel
835 1287 944 1320 etiam
962 1286 1048 1321 inde
1075 1299 1095 1321 a
1115 1287 1186 1322 Ce—

154 1354 278 1389 (rope.
301 1343 353 1376 Ex
375 1342 586 1389 fragmentis
613 1356 694 1389 quae
714 1344 785 1378 huc
802 1345 1008 1390 pertinent,
1031 1345 1189 1380 alterum

154 1407 206 1434 est
239 1400 285 1435 de
317 1401 580 1447 Demophonte
613 1413 698 1448 rege
732 1402 883 1448 ejusque
919 1404 1191 1438 successoribus

156 1458 226 1505 (fr.
252 1458 363 1506 50⁴),
392 1460 547 1493 alterum
578 1459 624 1494 de
654 1461 891 1507 Hippomene
912 1461 1090 1496 archonte
1121 1462 1190 1497 de-

155 1518 298 1551 cennali
331 1516 396 1560 (fr.
429 1516 510 1563 51).
541 1518 712 1552 Comma·
744 1531 751 1552 :
784 1519 991 1553 MINYARUM
1018 1521 1190 1566 migratio

155 1575 193 1608 in
213 1576 369 1609 Theram
405 1576 578 1618 insulam,
613 1576 749 1611 deinde
770 1577 809 1610 in
833 1578 1007 1624 Libyam,
1030 1579 1093 1612 ubi
1115 1580 1192 1625 CJ-

155 1646 254 1667 reme
271 1646 290 1668 a
309 1635 414 1668 Batto
436 1634 663 1668 conduntur.
687 1634 768 1680 Qua
790 1636 984 1670 occasione
1004 1637 1187 1683 reliquam

157 1704 307 1726 omnem
336 1692 588 1726 Battiadarum
619 1693 810 1727 historiam
836 1701 967 1728 auctor
987 1695 1189 1740 subjunxit.

163 1751 259 1784 Hinc
280 1756 463 1784 servatum
485 1750 531 1787 fr.
563 1749 609 1784 52
638 1750 684 1785 de
706 1752 892 1786 Arcesilao
917 1753 967 1788 ΙΙ.
989 1773 1039 1778 —-
1065 1754 1191 1787 onitm

156 1808 330 1854 migratio
352 1808 388 1840 in
407 1808 540 1842 Asiam.
556 1808 688 1854 Minyae
702 1809 856 1843 Ionibus
875 1821 912 1844 se
932 1810 1193 1856 adjunxerunt.

158 1867 355 1910 (ymarum
390 1866 565 1909 historia,
600 1866 647 1901 fr.
684 1865 767 1903 53²⁶.
804 1868 931 1902 Mileti
955 1869 1108 1904 historia
1133 1883 1196 1904 us-

158 1936 231 1970 que
252 1923 298 1958 ad
318 1923 428 1958 finem
448 1924 685 1968 Nelidarum,
705 1924 752 1959 fr.
775 1923 837 1966 54.
862 1946 912 1952 --
938 1927 1014 1961 RES
1032 1928 1195 1962 Tnssssi-

158 1994 303 2016 LORUM.
325 1981 493 2016 llistoriae
510 1982 556 2016 de
573 1982 779 2017 Heraclidis
798 1984 949 2030 aliisque
965 1985 1115 2031 regulis,
1133 1986 1196 2031 qui

158 2046 246 2074 tunc
265 2041 302 2073 in
316 2041 505 2074 Thessaliae
523 2040 733 2074 civitatibus
747 2042 974 2088 regnabant,
991 2042 1197 2078 fabularem

162 2099 380 2132 memoriam
403 2099 590 2145 praemisit.
614 2099 698 2144 Quo
716 2101 906 2145 pertinent
925 2112 1006 2145 quae
1025 2101 1102 2135 sola
1121 2114 1197 2136 ser·

158 2163 241 2190 vata
261 2163 343 2190 sunt
364 2156 410 2190 de
425 2157 522 2190 Pelia
535 2183 544 2199 ,
562 2157 709 2201 Iasone,
727 2157 859 2192 Acasto
872 2185 882 2204 ,
906 2158 1012 2192 Peleo
1031 2158 1099 2205 (fr.
1124 2159 1170 2194 55
1184 2188 1193 2204 ,

161 2213 208 2248 56
221 2213 247 2261 ).
272 2234 322 2240 -
335 2216 411 2249 Res
426 2215 703 2258 Pmomxxm,
727 2228 844 2262 usque
862 2216 909 2251 ad
923 2223 1092 2263 tempora
1108 2218 1198 2253 belli

161 2274 373 2307 Messeniaci
394 2274 410 2307 Ι
425 2300 434 2316 ,
458 2274 513 2307 uti
535 2275 716 2320 suspicor.
741 2276 932 2321 Superstes
951 2275 1197 2323 fragmentum

162 2330 209 2365 de
228 2333 417 2377 Lycurgo.

214 2390 332 2422 Lmsn
359 2390 441 2423 vll.
466 2389 764 2424 Conxxrmonum
798 2403 973 2427 TYRANNI.
1006 2392 1195 2438 Cypselus,

163 2446 379 2488 Periander,
408 2448 715 2491 Psammetichus,
747 2448 793 2482 fr.
832 2447 912 2492 58⁴⁶,
947 2447 1009 2495 53),
1040 2449 1124 2484 6o*.
1147 2472 1199 2476 —

163 2504 423 2538 Sunnmomm
445 2516 623 2539 TYRANNI.
645 2506 802 2551 Myron,
823 2505 1028 2549 lsodemus,
1046 2508 1198 2541 Clisthe-

165 2573 249 2603 nes,
283 2561 329 2595 fr.
359 2560 442 2595 (i1*.
466 2581 516 2587 —-
545 2562 732 2596 Lx'nonum
754 2574 938 2598 HISTomA.
962 2565 1080 2611 Reges
1096 2566 1198 2599 Mer—

164 2618 308 2652 mnadae
327 2631 334 2652 2
364 2619 506 2666 Gyges,
527 2619 738 2665 Sadyattes,
763 2621 942 2667 Alyattes,
964 2622 1127 2665 Croesus,
1149 2622 1196 2658 fr.

165 2675 304 2710 62-65.
330 2696 379 2702 —
408 2678 603 2711 Menoncm
638 2690 755 2712 neom
786 2690 963 2723 EVEltslo,
999 2681 1198 2715 Pausiam

165 2746 310 2768 mareau
330 2747 460 2771 IYlTIA.
485 2736 619 2781 Cyrus,
644 2736 690 2772 fr.
712 2736 795 2780 66⁴2
813 2736 874 2781 67.
899 2737 1042 2772 Croesus
1061 2750 1080 2772 a
1103 2739 1199 2785 Cyro

165 2793 304 2835 victus,
332 2792 377 2829 fr.
406 2788 466 2826 68.
485 2814 536 2820 —-
561 2794 807 2835 Romsfonum
834 2806 1026 2839 msTOMA,
1053 2809 1163 2842 quam
1181 2809 1201 2831 a

166 2849 295 2894 primis
312 2849 422 2883 initiis
438 2862 587 2884 exorsus
607 2857 737 2885 auctor
750 2864 867 2898 usquc
887 2852 934 2886 ad
952 2854 1125 2899 expulsos
1140 2866 1202 2888 re-

168 2918 229 2952 ges
260 2908 484 2952 exposuerit.
515 2908 720 2954 Supersunt
752 2909 883 2957 fragm.
919 2909 967 2957 69
997 2918 1032 2945 ct
1064 2924 1125 2959 70,
1154 2911 1200 2946 dc

169 2965 319 2999 Amulio
332 2992 340 3008 ,
356 2965 570 3008 Numitore,
590 2967 753 3001 Romulo
778 2975 813 3001 et
829 2969 962 3005 Remo,

224 3021 316 3055 Inde
333 3034 352 3055 a
372 3022 468 3055 libro
486 3028 619 3056 octavo
634 3035 750 3069 usque
768 3024 814 3058 ad
830 3027 1107 3073 nonagesimum
1126 3039 1203 3062 sex·

172 3087 246 3113 tum
267 3086 401 3125 praeter
419 3086 596 3125 quattuor
624 3081 778 3116 minoris
798 3084 976 3117 momenti
1000 3084 1202 3130 fragmenta

174 3132 265 3168 nihil
288 3132 370 3165 tulit
397 3138 552 3165 aetatem.
576 3133 665 3177 Quae
686 3144 705 3166 e
725 3133 828 3167 libris
853 3135 1007 3180 96-124
1031 3138 1202 3179 citantur,

175 3189 251 3223 fere
272 3190 395 3224 onmia
421 3191 611 3235 pertinent
630 3191 676 3225 ad
698 3192 943 3227 Mithridatica
965 3201 1076 3239 atquc
1091 3196 1202 3241 Syria»

174 3248 377 3283 historiam.
399 3248 514 3283 Libro
542 3258 610 3282 110
636 3256 807 3283 narratur
828 3251 1037 3296 triumphus
1060 3254 1201 3286 Luculli

179 3304 258 3351 (an.
289 3305 335 3340 6⁴3
370 3318 400 3340 a.
438 3305 514 3353 (L).
559 3306 676 3351 lgitur
707 3307 809 3341 libris
845 3314 990 3342 rentum
1020 3315 1050 3341 ct
1088 3309 1203 3343 trihus

946 153 1149 191 NlCOLAl
1179 154 1469 193 DAMASCENt

1241 246 1319 294 (8-1
1334 247 1549 293 10)historia
1560 247 2013 284 continebaturannoruin
2029 251 2176 286 circiter
2187 266 2277 300 qua·

1226 331 1232 337 ,
1249 304 1532 351 dringentorum
1550 305 1833 352 quinquaginta.
1855 307 2005 353 Reliqui
2026 308 2111 342 libri
2129 311 2278 358 triginta

1244 369 1423 408 quattuor
1443 361 1454 409 (
1474 375 1484 395 1
1499 374 1511 395 1
1525 366 1643 403 1—144
1661 359 1670 410 )
1697 364 1884 410 sexaginta
1915 365 2064 400 circiter
2093 378 2277 403 annorum

1243 421 1401 466 spatium
1429 419 1786 466 complectebantur.
1819 421 1990 456 Narratio
2023 435 2068 457 eo
2095 426 2280 471 prolixior

1243 485 1332 521 erat,
1350 490 1425 524 quo
1441 478 1598 524 propius
1617 484 1748 512 auctor
1767 478 1815 514 ad
1828 491 1890 513 sua
1910 480 2020 526 ipsius
2038 488 2205 529 tempora
2219 496 2280 519 ac·

1245 535 1412 572 cedebat.

1296 592 1405 627 Fides
1423 591 1568 627 Nicolai
1590 594 1628 627 in
1644 593 1787 640 majore
1804 595 1926 642 operis
1946 603 2050 642 parte
2075 598 2214 643 pendet
2234 611 2277 633 ex

1244 650 1459 685 auctoribus
1481 662 1575 696 quos
1593 651 1705 686 duces
1724 653 1795 687 sibi
1813 653 1955 699 selegit.
1981 653 2024 689 ln
2039 655 2150 689 rebus
2169 658 2278 703 Assy—

1244 709 1389 742 riorum
1417 714 1453 742 et
1474 708 1672 742 Medorum
1699 711 1854 745 Ctesiam
1879 711 2057 757 sequitur.
2083 712 2278 759 Lydorum

1244 766 1433 800 historiam
1447 772 1634 800 mutuatus
1650 774 1702 801 est
1723 779 1743 802 e
1761 768 1914 802 Xantho
1934 769 1991 803 vel
2011 770 2136 815 potius
2155 782 2174 805 e
2190 772 2282 805 Dio-

1244 823 1348 869 nysio
1381 823 1601 869 Mytilenaeo.
1643 825 1687 858 In
1717 825 1852 860 Graecis
1888 825 2039 870 fabulis,
2068 827 2134 861 ubi
2167 828 2282 863 multa

1245 893 1264 916 a
1290 881 1433 927 vulgari
1451 882 1664 916 narratione
1688 883 1887 928 recedunt,
1912 896 2110 930 quemnam
2140 886 2282 921 sontem

1246 939 1436 982 habuerit,
1456 940 1577 972 minus
1604 939 1733 985 liquet.
1758 941 1836 987 Ego
1866 941 2018 987 quidem
2050 943 2282 979 Hellanicum

1245 1008 1446 1043 agnoscere
1460 997 1498 1030 in
1515 997 1557 1031 iis
1577 997 1668 1031 mihi
1696 997 1841 1035 videor.
1863 999 1955 1033 Inde
1977 1000 2022 1034 ab
2042 1000 2167 1035 reditu
2201 1003 2279 1037 He-

1246 1055 1472 1089 raclidarum
1501 1055 1539 1088 in
1567 1055 1782 1090 Graecorum
1815 1056 1925 1090 rebus
1951 1058 2104 1104 Ephoro
2139 1060 2283 1106 potissi-

1247 1125 1347 1147 mum
1377 1125 1414 1148 se
1444 1112 1598 1147 addixit.
1632 1114 1675 1147 In
1701 1114 1812 1148 rebus
1842 1115 2101 1151 Mithridaticis
2125 1129 2283 1164 compo-

1247 1172 1348 1205 nitur
1382 1184 1467 1206 cum
1501 1171 1702 1206 Posidonio
1736 1172 1805 1217 (fr.
1835 1185 1882 1219 79
1899 1172 1932 1220 ),
1957 1185 2001 1207 ex
2028 1186 2104 1220 quo
2123 1175 2284 1221 plurima

1247 1230 1284 1263 in
1305 1230 1372 1264 hac
1387 1230 1546 1263 historiae
1562 1236 1665 1275 parte
1683 1229 1938 1277 desumpserit.
1954 1232 2101 1266 Caesaris
2116 1234 2170 1267 De
2184 1233 2284 1269 bello

1248 1288 1389 1323 Gallico
1407 1288 1694 1322 commentarios
1708 1289 1935 1334 exscripsisse
1952 1290 2125 1323 statuitur
2144 1290 2192 1327 fr.
2216 1291 2280 1338 89.

1249 1342 1339 1385 Quae
1359 1340 1404 1375 de
1435 1340 1587 1375 Romuli
1606 1339 1759 1375 historia
1789 1340 1895 1375 affert
1919 1340 1983 1388 (fr.
2020 1342 2084 1388 69,
2115 1343 2182 1390 70)
2197 1371 2206 1386 ,
2239 1344 2284 1378 ad

1249 1399 1405 1433 verbum
1427 1398 1655 1444 transcripsit
1680 1410 1723 1432 ex
1742 1399 1921 1445 Dionysio
1953 1400 2283 1438 Halicarnassense.

1253 1457 1364 1502 Quod
1394 1456 1546 1504 indigne
1573 1455 1732 1490 ferentes
1774 1457 1946 1491 nonnulli
1977 1464 2184 1493 statuerunt
2212 1460 2284 1494 fra-

1251 1521 1399 1562 gmenta
1421 1515 1482 1549 illa
1502 1514 1742 1548 librariorum
1759 1515 1865 1561 culpa
1881 1522 2020 1550 temere
2041 1528 2116 1551 esse
2143 1518 2286 1552 Nicolai

1251 1573 1413 1618 reliquiis
1439 1572 1615 1606 admixta.
1632 1571 1678 1605 Id
1697 1584 1786 1606 vero
1806 1584 1875 1618 per
1892 1584 1926 1607 se
1944 1585 2075 1619 parum
2092 1575 2288 1620 probabile

1253 1638 1324 1674 est,
1342 1643 1405 1665 nec
1427 1629 1633 1676 quidquam
1653 1629 1764 1664 video
1785 1642 1851 1664 cur
1871 1630 1918 1664 ad
1935 1630 2117 1675 ejusmodi
2136 1639 2287 1667 senten—

1254 1690 1341 1723 tiam
1370 1688 1638 1734 confugiamus.
1673 1688 1765 1721 Nam
1783 1700 1899 1733 quum
1924 1689 2097 1723 Nicolaus
2116 1701 2198 1724 sero
2219 1690 2287 1725 de-

1253 1760 1353 1782 mum
1371 1747 1418 1782 ad
1433 1746 1601 1781 historias
1613 1746 1825 1780 scribendas
1838 1759 1874 1781 se
1890 1746 2077 1781 conferret
2090 1774 2099 1790 ,
2120 1748 2234 1794 idque
2248 1749 2290 1783 iis

1255 1805 1482 1852 temporibus
1495 1831 1504 1848 ,
1520 1804 1655 1850 quibus
1671 1804 1740 1838 alia
1754 1805 1868 1838 multa
1886 1817 1957 1851 pro
1973 1804 2125 1839 Herode
2139 1807 2287 1852 negotia

1255 1864 1407 1897 subiisse
1430 1875 1513 1897 eum
1536 1869 1767 1908 compertum
1788 1862 1986 1909 habemus,
2009 1870 2289 1898 consentaneum

1255 1933 1339 1955 sane
1362 1928 1433 1964 est,
1464 1921 1627 1955 aulicum
1652 1927 1823 1954 nostrum
1850 1927 1886 1954 et
1910 1918 2139 1969 πολυίστορα,
2172 1926 2289 1957 πᾶσαν

1256 1976 1524 2028 ἀθροίσαντα
1550 1975 1613 2021 τὴν
1634 1975 1801 2026 ἱστορίαν,
1822 1979 1906 2013 satis
1932 1979 2101 2014 habuisse
2124 1979 2170 2014 de
2193 1981 2291 2014 anti-

1257 2036 1451 2082 quioribus
1472 2035 1702 2082 temporibus
1718 2036 1914 2070 historicos
1927 2063 1936 2079 ,
1959 2049 2053 2082 quos
2068 2038 2292 2072 narrationis

1258 2094 1328 2128 fide
1354 2100 1389 2128 et
1418 2094 1598 2140 elegantia
1620 2100 1796 2140 praestare
1826 2095 1954 2128 ceteris
1972 2102 2141 2142 putaret,
2163 2097 2294 2142 pressis

1258 2153 1361 2197 sequi
1381 2152 1541 2199 vestigiis
1567 2150 1626 2199 (Ἴ,
1642 2164 1734 2198 saepe
1751 2153 1859 2186 etiam
1880 2152 1982 2186 locos
2002 2165 2131 2187 eorum
2148 2153 2195 2188 ad
2211 2166 2292 2188 ver-

1258 2209 1347 2244 bum
1379 2210 1541 2256 integros
1561 2210 1667 2255 operi
1686 2222 1753 2244 suo
1780 2210 1952 2247 inserere.
1987 2211 2116 2257 Neque
2147 2218 2199 2245 cst
2227 2223 2294 2245 cur

1259 2267 1400 2301 ichrco
1433 2268 1604 2314 plagiarii
1632 2275 1759 2302 notam
1788 2267 1943 2302 Nicolao
1965 2269 2166 2302 inuramus.
2194 2268 2292 2303 Nihil

1259 2326 1356 2359 enim
1387 2325 1564 2372 impedit,
1603 2327 1802 2371 quominus
1832 2337 1938 2372 eum,
1967 2326 1995 2359 si
2029 2338 2105 2359 non
2133 2326 2291 2372 ubique,

1260 2383 1302 2416 iis
1321 2390 1416 2417 certe
1431 2383 1540 2425 locis,
1566 2382 1701 2428 quibus
1721 2383 1896 2428 ipsissima
1911 2383 2024 2417 verba
2045 2383 2203 2417 aliorum
2223 2395 2293 2430 ap-

1259 2441 1403 2486 posuit,
1423 2440 1575 2474 nomina
1596 2445 1791 2474 auctorum
1807 2451 1958 2474 suorum
1980 2440 2188 2487 prodidisse
2218 2448 2293 2475 sta-

1261 2505 1416 2532 tuamus.

1314 2556 1357 2588 In
1376 2555 1584 2600 posteriore
1605 2555 1727 2599 operis
1746 2561 1850 2599 parte
1864 2581 1873 2596 ,
1901 2554 1966 2588 ubi
1994 2567 2060 2589 suo
2077 2556 2194 2590 Marte
2216 2566 2294 2589 rem

1260 2613 1434 2646 Nicolaus
1447 2612 1590 2658 agebat,
1604 2624 1679 2658 prae
1693 2613 1820 2646 ceteris
1831 2611 1991 2646 Herodis
2004 2611 2293 2659 regisliistoriam

1262 2669 1425 2702 omnium
1439 2669 1621 2703 uberrime
1634 2676 1802 2703 tractasse
1814 2668 1978 2705 videtur.
1997 2669 2092 2703 Hinc
2103 2681 2167 2703 sua
2182 2669 2294 2714 longe

1260 2728 1419 2774 plurima
1434 2727 1594 2761 hauserit
1607 2728 1787 2774 Josephus
1806 2726 1912 2774 (Ant.
1931 2728 1964 2763 J.
1982 2727 2047 2763 lib.
2064 2726 2293 2772 XIV-XVI).

1261 2787 1493 2831 Quamquam
1527 2785 1624 2819 haud
1655 2785 1792 2819 latebat
1820 2797 1924 2828 eum,
1958 2791 2062 2819 caute
2091 2783 2294 2819 admodum

1261 2844 1403 2878 Nicolai
1437 2844 1645 2878 narratione
1669 2843 1847 2878 utendum
1873 2855 1972 2890 esse,
1998 2843 2138 2889 quippe
2166 2843 2229 2889 qui
2259 2842 2295 2875 in

1262 2900 1439 2946 majorem
1471 2901 1623 2935 fautoris
1658 2908 1694 2935 et
1722 2901 1829 2935 amici
1860 2901 2017 2947 gloriam
2049 2900 2186 2935 scelera
2220 2898 2297 2944 ejus

1262 2960 1319 2993 vel
1339 2959 1568 2993 diminuisset
1587 2959 1646 2994 vel
1664 2959 1833 3001 celasset,
1860 2965 1961 2993 recte
1976 2965 2074 3005 gesta
2093 2957 2202 2991 laude
2222 2957 2294 2991 im-

1263 3016 1409 3051 modica
1427 3023 1645 3063 prosecutus
1665 3023 1754 3050 esset
1775 3014 1829 3064 (v.
1850 3015 1896 3049 fr.
1917 3015 1965 3061 93
1984 3023 2019 3049 ct
2039 3013 2123 3061 85).

1317 3075 1366 3110 ΙΙ.
1385 3080 1477 3110 ΒΙΟΣ
1491 3080 1701 3109 ΚΑΙΣΑΡΟΣ.
1724 3088 1738 3102 «
1757 3073 1858 3118 Opus
1874 3083 1959 3106 vere
1973 3084 2049 3105 non
2066 3071 2293 3118 historicum,

1264 3131 1327 3165 sed
1349 3131 1651 3166 declamatorium
1665 3157 1674 3174 ,
1697 3141 1772 3176 quo
1791 3135 1921 3163 cuncta
1938 3129 1974 3163 in
1994 3129 2097 3163 illum
2115 3129 2291 3171 contulit,

1308 3228 1349 3263 (⁹¹)
1365 3226 1524 3264 Ejusmodi
1548 3225 1764 3264 excerptorem
1783 3224 1831 3254 vel
1848 3223 1919 3254 inde
1935 3224 2093 3262 agnoscis,
2111 3224 2195 3264 quod
2214 3224 2243 3254 in
2258 3223 2294 3254 iis

1266 3282 1338 3311 ‹pia-
1357 3282 1374 3302 c
1396 3273 1501 3303 Ctesia
1526 3273 1625 3303 hausit
1641 3296 1648 3309 ,
1664 3280 1702 3302 nc
1720 3271 1835 3301 formas
1851 3271 1977 3309 quidem
1996 3271 2162 3302 verborum
2181 3270 2297 3301 ioniras

1267 3318 1382 3356 ubique
1396 3318 1521 3349 delevit.
