2289 3728
74 174 142 207 188

542 278 592 313 γ8.

114 372 218 406 Idem
235 372 328 413 XII,
348 382 385 416 p.
408 369 504 413 518,
528 371 555 403 E
571 382 577 403 :
595 365 696 410 Ἔθος
712 368 746 405 δὲ
763 372 846 419 παρ’
861 371 973 412 αὐτοῖς
994 371 1003 418 (
1024 370 1090 412 τοῖς

61 426 287 478 Συὸαρίταις)
319 424 471 467 καὶτοὺς
497 425 621 467 παῖδας
646 424 750 477 μέχρι
775 429 836 473 τῆς
864 429 930 464 τῶν
953 427 1089 479 ἐφήὸων

60 485 191 531 ἡλικίας
214 484 414 535 ἁλουργίδας
442 498 478 520 τε
501 489 614 534 φορεῖν
637 484 695 520 καὶ
724 485 939 534 πλοκαμῖδας
968 485 1091 522 ἀναδε-

59 543 214 591 δεμένους
237 546 473 593 χρυσοφορεῖν.
508 541 776 593 Ἐπιχωριάζειν
808 543 842 580 δὲ
867 543 948 594 παρ’
980 544 1091 585 αὐτοῖς

58 601 113 638 διὰ
127 600 188 646 τὴν
202 599 330 652 τρυφὴν
344 599 568 651 ἀνθρωπάρια
584 599 706 652 μικρὰ,
720 599 777 637 καὶ
792 602 867 644 τοὺς
882 601 1089 647 σκωπαίους,

57 657 100 701 ὥς
120 674 221 710 φησιν
239 660 256 694 ὃ
285 657 419 706 Τίμων,
447 657 523 700 τοὺς
543 657 770 707 καλουμένους
789 658 883 710 παρά
906 674 973 696 τισι
994 658 1089 696 στίλ-

56 731 183 763 πωνας,
200 715 258 753 καὶ
276 715 418 766 κυνάρια
436 717 622 762 Μελιταῖα,
642 716 730 767 ἅπερ
749 718 861 759 αὐτοῖς
875 716 933 753 καὶ
948 715 1088 753 ἕπεσθαι

56 775 100 815 εἰς
120 772 162 810 τὰ
192 772 378 822 γυμνάσια.
412 772 505 824 Πρὸς
527 772 584 816 οὒς
613 774 671 811 καὶ
702 773 778 816 τοὺς
807 773 940 823 ὁμοίους
959 773 1089 816 τούτοις

56 831 296 877 Μασανάσσης
316 834 333 868 ὃ
351 833 416 868 τῶν
437 831 666 902 Μαυρουσίων
686 831 846 882 βασιλευς
866 831 1087 882 ἀπεκρίνατο,

54 888 98 931 ὥς
118 904 201 940 φησι
219 889 464 938 Πτολεμαῖος’
450 905 483 926 εν
505 889 613 941 ὄγδόω
629 889 927 938 Ἱπομνημοίτιω,
950 892 1087 934 ζητουσι

55 948 276 983 συνωνεῖσθαι
302 945 486 992 πιθήκους·
511 964 524 979 «
555 949 646 998 Παρ’
669 962 758 995 υυιιν,
775 963 803 983 ω
834 961 948 991 ουτοι,
971 948 1006 982 αἱ
1026 961 1086 995 γυ-

53 1009 166 1046 ναῖκες
196 1005 233 1041 οὖ
261 1003 414 1041 τίκτουσι
446 1004 588 1050 παιδία;
624 1023 638 1036 n
668 1003 824 1046 Παιδίοις
854 1003 920 1055 γὰρ
950 1003 1086 1055 ἔχαιρεν

53 1064 70 1098 ὁ
92 1061 351 1110 Μασανάσσης,
380 1061 439 1098 καὶ
468 1055 539 1112 εἶχε
565 1062 647 1112 παρ’
677 1063 769 1113 αὑτῷ
799 1061 991 1113 τρεφόμενα
1019 1064 1086 1098 τῶν

52 1121 132 1156 υἱῶν
155 1119 294 1169 (πολλοὶ
315 1119 350 1156 δὲ
369 1113 476 1169 ἦσαν)
504 1119 547 1156 τὰ
567 1119 687 1165 τέκνα,
708 1119 765 1156 καὶ
794 1121 861 1156 τῶν
888 1118 1085 1170 θυγατέρων

51 1177 189 1227 ὁμοίως.
217 1177 286 1216 Καὶ
316 1177 554 1214 πάνταταῦτα
588 1176 689 1219 αὐτὸς
709 1176 827 1228 ἔτρεφε
858 1176 962 1228 μέχρι
983 1179 1086 1228 τριῶν

51 1237 153 1272 ἐτῶν·
170 1237 243 1284 μεθ’
259 1235 279 1271 ἃ
299 1234 483 1284 ἀπέπεμπε
502 1234 584 1286 πρὸς
597 1234 673 1277 τοὺς
693 1235 950 1285 γεγεννηκότας,
967 1250 1084 1286 παρα-

50 1292 234 1342 γινομένων
256 1294 382 1332 ἄλλων.

375 1390 403 1422 Ε
431 1389 577 1425 LIBRO
606 1389 750 1424 NONO.

549 1500 583 1534 9.

102 1566 207 1601 Idem
220 1566 270 1601 IX
282 1594 291 1611 ‚
303 1579 342 1613 p.
358 1566 445 1611 375,
462 1568 516 1603 D:
533 1565 782 1613 Πτολεμαῖος
765 1574 781 1601 ὀ
785 1567 823 1601 ὁ
835 1580 894 1609 της
907 1563 1084 1614 Αἰγύπτου

54 1621 248 1673 βασιλευς
234 1638 267 1659 εν
283 1625 332 1659 τῖ’)
353 1623 462 1660 ἐνάτι)
482 1639 549 1660 των
565 1622 966 1693 Ἀπομνημονευμάτων
989 1641 1003 1655 τι
1023 1623 1084 1665 Εἷς

48 1679 171 1718 Ασσον
191 1680 322 1732 (φησιν)
342 1678 617 1730 επιδημησαντί
613 1696 691 1727 υ.οι,
709 1694 738 1718 οι
759 1679 889 1718 Ἄσσιοι
908 1696 997 1749 παρε
989 1680 1084 1726 'Wi-

49 1753 111 1774 σαν
126 1740 253 1788 χοῖρον,
266 1737 389 1788 ἔχοντα
403 1737 441 1774 τὸ
456 1738 516 1787 μὲν
533 1737 642 1789 ὕίιος
624 1737 682 1776 ούο
696 1754 754 1775 και
768 1738 912 1787 ἡμίσους
925 1738 1081 1788 πήχεων,

49 1795 87 1831 ολ
91 1810 126 1831 ον
147 1795 178 1832 δ’
195 1794 309 1846 ἄρτιον
324 1795 406 1845 πρὸς
420 1795 457 1832 τὸ
476 1798 596 1845 μῆκος,
615 1798 656 1846 τῇ
672 1801 774 1847 χροιᾷ
790 1794 948 1845 χιόνινον.
967 1792 1083 1846 Εφα-

51 1851 114 1888 σάν
148 1867 185 1888 τε
216 1852 273 1889 τὸν
302 1852 456 1925 'pucilam
488 1852 628 1901 Εὐμενη
661 1851 705 1889 τὰ
737 1855 879 1889 τοιαῦτα
914 1852 1085 1901 ἐπιμελῶς

47 1910 206 1947 ὠνεῖσθαι
227 1912 310 1959 παρ’
328 1911 454 1958 αὐτων,
475 1909 609 1947 διδόντα
625 1925 682 1947 του
698 1908 769 1951 ἓνος
788 1908 946 1960 δραχμὰς
963 1923 1084 1959 τετρα-

49 1967 232 2017 κισχιλίας.
257 1985 271 2000 »

543 2156 576 2186 8.

87 2228 177 2268 Apud
191 2229 317 2260 eosdem
332 2229 494 2269 Sybaritas
508 2231 604 2262 moris
618 2232 686 2261 erat
701 2231 816 2268 etiam,
832 2232 867 2261 ut
882 2229 969 2269 pueri
984 2237 1084 2268 usque

49 2279 87 2309 ad
102 2279 243 2310 adultam
257 2282 385 2311 aetatem
401 2289 542 2320 purpura
558 2281 776 2319 induerentur,
791 2282 823 2312 et
836 2281 979 2311 obtortos
991 2280 1084 2319 capil-

48 2330 149 2360 lorum
173 2330 335 2362 cincinnos
358 2340 436 2362 auro
459 2331 626 2371 illigarent,
673 2333 865 2362 Cousuetum
885 2331 983 2362 etiam
1006 2330 1085 2368 illis,

47 2382 217 2421 voluptatis
243 2391 337 2414 eausa
372 2383 508 2422 pumilos
536 2383 622 2414 domi
651 2384 752 2422 alere,
786 2385 817 2414 et
847 2391 986 2423 scopaeos
1016 2382 1085 2413 illos

47 2434 56 2468 (
73 2435 201 2464 noctuis
220 2434 351 2464 sinte'les
365 2434 375 2473 )
387 2457 395 2471 ‚
413 2436 448 2465 ut
464 2434 508 2465 ait
529 2435 641 2466 Timon
652 2459 660 2473 ,
675 2443 753 2474 quos
763 2435 925 2475 stilpones
941 2433 1084 2464 nonnulli

48 2487 163 2515 vocant
176 2495 183 2515 :
201 2485 275 2516 item
289 2487 417 2517 catellos
428 2487 605 2518 Melitenses
615 2511 623 2525 ‚
638 2487 692 2526 qui
706 2496 760 2519 eos
770 2488 865 2519 etiam
881 2488 911 2518 in
925 2487 1086 2526 gymnasia

48 2535 270 2574 sequebantur.
314 2537 437 2572 Quibus
460 2538 639 2569 bominibus
654 2538 831 2578 horumque
851 2538 1005 2569 similibus
1020 2540 1084 2568 Ma-

46 2586 176 2625 sinissa,
192 2596 245 2617 rex
261 2588 470 2626 Mauritaniae,
487 2589 540 2627 (ut
554 2589 650 2620 tradit
663 2589 862 2628 Ptolemaeus,
878 2590 990 2619 octax'o
1003 2589 1083 2620 libro

45 2640 369 2679 Commentariorum)
409 2641 515 2672 simios
543 2641 692 2671 emendos
717 2641 977 2680 conquirentibus
989 2664 997 2679 ‚
1027 2650 1079 2671 re-

45 2688 168 2727 spoudit
185 2703 190 2720 :
207 2691 307 2729 Λμιιιί
320 2700 375 2721 vos
389 2693 508 2731 ιῖῃὲίιιν,
525 2695 583 2732 qui
609 2693 695 2723 talia
719 2693 892 2732 quaa-icis,
920 2692 1082 2723 mulieres

48 2748 158 2772 nonne
172 2744 316 2782 pariunt
333 2743 486 2782 infantes
499 2748 516 2775 ‚³
532 2745 678 2775 Par-vulis
691 2744 773 2775 enim
788 2744 1005 2775 delectabatur
1019 2745 1081 2775 Ma-

44 2792 154 2823 sinissa
167 2816 174 2830 ,
192 2795 223 2824 ct
243 2794 326 2833 apud
350 2804 382 2826 se
405 2795 542 2826 liliorum
560 2805 691 2827 suorum
706 2797 862 2836 (quorum
876 2805 1007 2835 magnus
1023 2805 1082 2826 nu-

47 2851 153 2874 merus
166 2845 251 2882 erat)
266 2845 466 2885 filiarumque
480 2848 570 2877 natos
584 2848 736 2886 natasque
750 2847 852 2877 alebat
863 2847 1082 2886 educabatque

45 2902 170 2932 onmes,
199 2894 297 2926 donec
322 2897 451 2927 tertium
478 2898 580 2928 aetatis
605 2906 724 2928 annum
751 2899 957 2937 complessent
984 2912 989 2929 :
1018 2907 1081 2938 quo

46 2947 187 2983 ternpore
200 2947 312 2976 exacto
335 2948 519 2985 parentibus
541 2958 592 2979 eos
608 2949 784 2980 remittebat
800 2974 807 2987 ‚
823 2949 890 2979 aliis
906 2949 934 2979 iu
951 2949 1077 2980 illorum

46 2995 148 3025 lorum
162 2997 408 3027 suecedentiluis.

549 3056 583 3084 a.

89 3126 296 3165 l‘tolenuiais,
315 3129 437 3167 ,ligypti
454 3138 507 3159 rex
522 3153 529 3166 ‚
548 3138 631 3159 nono
646 3130 724 3159 libro
747 3133 1056 3162 Comiuenlariorum
1070 3156 1077 3170 ,

46 3175 89 3205 sie
104 3177 229 3207 seribit:
248 3192 260 3203 υ
277 3180 383 3214 Quum
396 3179 461 3209 Assi
478 3188 688 3217 versaremur,
700 3180 883 3211 obtuleruut
900 3182 988 3211 uobis
1003 3182 1078 3213 Assii

47 3235 178 3264 porcum
193 3252 200 3266 ,
213 3229 262 3258 eui
279 3231 344 3259 erat
357 3229 492 3260 altitudo
506 3230 640 3260 duorum
656 3231 834 3260 cubilorum
850 3240 922 3261 runi
937 3232 1078 3270 dimidio,

45 3282 74 3310 et
93 3282 195 3310 totuin
216 3290 329 3320 eorpus
354 3291 526 3321 congruens
551 3282 591 3311 illi
616 3284 763 3319 sintin-w,
795 3283 879 3312 color
902 3286 1006 3314 autem
1034 3285 1078 3314 ni-

50 3340 134 3361 xeus.
182 3333 437 3371 Narrabantqiw,
464 3337 632 3364 liuuieuem
650 3335 715 3363 lum·
733 3335 802 3364 talia
819 3335 986 3366 anim-*iulia
1009 3339 1076 3365 slu-

650 173 921 210 PTOLEMAEI
953 173 1122 213 EVERG
1133 176 1241 213 ETAE
1272 175 1599 214 FRAGMENTA.

1405 289 1428 321 li
1458 288 1602 322 LIBRO
1631 287 1934 324 DUODECIMO.

1642 392 1698 414 10.

1204 476 1308 510 Idem
1329 477 1428 520 XIV,
1456 489 1493 523 p.
1526 476 1623 523 655,
1641 476 1668 513 C
1695 489 1702 510 :
1727 475 2014 518 Φασιανικός.
2045 479 2180 515 Πτολε-

1151 538 1250 581 μαῖος
1278 535 1295 569 ὃ
1316 532 1474 583 βασιλεὺς
1503 534 1536 569 ἐν
1564 535 1613 583 τῷ
1633 532 1887 584 δυοκαιδεκάτις)
1907 535 1973 570 τῶν
1999 533 2178 583 Ἱ’πομνη-

1151 591 1269 640 μάτων
1289 591 1368 641 περὶ
1387 593 1454 627 τῶν
1476 592 1509 627 ἐν
1532 590 1763 642 Ἀλεξανδρείᾳ
1794 591 1976 641 βασιλείων
1992 591 2101 641 λέγων
2121 593 2180 630 καὶ

1150 648 1228 700 περὶ
1243 650 1308 685 τῶν
1325 649 1358 684 ἐν
1374 649 1484 690 αὐτοῖς
1502 647 1595 699 ζῴων
1612 648 1825 700 τρεφομένων
1841 649 1941 701 φησί·
1959 668 1974 682 «
1992 649 2047 688 Τά
2063 665 2098 687 τε
2113 653 2178 687 τῶν

1150 708 1339 756 φασιανῶν,
1358 704 1413 748 οὓς
1441 705 1600 756 τετάρους
1626 706 1863 755 ὀνομάζουσιν,
1887 706 1941 749 οὒς
1963 708 2000 743 οὐ
2023 707 2122 755 μόνον
2141 709 2178 745 ἐκ

1150 762 1288 808 Μηδίας
1303 761 1562 811 μετεπέμποντο
1573 792 1582 809 ,
1603 762 1693 799 ἀλλὰ
1707 763 1765 800 καὶ
1782 763 1930 812 νομάδας
1947 764 2077 814 ὄρνιθας
2094 767 2177 801 ὓπο-

1149 818 1279 867 ὅαλὼν,
1302 820 1440 865 ἐποίησε
1461 821 1609 866 πλῆθος,
1641 819 1731 857 ὥστε
1750 820 1809 857 καὶ
1838 825 2017 858 σιτεῖσθαι.
2039 821 2090 859 Τὸ
2114 822 2179 873 γὰρ
2200 827 2209 833 ’

1150 880 1273 929 βρῶμα
1292 876 1475 920 πολυτελὲς
1496 876 1755 929 ἀποφαίνουσιν.
1781 896 1796 910 »
1827 877 1924 925 Αῧτη
1946 883 2004 916 τοῦ
2021 880 2178 931 λαμπρο-

1147 936 1251 974 τάτου
1270 936 1436 986 βασιλέως
1457 934 1551 985 φωνὴ
1564 965 1574 982 ,
1595 935 1629 977 ὃς
1645 934 1720 972 ουδὲ
1736 951 1939 987 φασιανικου
1956 936 2083 987 ὄρνιθός
2099 954 2179 975 ποτε

1146 994 1356 1064 722i5<5<2«500<tm
1357 993 1591 1042 ὡμολόγησεν,
1612 993 1688 1030 ἀλλ’
1706 1009 1825 1044 ωσπερ
1845 1010 1878 1031 τι
1897 994 2074 1043 κειμηλιον
2096 998 2180 1032 ἀνα-

1147 1052 1301 1101 κείμενον
1324 1056 1394 1102 εἶχε
1423 1050 1543 1088 τούσδε
1573 1066 1650 1093 τους
1677 1050 1823 1102 ὄρνιθας.
1845 1053 1925 1090 Εἰ
1908 1051 1942 1089 οε
1963 1052 2116 1104 ἑοράκει,
2135 1056 2180 1096 ὡς

1146 1112 1246 1161 ἡμῶν
1274 1109 1408 1147 ἑκάστι)
1437 1112 1484 1151 εἱς
1510 1124 1583 1146 εστι
1611 1109 1864 1160 παρακείμενος
1889 1110 1995 1161 γωρὶς
2022 1126 2088 1147 των
2113 1111 2179 1157 ἤδη

1148 1167 1461 1235 κατηναλωμένων,
1487 1167 1868 1233 προσαναπεπληρώκει
1897 1167 1937 1205 ἂν
1968 1171 2042 1211 ταῖς
2070 1170 2178 1206 πολυ-

1146 1220 1321 1273 θρυλήτοις
1350 1220 1514 1271 ἱστορίαις
1538 1236 1605 1257 των
1638 1219 1922 1271 Ἱπομνημάτων
1957 1220 2084 1258 τούτων
2113 1238 2179 1258 των

1146 1278 1429 1330 εἰκοσιτεσσάρων
1447 1294 1506 1315 και
1527 1278 1634 1323 ἄλλην
1657 1278 1750 1328 μίαν

1638 1395 1695 1418 11.

1199 1477 1404 1524 Stephanus
1442 1476 1527 1522 Βμ.
1564 1487 1573 1509 :
1618 1472 1806 1524 Αγχιάλη,
1839 1473 1935 1516 πόλις
1973 1474 2163 1517 Κιλικίας..

1112 1400 1159 1637 '¹
1145 1533 1248 1572 Ἐστι
1268 1531 1301 1569 δὲ
1321 1532 1451 1580 κτίσμα
1470 1529 1656 1582 Ἀγχιάλης
1674 1534 1734 1576 τῆς
1753 1531 1911 1569 Ἰαπετοῦ
1929 1532 2094 1583 Θυγατρὸς
2106 1564 2114 1577 ,
2137 1535 2181 1574 ὡς

1148 1590 1376 1641 Ἀθηνόδωρος
1395 1605 1473 1640 περι
1490 1605 1550 1634 της
1568 1591 1672 1626 αυτοῦ
1688 1589 1849 1639 πατρίδος
1864 1590 2016 1641 γράφων,
2036 1605 2094 1627 και
2112 1606 2180 1627 πα-

1113 1641 1157 2077 γ
1149 1649 1270 1702 ρατιΟε
1267 1663 1292 1691 ις
1308 1648 1478 1697 Διόδωρον
1494 1647 1548 1685 τὸν
1565 1647 1807 1699 γραμματικὸν
1822 1652 2069 1699 συμφωνουντα
2087 1650 2182 1685 [Iro-

1145 1706 1307 1758 λεμαίω
1302 1707 1448 1744 Βασιλει.

1636 1824 1649 1845 1
1659 1824 1693 1847 2.

1199 1913 1394 1948 Athenaeus
1419 1912 1478 1955 11,
1500 1923 1536 1957 p.
1560 1910 1622 1955 (η,
1639 1910 1698 1945 C:
1722 1906 1945 1949 Σπευσιππος
1974 1908 2006 1944 ἐν
2036 1907 2182 1958 δευτέρω

1148 1968 1299 2018 Ὁμοίων
1330 1982 1434 2018 φησι,
1467 1966 1539 2003 σί)ν
1559 1967 1593 2003 ἐν
1613 1964 1712 2001 υδατι
1738 1964 1910 2015 γίνεσθαι,
1939 1964 2061 2001 σελίνι)
2081 1965 2180 2002 ἑλείι)

1146 2041 1185 2063 το
1215 2025 1340 2076 φυλλον
1381 2023 1501 2066 εοικός.
1516 2022 1593 2061 Διο
1621 2022 1679 2059 καὶ
1713 2023 1950 2072 Πτολεμαῖος,
1983 2026 2000 2060 ὁ
2031 2004 2182 2074 δεύτερός

1146 2147 1233 2178 diose
1249 2146 1333 2186 apud
1350 2145 1433 2184 ipsos
1445 2152 1550 2176 emere
1560 2168 1568 2183 ‚
1583 2145 1615 2175 et
1629 2145 1741 2183 quater
1756 2144 1840 2174 mille
1855 2143 1995 2175 diaclunz
1996 2153 2021 2174 is
2035 2153 2090 2184 pro
2105 2152 2180 2174 uno-

1147 2206 1274 2238 quoque
1287 2198 1418 2228 solvere.
1438 2210 1451 2222 n

1633 2250 1686 2281 10.

1188 2305 1366 2336 lesiana
1389 2305 1474 2334 avis.
1491 2303 1680 2333 Ptolemaeus
1694 2311 1764 2336 rex,
1779 2301 1968 2332 duodecimo
1991 2301 2070 2332 libro
2084 2304 2179 2333 Coru-

1114 2348 1118 2399 Ι
1145 2356 1373 2388 mentariorum
1387 2378 1395 2393 ‚
1414 2354 1453 2385 de
1478 2354 1560 2392 regia
1582 2354 1713 2392 loquens
1725 2377 1733 2392 ,
1749 2362 1822 2392 quae
1845 2354 1891 2384 est
1906 2353 2123 2391 Alexandriae,
2149 2356 2180 2385 et

1144 2408 1183 2438 de
1205 2406 1394 2437 animalibus
1407 2414 1478 2445 quae
1492 2406 1523 2435 in
1547 2405 1600 2435 illa
1613 2404 1754 2443 aluntur,
1776 2404 1840 2435 ait:
1862 2417 1876 2430 «
1901 2406 1939 2435 Et
1952 2405 1991 2435 ad
2015 2405 2181 2444 pliasianos

1145 2459 1230 2499 quod
1254 2458 1387 2497 attinet,
1402 2466 1481 2497 quos
1496 2458 1622 2487 leem-os
1637 2457 1813 2495 appellant,
1829 2465 1892 2487 non
1906 2456 2001 2487 modo
2013 2466 2051 2487 ex
2077 2457 2179 2487 Media

1145 2520 1199 2542 eos
1214 2509 1431 2548 arcessebaut3
1456 2516 1566 2538 verum
1581 2508 1675 2538 etiam
1697 2507 1798 2538 altiles
1813 2507 1944 2547 gallinas
1966 2508 2026 2538 illis
2048 2508 2178 2539 submit-

1144 2563 1213 2591 tens
1224 2583 1232 2597 ‚
1247 2559 1468 2599 multiplicavit
1478 2566 1588 2598 gemm,
1603 2558 1645 2588 ita
1659 2559 1694 2588 ut
1708 2558 1745 2589 iis
1757 2558 1852 2589 etiam
1866 2560 2055 2589 vesceretur.
2098 2561 2176 2590 Nam

1144 2605 1250 2642 cibum
1273 2610 1475 2649 magnificum
1500 2618 1567 2640 esse
1583 2608 1753 2639 affirmant.
1774 2621 1789 2635 n
1835 2611 1917 2640 Ecce
1937 2609 2177 2648 splendidissimi

1147 2662 1225 2701 regis
1238 2670 1347 2692 vocem
1362 2685 1370 2698 ,
1395 2660 1449 2700 qui
1463 2669 1495 2690 se
1512 2668 1550 2690 ne
1564 2661 1703 2698 gustasse
1716 2659 1843 2698 quiden]
1856 2659 1895 2690 de
1917 2660 2069 2699 phasiano
2085 2661 2177 2700 proti-

1143 2715 1246 2750 telur;
1266 2712 1319 2743 sed
1343 2714 1493 2751 tanquam
1515 2711 1674 2741 cimelium
1697 2711 1825 2750 aliquod
1850 2711 2000 2750 repositas
2024 2712 2080 2742 bas
2104 2720 2179 2742 aves

1148 2764 1292 2794 habebat.
1337 2763 1399 2799 Qui
1415 2763 1439 2793 si
1456 2762 1600 2800 vidisset,
1615 2770 1679 2800 quo
1701 2764 1793 2801 paeto
1806 2786 1814 2801 ‚
1829 2763 1942 2801 praeter
1964 2771 2016 2793 eas
2029 2763 2176 2801 quaejam

1141 2815 1318 2854 absumptae
1331 2814 1422 2853 suut,
1437 2813 1552 2852 cuique
1567 2814 1710 2843 nostrum
1724 2821 1786 2842 una
1811 2813 1950 2852 apposita
1965 2815 2028 2852 est,
2044 2814 2178 2845 famosas

1142 2874 1215 2897 suas
1236 2864 1465 2903 liistorias,bis
1479 2863 1585 2903 viginti
1599 2865 1748 2902 (piattuor
1762 2864 2070 2896 Commentariorum
2091 2864 2177 2896 libris

1143 2918 1385 2957 comprehensas
1395 2941 1402 2955 ‚
1418 2924 1479 2946 una
1494 2916 1621 2954 iusuper
1633 2916 1783 2946 aucturus
1796 2916 1875 2946 erat.

1631 2972 1644 3001 1
1659 2972 1684 3001 Ι.

1184 3028 1335 3058 Anchiale
1349 3051 1357 3066 ,
1383 3026 1456 3057 urbs
1478 3026 1617 3063 Ciliciae,
1644 3024 1769 3055 condita
1782 3027 1828 3056 est
1846 3025 1886 3056 ab
1909 3025 2058 3056 Anchiale
2078 3026 2175 3065 Iapeti

1143 3080 1204 3110 lilia
1215 3104 1223 3118 ,
1239 3080 1283 3110 uti
1299 3081 1342 3110 ait
1356 3078 1576 3110 Athenodorus
1589 3077 1628 3108 de
1641 3077 1741 3116 patria
1755 3086 1811 3108 sua
1824 3078 1963 3108 scribens
1983 3077 2175 3118 laudansque

1142 3132 1313 3163 Diodorum
1328 3130 1568 3169 grammatimun
1585 3129 1744 3160 Ptolemaei
1765 3131 1844 3169 regis
1858 3129 2023 3161 sententiae
2035 3130 2173 3170 adstipu-

1143 3184 1269 3214 lauteni.

1639 3231 1687 3261 12.

1190 3286 1397 3324 Speusippus,
1424 3286 1560 3316 serundo
1586 3285 1760 3319 similium,
1788 3286 1879 3321 sion,
1902 3284 2001 3323 inquit
2013 3308 2020 3322 ‚
2045 3284 2074 3313 in
2093 3293 2173 3323 aqua

1146 3337 1249 3369 iniussi,
1275 3337 1344 3375 apio
1365 3336 1493 3374 paluStri
1523 3335 1630 3365 lulium
1652 3335 1750 3365 simil<-
1772 3334 1896 3365 liabens.
1948 3336 2054 3373 ltaque
2075 3335 2172 3365 l'lole·
