2338 3765
151 166 224 198 624

149 245 297 282 πολιτῶν
311 242 574 295 ἐχειροτονήθη“
565 257 629 278 υπο
645 256 703 278 του
724 239 833 289 δήμου
854 240 1083 291 Αἷτῶλάργης
1095 271 1104 288 ,
1126 241 1182 278 ἐπὶ

150 304 228 355 τρία
246 303 304 347 ἔτη
323 304 389 339 τῶν
406 301 555 337 πολιτῶν
571 297 670 335 αὐτον
688 296 941 340 ἀξιωσάντων
923 296 979 334 οιὰ
995 298 1056 343 τὴν
1073 300 1183 350 ὑπάρ-

149 375 279 411 χουσαν
300 361 337 396 ἐκ
353 357 525 409 προγόνων
546 354 817 403 καλοκαγαθίαν.
837 353 947 392 *Ων
929 354 964 391 03
981 357 1014 392 ἐν
1031 371 1072 406 τῃ
1093 358 1182 407 ἀρχῇ

151 418 258 468 ταύτῃ
280 417 400 465 ἄγεται
421 415 566 466 γυναῖκα
590 413 742 464 Λοκρίδα
761 412 819 449 καὶ
839 412 1078 462 συγκοιμηθεὶς
1093 415 1185 464 τρισὶ

153 475 224 519 νυξὶ
241 479 283 527 τῇ
298 474 445 525 τετάρτῃ
459 473 515 510 τὸν
537 472 607 522 βίον
624 470 788 514 ἐξέλιπεν.
806 470 852 508 ἹΙ
870 470 904 507 83
922 470 1095 521 ἄνθρωπος
1111 471 1188 521 ἔμε-

153 549 207 570 νεν
224 535 258 570 ἐν
278 536 319 584 τῇ
341 532 431 583 οἰκία
447 530 685 603 χηρεύουσα,
681 528 784 574 ἡνίκα
801 527 836 565 83
852 531 869 564 ὃ
893 528 1027 571 τοκετὸς
1044 529 1164 579 ἤπειγε
1176 559 1185 576 ,

152 591 258 628 τίκτει
277 590 411 627 παιδίον
435 590 547 626 αἰδοῖοι
567 587 646 638 ἔχον
667 586 743 632 δύο,
762 584 913 633 ἀνδρεῖόν
933 601 970 622 τε
986 586 1044 623 καὶ
1071 602 1188 659 γυναι-

155 666 255 696 κειον,
272 650 330 687 καὶ
345 647 405 694 τὴν
423 647 520 700 φύσιν
541 648 747 691 θαυμαστῶς
765 644 1038 694 διηὶὶαγμένον·
1057 644 1101 681 τὰ
1124 644 1184 694 μὲν

155 708 225 746 ἅνω
245 723 303 745 του
325 706 455 744 αἰδοίου
481 703 654 755 ὁλόκληροί
680 718 715 739 τε
744 718 802 739 και
827 701 982 753 ἀνδρώδη
1003 706 1058 752 ἠν,
1089 702 1132 740 τὰ
1154 702 1187 739 83

155 766 232 817 περὶ
262 780 338 807 τους
362 779 491 814 μηρους
522 761 700 812 γυναικεῖα
726 776 785 798 και
813 759 1036 810 ἁπαλώτερα.
1107 760 1189 811 Ezp'

155 840 182 861 ιι)
202 821 485 892 καταπλαγέντες
499 822 528 858 οἱ
550 823 736 868 συγγενεῖς
748 816 944 866 ἀπήνεγκαν
966 832 1010 859 εις
1027 816 1089 862 τὴν
1110 820 1189 866 ἀγο-

157 881 216 932 ρὰν
231 880 268 917 τὸ
281 880 415 917 παιδίον
431 895 490 916 και
507 876 755 927 συναγαγόντες
771 874 985 920 ἐκκλησίανε
972 874 1073 911 {foul
1077 873 1191 910 εύοντο

155 953 232 989 περι
252 938 373 983 αὐτοῦ,
391 936 491 977 θύτας
520 950 555 972 τε
581 945 640 971 και
668 932 937 984 τερατοσκόπους
957 931 1130 981 συγέσκα)
1111 947 1190 968 σαν·

155 1011 220 1038 τες.
276 996 355 1033 Τῶν
384 993 420 1031 83
440 1009 470 1031 οι
495 1009 536 1042 με
540 1009 556 1029 ν
585 991 804 1044 ἀπεφηναντο
833 989 1011 1027 διάστασίν
1034 1005 1107 1026 τινα
1124 991 1190 1026 τῶν

157 1054 322 1092 Αἰτωλῶν
342 1052 400 1089 καὶ
418 1053 559 1101 Λοκρῶν
577 1050 724 1087 ἔσεσθαι·
741 1047 948 1100 κεχωρίσθαι
962 1047 1028 1098 γὰρ
1044 1047 1112 1084 ἀπὸ
1129 1062 1191 1096 μη-

156 1111 233 1163 τρὸς
252 1110 356 1156 οὔσης
378 1110 542 1160 Λοκρίδος
566 1123 625 1145 και
655 1122 784 1157 πατρος
805 1107 981 1144 Αἷτῶλόυ·
1009 1107 1038 1142 οι
1067 1104 1102 1141 83
1124 1106 1190 1142 δεῖν

156 1168 264 1207 ὤοντο
279 1169 317 1206 τὸ
336 1167 472 1205 παιδίον
487 1167 544 1204 καὶ
564 1182 624 1211 την
647 1164 779 1215 μητέρα
797 1163 1046 1213 ἀπενεγκόντας
1066 1165 1111 1204 εἷς
1131 1179 1193 1208 την

157 1227 343 1299 υπερορίαν
364 1228 597 1262 κατακαῦσαι.
623 1226 744 1261 Ταῦτα
763 1221 798 1259 83
814 1224 925 1259 αὐτῶν
941 1220 1192 1272 βουλευομένων

161 1282 317 1335 ἐςαίφνης
337 1282 494 1335 φαίνεται
513 1284 530 1318 ὁ
556 1279 765 1331 Πολύκριτος
791 1258 1062 1330 ὃπροτεθνηκῶς
1090 1280 1122 1315 ἓν
1151 1294 1192 1326 τη

161 1341 327 1392 ἐκκλησίᾳ
358 1339 504 1385 πλησίον
523 1342 580 1375 τοῦ
606 1337 724 1374 τέκνου
745 1337 832 1387 ἔχων
863 1339 988 1382 ἐσθῆτα
1010 1336 1189 1385 μέλαιναν.

162 1401 242 1437 Τῶν
267 1398 302 1435 δὲ
322 1400 470 1435 πολιτῶν
488 1395 780 1444 καταπλαγέντων
801 1394 856 1431 ἐπὶ
879 1397 922 1445 τῇ
943 1393 1113 1445 φαντασίᾳ
1136 1392 1194 1429 καὶ

162 1458 298 1494 πολλῶν
323 1458 368 1499 εἷς
388 1455 495 1506 φυγὴν
516 1453 740 1505 τραπομένων
761 1452 975 1503 παρεκάλεσε
996 1450 1070 1494 τοὺς
1090 1451 1192 1488 πολί-

163 1530 223 1557 τας
242 1516 376 1564 θαρρεῖν
398 1513 455 1549 καὶ
481 1513 528 1561 μὴ
549 1511 776 1562 ταράττεσθαι
804 1510 861 1546 ἐπὶ
884 1511 932 1561 τῷ
952 1509 1103 1558 γεγονότι
1123 1509 1191 1560 ’,ρά-

338 1571 440 1609 ’Emi
461 1569 495 1607 δὲ
516 1569 612 1614 ἔληξε
628 1568 666 1605 τὸ
685 1566 788 1604 πλέον
811 1571 869 1604 τοῦ
893 1567 1036 1636 θορύὲου
1056 1567 1114 1604 καὶ
1133 1569 1193 1612 τῆς

161 1645 337 1680 ταραγης,
368 1628 446 1665 εοθέ
449 1643 486 1676 γε,
473 1628 552 1664 Ϊατο
574 1628 609 1662 λε
598 1642 683 1676 ,πτη
716 1642 757 1676 τη
787 1641 881 1676 apum-s,
903 1625 1003 1661 τάδε·
1031 1643 1045 1657 «
1079 1623 1193 1674 Ἐγ(ι,)

165 1688 263 1738 ἄνδρε
267 1704 280 1730 ς
299 1688 454 1732 πολῖται,
474 1702 522 1722 τιι)
543 1685 603 1755 μὲν
625 1684 760 1731 σώματι
778 1699 810 1720 3
798 1683 942 1729 θένηκα,
964 1686 1006 1734 τῇ
1028 1682 1061 1719 83
1083 1683 1193 1719 εὐνοία

164 1761 224 1782 και
251 1747 292 1796 τῇ
313 1744 429 1796 γάριτι
456 1742 539 1794 πρὸς
560 1758 647 1791 υμας
666 1744 724 1785 ζῶ,
782 1741 852 1779 Καὶ
872 1756 929 1777 νυν
950 1740 1094 1792 πάρειμι
1114 1756 1195 1791 προς

162 1806 250 1851 ὑμᾶς
266 1802 410 1852 (πείσας
423 1803 542 1850 suppl.
564 1803 682 1848 Leop.
696 1828 705 1844 ,
727 1798 1029 1849 παραιτησάμενος
1049 1801 1165 1835 Ἇέεῖ.
1183 1799 1193 1847 )

162 1860 237 1901 τοὺς
253 1860 468 1911 κυριεύοντας
487 1860 553 1894 τῶν
582 1856 671 1894 κατὰ
690 1858 752 1906 γῆν
773 1855 829 1892 ἐπὶ
848 1857 896 1907 τῷ
921 1855 1127 1906 συμφέροντι
1147 1857 1195 1906 τῷ

163 1916 330 1968 ὑμετέρῳ.
356 1916 558 1966 Παρακαλῶ
572 1914 681 1951 τοίνυν
698 1917 805 1963 ὑμᾶς,
823 1913 965 1956 πολίτας
982 1913 1081 1956 ὄντας
1095 1914 1195 1962 ἐμοῦ,

163 1587 280 1620 σματι.

161 1979 219 2012 τοῦ
239 1974 285 2022 μὴ
301 1974 525 2024 ταράττεσθαι
540 1972 627 2021 μηδὲ
640 1972 871 2022 δυσχεραίνειν
885 1971 940 2008 ἐπὶ
955 1973 1002 2022 τῷ
1014 1970 1196 2022 παραδόξῳ

166 2084 309 2122 vocant),
330 2085 376 2114 est
394 2083 572 2122 designatus
590 2091 644 2122 per
656 2082 840 2120 triennium,
858 2081 980 2112 civibus
993 2090 1066 2112 eum
1085 2082 1122 2112 ad
1138 2082 1198 2112 boc

165 2144 281 2166 munus
299 2135 559 2175 deposcentibus,
585 2135 626 2165 ol)
647 2135 798 2166 virtutem
824 2143 841 2164 a
856 2134 1028 2173 majoribus
1041 2134 1079 2164 ad
1098 2134 1200 2173 ipsum

164 2188 377 2227 propagatam.
425 2189 503 2216 Eum
515 2194 624 2225 gerens
637 2186 856 2224 magistratum
875 2185 1049 2224 Polycritus
1068 2193 1200 2215 uxorem

164 2237 252 2268 ducit
268 2237 430 2268 Locridem
448 2250 454 2267 :
470 2245 545 2267 cum
562 2245 624 2276 qua
640 2238 674 2267 ut
689 2238 753 2267 tres
774 2236 923 2267 dormivit
941 2237 1068 2274 noctes,
1088 2237 1201 2275 quarta

167 2290 344 2318 extremum
367 2288 441 2318 vitae
460 2287 543 2318 diem
560 2288 662 2318 morte
691 2287 835 2318 confecit.
857 2286 970 2317 Mulier
989 2286 1076 2317 domi
1103 2286 1200 2317 vidua

165 2339 298 2378 mansit;
312 2341 341 2370 et
353 2348 452 2378 quum
467 2340 576 2378 partus
590 2342 715 2378 tempus
725 2338 922 2378 appetiisset,
937 2338 1088 2368 infantem
1102 2346 1197 2377 pepe-

167 2391 207 2421 rit
223 2390 302 2421 binis
314 2390 466 2429 pudendis
477 2414 484 2427 ,
504 2391 676 2420 masculino
695 2398 732 2419 ac
745 2389 907 2427 feminino,
923 2388 1053 2419 mirifice
1071 2388 1200 2419 omnino

167 2442 380 2472 monstrosum
405 2451 411 2470 :
436 2449 507 2479 quae
531 2448 626 2479 supra
651 2439 797 2479 pudenda
821 2440 912 2470 erant
943 2440 1062 2478 partes,
1091 2439 1200 2470 solidae

167 2495 267 2531 erant,
281 2495 312 2523 et
325 2493 474 2523 masculae
488 2505 494 2522 :
510 2501 582 2531 qua:
597 2492 715 2522 circum
728 2492 846 2522 femora
856 2514 864 2529 ‚
882 2490 1014 2521 feminea
1025 2492 1057 2521 et
1078 2491 1199 2522 tenera.

168 2543 327 2574 perterriti
340 2543 398 2573 boc
413 2551 485 2573 casu
501 2542 686 2581 propinqui,
701 2542 811 2572 soetum
825 2541 856 2571 in
870 2542 973 2572 sorum
984 2542 1183 2580 protulerunt
1191 2552 1200 2580 ;

168 2595 385 2634 advocataque
411 2594 580 2632 concione,
598 2595 629 2623 et
656 2594 774 2624 coactis
798 2593 980 2624 sacrificulis
997 2596 1093 2633 atque
1109 2602 1200 2624 mon·

168 2649 306 2678 strornm
340 2645 587 2685 inspectoribus,
613 2645 653 2675 dc
688 2654 725 2675 eo
751 2644 975 2675 deliberarunt.
1006 2646 1126 2675 Horum
1151 2644 1202 2675 alii

169 2698 429 2737 pronunciat-unt,
446 2696 607 2727 dissidium
621 2695 748 2735 aliquod
763 2695 939 2727 AEtolormn
953 2697 984 2726 et
1000 2696 1201 2726 Locrensium

170 2748 323 2788 portendi.
357 2749 482 2778 Fwtum
501 2747 584 2777 enim
605 2746 740 2776 divisum
770 2755 847 2784 esse,
871 2745 980 2776 matris
998 2746 1151 2786 Locridis,
1166 2755 1201 2777 ae

171 2800 266 2840 patris
283 2798 385 2830 AEtoli.
411 2798 470 2829 Alii
484 2800 685 2835 censuerunt,
701 2799 833 2828 matrem
845 2806 917 2827 cum
933 2798 1009 2828 swtu
1023 2800 1112 2828 extra
1127 2798 1203 2828 ilites

170 2850 292 2882 :Etoliat
319 2848 477 2888 deportari
501 2857 537 2879 ac
556 2848 687 2879 cremari
710 2848 832 2879 debere.
880 2850 962 2878 Dum
984 2848 1052 2878 lure
1077 2848 1202 2878 consul-

171 2904 290 2938 tantur,
316 2901 419 2932 subito
449 2900 644 2939 Poly-crinis,
661 2899 780 2938 pridem
801 2901 967 2937 mortuus,
997 2900 1028 2930 in
1053 2900 1203 2930 concione

174 2952 297 2984 exsistit
316 2960 410 2991 prope
430 2951 592 2988 infantem,
611 2952 678 2980 atra
702 2950 834 2981 amictus
856 2952 950 2981 veste.
973 2952 1001 2981 ls
1024 2952 1205 2990 perterritos

173 3004 257 3035 cives
282 3011 318 3033 eo
338 3003 478 3041 spectro,
494 3003 523 3031 et
540 3001 703 3039 plerosque
719 3001 820 3038 sugam
839 3001 997 3039 iacientes,
1017 3002 1099 3031 bono
1114 3001 1204 3040 jubet

172 3063 238 3085 esse
255 3053 378 3091 animo,
396 3061 497 3092 neque
511 3053 551 3082 ob
568 3053 647 3082 lianc
666 3052 891 3091 asparitionem
908 3053 1099 3084 conturbari.
1121 3056 1204 3085 t'ost-

172 3114 269 3144 quam
286 3103 441 3135 tumultus
465 3102 575 3141 majori
595 3112 635 3133 cx
662 3105 748 3142 parte
773 3103 897 3133 sedatus
925 3103 995 3142 suit,
1016 3103 1104 3134 tenui
1126 3113 1204 3135 voce

173 3157 216 3187 ita
232 3155 312 3185 dixit
329 3167 335 3184 :
356 3167 370 3180 «ι
391 3157 454 3193 Ego
466 3177 473 3191 ,
492 3153 592 3190 cives,
614 3162 743 3192 corpore
764 3155 907 3183 mortuus
919 3176 927 3191 ‚
942 3153 1159 3185 benevolentia
1173 3157 1205 3186 et

175 3209 280 3238 lavore
296 3215 368 3245 erga
384 3214 440 3237 vos
462 3205 553 3243 viv0;
577 3207 607 3235 ct
624 3214 707 3235 nunc
731 3205 841 3235 adsum
864 3214 970 3235 coram
986 3206 1084 3244 vobis,
1114 3206 1204 3237 xenia

175 3267 283 3288 norum
306 3257 358 3296 qui
384 3257 491 3287 subter
511 3257 602 3287 ten-21—
624 3256 788 3293 imperant,
809 3255 966 3285 commodi
986 3257 1078 3287 vestri
1097 3266 1202 3288 causa.

178 3310 292 3339 llortor
307 3308 412 3347 itaque
440 3316 505 3345 ros,
527 3306 609 3337 ‹ivcs
624 3315 719 3344 meos,
744 3315 781 3336 nc
797 3306 1029 3337 tuimiltucmini
1070 3316 1147 3339 neve
1164 3309 1204 3339 ob

901 156 1221 194 PHLEGONTIS
1251 157 1523 195 TRALLIANI

1245 242 1396 292 γεγονότι
1414 244 1584 294 φάσματι.
1607 240 1738 289 Δέομαι
1760 239 1793 276 δὲ
1812 241 1906 288 ὑμῶν
1924 238 2098 286 ἁπάντων,
2114 241 2275 292 κατευχό-

1246 316 1344 350 μενος
1370 300 1453 352 πρὸς
1477 303 1537 344 τῆς
1560 298 1706 335 ἑκάστου
1733 298 1919 348 σωτηρίας,
1946 297 2131 334 ἀποδοῦναί
2160 314 2218 346 μοι
2237 302 2276 337 τὸ

1246 357 1382 395 παιδίον
1412 357 1451 394 τὸ
1477 357 1510 400 ἐξ
1539 358 1622 405 ἐμοῦ
1650 354 1906 404 γεγεννημένον,
1927 353 2017 397 ὅπως
2038 353 2142 403 μηδὲν
2164 355 2273 406 βίαιον

1247 416 1384 465 γε’νηται
1405 414 1489 452 ἄλλο
1502 430 1533 451 τι
1553 412 1833 464 βουλευσαμένων
1848 414 1956 461 ὑμῶν,
1973 411 2020 462 μὴ
2037 412 2064 449 δ’
2076 412 2166 463 ἀρχὴ
2184 429 2276 461 πρα-

1247 472 1388 521 γμάτων
1404 473 1576 522 δυσχερῶν
1593 469 1651 506 καὶ
1665 471 1828 520 χαλεπῶν
1845 469 1900 506 διὰ
1918 469 1981 516 τὴν
1997 470 2078 521 πρὸς
2097 471 2156 520 ἐμὲ·
2179 473 2277 523 φιλο-

1248 529 1374 566 νεικίαν
1393 531 1471 578 ὑμῖν
1488 528 1641 578 γένηται.
1699 528 1751 565 Oi)
1775 526 1840 577 γὰρ
1863 527 2035 578 ἐνδέχεταί
2055 544 2097 577 με
2116 531 2276 580 περιιδεῖν

1248 585 1462 623 κατακαυθὲν
1479 586 1516 622 τὸ
1533 583 1668 621 παιδίον
1688 585 1744 634 ὑφ’
1764 586 1858 632 ὑμῶν
1876 583 1932 620 διὰ
1951 583 2012 627 τὴν
2031 587 2097 622 τῶν
2115 585 2278 637 ἐξαγγελ-

1249 644 1375 681 λόντων
1390 643 1467 692 ὑμῖν
1487 643 1640 691 μάντεων
1655 641 1886 687 ἀποπληξίαν.
1907 642 2123 692 Συγγνώμην
2141 644 2202 693 μὲν
2219 638 2275 689 οὗ),

1250 704 1329 749 ὑμῖν
1353 700 1442 752 ἔγω,
1465 700 1515 737 ὅτι
1533 698 1693 744 τοιαύτην
1714 698 1790 751 όψιν
1818 699 2073 750 ἀπροσδόκητον
2093 702 2280 753 ἑωρακότες

1251 760 1407 810 ἀπορεῖτε
1423 760 1494 800 πῶς
1511 772 1592 794 ποτε
1610 762 1678 799 τοῖς
1692 771 1838 807 παρουσι
1853 757 2052 808 πράγμασιν
2072 760 2177 809 ὀρθῶς
2191 760 2280 811 794,-

1250 817 1427 855 ceo-0312?
1444 815 1503 865 μὲν
1520 831 1575 852 ουν
1593 815 1668 864 ἐμοὶ
1688 814 1910 860 πεισθησεσθε
1928 816 2050 862 ἀδεῶς,
2067 831 2134 853 τῶν
2152 818 2279 870 παρόν·

1251 890 1317 911 των
1336 873 1450 926 φόὲων
1469 889 1527 910 και
1546 875 1613 909 τῶν
1634 871 1872 924 ἐπερχομένων
1890 874 2004 910 κακῶν
2025 872 2140 911 ἔσεσθε
2161 876 2275 921 ἀπηλ-

1251 931 1436 981 λαγμένοι·
1464 933 1492 968 εἷ
1524 930 1557 967 83
1580 930 1690 972 ἄλλως
1709 945 1781 972 πως
1801 933 1842 980 τῇ
1863 930 1981 981 γνώμη
2007 936 2280 982 προσπεσεῖσθε,

1251 990 1421 1042 φοίοῧμοιι
1442 989 1519 1040 περὶ
1539 991 1647 1038 υμῶν,
1667 987 1800 1037 μήποτε
1820 990 1847 1025 εἴ
1840 1004 1865 1030 ις
1883 988 2088 1034 ἀνηκέστους
2107 990 2281 1042 συμφορὰς

1253 1050 1465 1089 ἀπειθοῦντες
1492 1050 1574 1095 ημῖν
1603 1044 1791 1095 ἓμπεσητε.
1851 1044 1945 1116 Ἐγὼ
1971 1045 2031 1095 μὲν
2055 1049 2112 1084 οὖν
2142 1047 2197 1085 διὰ
2219 1048 2281 1094 τὴν

1253 1105 1475 1156 ὑπάρχουσαν
1504 1104 1635 1141 εὔνοιαν
1666 1102 1714 1140 ὅτ’
1744 1103 1825 1148 ἔζων
1851 1103 1909 1140 καὶ
1931 1107 1988 1141 νῦν
2017 1105 2281 1155 ἀπροσδοκήτως

1253 1162 1370 1215 παρὼν
1388 1163 1577 1215 προείρηκα
1593 1162 1632 1199 τὸ
1651 1161 1822 1213 συμφέρον
1841 1162 1932 1210 ὑμῖν.
1989 1164 2100 1200 'stiffi-:⁹
2121 1157 2177 1200 οὖν
2196 1167 2282 1214 ὑμᾶς

1254 1222 1357 1271 ἀξιῶ,
1380 1221 1428 1270 μὴ
1446 1220 1552 1258 πλείω
1570 1236 1611 1269 με
1631 1219 1753 1271 χρόνον
1774 1218 1973 1271 παρέλκειν,
1991 1220 2079 1257 ἀλλὰ
2097 1222 2284 1272 βουλευσα-

1255 1280 1373 1330 μένους
1400 1281 1506 1331 ὂρθῶς
1524 1278 1583 1315 καὶ
1601 1277 1799 1320 πεισθέντας
1817 1279 1888 1320 τοῖς
1907 1278 2095 1330 εἰρημένοις
2114 1278 2175 1316 ὑπ’
2200 1281 2284 1329 ἐμοῦ

1255 1338 1370 1376 δοῦναί
1391 1352 1448 1386 μοι
1463 1339 1538 1386 μετ’
1555 1335 1724 1387 εὐφημίας
1739 1335 1777 1372 τὸ
1792 1334 1939 1372 παιδίον.
1960 1337 2012 1374 Οὐ
2030 1336 2095 1388 γὰρ
2111 1336 2284 1388 ἐνδέχεταί

1255 1411 1312 1446 μοι
1331 1394 1472 1432 πλείονα
1493 1393 1653 1444 μηκύνειν
1668 1392 1789 1444 χρόνον
1808 1392 1864 1430 διὰ
1883 1393 1959 1435 τοὺς
1978 1393 2068 1431 κατὰ
2090 1397 2153 1444 γῆν
2174 1394 2286 1469 {meip-

1253 1469 1376 1505 χοντας
1397 1452 1612 1494 δεσπότας.»
1631 1453 1754 1489 Ἰαυτα
1772 1450 1806 1488 δὲ
1827 1450 1930 1488 εἷπῶν
1953 1451 2099 1502 ἡσυγίαν
2119 1451 2218 1503 ἔσχεν
2232 1452 2286 1490 ἐπ’

1254 1512 1382 1581 ὀλίγον,
1399 1511 1599 1561 καραδοκῶν
1615 1509 1715 1546 ποίαν
1734 1508 1816 1546 ποτὲ
1831 1508 2013 1552 εξοίσουσιν
2033 1511 2125 1546 αὖτιΝ)
2144 1510 2286 1559 γνώμην

1254 1569 1333 1620 περὶ
1349 1571 1415 1605 τ(Ν)ν
1431 1566 1651 1615 ἀξιουμένων.
1671 1566 1752 1605 Γ’ὲΙιν
1756 1583 1770 1608 ς
1785 1566 1825 1615 μὲ
1813 1583 1846 1602 ,ν
1862 1571 1918 1604 οὖν
1936 1583 2042 1605 ῶοντο
2056 1569 2124 1604 δεῖν
2140 1569 2286 1606 ἀποδου-

1254 1642 1310 1664 ναι
1329 1626 1368 1663 τὸ
1386 1625 1520 1662 παιδίον
1538 1640 1596 1661 και
1616 1624 1875 1676 ἀφοσιώσασθαι
1894 1623 1932 1661 τό
1951 1640 1987 1661 τε
2010 1624 2132 1676 φάσμα
2150 1625 2208 1662 καὶ
2228 1640 2285 1662 τον

1256 1682 1443 1722 ἐπιστάντα
1462 1682 1626 1731 δαίμονα,
1641 1683 1670 1718 οἱ
1691 1680 1725 1718 δὲ·
1741 1683 1895 1718 πλεῖστοι
1919 1680 2110 1732 ἀντέλεγον,
2133 1683 2188 1720 ἐπὶ
2205 1697 2286 1733 σχο-

1254 1744 1316 1787 λῆς
1345 1741 1412 1777 δεῖν
1437 1739 1686 1790 βουλεύσασθαι
1718 1739 1922 1791 φάσκοντες,
1953 1742 1997 1782 ὡς
2016 1739 2109 1782 ὄντος
2137 1740 2287 1790 μεγάλου

1256 1803 1315 1838 τοῦ
1336 1798 1540 1850 πράγματος
1567 1798 1626 1834 καὶ
1654 1798 1691 1834 οὐ
1718 1800 1777 1841 τῆς
1803 1796 1973 1848 τυχούσης
1997 1799 2109 1840 αὐτοῖς
2134 1797 2287 1850 ἀπορίας.

1258 1855 1412 1896 Συνιδὼν
1433 1855 1468 1893 83
1489 1855 1609 1897 αὐτοὺς
1626 1856 1662 1892 οὗ
1680 1854 1932 1906 προσέχοντας,
1952 1856 2028 1892 ἀλλ’
2046 1856 2290 1905 ἐμποδίζοντας

1258 1915 1363 1951 αὐτοῦ
1384 1913 1445 1959 τὴν
1469 1913 1644 1964 βούλησιν,
1663 1912 1844 1965 ἐφθέγξατο
1861 1907 1955 1955 αὖθις
1973 1912 2053 1949 τάδε
2067 1928 2075 1936 ·
2093 1931 2107 1946 α
2126 1912 2218 1951 Ἀλλ’
2232 1906 2288 1950 οὖν

1257 1987 1313 2022 γε,
1331 1965 1359 2008 ῶ
1371 1971 1487 2023 ἄνδρες
1501 1972 1659 2018 πολῖται,
1675 1970 1731 2008 ἐὰν
1748 1972 1825 2019 ὑμῖν
1841 1968 2016 2021 συμὸαίνῃ
2031 1985 2063 2006 τι
2080 1971 2147 2006 τῶν
2165 1971 2289 2021 δυσχε-

1259 2083 1325 2113 tam
1356 2082 1535 2113 mirabilem
1563 2082 1789 2122 apparitionem
1821 2081 1940 2121 aliquid
1965 2081 2095 2121 capiatis
2125 2081 2290 2112 molestiae.

1261 2134 1409 2165 Obtestor
1436 2136 1543 2165 autem
1566 2143 1825 2174 unumquemque
1841 2136 2002 2173 vestrum,
2019 2142 2074 2173 per
2089 2142 2178 2164 suam
2197 2133 2293 2173 ipsius

1259 2185 1411 2222 salutem,
1438 2187 1474 2216 ut
1492 2185 1568 2216 mihi
1599 2194 1639 2216 ex
1663 2195 1714 2217 me
1735 2186 1875 2224 genitum
1900 2185 2052 2216 infantem
2081 2184 2236 2223 reddatis3
2254 2193 2293 2216 ne

1259 2235 1336 2275 quid
1354 2236 1528 2268 violentum
1543 2237 1720 2275 contingat,
1735 2237 1765 2267 in
1777 2237 1869 2267 aliam
1883 2236 1971 2267 vobis
1981 2235 2211 2267 discedentibus
2220 2243 2291 2266 sen-

1258 2286 1391 2317 tentiam
1419 2297 1426 2317 :
1452 2296 1544 2326 neve,
1571 2287 1781 2318 contendendi
1814 2296 1939 2318 mecum
1964 2286 2084 2325 studio,
2117 2285 2292 2317 difficilium

1260 2338 1356 2377 atque
1383 2337 1588 2368 adversarum
1613 2347 1718 2369 rerum
1752 2338 1805 2368 ssat
1829 2336 2008 2368 exordium.
2028 2338 2098 2368 Non
2122 2337 2206 2367 enim
2225 2336 2292 2368 sieri

1260 2389 1362 2427 potest
1380 2390 1416 2419 ut
1433 2389 1587 2428 negligam
1605 2389 1696 2419 istam
1716 2389 1881 2428 injuriam,
1898 2388 1942 2426 si,
1961 2387 2058 2418 secuti
2076 2387 2292 2427 stupiditatem

1260 2440 1369 2469 vatum
1386 2440 1582 2478 vestrorum,
1603 2439 1754 2470 infantem
1771 2439 1927 2470 cremetis.
1953 2441 2082 2478 Ignosco
2104 2447 2178 2470 sane
2191 2439 2292 2478 vobis,

1259 2489 1356 2528 quod,
1374 2489 1545 2530 improviso
1559 2490 1619 2521 hoe
1633 2491 1774 2520 monstro
1790 2491 1958 2529 conspecto
1968 2514 1976 2528 ‚
1991 2489 2140 2521 dubitatis
2161 2489 2238 2529 quid
2253 2490 2294 2520 sit

1260 2541 1428 2580 agendum.
1443 2541 1560 2579 Quodsi
1577 2542 1651 2572 mihi
1665 2541 1906 2580 obtemperatis,
1921 2542 2006 2572 metu
2028 2540 2173 2580 praesenti
2191 2543 2222 2572 et
2235 2541 2294 2571 im-

1260 2592 1470 2631 pendentibus
1485 2594 1574 2624 malis
1592 2595 1661 2624 tuto
1674 2593 1882 2624 liberabimini
1903 2605 1910 2623 :
1928 2592 1975 2623 sin
1991 2593 2053 2623 alio
2065 2592 2220 2624 sententia
2235 2601 2291 2623 ve—

1260 2644 1324 2673 stra
1335 2644 1510 2683 inclinabit,
1523 2646 1630 2675 metuo
1641 2653 1692 2681 ne,
1706 2643 1781 2674 dum
1793 2643 1869 2674 milii
1883 2643 1967 2674 dicto
1980 2642 2142 2674 audientes
2152 2651 2218 2674 esse
2230 2651 2294 2674 non

1262 2696 1368 2735 vultis,
1383 2696 1414 2726 in
1430 2698 1588 2727 extremas
1601 2696 1745 2727 incidatis
1757 2695 1961 2727 calamitates.
1983 2696 2087 2734 Atque
2097 2703 2153 2734 ego
2166 2694 2294 2734 quidem
2323 2696 2326 2698 '

1261 2755 1309 2786 ea,
1326 2755 1421 2786 quam
1450 2747 1541 2777 xivus
1557 2756 1629 2786 erga
1655 2756 1711 2778 vos
1724 2747 1819 2786 gessi,
1837 2746 1951 2777 ductus
1966 2745 2196 2784 benevolentia,
2210 2754 2293 2784 nunc
2311 2768 2325 2782 ,.

1262 2806 1387 2836 quoque
1400 2806 1463 2828 non
1477 2799 1674 2837 exspectatus
1687 2797 1811 2835 adsum,
1826 2798 1868 2833 et,
1881 2795 1956 2835 quid
1967 2796 1998 2827 in
2012 2804 2078 2827 rem
2091 2796 2130 2827 sit
2143 2796 2294 2833 vestram,

1262 2848 1382 2878 monui.
1405 2852 1428 2880 Α
1449 2849 1538 2879 vobis
1551 2850 1657 2879 autem
1676 2850 1759 2887 peto,
1777 2856 1815 2878 ne
1831 2847 1949 2878 diutius
1961 2855 2012 2878 me
2028 2847 2173 2884 trahatis,
2191 2847 2245 2878 sed
2262 2856 2295 2878 re
2321 2852 2326 2855 ’

1263 2901 1347 2930 recta
1365 2900 1415 2930 via
1436 2901 1556 2939 putata,
1589 2899 1666 2929 milri
1682 2898 1918 2938 obsequamini,
1947 2900 1978 2929 et
2003 2897 2086 2928 bono
2100 2905 2172 2928 cum
2189 2897 2295 2929 omine
2319 2905 2325 2939 ξ

1263 2950 1414 2981 infantem
1430 2950 1562 2981 tradatis
1581 2962 1587 2980 ;
1608 2959 1669 2980 non
1683 2949 1766 2980 enim
1792 2949 1864 2979 licet
1878 2948 1953 2979 mihi
1980 2948 2151 2987 longiorem
2171 2957 2293 2979 moram
2314 2941 2327 2992 {J

1264 3004 1435 3042 producere
1454 3003 1580 3042 propter
1597 3000 1752 3038 dominos,
1770 3000 1824 3040 qui
1842 3000 1900 3031 sub
1924 3002 2008 3031 terra
2027 3000 2110 3030 sunt.
2129 3013 2143 3027 ιι
2161 3001 2235 3031 Haec
2248 2999 2292 3030 lo-

1263 3055 1354 3084 cutus
1365 3077 1373 3092 ,
1390 3053 1623 3093 aliquantulum
1637 3051 1774 3091 quievit,
1789 3052 1972 3090 exspectans
1986 3049 2063 3090 quid
2083 3049 2123 3081 ad
2140 3050 2294 3089 postulata
2307 3058 2321 3084 ς·Ἰ

1263 3114 1319 3135 sua
1343 3106 1446 3135 essent
1474 3102 1663 3142 responsuri.
1693 3104 1760 3133 Non
1783 3101 1951 3132 defuerunt
1971 3101 2025 3140 qui
2050 3100 2240 3131 tradendum
2267 3099 2294 3131 ei
2329 3107 2331 3110 ⁴

1264 3156 1430 3193 infantem,
1446 3154 1550 3193 itaque
1566 3155 1597 3184 ct.
1611 3154 1788 3183 monstrum
1800 3176 1808 3190 ,
1822 3154 1853 3183 et
1867 3153 1919 3191 qui
1936 3151 2132 3191 apparuisset
2147 3151 2272 3191 genium
2281 3173 2292 3188 ‚

1263 3205 1536 3237 averruncandum
1553 3213 1618 3235 esse
1635 3205 1806 3234 censerent.
1828 3202 1889 3234 Sed
1906 3203 2042 3233 maxima
2058 3210 2129 3242 pars
2144 3210 2212 3233 eam
2229 3211 2308 3239 sen-y

1263 3258 1392 3288 tentiam
1411 3257 1611 3296 impugnabat
1623 3267 1631 3293 ;
1645 3264 1681 3286 ac
1695 3264 1749 3295 per
1765 3255 1865 3286 otium
1879 3255 1919 3286 de
1936 3264 1969 3286 re
1982 3256 2070 3285 tanta
2083 3278 2092 3293 ,
2110 3255 2142 3285 et
2154 3263 2226 3293 quae
2239 3254 2293 3284 lia-

1264 3310 1349 3340 beret
1368 3309 1538 3348 explicatus
1565 3308 1785 3347 difficillimos,
1810 3306 2048 3339 deliberandum
2073 3305 2292 3339 contendebat.
