2338 3765
133 211 206 243 538

132 290 206 331 λαῖς
219 287 371 337 ἑκάτεροι
383 283 677 335 ἀποχρησάμενοι,
691 282 728 319 τὸ
738 283 930 319 τελευταῖον
942 280 1158 326 κατέστησαν

133 348 177 388 εἷς
193 344 375 390 διαλύσεις,
395 342 438 381 ‘H
448 343 649 393 ρακλεωτῶν
665 341 699 377 ἐν
718 342 791 382 ταῖς
811 339 942 390 μάχαις
962 339 1158 390 ἀριστευόν-

132 419 212 452 των,
226 404 289 440 κάν
305 407 377 444 ταῖς
392 399 585 449 συμδάσεσι
599 398 636 436 τὸ
653 397 824 449 συμφέρον
835 396 1159 448 καταπραττόντων.

132 460 192 498 Διὸ
222 458 377 497 Γαλάται
405 460 449 500 ὡς
479 455 603 508 ἐχθρὰν
626 455 688 501 τὴν
719 453 924 506 Ἡράκλειαν
945 453 1159 505 κατέδραμον

132 518 192 559 ἕως
215 517 394 562 Κάλλητος
424 518 603 564 ποταμοῦ,
624 513 681 551 καὶ
703 514 832 559 πολλῆς
851 512 959 564 κύριοι
987 512 1161 562 γεγονότες

132 575 222 618 λείας
237 574 352 612 οἴκαδε
370 573 607 624 ἀνεχώρησαν.

186 635 324 672 XXlll.
349 631 552 675 Βυζαντίους
569 631 603 667 δὲ
620 629 792 680 Ἀντιόχου
805 630 1044 678 πολεμοῦντος,
1063 627 1159 680 τριή-

133 707 204 744 ρεσι
224 691 472 742 συνεμάχησαν
489 687 744 740 τεσσαράκοντα
765 690 795 726 οἳ
817 688 1080 737 Ἡρακλεῶται,
1102 685 1160 722 καὶ

132 750 186 787 τὸν
221 750 369 798 πόλεμον
403 746 667 799 παρεσκεύασαν
704 746 823 797 μέχρις
851 746 998 782 ἀπειλῶν
1032 743 1158 796 προκό-

132 813 207 860 Ιἧμαι.

185 866 318 905 XXIV.
344 863 478 909 Συνέὲη
491 864 526 900 δὲ
547 864 620 912 μετ’
638 863 674 899 οὐ
693 861 779 899 πολὺ
795 861 827 904 ἐξ
845 860 1031 912 ἀνθρώπων
1053 859 1161 910 Ἀριο-

133 924 305 976 ῧαρζάνην
329 922 502 974 γενέσθαι,
531 921 637 958 παῖδα
662 920 875 972 Μιθριδάτην
907 918 1160 963 καταλιπόντα,

132 984 190 1020 καὶ
207 985 239 1020 ἐν
262 985 407 1034 διαφορᾷ
423 981 507 1033 πρὸς
526 979 602 1023 τοὺς
622 980 782 1022 Γαλάτας
797 977 972 1037 γεγονότα.
1047 977 1099 1015 Δι’
1118 976 1160 1022 ἣν

133 1041 244 1078 αἰτίαν
275 1039 598 1092 καταφρονήσαντες
617 1041 674 1074 τοῦ
700 1037 820 1079 παιδὸς
839 1040 948 1081 οὑτοι,
973 1034 1035 1081 τὴν
1058 1036 1161 1071 αὐτοῦ

134 1098 311 1151 βασιλείαν
325 1099 484 1136 ἐσίνοντο.
504 1096 574 1135 Καὶ
592 1096 735 1148 ἀπορίας
749 1094 869 1138 αὐτοὺς
884 1092 1160 1138 καταλαῦούσης,

132 1157 370 1207 οἱνελάμὸανον
390 1159 420 1193 οἱ
442 1155 509 1192 ἀπὸ
528 1158 588 1201 τῆς
605 1153 833 1206 ἹΙρακλείας,
851 1158 942 1189 σῖτον
963 1154 1008 1194 εἷς
1025 1151 1162 1200 Ἀμισὸν

132 1217 341 1265 πέμποντες,
361 1214 394 1258 ἐξ
414 1209 452 1260 ἧς
481 1217 561 1265 ῥᾷον
589 1207 629 1258 ἦν
655 1212 730 1255 τοὺς
749 1215 808 1248 τοῦ
830 1210 1040 1262 Μιθριδάτου
1062 1225 1162 1254 σιτη-

133 1277 204 1324 γεῖν
228 1275 359 1314 ἑαυτοῖς
391 1271 449 1309 καὶ
469 1271 660 1314 ἐξακεῖσθαι
679 1269 741 1315 τὴν
763 1269 903 1305 ἔνδειαν.
961 1267 1027 1305 Διὰ
1052 1270 1161 1304 ταῦτα

132 1332 236 1369 πάλιν
254 1333 285 1368 οἱ
305 1330 461 1369 Γαλάται
482 1331 527 1371 εἷς
545 1327 605 1374 τὴν
630 1329 866 1379 Ἥρακλεῶτιν
881 1325 1041 1377 ἔπεμψαν
1056 1324 1163 1375 στρά-

132 1408 242 1442 τευμα
255 1422 264 1439 ,
283 1392 341 1429 καὶ
360 1391 487 1436 ταύτην
508 1389 726 1439 κατέτρεχον,
745 1388 865 1439 μέχρις
883 1386 923 1423 ἂν
941 1389 969 1424 οἱ
992 1385 1162 1445 Ἡρακλῗ

133 1453 219 1488 ῶται
249 1449 558 1501 διεπρεσῧεύσαντο
584 1447 666 1498 πρὸς
687 1445 820 1488 αὐτούς.
891 1445 1032 1496 Νύμφις
1061 1444 1094 1481 δὲ
1124 1447 1161 1490 ἠν

133 1511 150 1545 ὁ
181 1507 348 1557 ἱστορικὸς
379 1509 396 1543 ὁ
425 1507 605 1557 κορυφαῖος
637 1506 703 1541 τῶν
727 1501 918 1553 πρέσὸεων,
948 1501 981 1544 ὃς
1011 1501 1068 1538 τὸν
1101 1501 1161 1550 μὲν

134 1566 277 1617 στρατὸν
296 1568 328 1603 ἐν
349 1567 398 1616 τῷ
419 1566 520 1615 κοινῷ
544 1567 682 1613 χρυσοῖς
702 1561 1010 1611 πεντακισχιλίοις,
1028 1559 1104 1602 τοὺς
1127 1559 1161 1597 δὲ

133 1624 303 1675 ἡγεμόνας
332 1623 400 1674 ἰδία
427 1621 608 1663 διακοσίοις
639 1618 937 1670 ὓποΟεραπεύσας,
965 1621 1024 1664 τῆς
1047 1618 1164 1670 χώρας

134 1685 375 1727 ἀπαναστῆναι
395 1679 665 1731 παρεσκεύασεν.

187 1741 306 1778 XXV.
339 1740 555 1787 Πτολεμαῖος
580 1735 614 1773 δὲ
645 1739 661 1772 ὁ
687 1737 746 1780 τ’ῆς
777 1733 952 1784 Αἰγύπτου
985 1734 1163 1785 βασιλεὺς,

133 1799 178 1840 εἷς
198 1797 301 1848 ἄκρον
319 1797 533 1845 εὐδαιμονίας
554 1793 705 1843 ἀναὸὰς,
730 1793 990 1844 λαμπροτάταις
1012 1793 1072 1841 μὲν
1094 1794 1162 1829 δω-

133 1861 223 1904 ρεαῖς
241 1857 425 1906 εὐεργετεῖν
446 1853 505 1896 τὰς
532 1852 647 1894 πόλεις
673 1850 863 1903 προήγετο·
894 1850 1027 1903 ἔπεμψε
1047 1849 1082 1888 δὲ
1104 1850 1162 1888 καὶ

131 1920 200 1956 τοῖς
230 1911 488 1964 Ἡρακλεώταις
518 1910 671 1962 ἆρτάὸας
700 1913 807 1961 πυροῦ
839 1909 1086 1955 πεντακοσίας,
1106 1909 1163 1946 καὶ

132 1971 216 2008 νεὼν
245 1973 356 2012 αὐτοῖς
388 1968 646 2020 Προκοννησίας
678 1967 805 2019 πέτρας
837 1969 870 2005 ἐν
902 1970 943 2018 τῇ
977 1967 1162 2019 ἀκροπόλει

133 2028 343 2079 Ἡρακλέους
360 2028 575 2077 ἀνεδείματο.

184 2100 211 2123 2.
243 2086 358 2137 Μέχρι
378 2084 496 2123 τούτου
516 2084 647 2137 φθάσας
669 2086 685 2121 ὁ
707 2082 920 2136 συγγραφεὺς
943 2084 988 2126 εἷς
1004 2082 1065 2129 τὴν
1091 2085 1157 2120 τῶν

132 2145 318 2194 Ῥωμαίων
340 2143 558 2195 ἐπικράτειαν
588 2142 648 2188 τὴν
671 2141 814 2187 ingesti-hv
844 2141 1011 2178 ποιεῖται·
1033 2140 1106 2177 ὅθεν
1129 2156 1163 2177 τε

133 2202 248 2250 γένους
274 2202 416 2253 ἔφυσαν,
437 2201 495 2238 καὶ
526 2200 601 2237 τίνα
622 2200 745 2252 τρόπον
768 2202 827 2245 τῆς
848 2199 998 2241 Ἰταλίας
1018 2200 1163 2235 ἐνταῦθα

133 2260 354 2311 κατῴκησαν,
372 2258 435 2296 ὅσα
449 2275 486 2295 τε
503 2261 548 2301 εἷς
557 2257 619 2304 τὴν
633 2261 693 2303 τῆς
708 2257 849 2306 Ῥώμης
863 2257 971 2294 κτίσιν
987 2256 1164 2308 προῦλαὸέ

133 2334 167 2355 τε
189 2318 247 2355 καί
276 2318 453 2368 ἐπράχθη,
477 2316 534 2354 καὶ
556 2319 621 2353 τῶν
644 2315 862 2367 ἐπαρξάντων
886 2316 998 2351 αὐτῶν
1028 2314 1164 2366 ἐπιτρέ-

134 2392 218 2427 χων,
238 2376 297 2412 καὶ
318 2377 397 2426 πρὸς
418 2375 473 2417 οὒς
494 2374 656 2423 πολέμοις
677 2373 945 2423 διηγωνίσαντο,
965 2372 1022 2408 καὶ
1042 2371 1104 2417 τήν
1127 2387 1164 2409 τε

133 2437 199 2470 τῶν
231 2434 400 2483 βασιλέων
435 2432 663 2477 κατάστασιν,
694 2431 753 2468 καὶ
773 2429 833 2475 τὴν
855 2431 900 2472 εἷς
928 2429 1075 2472 ὑπάτους
1105 2432 1165 2475 τῆς

135 2491 323 2542 μοναρχίας
339 2488 545 2540 μεταδολὴν,
559 2488 648 2531 ὅπως
666 2504 701 2524 τε
722 2488 786 2524 ὑπὸ
806 2489 972 2525 Γαλατῶν
993 2486 1164 2535 Ῥωμαῖοι

133 2549 349 2594 ἡττήθησαν,
370 2548 427 2584 καὶ
444 2547 518 2592 ἥλω
546 2546 585 2584 ἂν
606 2562 628 2591 η
645 2546 759 2593 πόλις,
778 2547 805 2582 εἷ
828 2544 875 2594 μὴ
896 2545 1071 2594 Κάμιλλος
1090 2547 1163 2581 ἐπι-

136 2606 308 2652 Coeo-rime
327 2605 387 2650 τὴν
408 2605 505 2642 πόλιν
527 2604 717 2655 ἐρρύσατο·
777 2603 818 2653 (3)
846 2603 936 2644 ὅπως
955 2618 991 2639 τε
1019 2602 1074 2639 ἐπὶ
1103 2603 1163 2649 τὴν

134 2665 251 2702 Ἀσίαν
266 2663 476 2714 Ἀλεξάνδρῳ
491 2662 700 2699 διαὸαίνοντι
718 2661 774 2698 καὶ
792 2662 962 2712 γράψαντι
977 2660 997 2706 ἢ
1015 2661 1163 2711 κρατεῖν,

136 2722 194 2759 ἐὰν
213 2722 330 2772 ἄρχειν
353 2720 534 2765 δύνωνται,
555 2719 660 2764 ἢτοῒς
684 2719 869 2770 κρείττοσιν
891 2719 1056 2766 ὑπείκειν,
1083 2718 1163 2755 στέ-

136 2795 240 2831 φανον
259 2782 406 2830 χρυσοῦν
419 2777 486 2814 ἀπὸ
498 2779 622 2814 ἱκανῶν
637 2777 813 2814 ταλάντων
831 2776 999 2825 Ῥωμαῖοι
1019 2775 1165 2825 ἐξέπεμ·

136 2842 215 2890 ψαν·
242 2837 299 2874 καὶ
327 2839 371 2879 ὡς
404 2836 487 2886 πρὸς
506 2835 737 2887 Ταραντίνους
766 2835 823 2872 καὶ
857 2834 991 2886 Πύρρον
1024 2850 1163 2882 συμμα-

136 2899 264 2948 χοῦντα
283 2894 412 2936 τούτοις
426 2894 659 2943 ἐπολέμησαν,
677 2893 735 2930 καὶ
755 2893 798 2929 τὰ
816 2892 876 2941 μὲν
893 2892 1055 2934 παθόντες
1072 2891 1114 2928 τὰ
1129 2891 1163 2928 δὲ

137 2956 250 2996 κακῶς
264 2952 339 2994 fois<
353 2952 534 3000 πολεμίους
548 2951 738 3000 διαθέμενοι
755 2951 984 3001 Ταραντίνους
1003 2949 1062 2999 μὲν
1080 2951 1164 2994 ὑπη-

1051 193 1317 232 MEMNONlS

1221 285 1260 315 ad
1277 286 1454 316 extremum
1472 284 1592 314 ineunt.
1612 283 1825 314 Heraclienses
1838 284 1869 315 et
1891 283 1922 314 in
1938 283 2048 323 pugnis
2072 283 2132 315 illis
2148 285 2252 316 excel-

1221 354 1369 392 luerunt,
1383 354 1415 385 et
1429 353 1458 384 in
1471 352 1697 392 compositione
1710 351 1783 382 belli
1796 360 1887 391 egere
1907 361 1979 392 qnae
1996 352 2028 384 in
2056 362 2122 385 rem
2137 355 2249 386 forent.

1221 423 1342 454 Idcirco
1358 422 1479 455 Galatae
1502 422 1686 453 Heracleam
1698 422 1733 452 ut
1755 420 1914 452 inimicam
1930 421 2112 454 invaserunt
2124 423 2163 454 ad
2177 424 2251 455 Cal-

1221 492 1314 524 letem
1329 501 1427 532 nsque
1438 492 1570 523 fluvium
1584 491 1746 531 multaque
1756 490 1845 522 ditati
1860 491 1967 531 praeda
1977 492 2107 523 domum
2122 493 2252 533 repetie-

1221 562 1306 592 runt.

1261 631 1376 662 xxm.
1393 629 1458 661 Sub
1473 630 1557 668 haec,
1576 629 1755 668 Byzantinis
1777 630 1929 662 inserente
1947 629 2065 661 bellum
2085 625 2252 669 Antiocho,

1222 688 1428 729 quadraginta
1444 688 1626 719 triremibus
1646 688 1841 719 Heracleotae
1858 688 2053 719 auxiliantur
2070 700 2079 721 :
2096 689 2253 720 ethorum

1223 748 1342 778 sactum
1364 748 1411 779 est
1429 756 1540 786 opera,
1568 748 1602 777 ut
1618 746 1657 777 ad
1680 747 1782 777 minas
1806 747 2028 778 tantummodo
2056 755 2252 787 progressum

1223 806 1351 836 haberet
1368 805 1497 836 bellum.

1263 865 1376 894 XXIV.
1395 865 1458 894 Nec
1473 863 1563 902 longe
1579 863 1649 902 post
1663 871 1680 893 e
1701 862 1766 893 vita
1790 862 1972 894 mortalium
1996 863 2147 895 eximitur
2163 865 2253 896 Ario-

1223 936 1388 975 barzanes,
1410 936 1574 976 filiumque
1591 935 1740 976 relinquit
1757 936 1972 967 Mithridatem
1997 937 2071 968 :cui
2092 937 2163 969 lites
2181 947 2253 969 cuin

1223 1008 1341 1040 Galatis
1358 1009 1570 1039 intercessere.
1589 1009 1691 1045 Quam
1708 1008 1749 1039 ob
1767 1016 1893 1040 causam
1905 1009 1935 1040 hi
1948 1033 1956 1048 ,
1974 1010 2154 1049 contempta
2167 1010 2254 1050 pueri

1223 1083 1335 1121 aetate,
1362 1090 1491 1121 regnum
1508 1081 1575 1120 ejus
1592 1080 1754 1120 divexant.
1783 1082 1953 1121 Quumque
1969 1082 2072 1122 inopia
2085 1091 2190 1114 rerum
2214 1084 2256 1114 la-

1223 1155 1370 1186 borarent
1384 1154 1476 1194 regii,
1497 1154 1714 1186 Heraclienses
1727 1162 1779 1185 eos
1790 1155 1984 1193 sustentant,
1998 1155 2157 1187 frumento
2171 1157 2256 1188 Ami-

1223 1239 1293 1261 sum
1305 1230 1438 1261 advecto
1451 1239 1457 1259 ε
1469 1228 1553 1260 unde
1563 1229 1637 1260 satis
1648 1228 1747 1259 facilis
1755 1230 1822 1259 erat
1829 1229 2047 1260 Mithridaticis
2059 1229 2160 1261 vietus
2167 1231 2256 1270 eopia

1223 1307 1254 1337 et
1271 1305 1416 1345 egestatis
1443 1304 1575 1335 medela.
1604 1305 1737 1344 Propter
1756 1304 1824 1336 haec
1853 1305 1966 1336 iteruin
1984 1305 2105 1337 Galatae
2129 1305 2257 1337 hostiles

1224 1378 1254 1408 in
1273 1376 1521 1408 lleracleotidem
1535 1375 1639 1415 copias
1652 1375 1784 1407 mittunt
1800 1388 1807 1407 ι
1828 1376 2006 1415 usquedum
2020 1376 2060 1407 al)
2074 1377 2255 1407 Heraclien-

1223 1451 1308 1482 sihns
1332 1459 1387 1490 per
1419 1450 1536 1490 legatos
1564 1450 1760 1490 mitigantur.
1789 1450 1938 1490 Princeps
1965 1452 2071 1482 autem
2097 1451 2258 1490 legationis

1224 1524 1292 1554 erat
1304 1522 1472 1562 Nymphis,
1488 1521 1627 1552 historiae
1651 1521 1807 1560 scriptor:
1826 1521 1880 1561 qui
1905 1529 2005 1561 quum
2028 1523 2203 1553 exercitum
2226 1523 2257 1554 in

1223 1604 1392 1627 commune
1410 1594 1513 1625 aureis
1532 1594 1699 1634 quinquies
1722 1594 1809 1625 mille
1821 1618 1830 1633 ‚
1853 1594 1949 1626 duces
1965 1603 2107 1626 seorsum
2128 1597 2259 1628 ducenis

1223 1666 1431 1704 delinivisset,
1446 1667 1482 1696 ut
1504 1674 1521 1696 a
1535 1665 1650 1704 linibus
1662 1665 1875 1704 discederent,
1893 1666 2010 1698 esseeit.

1266 1742 1363 1771 XXV.
1388 1739 1578 1771 Ptolemaeus
1594 1740 1699 1770 autem
1716 1748 1769 1770 rex
1790 1739 1915 1779 AEgypti
1927 1764 1936 1779 ‚
1953 1740 2142 1772 altissimum
2169 1741 2257 1773 beni-

1223 1818 1293 1850 gnae
1308 1810 1443 1840 sortunae
1455 1807 1588 1848 gradum
1603 1808 1776 1846 assecutus,
1791 1806 2105 1847 magnificentissimis
2118 1809 2260 1842 civitates

1224 1877 1408 1910 muneribus
1420 1877 1574 1908 demereri
1590 1876 1809 1907 constituerat.
1824 1877 1935 1916 ltaque
1947 1876 2042 1907 etiam
2056 1878 2260 1910 Heracliensi-

1225 1948 1284 1980 hus
1300 1948 1488 1988 quingentas
1509 1946 1635 1978 artabas
1653 1946 1748 1978 tritici
1765 1946 1865 1985 misit,
1891 1947 1923 1978 et
1947 1947 2100 1987 templum
2117 1950 2260 1981 Herculis

1224 2028 1241 2050 e
1256 2018 1465 2051 proconnesio
1478 2014 1554 2048 saxo
1567 2017 1599 2047 in
1616 2025 1688 2048 aree
1707 2017 1753 2047 eis
1767 2016 1936 2048 exstruxit.

1266 2093 1295 2119 2.
1320 2090 1391 2119 Huc
1408 2089 1520 2118 auctor
1541 2095 1738 2126 progressus,
1758 2086 1796 2117 ad
1814 2086 1980 2126 imperium
2002 2088 2179 2119 Romanum
2200 2098 2257 2121 ex—

1225 2159 1405 2190 cursionem
1419 2157 1491 2189 fecit
1504 2168 1512 2196 ;
1526 2165 1590 2196 quo
1603 2165 1715 2196 genere
1729 2156 1807 2195 orti,
1823 2156 1983 2196 quomodo
1995 2157 2064 2188 haec
2079 2158 2176 2190 ltahae
2189 2159 2258 2190 loca

1225 2227 1395 2259 insederint
1420 2238 1429 2260 ;
1454 2234 1589 2265 quaeque
1617 2226 1691 2256 ante
1716 2224 1827 2255 urbem
1856 2224 2016 2256 conditam
2043 2228 2205 2258 evenerint
2228 2229 2259 2259 et

1224 2296 1310 2336 gesta
1331 2294 1411 2333 sint;
1439 2301 1519 2332 quos
1543 2292 1637 2323 etiam
1668 2292 1824 2331 principes
1848 2291 2033 2331 habuerint,
2059 2284 2258 2334 perstringit;

1225 2370 1296 2402 quae
1309 2369 1382 2391 eum
1394 2360 1463 2390 aliis
1472 2359 1555 2390 bella
1569 2359 1719 2398 gesserint
1731 2369 1739 2397 ;
1752 2358 1827 2398 quid
1840 2359 1966 2390 condito
1981 2368 2077 2399 regno
2089 2360 2259 2393 acciderit:

1225 2429 1256 2458 et
1276 2427 1311 2457 ut
1326 2425 1453 2457 tandem
1471 2424 1553 2464 regia
1568 2425 1705 2464 potestas
1719 2424 1748 2454 in
1766 2424 1930 2456 consulare
1943 2425 2066 2456 mutata
2089 2425 2183 2458 suerit
2198 2427 2258 2458 im-

1226 2492 1347 2531 perium
1364 2503 1370 2521 :
1383 2492 1482 2530 utque
1493 2498 1511 2520 a
1526 2489 1625 2520 Gallis
1635 2489 1767 2520 Romani
1780 2489 1894 2521 devicti
1904 2514 1912 2528 ,
1924 2491 1955 2520 et
1968 2491 2060 2530 capta
2072 2492 2152 2522 esset
2164 2492 2257 2532 urbs,

1225 2557 1282 2588 nisi
1300 2556 1523 2596 superveniens
1549 2555 1667 2586 auxilio
1684 2554 1835 2587 Camillus
1850 2564 1920 2586 eam
1943 2554 2105 2587 liberasset
2125 2566 2133 2586 :
2160 2557 2203 2597 (3)
2222 2560 2258 2589 ut

1225 2623 1320 2654 etiam
1343 2621 1539 2660 Alexandro,
1562 2622 1591 2652 in
1618 2620 1722 2652 Asiam
1750 2621 1937 2660 trajicienti,
1963 2622 1995 2652 et
2015 2630 2071 2661 per
2091 2622 2198 2654 literas
2214 2624 2258 2655 eis

1225 2689 1438 2727 (renuntianti,
1459 2691 1494 2720 ut
1517 2692 1571 2719 aut
1591 2688 1771 2726 vincerent,
1796 2688 1821 2719 si
1843 2687 1980 2728 gerendo
2002 2688 2133 2728 imper10
2155 2691 2258 2721 essent

1225 2755 1327 2786 idonei
1340 2779 1348 2793 ,
1366 2756 1421 2786 aut
1435 2753 1661 2794 potentioribus
1675 2753 1840 2793 cederent,
1860 2762 1987 2785 auream
2001 2762 2167 2792 eoronam,
2185 2763 2257 2795 quae

1225 2821 1350 2854 talentis
1367 2830 1429 2851 non
1447 2820 1554 2860 paucis
1576 2821 1751 2858 constaret,
1769 2820 1928 2857 miserint;
1954 2820 1989 2850 ut
2005 2819 2087 2850 bella¹
2107 2819 2257 2860 gesserint

1224 2889 1375 2920 adversus
1389 2888 1574 2919 Tarentinos
1591 2887 1623 2918 et
1643 2886 1798 2926 Pyrrhum
1816 2885 1981 2930 Epiroten,
1999 2885 2056 2917 hos
2070 2885 2189 2916 auxilio
2201 2884 2253 2924 ju-

1226 2956 1354 2985 vantem
1368 2965 1376 2993 ;
1391 2954 1426 2984 ut
1445 2961 1507 2992 qua
1524 2951 1670 2992 patiendo
1686 2960 1750 2991 qua
1763 2950 1924 2982 inserendo
1945 2949 2050 2981 clades
2066 2950 2171 2982 hostes
2182 2951 2255 2982 tan-

136 3059 175 3089 sit
195 3058 302 3089 Orelli.
323 3058 485 3088 Rationem
504 3057 644 3087 idoneam
669 3056 819 3087 desidero.
833 3074 874 3079 —
896 3054 1071 3095 Κάλλητος]
1086 3055 1214 3092 Κάληκα
1239 3054 1370 3084 llnviuin
1388 3052 1531 3083 nominat
1552 3050 1693 3090 Thneyd.
1711 3052 1751 3081 lV
1766 3074 1773 3088 ,
1792 3053 1849 3088 75,
1869 3049 1998 3089 Κάχητα
2014 3047 2170 3080 Diodorus
2183 3049 2254 3086 ΧΠ,

138 3109 194 3142 72,
219 3104 342 3140 Κάλητα
360 3104 509 3134 Arrianus
526 3103 555 3133 in
578 3103 705 3141 l‘eriplo.
724 3104 767 3132 De
782 3112 814 3133 re
828 3104 867 3133 «Γ.
887 3105 1037 3141 moysen.
1058 3104 1103 3138 ll,
1123 3106 1191 3132 256.

180 3153 279 3182 XXV.
307 3150 438 3189 ἀρτάδας
452 3149 635 3188 rreum-mm]
652 3149 689 3178 «ἢν,
705 3149 817 3179 Artaba
835 3149 997 3188 Aigyptia,
1015 3148 1105 3179 sicuti
1119 3148 1158 3179 ‹le
1175 3146 1298 3179 Persica
1316 3154 1346 3176 v.
1363 3144 1551 3182 Wesseling.
1569 3143 1606 3173 ml
1634 3142 1761 3173 Diodor.
1786 3142 1861 3179 XX,
1886 3144 1924 3172 99
1937 3163 1946 3178 ,
1964 3142 2092 3171 Wurm.
2112 3139 2157 3169 De
2174 3146 2254 3193 pon-

140 3197 253 3227 ‹lerum
275 3198 332 3226 rat.
360 3204 390 3234 p.
414 3198 480 3225 13¹1.
506 3197 624 3225 Vereor
642 3196 677 3224 nt
701 3203 851 3224 numerus
880 3194 1062 3224 artaharuin
1084 3195 1167 3225 recte
1183 3203 1216 3225 se
1231 3192 1356 3224 habeat.
1378 3194 1421 3223 De
1447 3200 1479 3222 re
1508 3191 1548 3222 es.
1574 3193 1724 3229 Droysen.
1752 3190 1797 3235 ll,
1820 3196 1850 3227 p.
1877 3191 1945 3237 3555
1963 3201 2001 3205 —
2026 3187 2254 3235 ΙΙροκοννησιας

140 3242 247 3283 πετρ.]
266 3243 348 3272 λίθου
374 3243 482 3272 λευκοῦ
504 3241 618 3280 cadesa
633 3241 867 3279 ἐπαινουμένου,
885 3240 996 3271 strabo
1013 3243 1102 3278 xm,
1121 3250 1148 3280 p.
1174 3245 1243 3271 558.
1268 3258 1302 3264 —
1318 3244 1347 3269 ¹2.
1366 3239 1430 3275 ἥλω
1448 3238 1484 3268 ἂν
1508 3239 1527 3273 ἡ
1549 3236 1634 3271 πόλις
1652 3247 1681 3265 κ.
1699 3247 1727 3265 τ.
1754 3233 1802 3273 λ]
1821 3234 1898 3264 llaec
1913 3231 2070 3262 diversam
2090 3240 2108 3261 a
2133 3230 2252 3270 vulgari

139 3290 307 3320 traditione
326 3288 535 3318 narrationem
550 3296 679 3325 arguere
700 3287 794 3316 rideri
813 3287 947 3325 pos-sint;
963 3288 991 3317 al
1007 3296 1078 3326 qna*
1095 3288 1141 3317 est
1166 3287 1196 3316 in
1215 3286 1262 3316 his
1280 3284 1473 3323 excerptoris
1495 3281 1762 3321 breviloquentia,
1779 3279 1855 3310 nihil
1873 3278 2077 3318 premendum
2097 3276 2191 3307 duco.
2214 3294 2255 3301 -

140 3337 317 3376 Ἀλεξάνδρῳ
331 3335 477 3375 γράψαντι
494 3346 523 3364 κ.
543 3345 569 3364 τ,
586 3335 611 3363 λ.
625 3332 634 3371 l
650 3333 688 3363 «le
705 3333 761 3363 hoc
777 3335 955 3363 cornuin-nto
976 3342 1005 3363 v.
1023 3333 1171 3363 Sl-Croix
1201 3335 1353 3364 [sannen
1379 3330 1411 3361 d.
1437 3330 1556 3361 histor.
1582 3328 1710 3359 (l'aellex.
1738 3336 1768 3366 p.
1788 3328 1858 3357 479.
