2289 3728
95 168 142 198 20

134 248 351 282 Ptoleiuaeus
367 246 562 289 Euergetes
581 242 748 289 regnavit
765 222 850 277 iside
870 242 915 277 ab
933 255 992 277 an.
1013 246 1116 288 247-

83 318 156 340 2222
193 304 284 351 (Ol.
329 302 413 345 133,
451 300 595 346 2-1'33)‚
635 300 654 333 3
677 300 703 346 “).
739 301 946 347 Antigonus
973 302 1120 346 Doson,

82 363 184 409 cujus
200 368 408 409 praeceptor
429 360 646 405 Euphantus
666 357 734 392 fuit
748 385 757 402 ‚
773 366 881 393 natus
896 367 949 394 est
968 372 1003 396 a.
1027 360 1117 396 262.

80 423 211 467 Itaque
236 420 372 454 natales
392 418 577 465 Euphanti
598 416 803 451 referendae
824 418 969 453 suntad
983 430 1121 453 annum

80 480 227 513 circiter
247 479 318 512 300
332 490 364 513 a.
383 477 438 519 C„
455 475 549 510 adeo
566 482 607 509 ut
622 476 801 510 Historias
817 477 883 510 sub
902 488 1018 524 regno
1034 478 1121 511 Pto-

81 538 194 572 lemaei
227 538 416 582 Euergetae
447 534 714 581 percommode
742 534 905 569 scribere
937 537 1116 582 potuerit.

80 597 171 630 Tum
190 607 280 629 vero
297 600 399 641 patet
415 593 530 628 verba
549 594 726 640 Diogenis
744 593 767 629 l.
787 594 811 631 l.
831 591 1042 630 Εὐέουλίόου
1062 593 1120 629 καὶ

83 651 256 701 Εὔφαντος
272 651 420 701 γέγονεν,
439 664 517 686 11011
537 651 583 686 de
611 652 808 698 Euphanto
831 652 1014 699 discipulo
1044 654 1120 687 Eu-

78 710 235 754 bulidis,
255 709 319 744 sed
342 709 388 744 de
407 716 588 744 sectatore
619 709 832 744 Eubulideae
858 709 1039 744 doetrinae
1064 711 1121 744 in-

77 769 275 818 telligenda
295 782 384 806 esse.
411 769 586 804 Similiter
603 770 848 816 Hieronymus
868 766 1123 817 Ἀριστοτέλους

78 826 234 875 μαθητὴς
251 828 388 878 dieitur
407 829 581 863 Athenaeo
601 828 655 872 X,
676 840 714 874 p.
744 831 817 869 424
830 856 840 873 ‚
864 828 908 871 F,
923 828 976 861 uti
995 833 1123 862 monet

78 888 272 921 Clintonus
289 887 329 923 F.
350 886 464 930 lund
478 899 538 922 an.
557 885 630 920 250
648 893 684 920 et
702 886 789 927 246.

132 945 325 981 Laudatur
354 952 533 991 praeterea
568 945 786 990 Euphantus
819 944 920 991 apud
949 946 1120 992 Porphy-

79 1005 174 1038 rium
193 1006 247 1039 De
267 1004 398 1040 abstin.
423 1005 485 1047 lv,
503 1016 541 1050 p.
562 1002 657 1050 3793
674 1003 737 1037 sed
750 1002 826 1048 jam
842 1003 1033 1038 Fabricius
1048 1017 1119 1050 pro

78 1063 277 1109 Euphanto
309 1069 408 1096 recte
440 1063 605 1108 reposuit
633 1062 868 1107 Eephantum
883 1088 892 1104 ‚
922 1063 1122 1108 Syracusa-

80 1133 183 1164 num,
202 1120 469 1167 philosophum
489 1120 779 1167 Pythagoreum,
793 1120 857 1165 qui
876 1121 964 1154 item
984 1121 1121 1155 librum

80 1177 167 1228 Περὶ
195 1176 371 1228 βασιλείας
399 1179 606 1225 scripserat.
632 1179 682 1212 Ex
710 1190 754 1212 eo
778 1178 981 1225 fragmenta
1009 1180 1120 1213 uber-

80 1238 171 1272 rima
187 1244 327 1272 exstant
344 1239 381 1271 in
402 1237 536 1272 Stobaei
552 1237 727 1284 Florileg.
749 1248 785 1283 p.
805 1236 878 1277 483
896 1243 931 1271 et
951 1241 1023 1283 [¹92
1039 1250 1119 1284 sqq.

80 1296 187 1336 (vide
218 1297 328 1330 libert
358 1296 507 1330 Dissert.
530 1296 621 1339 Sic¹5
647 1307 690 1341 p.
722 1307 791 1341 119
813 1307 866 1341 sq.
887 1294 912 1341 ).
938 1296 1120 1342 liuphanti

79 1357 133 1389 De
151 1368 266 1402 regno
289 1367 381 1401 opus
398 1367 578 1401 nusquam
595 1361 838 1389 memoratur.

501 1471 711 1485 Λ-οοοθον-

162 1562 508 1619 SPHAERUS
548 1561 1035 1620 BOSPORANUS.

131 1687 317 1734 Diogenes
328 1689 371 1724 L.
390 1689 468 1732 vll,
486 1700 554 1732 177
574 1684 729 1724 :Tou'rou
743 1686 751 1737 (
764 1688 823 1723 τοῦ
842 1687 1030 1736 Κλεάνθου)
1043 1716 1052 1731 ,
1066 1702 1123 1723 κα·

79 1743 187 1794 (simp
204 1743 477 1794 προειρήκαμεν,
503 1743 628 1790 ἤκουσε
651 1742 738 1792 μετὰ
756 1743 901 1789 Ζήνωνα
919 1745 977 1781 καὶ
1008 1746 1118 1796 Σφαῖ-

82 1817 134 1851 ρος
145 1805 161 1838 ὁ
178 1801 422 1853 Βοσποριανος,
435 1801 468 1845 ὃς
482 1801 660 1854 προκοπὴν
679 1802 799 1847 ἱκανὴν
812 1805 1124 1853 περιποιησάμενος

80 1860 189 1910 λόγων
220 1862 265 1902 εἷς
296 1860 548 1911 Ἀλεξάνδρειαν
580 1860 685 1911 ἀπῄει
713 1859 795 1912 πρὸς
822 1862 1040 1911 Πτολεμαῖον
1066 1861 1123 1898 τὸν

81 1917 324 1970 (Ιῑιλοττάτορα.
386 1919 499 1968 Λόγου
527 1919 562 1956 δέ
576 1934 659 1957 ποτε
679 1918 860 1969 γενομένου
886 1920 965 1971 περὶ
991 1923 1048 1958 τοῦ
1072 1921 1123 1956 δο-

985 1976 1100 1990 ‘5er

79 1976 190 2019 ξάσειν
212 1976 269 2014 τὸν
288 1976 389 2028 σοφὸν
405 1977 464 2013 καὶ
484 1980 544 2013 τοῦ
562 1977 718 2029 Σφαίρου
733 1977 885 2020 εἰπόντος
901 1979 947 2020 ὡς
963 1993 1000 2014 ου
1021 1992 1119 2020 οοςα-

80 2050 148 2079 σει,
169 2033 402 2084 βουλόμενοςὸ
421 2034 582 2086 βασιλεὺς
602 2034 736 2085 ἐλέγξαι
753 2035 872 2085 αὐτὸν,
888 2034 1030 2086 κηρίνας
1046 2035 1125 2088 ῥόας

81 2092 239 2130 ἐκέλευσε
267 2096 522 2145 παρατεθῆναι·
552 2097 612 2131 τοῦ
640 2093 675 2130 δὲ
705 2093 862 2145 Σφαίρου
891 2094 1123 2140 ἀπατηθέντος

81 2151 269 2198 ἀνείόησεν
294 2154 311 2189 ὁ
338 2151 499 2203 βασιλεὺς
523 2153 643 2204 ψευδεῖ
669 2146 997 2202 συγκατατέθεῖσθαι
1022 2154 1124 2191 αὐτὸν

82 2211 268 2262 φαντασία.
314 2210 408 2262 Πρὸς
429 2210 464 2248 ὃν
488 2214 505 2248 ὁ
527 2211 680 2262 Σφαῖρος
700 2209 872 2261 εὐστόχως
893 2211 1123 2263 ἀπεκρίνατο,

82 2268 187 2305 εἰπὼν
203 2269 308 2311 οὕτως
328 2272 676 2319 συγκατατεθεῖσθαι,
695 2270 760 2319 οὐχ
774 2267 824 2305 ὅτι
844 2269 918 2321 ῥόαι
935 2269 1032 2313 εἰσὶν,
1051 2271 1126 2307 ἀλλ’

81 2326 132 2362 ὅτι
160 2326 298 2376 εὔλογόν
322 2327 393 2363 ἐστι
422 2326 500 2377 ῥόας
527 2325 632 2369 αὐτὰς
661 2320 765 2364 εἶναι·
795 2326 966 2378 διαφέρειν
999 2327 1034 2365 δὲ
1064 2328 1126 2374 τὴν

83 2383 345 2430 καταληπτικὴν
364 2384 554 2434 φαντασίαν
575 2388 633 2421 τοῦ
651 2385 801 2435 εὐλόγου.
846 2385 937 2437 Πρὸς
958 2385 992 2423 δὲ
1024 2388 1125 2434 Μνη-

83 2443 264 2494 σίστρατον
285 2446 543 2494 κατηγοροῦντα
562 2444 664 2479 αὐτοῦ
684 2442 735 2480 ὅτι
752 2444 970 2492 Πτολεμαῖον
984 2443 1022 2480 οὔ
1043 2459 1126 2495 φησι

85 2500 230 2551 βασιλέα
252 2494 360 2547 εἶναι,
386 2519 400 2533 α
422 2504 572 2538 τοιοῦτον
599 2500 626 2538 δ’
647 2500 728 2538 ὄντα
749 2501 806 2538 τὸν
828 2502 1048 2551 Πτολεμαῖον
1067 2500 1125 2538 καὶ

85 2559 229 2610 βασιλέα
245 2553 343 2599 εἶναι,
370 2577 384 2592 »

137 2621 191 2654 De
206 2618 358 2666 Sphaero
380 2627 555 2666 tanquam
578 2620 737 2654 Zenonis
754 2625 789 2654 et
806 2620 991 2655 Cleanthis
1012 2620 1125 2655 disci-

84 2678 173 2723 pulo
195 2676 243 2713 cf.
269 2677 431 2724 Diogen.
460 2678 551 2721 VII,
583 2677 644 2723 37.
669 2679 872 2713 Historiam
905 2678 952 2713 de
972 2679 1125 2726 Spliaero

85 2742 120 2769 et
136 2736 335 2770 Ptolemaeo
352 2736 591 2783 Philopatore
611 2737 808 2772 Athenaeus
822 2749 976 2784 quoque
995 2738 1126 2785 (VIII,

83 2802 122 2835 p.
146 2787 233 2832 354,
252 2788 303 2836 E)
326 2795 462 2823 narrat.
479 2791 687 2836 Antequam
702 2790 965 2825 Alexandriam
983 2802 1019 2825 se
1035 2803 1126 2825 con-

85 2848 198 2881 ferret
215 2847 407 2894 Sphaerns,
429 2846 566 2882 diutius
582 2848 850 2883 Laeedaemone
873 2856 1034 2884 versatus
1052 2856 1123 2892 est,
1155 2836 1159 2897 l

181 2957 679 2996 LACEDAEMONIORUM
708 2959 1031 2997 RESPUBLlCA.

594 3025 624 3055 1.

127 3077 368 3117 Duodetrigiuta
389 3079 555 3118 gerentum
577 3080 706 3110 senatus
724 3079 799 3118 suit,
815 3081 851 3111 ut
867 3079 1050 3111 Aristoteles
1067 3080 1129 3119 ait,

86 3129 172 3169 quod
188 3130 349 3168 Lycurgus
365 3139 466 3169 quum
479 3130 607 3170 triginta
624 3130 841 3169 instruxisset,
860 3130 925 3161 duo
941 3139 981 3163 ex
999 3131 1047 3163 his
1064 3141 1129 3171 prae

88 3182 173 3212 metu
193 3191 258 3213 rein
278 3182 493 3213 deseruerant.
511 3183 552 3213 At
568 3183 718 3222 Sphaerus
734 3183 773 3214 ab
792 3183 880 3214 initio
906 3184 979 3215 octo
1003 3185 1128 3216 tantum

87 3235 118 3264 et
134 3234 240 3272 viginti
257 3233 377 3264 consilii
393 3233 562 3274 participes
575 3234 669 3265 fuisse
686 3234 740 3266 ait.

589 3291 622 3322 2.

130 3344 278 3384 Sphaerus
312 3345 406 3376 tertio
444 3347 487 3376 De
517 3345 833 3377 Lacedoemoniorum
865 3347 1027 3387 republica
1054 3349 1130 3380 scri-

708 154 904 193 SPHAER!
938 154 1221 194 BOSPORANI
1253 155 1583 195 FRAGMENTA.

1184 249 1247 283 ubi
1264 249 1480 285 Cleomenes
1497 260 1541 282 eo
1567 247 1742 294 magistro
1760 252 1793 281 et
1813 247 2026 282 consiliario
2050 260 2135 283 usus
2155 255 2220 284 est.

1235 307 1421 349 Plutarch.
1444 307 1633 342 Cleomen.
1666 318 1698 342 c.
1728 318 1741 339 1
1770 318 1777 341 :
1802 302 1950 353 Λέγεται
1975 302 2010 341 δὲ
2028 305 2087 341 καὶ
2116 305 2226 355 λόγων

1185 363 1378 415 φιλοσόφων
1411 363 1468 400 τὸν
1501 360 1704 411 Κλεομένην
1740 361 1926 413 μετασχεῖν
1964 361 2012 399 ἔτι
2048 363 2226 414 μειράκιον

1183 422 1263 460 ὄντα
1279 452 1288 468 ,
1308 421 1462 474 Σφαίρου
1482 424 1542 458 τοῦ
1559 419 1804 472 Βορυσθενίτου
1819 419 2082 471 παραῧαλόντος
2098 422 2144 463 εἷς
2161 421 2224 467 τὴν

1184 479 1429 529 Λακεδαίμονα
1447 478 1506 516 καὶ
1524 478 1604 530 περὶ
1624 477 1699 521 τοὺς
1718 477 1813 521 νέους
1828 479 1887 515 καὶ
1906 477 1983 522 τοὺς
2002 478 2148 531 ἐφήὸους
2163 481 2224 518 οὐκ

1185 539 1322 587 ἀμελῶς
1343 537 1585 589 διατρίὸοντος.
1643 536 1687 576 Ὁ
1709 536 1743 574 δὲ
1769 538 1921 589 Σφαῖρος
1940 539 1974 574 ἐν
1994 540 2063 580 τοῖς
2082 536 2229 589 πρώτοις

1186 596 1333 646 ἐγεγόνει
1363 599 1430 633 τῶν
1451 595 1609 641 Ζήνωνος
1631 598 1689 633 τοῦ
1718 595 1864 638 Κιτιέως
1895 598 2058 645 μαθητῶν
2083 596 2142 633 καὶ
2169 600 2227 634 τοῦ

1185 653 1401 704 Κλεομένους
1428 653 1516 691 ἔοικε
1543 657 1604 700 τῆς
1630 653 1764 706 φύσεως
1790 653 1829 691 τὸ
1854 654 2023 706 ἀνδρῶδες
2048 654 2229 704 ἀγαπῆσαί

1182 728 1219 750 τε
1237 712 1296 750 καὶ
1312 715 1572 763 προσεκκαῦσαι
1589 715 1650 758 τὴν
1672 711 1884 764 φιλοτιμίαν.

1236 773 1341 807 Idem
1358 772 1450 807 ibid.
1471 786 1505 808 c.
1533 785 1547 806 1
1560 785 1574 806 1
1598 783 1607 809 ε
1630 769 1903 821 Ἀναπληρώσας
1922 771 1958 807 δὲ
1978 770 2017 807 τὸ
2036 770 2228 819 πολίτευμα

1185 835 1255 872 τοῖς
1275 828 1514 880 χαριεστάτοις
1537 831 1604 865 τῶν
1631 827 1813 880 περιοίκων
1839 828 1982 872 ὁπλίτας
2006 844 2229 881 τετρακισχι-

1184 887 1275 930 λίους
1294 887 1453 933 ἐποίησε,
1467 885 1527 924 καὶ
1544 885 1681 930 διδάξας
1697 884 1819 928 αὐτοὺς
1834 886 1908 923 ἀντὶ
1925 886 2063 937 δόρατος
2077 890 2227 939 χρῆσθαι

1186 945 1335 997 σαρίσσῃ
1358 945 1399 982 δι’
1416 945 1618 997 ἀμφοτέρων
1635 944 1694 982 καὶ
1709 944 1771 990 τὴν
1793 943 1924 981 ἀσπίδα
1950 945 2063 996 φορεῖν
2081 946 2125 982 δι’
2143 946 2229 997 ὀχά-

1185 1021 1262 1051 νης,
1297 1004 1345 1053 μὴ
1375 1003 1431 1041 διὰ
1459 1002 1661 1055 πόρπακος,
1689 1002 1746 1040 ἐπὶ
1773 1001 1837 1049 τὴν
1864 1004 2024 1040 παιδείαν
2050 1006 2119 1041 τῶν
2146 1004 2230 1042 νέων

1183 1063 1317 1113 ἐτράπη
1347 1062 1406 1099 καὶ
1435 1061 1497 1107 τὴν
1525 1060 1714 1111 λεγομένην
1744 1060 1898 1112 ἀγωγὴν,
1929 1055 1970 1107 ἧς
2007 1060 2051 1099 τὰ
2082 1063 2230 1100 πλεῖστα

1182 1121 1302 1172 παρὼν
1324 1122 1341 1157 ὃ
1362 1121 1514 1172 Σφαῖρος
1533 1121 1626 1172 αὐτῷ
1645 1119 1856 1170 συγκαθίστη
1869 1149 1879 1165 ,
1907 1119 1998 1171 ταχὺ
2021 1119 2078 1158 τὸν
2098 1120 2231 1171 προσή·

1187 1195 1290 1216 κοντα
1317 1181 1385 1216 τῶν
1411 1194 1447 1215 τε
1477 1177 1677 1228 γυμνασίων
1706 1176 1766 1214 καὶ
1795 1179 1862 1213 τῶν
1889 1177 2072 1215 συσσιτίων
2099 1178 2229 1229 κόσμον

1187 1237 1503 1285 ἀναλαμὲανόντων
1536 1237 1595 1274 καὶ
1624 1236 1905 1285 συστελλομένων
1935 1236 2059 1287 ὀλίγων
2087 1237 2149 1287 μὲν
2175 1237 2232 1274 ὑπ’

1184 1297 1353 1346 ἀνάγκης,
1376 1295 1538 1338 ἑκουσίως
1555 1294 1589 1332 δὲ
1605 1297 1671 1331 τῶν
1688 1294 1861 1332 πλείστων
1883 1296 1928 1337 εἷς
1946 1294 2008 1340 τὴν
2032 1296 2151 1346 εὐγενῆ
2169 1294 2229 1333 καὶ

1183 1354 1388 1399 Λακωνικὴν
1410 1353 1540 1398 ἐκείνην
1562 1354 1710 1391 δίαιταν.

1238 1416 1324 1449 Haee
1352 1414 1453 1461 apud
1479 1414 1717 1450 Cleomenem
1744 1414 1991 1448 commoratio
2015 1415 2126 1449 etiam
2145 1426 2230 1450 mo-

1183 1475 1276 1509 visse
1291 1474 1483 1521 Sphaerum
1499 1472 1650 1507 videtur
1669 1480 1710 1506 ut
1729 1470 1818 1522 Περὶ
1840 1472 2044 1516 Λακωνικῆς
2059 1471 2232 1514 πολιτείας

1185 1544 1278 1578 opus
1297 1537 1556 1578 componeret.
1576 1532 1759 1566 Praeterea
1769 1531 1911 1577 scripsit.
1930 1527 2018 1579 Περὶ
2027 1528 2226 1580 Λυκούργου

1185 1588 1244 1625 καὶ
1263 1589 1471 1640 Σωκράτους
1488 1587 1606 1639 βιὸλία
1621 1587 1698 1638 τρία
1709 1617 1718 1634 ,
1734 1590 1879 1635 aliaque
1893 1589 2009 1624 multa
2024 1591 2231 1636 argumenti

1187 1648 1466 1696 philosophici,
1499 1660 1663 1694 quorum
1689 1647 1852 1683 indicem
1880 1648 2021 1695 praebet
2046 1649 2233 1696 Diogenes

1184 1708 1353 1741 Laertius
1369 1708 1435 1741 VH
1449 1734 1457 1750 ‚
1479 1719 1490 1741 1
1503 1706 1564 1751 78.

1425 1782 1694 1820 ΛΑΚΩΝΙΚΗ
1727 1779 1987 1820 ΠΟΛΙΤΕῘΑ.

1695 1866 1726 1889 l.

1237 1927 1423 1963 Plutarch.
1452 1929 1615 1976 Lyeurg.
1646 1940 1679 1963 e.
1717 1927 1764 1963 28
1790 1941 1798 1963 z
1827 1925 2021 1969 Τοσούτους
2041 1927 2112 1976 (sc.
2141 1926 2232 1963 ὀκτὼ

1185 1983 1243 2021 καὶ
1264 1983 1388 2033 εἴκοσι)
1413 1984 1447 2021 δέ
1464 2000 1548 2037 φησι
1573 1987 1835 2030 κατασταθῆναι
1854 1984 1932 2027 τοὺς
1954 1983 2114 2036 γέροντας
2139 1984 2231 2036 Ἄρι-

1186 2040 1325 2087 τοτέλης
1357 2042 1426 2092 (fr.
1466 2044 1556 2091 78),
1584 2040 1635 2079 ὅτι
1658 2042 1843 2094 τριάκοντα
1871 2045 1938 2080 τῶν
1966 2042 2112 2095 πρώτων
2143 2044 2231 2092 μετὰ

1188 2099 1388 2151 Λυκούργου
1401 2099 1605 2150 γενομένων,
1623 2100 1683 2137 δύο
1700 2100 1760 2147 τὴν
1772 2100 1894 2151 πρᾶξιν
1902 2100 2129 2150 ἐγκατέλιπον
2146 2104 2229 2140 ἀπο·

1186 2158 1433 2201 δειλιάσαντες.
1491 2158 1537 2196 ‘0
1556 2158 1590 2195 δὲ
1606 2160 1758 2210 Σφαῖρος
1775 2159 1808 2202 ἐξ
1824 2161 1934 2210 ἀρχῆς
1950 2160 2034 2211 φησὶ
2054 2159 2232 2203 τοσούτους

1186 2216 1343 2266 γενέσθαι
1362 2215 1440 2259 τοὺς
1457 2219 1518 2262 τῆς
1532 2216 1672 2266 γνώμης
1690 2216 1938 2268 μετασχόντας.

1692 2301 1727 2326 2.

1492 2364 1521 2398 E
1551 2364 1700 2399 LIBRO
1730 2364 1921 2400 TERTIO.

1240 2440 1435 2475 Athenaeus
1451 2441 1514 2484 IV,
1530 2452 1554 2487 p
1571 2452 1585 2474 1
1598 2444 1655 2485 14,
1670 2440 1697 2476 C
1717 2451 1726 2478 :
1741 2439 1892 2490 Σφαῖρος
1903 2439 1931 2475 δ’
1945 2439 1979 2476 ἐν
1990 2439 2093 2490 τρίτῳ
2106 2441 2233 2476 Λακω-

1187 2500 1282 2543 νικῆς
1315 2497 1488 2540 πολιτείας
1519 2496 1661 2548 γράφει·
1699 2515 1714 2530 «
1747 2497 1904 2547 Φέρουσι
1933 2496 1967 2534 δὲ
1993 2497 2052 2534 καὶ
2082 2496 2232 2534 ἐποίϊκλα

1187 2558 1301 2600 αὐτοῖς
1318 2558 1347 2594 οἱ
1362 2557 1512 2608 φειδῖται
1524 2571 1532 2579 ·
1548 2555 1607 2592 καὶ
1629 2558 1697 2593 τῶν
1717 2555 1778 2604 μὲν
1796 2555 2032 2606 ἀγρευομένων
2047 2556 2101 2608 ὑφ’
2121 2559 2232 2594 αὑτῶν

1187 2615 1293 2653 ἐνίοτε
1313 2617 1343 2652 οἱ
1362 2612 1485 2652 πολλοὶ
1504 2646 1513 2661 ,
1528 2616 1564 2652 οὐ
1583 2614 1651 2664 μὴν
1671 2616 1747 2652 ἀλλ’
1765 2612 1798 2652 οἵ
1809 2630 1848 2665 γε
1863 2614 2019 2653 πλούσιοι
2036 2614 2095 2652 καὶ
2112 2614 2230 2666 ἄρτον,

1187 2673 1246 2710 καὶ
1262 2667 1308 2710 ῶν
1324 2672 1364 2710 ἂν
1385 2672 1458 2724 ὥρα
1479 2674 1517 2710 ἐκ
1533 2675 1599 2710 τῶν
1614 2674 1741 2724 ἀγρῶν,
1765 2672 1844 2710 ὅσον
1861 2675 1907 2716 εἰς
1930 2673 2036 2719 αὐτὴν
2058 2671 2120 2719 τὴν
2143 2689 2227 2711 συν-

1186 2730 1317 2777 ουσίαν,
1348 2732 1540 2782 νομίζοντες
1564 2731 1623 2768 καὶ
1645 2731 1685 2768 τὸ
1704 2731 1847 2769 πλείονα
1870 2734 1936 2769 τῶν
1958 2734 2086 2769 ἱκανῶν
2115 2746 2231 2783 παρα·

1187 2789 1364 2833 σκευάζειν
1389 2789 1546 2840 περιττὸν
1568 2782 1676 2835 εἶναι,
1707 2788 1755 2838 μὴ
1784 2788 1957 2838 μέλλοντά
1975 2804 2014 2839 γε
2039 2789 2232 2842 προσφέρε-

1188 2850 1281 2884 σθαι.
1302 2866 1314 2879 »
1334 2849 1390 2884 Cf.
1411 2850 1615 2884 Dicaearchi
1630 2850 1675 2886 fr.
1693 2848 1757 2897 233
1775 2849 1907 2885 Persaei
1927 2849 1972 2886 fr.
1989 2862 2025 2887 2.

1192 2956 1237 2988 bit
1254 2970 1261 2988 z
1282 2970 1296 2984 «
1316 2958 1462 2989 Asserunt
1481 2966 1557 2989 vero
1573 2958 1702 2998 Epaieia
1720 2958 1778 2998 ipsi
1795 2957 1923 2989 Pliiditii
1942 2957 2066 2989 sodates
2087 2970 2093 2989 :
2111 2958 2144 2989 et
2159 2958 2231 2997 qui-

1189 3010 1262 3041 dem
1287 3011 1388 3050 major
1411 3019 1483 3050 pars
1505 3012 1601 3051 vulgo
1618 3010 1751 3043 subinde
1777 3011 1933 3049 arserunt,
1958 3010 1983 3041 si
1999 3010 2075 3051 quid
2102 3010 2232 3041 sortasse

1190 3062 1334 3093 venando
1348 3063 1487 3102 ceperint
1498 3073 1507 3102 ;
1520 3062 1735 3103 opulentiores
1749 3063 1857 3094 autem
1874 3062 2003 3102 insuper
2019 3070 2132 3101 panem
2148 3063 2230 3092 etex

1183 3113 1270 3153 ‚agris
1285 3122 1498 3154 quaecumque
1512 3114 1572 3145 sert
1585 3115 1772 3154 tempestas,
1786 3114 1944 3154 quantum
1959 3112 1999 3144 ad
2013 3121 2113 3144 unum
2128 3112 2232 3153 ipsum

1189 3166 1371 3197 convivium
1388 3167 1463 3198 satis
1478 3168 1524 3198 est
1541 3180 1547 3198 ι
1563 3175 1635 3197 nam
1647 3166 1738 3206 plura
1752 3174 1863 3206 parare
1878 3173 1973 3205 quam
1991 3164 2078 3206 qnod
2091 3165 2166 3196 satis
2177 3165 2230 3204 sit,

1188 3217 1384 3257 superfluum
1399 3226 1465 3249 esse
1479 3219 1679 3257 existimant,
1693 3217 1810 3257 quippe
1823 3225 1897 3257 quae
1913 3225 2006 3248 nemo
2019 3225 2059 3248 ne
2072 3217 2231 3248 comestu-

1189 3277 1243 3299 rus
1256 3268 1295 3300 sit
1308 3269 1447 3308 (widem.

1320 3352 1334 3367 ,
1623 3352 1800 3360 ———
