2338 3765
129 150 202 182 466

131 243 224 277 pore
256 230 331 264 haec
364 228 601 271 acciderunt,
623 228 840 273 Cleopatra,
875 239 919 261 ex
943 239 1015 273 qua
1044 229 1169 264 Ptole-

129 301 260 322 maeum
280 286 398 322 silium
419 286 515 320 Juba
536 292 764 332 susceperat,
787 284 860 330 jam
882 292 959 320 erat
980 286 1166 324 defuncta.

130 346 289 380 Alteram
309 356 464 379 uxorem
491 356 557 377 rex
579 343 737 377 duxerat
763 343 1003 389 Glaphyram‚
1029 346 1166 380 Arche-

130 404 174 437 lai
197 403 437 450 Cappadociae
458 402 553 448 regis
568 400 682 435 filiam
694 427 704 447 ,
727 412 838 446 quam
854 413 941 435 mox
957 402 1169 448 repudiasse

130 460 290 494 videtur.
312 460 459 494 Scilicet
472 458 573 504 apud
589 458 791 505 Josephum
808 458 916 506 (Ant.
935 459 1024 495 Jud.
1046 460 1168 508 XVII,

138 517 200 563 13,
223 519 264 564 4)
283 519 458 565 leguntur
478 517 553 550 11100
576 529 583 550 1
611 513 850 565 Παραπλήσια
868 513 903 552 δὲ
923 515 981 552 καὶ
1003 516 1168 567 Γλαφύρα

129 577 170 624 τῇ
188 573 323 624 γυναικὶ
343 575 446 610 αὐτοῦ
469 573 662 621 (Archelai
679 575 897 610 Judaeorum
911 575 1028 623 regis)
1045 575 1169 625 τυγχά-

129 647 192 679 νει,
223 629 390 681 βασιλέως
425 630 613 681 Ἀρχελάου
643 631 784 682 θυγατρὶ
813 631 921 683 οὔσῃ,
950 626 973 681 ἦ
1005 631 1168 683 συνῴκει,

128 689 294 741 παρθένον
324 687 456 737 λαὸὼν,
478 688 697 740 Ἀλέξανδρος
718 688 875 740 εΗρώδου
895 689 956 739 μὲν
985 689 1073 736 υἱὸς,
1096 690 1170 742 Ἀρ-

129 747 256 798 χελάου
274 745 309 783 δὲ
333 745 476 797 ἀδελφός
493 762 500 768 ·
528 746 602 784 ἐπεὶ
623 746 657 783 δὲ
673 746 854 796 συμὸαίνει
873 748 928 784 τὸν
951 747 1168 797 Ἀλέξανδρον

131 805 197 842 ὑπὸ
217 804 346 856 πατρὸς
365 806 590 851 τελευτῆσαι,
610 804 708 857 ’10'th
726 807 774 856 τῷ
788 805 927 843 Admana
952 806 1086 855 βασιλεῖ
1103 820 1169 853 γα-

130 866 264 909 μεῖται·
293 862 585 910 μεταστάντος
612 862 696 913 (3³)AE
716 867 773 900 τοῦ
797 863 932 909 iugum,
954 862 1169 914 χηρεύουσαν

130 924 162 958 ἐν
183 919 418 972 Καππαδοκίᾳ
434 919 531 971 παρὰ
546 923 595 972 τῷ
614 921 722 971 πατρὶ
739 921 924 972 Ἀρχέλαος
944 921 1085 971 ἄγεται,
1107 922 1169 966 τὴν

130 983 352 1016 συνοικοῦσαν
377 980 472 1030 αὐτῷ
488 978 699 1030 Μαριάμνην
721 979 892 1017 ἐκὸαλών.
913 982 1082 1026 Quorum
1102 993 1170 1027 po-

129 1046 290 1074 strema:
311 1037 546 1084 μεταστάντος
567 1035 602 1073 ’ὀὲ
623 1038 718 1082 κτλ.,
740 1037 827 1073 falsa
849 1050 923 1073 esse
951 1045 1052 1072 recte
1073 1039 1169 1073 Sevi-

130 1110 197 1132 nus
228 1103 264 1132 et
281 1098 328 1132 W
333 1096 560 1131 ernsdorfius
585 1103 826 1133 monuerunt.
850 1097 941 1131 Nam
962 1096 1169 1143 Glaphyra,

132 1155 210 1201 ipso
232 1161 386 1188 testante
408 1154 592 1200 Josepho,
617 1153 790 1188 defuncta
811 1161 863 1188 cst
890 1166 949 1189 an.
984 1165 1002 1197 7
1035 1165 1074 1201 p.
1098 1152 1168 1196 C.,

130 1213 220 1247 dum
250 1213 385 1246 anam
405 1212 514 1259 longe
534 1212 632 1246 ultra
665 1213 777 1246 11111111
799 1211 993 1245 deduxisse
1014 1217 1167 1246 constat.

133 1272 300 1306 Fortasse
329 1282 386 1305 res
417 1271 466 1304 ita
488 1269 718 1317 expedienda
748 1276 812 1305 est.
842 1269 978 1304 Jubam
1006 1269 1172 1315 suspicor

129 1341 207 1363 non
222 1328 337 1363 modo
359 1340 455 1374 opus
474 1329 528 1362 De
547 1327 787 1374 expeditione
807 1327 967 1362 Arabica
988 1327 1075 1362 Caio
1096 1328 1169 1362 Cae-

131 1388 200 1421 sari
220 1387 428 1430 dedicasse,
459 1386 523 1421 sed
541 1387 661 1433 ipsum
682 1387 792 1421 ctiam
816 1387 991 1420 comitem
1017 1397 1054 1420 se
1082 1386 1169 1420 Caio

131 1445 359 1491 adjunxisse,
382 1452 513 1490 atque,
533 1457 649 1491 quum
665 1444 702 1477 in
722 1444 824 1490 Syria
843 1456 926 1478 cum
949 1456 992 1478 eo
1010 1456 1174 1478 commo-

131 1503 296 1545 rabatur,
320 1502 464 1537 duxisse
498 1502 725 1548 Glaphyram
740 1529 749 1545 ,
772 1501 909 1536 deinde
937 1513 1046 1545 vero,
1067 1509 1172 1548 post-

133 1573 243 1608 quam
263 1561 370 1596 Caius
386 1561 425 1594 in
445 1561 528 1595 Asia
549 1560 694 1594 obierat
712 1559 793 1606 (an.
819 1564 838 1601 4
855 1572 892 1606 p.
912 1560 952 1595 C.
969 1559 1001 1606 ),
1019 1561 1055 1594 111
1076 1560 1173 1594 Afri-

131 1632 209 1654 cam
230 1631 420 1654 reversum
437 1630 512 1653 esse
524 1645 533 1662 ,
549 1618 777 1664 Glaphyran]
798 1624 920 1652 autem
940 1618 1174 1664 repudiatam

131 1684 166 1713 et
187 1678 224 1711 in
239 1677 321 1712 Asia
341 1677 521 1712 relictam.
542 1677 624 1709 Jam
642 1674 722 1709 fieri
743 1675 848 1709 facile
872 1676 1015 1721 potuit,
1037 1682 1079 1709 ut
1093 1688 1173 1710 ver-

132 1736 222 1770 bum
253 1735 467 1783 μεταστῆναι
494 1735 532 1767 in
553 1733 656 1768 fonte
681 1733 834 1779 Josephi
864 1733 910 1767 de
941 1733 1175 1779 profectione

132 1795 223 1841 regis
237 1794 398 1840 positum
413 1799 502 1827 esset
513 1819 521 1835 ,
542 1804 562 1826 a
575 1791 738 1838 ι10500110
752 1798 875 1825 31110111
895 1792 1017 1825 minus
1034 1797 1174 1826 attento

133 1852 179 1887 de
203 1853 310 1886 obitu
339 1851 415 1896 ejus
448 1851 695 1896 acciperetur.
726 1871 776 1875 -
811 1849 1014 1895 Quousque
1044 1850 1176 1883 vixerit

131 1910 226 1944 Juba
242 1937 252 1956 ,
274 1916 445 1943 accurate
468 1907 616 1942 definiri
637 1908 777 1953 nequit.
800 1908 844 1941 In
860 1908 981 1941 numis
998 1914 1176 1942 notantur

132 1968 218 2002 anni
242 1967 419 2002 XXXVI.
441 1967 524 2002 XL.
549 1966 670 2000 XLII.
694 1967 809 2001 XLV.
837 1967 1008 2010 Quorum
1033 1972 1175 2012 postre-

133 2038 214 2060 mus
234 2024 415 2059 incideret
435 2025 474 2058 in
494 2036 552 2058 an.
583 2023 626 2058 16
645 2036 683 2070 p.
705 2024 744 2059 C.
766 2025 884 2057 Porro
903 2023 1004 2069 apud
1025 2023 1176 2058 Strabo-

132 2096 217 2118 nem
237 2084 303 2119 lib.
322 2083 390 2127 VI,
404 2095 441 2129 p.
464 2081 538 2116 288
556 2082 733 2129 leguntur
749 2082 824 2115 haec
846 2093 854 2116 :
874 2078 962 2117 Νυνὶ
984 2080 1012 2115 δ’
1031 2080 1075 2121 εἷς
1091 2078 1175 2116 Ἰού-

135 2140 198 2176 ὅαν
219 2139 443 2190 περιέστηκεν
464 2141 485 2184 ἦ
504 2137 736 2189 Μαυριτανία.
759 2141 878 2187 Igitur
897 2141 934 2173 in
950 2140 1042 2173 vivis
1058 2139 1178 2174 adhuc

134 2200 206 2234 suit
234 2200 330 2235 Juha
359 2211 457 2233 anno
488 2198 532 2233 18
555 2211 595 2245 p.
626 2199 665 2234 C.
691 2211 698 2233 :
725 2210 810 2233 nam
832 2198 1023 2232 Strabonis
1041 2198 1177 2232 librum

141 2265 317 2304 quartum
331 2270 429 2291 anno
452 2270 463 2291 1
475 2257 496 2291 8
509 2284 518 2300 ,
532 2257 670 2291 1111111111
688 2264 830 2291 sextum
844 2268 934 2290 vero
947 2263 1030 2290 ante
1040 2268 1178 2290 annum

140 2329 184 2362 ¹9
205 2315 309 2363 (ante
326 2323 486 2350 mortem
509 2313 743 2363 Germanici)
773 2315 951 2360 scriptum
973 2326 1047 2348 esse
1068 2314 1181 2360 liquet

135 2386 179 2409 cx
200 2374 262 2408 lib.
286 2375 346 2417 lv,
373 2385 412 2419 p.
435 2372 510 2407 206
529 2379 564 2407 01
583 2373 648 2409 lib.
670 2373 737 2418 VI,
758 2385 795 2418 p.
815 2371 903 2407 288.
924 2372 1029 2406 Idem
1047 2372 1180 2406 Strabo

136 2431 201 2468 lib.
217 2432 337 2474 XVII,
352 2443 391 2477 p.
411 2430 485 2465 828
500 2430 675 2464 itahabet
690 2441 697 2465 :
717 2427 853 2469 Ἰούδας
870 2426 931 2477 μὲν
947 2422 1004 2464 οὖν
1019 2443 1036 2463 ν
1048 2443 1061 2464 ε
1073 2429 1174 2464 moti

138 2486 341 2524 ἐτελεύτα
358 2486 428 2523 τὸν
461 2486 571 2537 βίον·
592 2487 806 2523 διαδέδεκται
836 2485 870 2522 δὲ
891 2485 952 2530 τὴν
973 2484 1085 2536 ἀρχὴν
1111 2487 1179 2529 υἱὸς

140 2546 373 2594 Πτολεμαῖος,
389 2543 535 2593 γεγονὼς
554 2543 587 2587 ἐξ
601 2543 780 2581 Ἀντωνίου
799 2543 962 2594 Ουγατρὸς
982 2544 1040 2581 καὶ
1065 2545 1178 2581 Κλεο-

138 2602 284 2653 πάτρας.
303 2604 405 2638 Idem
427 2616 465 2649 p.
483 2604 557 2645 840
576 2616 584 2637 z
660 2601 793 2647 Λιδύην
808 2601 871 2646 ὅση
893 2602 956 2638 ὑπὸ
974 2601 1180 2651 εΡωμαίοις,

139 2659 203 2702 ἔξω
224 2662 287 2705 τῆς
307 2659 371 2695 ὑπὸ
402 2658 517 2711 Ἰούδᾳ
543 2659 605 2708 μὲν
634 2658 812 2711 πρότερον,
832 2663 889 2696 νῦν
916 2658 951 2697 δὲ
972 2659 1182 2710 Πτολεμαίῳ

140 2720 190 2768 τῷ
207 2717 336 2754 ἐκείνου
353 2717 461 2753 παιδί.
482 2722 530 2753 Α1
552 2731 714 2766 quonam
734 2732 831 2753 anno
848 2719 983 2753 librum
996 2719 1180 2753 decimum

143 2778 338 2824 septinmm
354 2777 540 2822 scripserit
558 2777 712 2819 Strabo,
735 2790 823 2811 uum
854 2789 951 2811 anno
985 2789 1028 2822 19
1050 2777 1107 2810 vel
1134 2789 1181 2811 20

145 2835 201 2870 vel
222 2836 330 2869 etiam
347 2846 389 2868 21
401 2861 409 2877 ,
425 2835 642 2881 11011Ιί(0101.
657 2836 828 2869 Proxime
847 2843 968 2869 tamen
984 2848 1001 2868 a
1016 2847 1183 2869 veronus

141 2893 264 2928 abesse
279 2899 370 2939 puto
387 2893 413 2925 si
435 2905 532 2926 anno
556 2906 599 2939 19
615 2894 670 2927 vel
688 2905 734 2927 20
755 2905 878 2939 regem
899 2894 1030 2927 obiisse
1049 2899 1183 2927 statua-

141 2963 234 2986 mus.
256 2953 364 2985 Anno
392 2953 437 2991 24
454 2948 529 2994 jam
554 2963 720 2996 regnasse
742 2952 979 2985 Ptolemaenm
996 2964 1039 2985 cx
1056 2952 1182 2984 Tacito

143 3008 375 3055 intelligitur,
397 3008 460 3053 qui
480 3008 517 3041 111
534 3010 630 3043 Anu.
654 3009 715 3051 lv,
739 3009 784 3042 23
807 3020 813 3044 ζ
834 3010 995 3055 Jamque
1015 3016 1100 3050 tres,
1127 3009 1185 3042 in-

143 3067 243 3113 quit,
267 3067 449 3100 laureatoe
477 3069 512 3098 in
533 3067 619 3099 urbe
637 3074 786 3103 stature,
814 3075 851 3100 et
873 3067 994 3100 adhuc
1012 3068 1186 3113 raptabar

145 3123 313 3168 Africum
359 3122 578 3168 Tacfarinas
612 3132 736 3157 auctas
763 3125 978 3158 Illaurorum
1011 3126 1179 3167 aucillis,

142 3186 204 3228 (μα’
222 3182 432 3222 Ptolemaeo,
451 3181 652 3227 Jtzboefill'o
661 3185 814 3225 jureum
832 3185 1015 3223 incurias-0,
1041 3183 1185 3216 Isbertos

148 3242 269 3284 regios
288 3246 325 3273 et
335 3239 480 3272 servilia
496 3241 699 3271 mian‘tae’rla
716 3239 810 3271 hello
825 3246 1063 3274 tnalareralzl.
1083 3240 1183 3273 Idem

150 3296 295 3331 Tacitus
312 3298 348 3330 in
368 3297 498 3331 Anual.
520 3297 582 3337 IV,
603 3295 622 3329 5
642 3294 706 3343 (ad
725 3309 784 3331 an.
807 3296 874 3343 23)
894 3296 982 3329 (licit
1003 3309 1009 3329 ε
1033 3297 1186 3329 [llam-os

962 141 1100 178 JUBAE
1136 142 1422 182 MAURlTANt

1231 244 1299 265 rea:
1319 233 1417 266 Juba
1438 241 1630 279 acceperat
1648 234 1782 268 (Ionum
1796 238 1928 282 populi
1955 239 2126 277 Romani.
2156 241 2267 277 Unde

1231 288 1508 324 WVernsdorfius
1523 291 1664 337 colligit
1674 291 1808 326 Jubam
1821 305 1918 328 anno
1932 295 1978 329 23
1991 296 2112 331 adhuc
2125 298 2265 334 vixisse.

1232 349 1279 380 At
1299 358 1343 380 ex
1359 347 1482 380 verbis
1502 348 1617 381 Taciti
1637 349 1788 384 mininie
1811 350 1850 384 id
1870 355 2130 400 consequitur3
2152 356 2267 389 nihil—

1232 415 1305 449 que
1322 404 1441 438 obstat
1461 405 1551 450 quin
1572 417 1632 441 an.
1658 405 1704 440 23
1727 408 1944 444 Ptolemaeus
1962 410 2034 456 jam
2055 414 2267 448 successerit

1232 462 1269 494 in
1284 473 1420 508 regno,
1437 462 1541 508 quod
1558 463 1826 511 quinquaginta
1840 474 1923 502 ante
1941 469 2044 503 annis
2056 470 2151 505 Juba
2161 477 2267 517 pater

1233 518 1375 553 donum
1400 532 1419 554 a
1436 521 1617 555 Romanis
1639 530 1845 568 acceperat.

1284 578 1452 612 Ceterum
1473 585 1611 624 quanta
1636 580 1741 614 Jubae
1762 582 1858 629 regis
1887 582 1982 619 fama
2013 591 2049 619 et
2070 586 2270 621 auctoritas

1232 634 1363 682 fuerit,
1382 648 1425 670 ex
1444 636 1651 671 honoribus
1668 637 1706 671 111
1724 650 1808 672 011111
1823 641 1966 676 00113115
1981 642 2066 677 11001
2082 645 2267 691 augurari.

1232 694 1353 728 Minus
1380 694 1452 728 huc
1471 696 1634 741 pertinet
1654 696 1758 742 quod
1777 698 1898 732 Mauri
1919 699 2053 735 Jubam
2078 708 2162 748 post
2181 703 2267 737 obi-

1233 757 1311 785 tum
1339 764 1410 798 pro
1441 751 1513 786 deo
1544 753 1699 787 coluisse
1731 753 1908 790 dicuntur
1932 755 2138 804 (Minucius
2167 760 2269 795 Felix

1232 823 1271 856 p.
1293 814 1364 852 214
1384 821 1392 846 ε
1417 811 1464 844 Et
1484 809 1583 845 Juba
1600 812 1745 846 Mauris
1763 815 1970 850 volentibus
1993 817 2082 851 (leus
2103 826 2173 861 est;
2197 820 2271 853 La-

1233 875 1344 905 ctant.
1366 870 1421 903 De
1440 868 1516 905 fals.
1535 870 1600 905 rel.
1620 871 1656 913 I,
1685 883 1698 904 1
1711 883 1724 904 1
1741 884 1750 914 ;
1777 871 1913 909 Isidor.
1937 875 2042 918 VIII,
2069 888 2081 909 1
2096 888 2108 909 1
2127 875 2136 923 )
2153 887 2164 923 3
2185 889 2270 911 nam

1233 926 1392 961 eundem
1419 927 1606 962 honorem
1635 929 1743 963 etiam
1764 931 1894 965 ceteris
1913 933 2085 980 regibus,
2105 934 2177 969 sive
2201 934 2270 969 bo—

1233 986 1288 1019 nis
1307 986 1382 1020 sive
1400 986 1523 1029 malis,
1545 999 1668 1022 mores
1695 988 1922 1024 Mauritaniae
1940 989 2191 1026 decernebant
2211 991 2269 1041 (*).

1234 1043 1396 1079 Avienus
1423 1057 1512 1079 vero
1542 1045 1692 1080 laudem
1711 1047 1817 1081 Jubae
1838 1049 1935 1083 canit
1954 1049 1992 1083 in
2023 1050 2096 1085 Ora
2119 1052 2242 1087 marit.
2259 1078 2269 1095 ‚

1233 1115 1268 1136 v.
1291 1114 1364 1146 270
1381 1115 1480 1149 sqq.,
1500 1103 1565 1137 ubi
1582 1103 1628 1138 de
1648 1103 1814 1139 Gadibus
1834 1117 1841 1138 ε

1346 1195 1444 1226 Multa
1461 1195 1601 1234 (inquit)
1620 1196 1651 1227 et
1667 1196 1798 1235 opulens
1813 1197 1923 1229 civitas

1274 1250 1343 1272 10νο
1358 1244 1499 1280 vetusto,
1518 1251 1603 1272 nunc
1619 1251 1733 1281 egena,
1749 1251 1834 1274 nunc
1847 1244 1963 1283 brevis,

1275 1296 1359 1318 nunc
1373 1287 1541 1326 destituta,
1558 1297 1642 1318 nunc
1654 1287 1816 1320 ruinarum
1832 1299 1924 1330 agger
1936 1293 1992 1322 est.

1275 1336 1337 1365 Nos
1351 1334 1411 1364 hoc
1425 1335 1567 1365 locorum
1583 1336 1697 1374 praeter
1714 1337 1944 1369 Herculaneam

1274 1382 1495 1412 solennitatem
1508 1382 1644 1413 vidimus
1657 1383 1726 1413 miri
1740 1384 1829 1415 nihil.

1278 1430 1318 1459 At
1330 1429 1376 1460 vis
1393 1428 1424 1458 in
1440 1428 1499 1459 illis
1515 1431 1603 1459 tanta
1621 1429 1670 1460 vel
1687 1431 1812 1460 tantum
1830 1430 1926 1461 decus

1275 1477 1369 1506 aetate
1384 1475 1484 1515 prisca
1500 1476 1558 1507 sub
1573 1476 1634 1507 fide
1647 1485 1754 1507 rerum
1773 1477 1851 1516 suit,

1277 1531 1333 1552 rex
1351 1524 1384 1552 ut
1400 1522 1553 1561 superbus
1566 1523 1773 1562 omniumque
1791 1526 1968 1563 praepotens

1276 1577 1355 1608 quos
1367 1578 1441 1607 gens
1455 1569 1590 1600 habebat
1605 1569 1684 1600 sorte
1698 1572 1768 1600 tum
1786 1571 1945 1601 Maurusia
1957 1595 1965 1609 ‚

1277 1616 1450 1646 octaviano
1463 1616 1608 1655 princeps
1622 1617 1859 1656 acceptissimus

1277 1663 1308 1692 et
1326 1662 1487 1692 literarum
1501 1671 1624 1702 semper
1638 1663 1668 1693 in
1683 1663 1788 1694 studio
1803 1665 1885 1695 juba
1896 1689 1904 1703 ‚

1279 1708 1489 1747 interfluoque
1504 1711 1667 1748 separatus
1680 1718 1820 1749 aequore,

1278 1755 1480 1786 illustriorem
1497 1759 1597 1787 semet
1611 1756 1698 1787 urbis
1711 1756 1799 1787 istius

1279 1802 1485 1834 duumviratu
1503 1802 1655 1833 crederet.

1292 1894 1374 1938 Quo
1411 1892 1458 1927 de
1493 1892 1577 1926 loco
1611 1891 1820 1927 adscribam
1855 1905 1936 1941 quae
1972 1893 2083 1929 docte
2114 1894 2277 1942 disputat

1239 1950 1518 1987 XVernsdorfius
1547 1949 1671 2002 (Poet.
1702 1951 1838 1987 Minor.
1865 1952 1940 1989 vol.
1979 1954 2028 1999 V,
2050 1965 2084 2000 p.
2109 1952 2180 1988 509,
2211 1953 2273 1990 ed,

1240 2010 1431 2058 Lemaire)
1451 2021 1460 2047 z
1487 2027 1500 2041 «
1522 2010 1603 2045 J'am
1622 2010 1668 2044 de
1682 2012 1921 2045 Dmmwiratu
1936 2011 2148 2058 reipublicae
2165 2012 2276 2047 Gadi-

1241 2078 1333 2104 tanae
1345 2097 1354 2113 ,
1374 2082 1484 2116 quem
1502 2082 1521 2104 a
1540 2069 1636 2103 Juba
1652 2081 1736 2116 rege
1756 2075 1896 2115 gestum
1914 2069 2086 2116 perhibet
2101 2070 2274 2106 Avienus.

1240 2127 1284 2162 Id
1315 2127 1464 2174 quidem
1494 2139 1572 2161 non
1595 2127 1667 2161 alio
1695 2127 1829 2161 veteris
1853 2127 2044 2174 scriptoris
2067 2127 2276 2161 testimonio

1242 2193 1403 2229 constat,
1432 2192 1552 2232 potest
1577 2191 1699 2220 tamen
1720 2185 2026 2219 convenientibus
2055 2185 2276 2231 quibusdam

1242 2245 1320 2278 aliis
1328 2244 1578 2278 monumentis
1595 2244 1781 2277 illustrari.
1794 2245 1853 2278 An
1868 2255 1996 2277 verum
2011 2255 2278 2289 usquequaque

1242 2303 1309 2346 sit,
1340 2302 1475 2337 ,Iubam
1491 2303 1717 2336 illustriorem
1739 2314 1778 2335 se
1797 2301 1900 2335 urbis
1916 2301 2012 2336 illius
2037 2302 2275 2337 Duumviratu

1243 2360 1445 2399 credidisse,
1465 2359 1637 2405 equidem
1656 2358 2006 2405 nonpertcnderim,
2016 2357 2055 2392 id
2069 2358 2195 2392 saltem
2207 2370 2277 2405 pro

1244 2424 1345 2452 certo
1374 2417 1549 2460 habeam,
1576 2428 1647 2462 pro
1676 2428 1811 2463 magno
1839 2415 2107 2451 Gaditanorum
2136 2428 2278 2462 suoque

1245 2475 1359 2522 ipsius
1394 2476 1432 2508 in
1461 2476 1638 2509 Caesarem
1673 2475 1879 2521 Augustum
1914 2473 2055 2517 studio,
2085 2480 2196 2520 atque
2231 2472 2278 2507 ad

1244 2533 1419 2568 tuendam
1444 2532 1551 2578 hujus
1575 2533 1612 2566 in
1640 2532 1791 2578 populis
1820 2531 2005 2578 Hispaniae
2036 2537 2277 2578 potestatem,

1245 2594 1409 2628 oblatum
1426 2591 1683 2625 duumviratus
1695 2590 1880 2623 honorem
1897 2601 1973 2623 11011
1990 2589 2149 2626 Gadium
2162 2588 2278 2623 modo

1244 2651 1307 2686 sed
1324 2658 1359 2685 01
1375 2650 1540 2697 plurium
1556 2649 1747 2683 civitatum
1762 2646 1943 2694 Hispaniae
1958 2647 2155 2693 suscepisse
2167 2646 2280 2681 liben-

1246 2717 1301 2743 ter
1321 2715 1541 2756 gratumque
1562 2706 1746 2740 habuisse.
1768 2707 1855 2740 Erat
1874 2705 1971 2740 enim
1990 2705 2080 2739 urbs
2099 2704 2280 2740 Gaditana

1246 2768 1411 2814 inprimis
1428 2765 1575 2800 addicta
1592 2765 1723 2800 Caesari
1736 2791 1744 2807 ,
1765 2763 1868 2810 quod
1886 2776 1904 2797 3
1927 2763 2026 2797 Julio
2047 2763 2203 2806 Caesare,
2218 2774 2281 2808 pa·

1288 2888 1326 2926 (*)
1345 2886 1521 2926 Cyprianus
1544 2887 1589 2916 Dc
1611 2883 1684 2915 idol.
1704 2883 1803 2914 vanit.
1827 2892 1854 2913 c.
1875 2887 1916 2914 2:
1938 2883 2056 2913 Mauri
2073 2889 2151 2912 vero
2167 2882 2278 2912 mam·-

1248 2934 1330 2965 l'eslo
1346 2942 1435 2972 reyes
1453 2940 1530 2963 suos
1548 2932 1681 2965 colunt,
1704 2939 1762 2961 nec
1779 2930 1851 2961 ullo
1874 2929 2066 2960 velamento
2080 2927 2139 2959 hoc
2161 2935 2280 2958 nomen

1244 2982 1454 3020 prsetexunc.
1480 2978 1692 3010 Tertullianus
1714 2977 1842 3016 Apolog.
1860 2984 1888 3005 0.
1908 2977 1945 3006 24
1963 2988 1970 3006 :
1995 2976 2181 3014 Unicuique
2200 2982 2279 3013 pro-

1247 3029 1369 3059 vincia)
1383 3029 1414 3057 et
1428 3027 1563 3056 civitati
1579 3032 1661 3055 suus
1674 3023 1755 3054 deus
1770 3025 1857 3053 est...
1871 3023 1911 3053 uc
1925 3021 2049 3060 Africae
2067 3020 2228 3057 Caelestis,
2240 3021 2280 3050 uc

1247 3075 1468 3107 Mauritaniae
1476 3071 1583 3112 reqzcli
1591 3072 1656 3102 sul.
1667 3071 1758 3101 Errat
1767 3069 1898 3101 Sevinus
1905 3077 1935 3107 p.
1946 3070 2017 3105 402,
2026 3067 2078 3106 qui
2087 3066 2279 3105 cyprianum

1247 3124 1278 3153 et
1291 3120 1521 3153 Tertullianum
1535 3119 1603 3149 liaec
1619 3117 1809 3156 excogitasse
1823 3114 1946 3154 putavit
1958 3122 1998 3144 ex
2013 3113 2050 3144 iis
2060 3121 2131 3152 quae
2145 3111 2184 3143 de
2197 3111 2281 3143 ,Iuba

1248 3168 1437 3199 reseruntur.
1456 3165 1537 3197 Vide
1554 3174 1627 3205 quac
1644 3164 1683 3195 de
1699 3163 1837 3202 Libyum
1861 3161 1892 3191 in
1920 3159 2087 3191 defunctos
2108 3167 2194 3198 reges
2210 3157 2281 3188 reli—

1247 3215 1388 3253 giositate
1415 3213 1562 3252 leguntur
1586 3220 1634 3251 ap.
1652 3210 1816 3242 Nicolaum
1845 3209 1934 3238 Dam.
1964 3206 2002 3237 sr.
2032 3209 2099 3236 115.
2118 3204 2166 3235 Cs.
2185 3204 2280 3235 etiam

1248 3260 1403 3299 spartian.
1420 3258 1450 3289 in
1463 3261 1577 3289 Severo
1589 3266 1615 3287 0.
1636 3261 1670 3287 ¹3
1685 3269 1691 3287 z
1708 3258 1839 3287 Horum
1855 3254 1963 3292 iqilur
1979 3253 2153 3283 tantorum
2171 3252 2280 3281 inter-

1241 3306 1357 3345 feclor
1378 3304 1555 3343 (Severus)
1570 3303 1612 3335 ab
1631 3303 1724 3342 Afris
1743 3307 1783 3333 ‘nc
1800 3301 1882 3332 deus
1901 3299 2058 3330 habetur.
