2289 3728
126 169 196 201 100

227 285 522 345 SILENUS
563 282 1045 339 CALACTINUS.

173 412 315 445 Siluius
343 403 528 453 (Σιληνός,
551 401 735 448 Σειληνός,
765 401 929 451 Σιλανός)
951 403 1159 439 Calactinus

123 469 184 513 (li.
206 469 246 513 8)
272 466 339 500 sub
361 467 388 499 ll
395 464 566 499 nmibale
583 463 754 497 militavit
769 469 879 508 atque
898 473 956 496 res
975 460 1021 495 ab
1037 473 1081 495 eo
1096 471 1157 507 ge·

119 534 188 560 slis
224 524 336 558 liteiis
371 521 525 557 tradidit
554 521 844 568 diligentissime.
876 519 1024 555 θοι-,τιεί
1060 519 1154 564 Nep.

123 583 282 619 llannib.
302 595 334 618 c.
367 581 425 624 13,
443 580 530 615 coll.
563 578 642 616 Cio.
664 581 720 614 De
738 578 854 615 divin.
876 579 913 621 Ι,
945 589 988 612 21
1011 575 1075 625 (fr.
1102 572 1153 622 1).

120 643 295 675 Praeterea
327 638 500 674 condidit
531 634 723 684 Σικελικά,
754 649 917 683 quorum
952 636 1082 681 saepius
1118 632 1159 667 fit

119 700 271 734 mentio.
294 699 338 732 In
355 705 518 743 unoque
540 707 653 742 opeie
670 709 691 729 v
695 696 773 729 a‘uia
792 706 868 729 sese
887 694 1025 728 obtulit
1049 704 1159 726 occa—

118 759 170 791 sio
197 759 384 792 Romanas
400 754 607 802 attingendi
629 754 880 800 antiquitates.
913 752 1015 797 Attis,
1020 751 1045 784 it
1068 762 1158 784 veno

118 816 222 850 sicuti
243 816 418 859 Timaeus,
435 814 548 849 Anti<
526 824 666 860 onus,
690 810 885 857 Pol3bius,
906 809 990 854 alii,
1015 809 1062 842 ὧν
1079 804 1157 842 ἑκα-

119 886 195 913 στος
213 870 310 920 ὀλίγα
326 886 384 907 και
402 871 478 907 οὐδὲ
495 872 605 905 ταῦτα
623 864 944 914 διεσπουδασμένιι)ς
963 862 1040 900 οὐδὲ
1054 864 1158 913 ἀκρι-

121 930 209 976 ὄιος,
240 931 316 967 ἀλλ’
339 931 377 966 ἐκ
408 930 475 965 τῶν
506 925 739 977 ἐπιτυχόντων
768 922 997 972 ἀκουσμάτων
1030 920 1160 963 συνθεὶς

120 987 498 1040 ἀνέγραψεν,1)ἱοιι).5
519 988 602 1022 Hal.
625 988 669 1022 A.
688 987 731 1020 R.
749 986 788 1023 I
805 984 842 1020 6.
872 983 1044 1017 Cetmum
1070 982 1158 1028 qui-

119 1062 204 1083 nnn
225 1050 388 1091 Silenus,
416 1059 505 1080 num
533 1052 660 1079 nostei
685 1056 731 1077 an
761 1043 853 1076 alius
874 1038 962 1089 Περὶ
987 1037 1156 1087 γλιιι)σσων

120 1107 192 1141 libi
196 1105 278 1155 os(*
283 1103 292 1154 )
312 1104 581 1151 composueiit,
600 1102 810 1136 dubitatum
832 1106 884 1133 est
901 1109 1158 1145 ‚quamquam

118 1163 329 1212 juniorem
321 1164 482 1209 aliquem
498 1173 540 1208 gl
543 1160 779 1195 ainmaticum
791 1155 1075 1203 intelligendum
1086 1167 1161 1190 esse

119 1220 553 1262 suadetAthenaeusXI,
569 1231 604 1265 p.
621 1216 714 1259 483,
732 1218 778 1263 A,
795 1215 977 1249 uhihaee·
999 1210 1162 1256 Σειληνὸς

120 1278 156 1315 δε
168 1293 268 1329 φησι·
292 1296 306 1310 α
331 1277 561 1324 Κύπελλα,
585 1272 779 1322 εκπώαατα
807 1270 946 1324 σκύφοις
967 1269 1096 1320 ὅμοια,
1118 1272 1162 1312 ὡς

120 1336 179 1373 καὶ
199 1336 441 1385 Νίκανδρος
464 1337 480 1371 ὃ
503 1332 797 1382 Κολοφώνιος·
818 1329 1021 1368 Κύπελλα
1003 1328 1031 1365 0'
1049 1328 1161 1377 ἔνειμε

121 1394 295 1440 συὸώτης.
327 1412 340 1426 ιι
361 1394 547 1430 Nicwindei
570 1393 669 1428 enim
698 1390 833 1434 Audi,
863 1390 1043 1437 postremi
1069 1390 1162 1424 Pe1-

120 1467 360 1501 gzunenorum
380 1454 474 1499 regis
489 1479 498 1497 ‚
518 1450 751 1497 temporibus
771 1417 912 1484 floiuit.
937 1447 1029 1484 Vide
1057 1449 1160 1482 Voss.

121 1527 158 1561 p.
188 1514 270 1558 173.

331 1614 394 1648 DE
423 1612 576 1648 BELLO
605 1610 953 1647 HANNIBALICO.

630 1718 643 1740 1
653 1733 661 1741 .

165 1802 294 1836 Cicero
306 1803 360 1835 De
370 1800 485 1834 divin.
499 1801 528 1834 Ι.
539 1803 586 1841 24
600 1800 870 1836 :Hannibalem
884 1796 1159 1840 Coeliusscribit,

122 1873 230 1906 quum
248 1861 455 1894 columnam
470 1870 636 1900 auream,
650 1870 735 1903 quoe
748 1866 842 1892 esset
857 1856 999 1903 insano
1008 1857 1036 1891 J
1035 1859 1165 1891 zenonis

122 1920 307 1961 Laciuise,
338 1914 485 1961 (uiserre
517 1916 647 1957 vellet,
686 1916 939 1963 (lubitaretque
971 1923 1089 1950 utrum
1120 1927 1165 1949 ea

123 1977 241 2010 solida
261 1983 353 2010 esset
380 1987 428 2008 aa
456 1977 681 2008 astruamus
709 1977 898 2017 inaurata,
935 1974 1165 2021 perterebra-

124 2038 213 2068 visse
231 2047 242 2067 .·
254 2045 432 2081 quumque
441 2033 596 2067 solidam
613 2035 802 2067 invenisset
821 2037 1077 2080 statuissetque
1093 2033 1166 2067 tol-

126 2094 219 2136 lere,
246 2096 279 2126 ei
304 2092 499 2126 secundum
531 2094 689 2137 quietem
719 2094 841 2124 visam
874 2102 950 2124 esse
981 2091 1164 2124 Junonem

120 2152 341 2198 proeclicere,
365 2162 409 2183 ne
425 2150 465 2183 τί]
466 2147 634 2194 faceret,
660 2152 881 2195 minarique,
899 2151 932 2182 si
953 2149 992 2182 icl
994 2146 1159 2192 fecisset,

122 2222 161 2243 SC*
183 2217 411 2249 curaturam,
448 2216 486 2242 HC
510 2220 591 2242 eum
619 2219 759 2255 (Illoque
786 2208 949 2249 oculum,
984 2219 1053 2253 quO
1078 2206 1167 2240 belle

166 2318 208 2355 (*)
238 2317 363 2348 Silenus
390 2316 419 2346 ἐν
448 2315 607 2350 Γλώσσαις
640 2314 786 2345 laudatur
812 2324 861 2354 ap.
894 2315 1084 2346 Athenaeum
1113 2314 1168 2351 Xl,

125 2373 155 2403 p.
173 2366 231 2395 468
246 2366 285 2402 Α,
303 2365 362 2394 475
380 2365 426 2399 ι),
445 2365 503 2393 478
522 2363 557 2399 E,
574 2363 685 2399 4821«)
702 2364 762 2393 (544
777 2364 818 2401 F,
834 2364 891 2393 1577
910 2364 954 2401 c,
973 2365 1032 2393 099
1050 2364 1090 2400 Ε,
1107 2365 1166 2394 783

126 2413 168 2449 133
189 2410 290 2441 schol.
316 2412 373 2448 Ap.
401 2408 501 2439 Rhod.
529 2410 556 2446 l,
587 2411 699 2446 1299.;
723 2408 865 2439 Eustatli.
886 2408 927 2439 ad
951 2408 1063 2447 Oilyss.
1088 2411 1166 2447 Vll,

128 2460 204 2495 ¹02,
220 2465 249 2495 p.
268 2459 396 2493 1571,5.
420 2471 460 2476 -
476 2454 561 2485 Idem
587 2454 635 2485 vel
652 2454 733 2485 alius
757 2456 805 2485 est
826 2455 960 2486 Se'lenus
984 2454 1106 2492 (Ἲιὶιιε,
1126 2454 1165 2485 (le

126 2512 189 2542 quo
206 2503 336 2533 'l'zctzes
352 2501 391 2532 ad
408 2503 480 2540 Lyc.
501 2504 561 2533 786
581 2514 587 2531 :
611 2502 750 2537 Σειληνὸς
770 2502 801 2532 δὲ
816 2503 833 2532 ὀ
851 2504 923 2538 Χῖος
937 2502 973 2532 ἐν
991 2503 1129 2541 δευτέρ
1142 2514 1167 2542 ῳ

125 2554 198 2581 τῶν
218 2550 402 2580 Μυθικῶν
426 2550 620 2587 ἱστοριῶν
640 2548 715 2586 (δύο
731 2548 763 2578 δὲ
779 2549 916 2588 γέγραφε
934 2549 1056 2589 βιὸλία)
1077 2551 1168 2589 φησὶν

128 2596 309 2628 Ἀντίκλειαν
321 2595 396 2625 εἶναι
408 2596 461 2632 τὴν
476 2595 650 2629 Ὀδυσσέως
665 2595 788 2634 μητέρων
802 2595 957 2634 ἐγκύμονα
971 2596 1002 2626 δὲ
1017 2596 1169 2626 διοδεύοι)-

129 2655 186 2674 σαν
203 2644 237 2673 τὸ
258 2642 388 2681 Νήριτον
411 2645 463 2679 τῆς
483 2641 605 2676 Ἰθάκης
634 2640 720 2681 ὅρος,
745 2641 876 2676 ὕσαντος
896 2642 974 2672 πολὺ
997 2645 1052 2672 τοῦ
1076 2643 1167 2679 Διὸς,

126 2689 178 2720 ὑπ’
202 2688 336 2728 ἀγωνίας
351 2689 401 2718 καὶ
420 2688 515 2727 φόῧου
535 2690 775 2718 καταπεσοῦσαν
793 2690 891 2718 τεκεῖν
912 2689 1084 2726 Ὀδυσσέα,
1102 2689 1169 2718 ὅθεν

130 2736 189 2775 ἄρα
204 2736 256 2766 καὶ
276 2734 442 2770 Ὀδυσσεὺς
468 2734 591 2769 ἐκλήθη.
621 2733 763 2764 Eandem
785 2734 1000 2766 narrationem
1023 2744 1040 2765 e
1065 2734 1170 2765 Sileno

128 2783 266 2812 atterunt
291 2780 390 2811 schol.
417 2780 456 2810 ad
487 2780 599 2818 odyss
627 2781 659 2818 l,
687 2783 744 2818 75,
770 2779 909 2812 Eudoeia
931 2789 962 2820 p.
992 2784 1063 2811 312.
1095 2783 1167 2812 394.

128 2828 221 2859 Cous.
234 2827 329 2858 etiam
340 2827 379 2858 (le
390 2827 450 2857 boe
461 2826 564 2857 Sileno
573 2826 719 2857 Eustatli.
731 2826 770 2856 ad
781 2826 844 2858 Od.
858 2829 940 2864 XlX,
951 2829 1022 2866 407,
1033 2836 1064 2867 p.
1080 2830 1170 2858 1871.

128 2879 243 2906 (lomes
262 2874 365 2905 Natal.
396 2876 427 2912 l,
449 2878 466 2904 6
490 2874 520 2904 et
539 2882 570 2912 p.
591 2875 663 2904 940.
684 2873 733 2904 Ad
761 2873 897 2904 eundem
922 2875 1053 2905 sortasse
1081 2873 1172 2913 perti-

128 2924 181 2952 net
197 2922 285 2952 locus
301 2921 430 2960 Diogen.
448 2923 483 2951 L.
501 2923 541 2959 ll,
561 2924 609 2957 11,
624 2930 718 2959 quem
734 2921 814 2951 inter
831 2920 983 2951 Calactini
1001 2921 1110 2960 fragm.
1129 2920 1170 2959 (6)

131 2968 347 3000 exhibuimus.
368 2968 415 2998 Cf.
436 2967 473 2997 [ι’.
490 2969 520 2998 4.
535 2984 575 2988 -
593 2967 698 2998 Sileni
717 2969 760 2999 De
774 2967 966 3006 symmetriis
985 2967 1170 2997 noricorum

131 3015 279 3045 volumen
295 3013 406 3043 laudat
422 3013 544 3043 Vitruv.
565 3013 687 3043 Praesat.
710 3013 764 3043 lib,
780 3015 850 3043 Vll.

635 3114 668 3144 5.

175 3170 323 3210 Polybius
341 3169 449 3201 scribit
465 3177 531 3199 esse
550 3168 690 3199 Gadibus
708 3168 737 3198 in
754 3168 873 3207 templo
891 3169 1035 3199 Herculis
1052 3170 1170 3200 fontem

129 3224 171 3254 au
184 3223 273 3262 cujus
283 3230 381 3262 aquas
392 3222 478 3261 potui
492 3222 580 3260 aptas
592 3229 765 3260 paucorum
776 3221 815 3251 sit
826 3220 982 3260 graduum
992 3221 1171 3261 descensus,

130 3275 184 3314 qui
207 3273 246 3305 ad
259 3275 356 3304 aestus
374 3272 467 3303 maris
481 3272 638 3302 contrario
655 3272 746 3311 plano.
759 3272 919 3302 afficiatur
934 3272 1028 3302 modo
1039 3296 1047 3310 ,
1071 3281 1171 3311 quum

132 3326 196 3356 »sub
222 3324 468 3356 emundationem
493 3324 587 3353 maris
603 3322 745 3360 ‹lotii-iat,
764 3324 794 3353 ot
811 3322 968 3353 defluente
989 3331 1026 3350 no
1044 3322 1172 3360 implea-

903 152 1112 191 SILENUS
1141 149 1469 190 CALACTINUS.

1665 242 1774 287 alque
1802 241 1850 274 ab
1878 240 2022 275 homine
2047 249 2153 276 acuto
2187 254 2258 276 non

1994 300 2091 346 quod
2112 308 2257 335 extere-
2282 321 2284 337 1

1221 361 1363 395 brutum
1380 368 1490 403 esset,
1509 360 1678 393 buculam
1693 370 1839 392 curasse
1847 356 2072 402 faciendam
2084 386 2094 405 ,
2119 366 2155 393 ct
2176 371 2259 393 eam
2287 382 2289 395 .

1222 422 1259 452 in
1272 430 1416 452 summa
1429 419 1601 453 columna
1615 418 1860 453 collocavisse.
1875 418 1952 451 Hoc
1966 418 2063 452 idem
2075 419 2111 451 in
2125 418 2252 459 Sileni,
2284 421 2287 447 ἱ

1220 489 1325 523 quem
1342 480 1504 523 sequitur
1515 477 1668 520 Coelius,
1682 488 1811 522 groeca
1828 475 1981 511 historia
1997 484 2081 511 est:
2095 479 2126 510 is
2139 484 2261 511 autem
2285 487 2288 510 l

1219 537 1496 581 diligentissime
1511 548 1568 570 res
1586 535 1810 569 Hannibalis
1820 542 2034 582 persecutus
2052 543 2118 570 est.

1274 595 1441 629 Fortasse
1461 595 1570 629 etiam
1589 606 1671 640 quae
1690 600 1898 640 sequuntui
1912 593 1959 627 de
1978 593 2052 628 alio
2074 594 2262 628 Hanniba-

1221 653 1263 687 lis
1279 653 1424 687 somnio
1448 664 1493 688 ex
1506 652 1641 688 eodem
1660 650 1850 687 fluxerunt
1870 652 2009 688 Sileno.

1220 245 1383 285 videret,
1413 246 1597 276 amitteret
1626 254 1636 273 .-

1219 314 1296 336 esse
1319 302 1536 349 neglectum.
1561 302 1582 334 I
1587 308 1694 346 taque
1719 311 1767 333 ea:
1787 311 1830 334 eo
1855 312 1960 340 auro,

1724 750 1759 775 2.

1275 827 1401 861 Livius
1419 826 1563 871 XXVI,
1583 830 1646 873 49,
1668 825 1715 860 de
1730 827 1838 860 Nova
1854 826 2074 874 Carthagine
2094 838 2114 861 a
2130 827 2170 862 P.
2186 827 2264 862 Sci-

1221 885 1334 931 pione
1370 890 1476 930 capta
1510 883 1609 930 (210
1638 896 1671 918 a.
1713 883 1772 932 C.)
1806 896 1814 918 ε
1859 885 1981 932 Capta
2019 883 2112 918 alibi
2137 885 2264 920 decem

1222 943 1343 978 millia
1356 945 1535 989 capitum,
1557 943 1649 976 alibi
1663 954 1777 989 supra
1792 946 1952 989 quinque
1965 951 2003 977 et
2014 946 2153 989 viginti
2164 947 2264 979 inve·

1221 1005 1316 1038 nia&
1338 1002 1553 1048 Scorpioues
1574 1005 1735 1046 masores
1753 1004 1981 1048 minoresque
1997 1002 2051 1035 ad
2064 1005 2266 1051 sexaginta

1222 1067 1348 1106 captos
1360 1062 1581 1106 wetipserim,
1605 1061 1638 1092 si
1651 1067 1834 1093 auctorem
1849 1071 2011 1105 groecum
2024 1071 2158 1107 sequar
2157 1030 2265 1095 t’Sile-

1222 1131 1307 1152 uum
1327 1131 1339 1151 .·
1356 1120 1388 1152 si
1407 1118 1593 1151 Valerium
1608 1118 1811 1160 Antiatem,
1837 1121 2016 1162 majorum
2031 1121 2264 1165 scorpionum

1222 1189 1289 1212 sex
1309 1177 1450 1218 millia,
1480 1179 1660 1210 minorum
1680 1177 1855 1211 tredecim
1878 1189 1889 1209 :
1909 1177 2002 1211 adeo
2021 1178 2144 1211 nullus
2159 1189 2266 1212 men-

1224 1236 1339 1270 tiendi
1352 1235 1478 1269 modus
1497 1242 1562 1271 est.

1726 1298 1761 1335 3.

1278 1388 1418 1422 Plinius
1435 1388 1482 1424 H.
1499 1388 1543 1422 N.
1556 1387 1620 1431 IV,
1635 1398 1662 1422 s,
1680 1385 1726 1421 36
1744 1398 1751 1420 ε
1775 1384 1880 1421 Abeo
1891 1387 2020 1429 latere,
2043 1399 2112 1433 quo
2123 1388 2266 1434 Hispa-

1225 1450 1327 1481 uiam
1347 1453 1506 1493 spectat,
1534 1446 1706 1492 passibus
1718 1442 1808 1489 sere
1827 1453 1970 1479 centum
2002 1446 2123 1480 altera
2146 1446 2268 1480 insula

1225 1514 1278 1540 cst
1297 1507 1429 1551 longa,
1463 1506 1535 1539 III
1552 1505 1610 1538 M.
1634 1516 1741 1551 pass.
1766 1505 1863 1546 lata,
1888 1507 1925 1538 ia
1952 1516 2026 1550 qua
2042 1507 2144 1551 prius
2166 1507 2269 1552 oppi-

1225 1564 1310 1598 dum
1335 1564 1494 1598 Gadium
1509 1561 1603 1608 fuit.
1630 1563 1792 1596 Vocatur
1817 1563 1865 1597 ab
1884 1561 2035 1610 Ephoro
2056 1562 2120 1609 (fr.
2141 1563 2211 1610 40)
2232 1570 2271 1597 et

1227 1622 1426 1658 Plzilisticle
1435 1621 1608 1667 Erythia,
1621 1634 1644 1655 a
1664 1622 1804 1656 Timoeo
1819 1629 1854 1655 et
1867 1621 1994 1656 Sileno
2008 1620 2267 1668 Aphrodisias.

1707 1706 1772 1758 (ἰν)

1281 1798 1429 1833 Solinus
1445 1797 1526 1833 Pol.
1547 1810 1580 1833 c,
1606 1808 1627 1831 2
1653 1809 1661 1831 ε
1683 1797 1873 1831 Palatium
1892 1808 1998 1832 nemo
2017 1797 2164 1831 dubitat
2185 1801 2270 1845 quin

1227 1858 1401 1892 Arcadas
1420 1856 1560 1890 habeat
1573 1862 1738 1890 auctores
1749 1882 1758 1900 ‚
1773 1867 1798 1889 a
1817 1855 1945 1902 quibus
1956 1859 2117 1902 primum
2138 1856 2268 1890 Palla-

1206 1944 1209 1946 .
1229 1924 1322 1951 teum
1346 1916 1535 1963 oppidum.
1558 1914 1651 1949 Sunt
1678 1917 1739 1961 qui
1756 1915 1875 1948 velint
1902 1927 1927 1948 a
1947 1915 2134 1949 balatibus
2151 1918 2269 1949 ovium

1229 1983 1370 2009 mutata
1413 1975 1537 2013 litera,
1578 1974 1690 2008 vela
1722 1974 1818 2007 Pale
1848 1974 2033 2020 pastorali
2065 1973 2156 2016 dea,
2183 1980 2263 2017 aut,

1228 2042 1269 2068 ut
1293 2033 1440 2068 Silenus
1458 2032 1610 2079 probat,
1650 2044 1675 2065 a
1702 2031 1892 2066 Palantlzo
1919 2032 2146 2079 Hyperborei
2161 2032 2267 2079 filia,

1228 2104 1338 2139 quam
1361 2091 1535 2126 Hercules
1559 2090 1607 2123 ibi
1631 2093 1881 2137 compressisse
1907 2092 2006 2126 visus
2033 2098 2102 2133 est,
2136 2103 2268 2126 nomen

1229 2153 1344 2184 monti
1363 2150 1595 2197 adaptatum.
1619 2148 1707 2182 Haec
1731 2148 1885 2182 fortasse
1904 2147 1952 2182 ad
1973 2148 2084 2183 alium
2103 2149 2269 2184 Silenum

1228 2208 1431 2255 pertinent.

1732 2274 1765 2310 5.

1282 2364 1415 2399 Stiabo
1437 2364 1512 2407 ΙΙΙ,
1532 2376 1567 2410 p.
1596 2375 1692 2407 172:
1714 2359 1812 2406 Φησὶ
1833 2359 1868 2397 δὲ
1883 2363 1900 2397 ὁ
1922 2359 2094 2403 Πολύόιος
2107 2362 2253 2411 (34,9,5
2259 2363 2269 2411 )

1229 2421 1357 2471 κρήνην
1371 2422 1404 2457 ἐν
1422 2421 1471 2456 τό
1487 2417 1687 2470 ἹΙρακλείιι)
1701 2433 1750 2454 τιι)
1765 2418 1798 2454 ἐν
1818 2418 1993 2469 Γαδείροις
2010 2421 2110 2489 εἰναι,
2130 2421 2273 2470 βαθμῶν

1230 2479 1353 2529 ὀλίγων
1382 2477 1578 2514 κατάὸασιν
1612 2477 1761 2528 ἔχουσαν
1782 2478 1828 2519 εἷς
1845 2476 1885 2513 τὸ
1917 2476 2027 2529 ὕδωρ,
2059 2477 2206 2527 πότιμον
2236 2478 2271 2515 δὲ

1231 2541 1336 2574 εἰναι·
1357 2536 1400 2582 ἣν
1428 2540 1503 2578 ταῖς
1530 2534 1748 2587 παλιρροίαις
1767 2537 1829 2580 τῆς
1849 2534 2026 2581 θαλάσσης
2053 2537 2270 2581 ἀντιπαθεῖν,

1230 2593 1319 2632 κατὰ
1333 2593 1395 2644 ιιὲν
1408 2593 1468 2636 τὰς
1477 2592 1620 2642 πλημας
1632 2593 1869 2639 ἐκλείπουσαν,
1879 2592 1969 2630 κατὰ
1980 2592 2014 2630 δὲ
2026 2592 2086 2636 τὰς
2098 2592 2274 2643 ἀμπώτεις

1231 2651 1490 2703 πληρουμένην.
1512 2653 1659 2688 Deinde
1685 2660 1884 2701 postquam
1911 2654 2083 2700 apposuit
2107 2665 2273 2700 quomo-

1232 2712 1282 2747 do
1306 2712 1483 2759 Polybius
1499 2713 1681 2760 explicare
1700 2713 1795 2748 hanc
1815 2725 1894 2747 rem
1913 2711 2098 2746 studuerit
2117 2711 2177 2761 (V.
2199 2713 2273 2747 Po-

1232 2771 1368 2806 sidonii
1389 2770 1433 2806 fr.
1468 2770 1563 2819 95),
1585 2772 1709 2819 pergit
1731 2783 1740 2805 ε
1763 2767 2009 2820 Ἀρτεμίδωρος
2037 2767 2073 2805 δὲ
2104 2767 2273 2806 ἀντειπὼν

1232 2827 1362 2879 τούτῳ,
1379 2826 1437 2864 καὶ
1459 2827 1533 2876 ἅμα
1553 2830 1637 2879 παρ’
1655 2829 1758 2864 αὑτοῦ
1778 2842 1854 2864 τινα
1874 2826 1941 2869 θεὶς
1965 2826 2090 2873 αἰτίαν,
2112 2826 2273 2876 μνησθεὶς

1234 2885 1269 2922 δὲ
1290 2885 1348 2922 καὶ
1368 2888 1428 2931 τ’ἧς
1444 2886 1594 2923 Σιλανοῦ
1615 2884 1713 2930 δόξης
1734 2887 1794 2921 τοῦ
1813 2883 2058 2936 συγγραφέως,
2079 2883 2117 2922 οὔ
2136 2899 2194 2933 μοι
2215 2885 2274 2922 δο-

1233 2943 1287 2980 κεῖ
1303 2942 1442 2992 μνήμης
1458 2941 1536 2985 ἄξια
1554 2944 1673 2988 εἰπεῖν,
1693 2943 1738 2984 ὡς
1757 2940 1798 2978 ἂν
1817 2940 1953 2987 ἰδιώτης
1969 2941 2047 2992 περὶ
2063 2945 2172 2978 ταῦτα
2186 2971 2196 2988 ,
2213 2941 2272 2979 καὶ

1235 2999 1333 3043 αὐτὸς
1349 3000 1408 3037 καὶ
1429 2999 1588 3042 Σιλανός.

1234 3111 1336 3142 tur....
1355 3110 1575 3141 Artemidorus
1590 3111 1697 3140 autem
1711 3109 1788 3139 (lum
1804 3108 1924 3148 Polybii
1940 3108 2130 3140 sententiam
2146 3109 2216 3140 vult
2227 3118 2274 3140 re-

1234 3161 1339 3193 fellere
1348 3185 1356 3199 ,
1374 3161 1533 3201 aliamque
1546 3169 1564 3191 a
1577 3169 1610 3192 se
1620 3168 1747 3191 causam
1761 3160 1894 3199 profert,
1911 3160 1991 3190 sacta
2003 3159 2097 3190 simul
2108 3160 2273 3191 sententiae

1235 3212 1333 3243 Silani
1353 3211 1493 3243 historici
1517 3211 1696 3250 mentione,
1716 3211 1840 3250 indigna
1861 3211 1960 3241 relatu
1981 3211 2056 3241 mihi
2076 3210 2202 3242 videtur
2223 3210 2271 3241 di-

1235 3271 1307 3294 cere
1326 3276 1332 3293 2
1348 3263 1464 3302 quippe
1481 3271 1580 3302 quum
1594 3264 1625 3293 rt
1639 3262 1704 3301 ipse
1718 3262 1748 3292 et
1763 3262 1888 3293 Silanus
1905 3262 2016 3293 harum
2033 3262 2147 3293 fuerint
2165 3270 2271 3293 rerum

1236 3313 1342 3343 rudes.
1552 3327 1554 3329 >
