2289 3728
954 109 1281 151 FRAGMENTA.

22 213 108 236 κνων
126 196 246 246 ἔθηκε,
265 196 321 233 τὸν
343 196 404 246 μὲν
428 197 483 233 ἐπὶ
504 196 590 249 Οήρα
609 196 721 248 κρύφα
739 197 1051 248 διαχειρισάμενος,

21 255 82 300 τὴν
109 255 143 292 δὲ
170 254 340 305 Θυγατέρα
369 257 484 306 εἱρκτῇ
515 254 698 304 δεδεμένην
732 256 924 305 φυλάττων,
952 256 995 292 τά
1022 252 1056 293 τε

21 312 109 350 ἄλλα
127 311 191 350 ὅσα
206 313 372 358 δεσπότης
388 311 562 363 χρώμενος
577 306 699 364 δούλῳ.

72 385 120 410 82.
153 373 262 409 Ταῦτ’
289 371 393 408 εἰπὼν
412 371 471 408 καὶ
494 370 599 408 πολὺν
623 374 743 421 Ορῆνον
767 369 840 419 ἅμα
861 376 929 413 τοῖς
946 371 1057 420 λόγοις

19 431 274 481 καταχεόμενος
294 430 387 476 ἠξίου
414 429 563 481 τιμωρὸν
583 435 651 471 τοῖς
678 430 849 472 κατοίκοις
876 431 980 467 αὑτοῦ
1001 430 1056 467 τὸν

20 488 157 538 Ῥῶμον
174 491 343 539 γενέσθαι.
364 488 535 537 Ἀσμένως
555 487 589 524 δὲ
608 487 859 532 ὑποδεξαμένου
882 488 939 525 τὸν
960 489 1057 538 λόγον

18 551 76 584 τοῦ
99 547 299 598 μειρακίου,
322 546 380 584 καὶ
401 547 511 583 πάλαι
530 545 664 583 τάττειν
694 545 795 583 αὐτὸν
817 546 874 582 ἐπὶ
902 546 939 583 τὸ
961 546 1056 598 ἔργον

19 605 206 649 ἀξιοῦντος,
225 604 407 647 ἐπαινέσας
423 607 440 641 ὃ
460 603 623 656 Νομίτωρ
643 602 705 649 τὴν
723 603 929 655 προθυμίαν,
947 622 961 638 «
984 607 1058 649 Τἧς

19 664 79 714 μὲν
102 663 275 715 πράξεως,
297 663 378 715 ἔφη,
400 662 456 699 τὸν
477 662 593 713 καιρὸν
615 661 682 711 ἐγὼ
699 662 948 712 ταμιεύσομαι,
964 662 1004 700 σὺ
1023 663 1056 700 δὲ

17 722 103 765 τέως
122 722 206 772 πρὸς
231 721 287 758 τὸν
317 720 462 772 ἀδελφὸν
491 720 685 771 ἀπόρρητον
704 725 772 762 τοῖς
793 720 907 763 ἄλλοις
928 720 1055 758 ἅπασιν

18 780 180 830 ἀγγελίαν
200 779 349 830 πέμψον,
370 778 422 816 ὅτι
446 777 538 829 σώζῃ
563 793 599 815 τε
629 779 741 824 δηλῶν
762 778 820 815 καὶ
846 779 902 815 διὰ
922 779 1055 829 ταχέων

18 838 118 875 αὐτὸν
140 837 230 883 ἥξειν
250 838 367 881 ἀξιῶν.
388 855 402 870 »
423 836 486 874 Ἐκ
507 836 541 873 δὲ
562 836 682 873 τούτου
702 836 878 886 πέμπεταί
897 853 946 880 τις
961 838 1056 881 ἐξευ-

19 897 143 947 ρεθεὶς,
163 895 197 939 ὃς
215 895 324 933 ἐδόκει
340 895 580 946 ὑπηρετήσειν,
595 894 654 932 καὶ
671 894 865 946 περιτυχὼν
883 897 920 932 06
938 896 1056 946 πρόσω

16 958 76 1001 τῆς
89 955 221 997 πόλεως
235 954 306 992 ὄντι
320 953 508 1005 (Ρωμύλῳ,
522 955 684 1005 διασαφεῖ
698 952 759 996 τὰς
773 955 948 1004 ἀγγελίας.
966 953 1008 992 Ὁ
1021 953 1055 991 δὲ

17 1011 206 1066 περιχαρὴς
227 1012 404 1062 γενόμενος
425 1011 563 1063 ἔρχεται
583 1013 714 1062 σπουδῇ
742 1012 825 1063 πρὸς
855 1013 1053 1064 Νομίτορα,

17 1072 75 1109 καὶ
92 1070 314 1123 περιπλακεὶς
334 1072 460 1122 ἀμφοῖν
476 1070 668 1113 ἀσπάζεται
687 1069 749 1118 μὲν
769 1072 916 1121 πρῶτον,
936 1071 1055 1108 ἔπειτα

18 1130 137 1183 φράζει
152 1130 214 1177 τὴν
226 1130 356 1167 ἔκθεσιν
371 1131 465 1181 σφῶν
478 1129 537 1166 καὶ
548 1128 675 1181 τροφὴν
686 1144 746 1166 και
756 1129 843 1166 τάλλ
848 1144 867 1165 α
883 1127 946 1166 όσα
959 1146 1055 1182 παρα

628 1189 707 1230 Τοῖς
729 1186 763 1224 δὲ
788 1189 1003 1239 βουλομένοις
1019 1205 1055 1226 τε

16 1248 75 1286 καὶ
104 1250 141 1286 06
169 1249 308 1285 πολλῶν
333 1247 389 1284 ἵνα
420 1246 639 1283 πιστεύσειαν
666 1245 863 1298 τεκμηρίων
886 1246 1056 1296 δεομενοις

16 1309 93 1344 καθ’
112 1306 236 1352 ἡδονὰς
257 1306 296 1343 τὸ
315 1305 498 1355 λεγόμενον
520 1299 573 1351 ἦν.
593 1304 693 1342 Ἐπεὶ
719 1304 753 1342 δὲ
774 1304 970 1355 ἀνέγνωσαν
991 1307 1055 1343 ἀλ-

16 1364 150 1429 λΓλους,
168 1363 288 1401 αὐτίκα
305 1363 549 1400 συνετάττοντο
564 1378 622 1399 και
637 1362 835 1400 διεσκόπουν
853 1363 943 1406 ὅστις
958 1363 1054 1401 ἐσται

17 1194 74 1227 τοῦ
97 1190 393 1241 σωματοφύλακος
412 1188 569 1227 ἐπύθετο.

1020 1422 1051 1459 δι

15 1423 139 1472 τρόπος
164 1421 186 1467 ἢ
204 1422 321 1474 καιρὸς
341 1424 387 1465 εἷς
409 1420 470 1466 τὴν
492 1421 642 1458 ἐπίθεσιν
663 1422 864 1468 ἐπιτήδειος.
883 1422 946 1461 Ἐν
967 1426 994 1474 ᾡ
1020 1436 1054 1460 οε

15 1485 108 1519 οὗτοι
136 1497 213 1533 περ’.
232 1485 341 1518 ταῦτα
361 1484 464 1526 ἠσαν,
486 1482 503 1517 ὃ
535 1480 741 1524 Φαυστύλος
771 1481 944 1531 ἀπάγεται
973 1497 1055 1533 προς

16 1540 214 1589 Ἀμούλιον·
235 1539 393 1582 δεδοικὼς
413 1538 479 1589 γὰρ
501 1538 548 1587 μὴ
571 1540 608 1576 οὗ
629 1538 736 1576 πιστὰ
765 1539 820 1576 δύ’
806 1556 843 1589 ῃ
873 1542 921 1576 τιΝι)
942 1539 1054 1588 Νομί-

15 1613 87 1649 τορι
104 1597 214 1648 λέγειν
237 1600 254 1635 ὁ
271 1596 478 1639 Φαυστύλος
497 1596 578 1633 ἄνευ
599 1595 752 1645 σημείων
771 1580 932 1649 ἐμφανῶν
951 1599 1056 1647 μεγά-

15 1658 75 1694 λου
96 1656 300 1708 πράγματος
319 1655 472 1705 μηνυτὴς
489 1655 687 1706 γενόμενος,
719 1655 757 1692 τὸ
787 1655 967 1707 γνώρισμα
996 1659 1056 1702 τ’ἧς

16 1714 179 1757 ἐκθέσεως
200 1716 266 1750 τῶν
300 1717 432 1766 βρεφῶν
462 1713 524 1759 τὴν
545 1713 681 1764 σκάφην
713 1713 912 1763 ἀναλαὸὼν,
941 1714 1055 1764 ὀλίγου

16 1773 156 1824 ὕστερον
171 1773 310 1810 ἐδίωκεν
326 1775 371 1816 εἷς
384 1773 446 1819 τὴν
461 1772 574 1811 πόλιν.
591 1772 820 1823 Διερχόμενον
836 1773 864 1809 δ’
880 1773 980 1810 αὐτὸν
995 1773 1056 1816 τὰς

16 1831 126 1874 πύλας
150 1832 363 1882 ταραχωδῶς
391 1831 481 1868 πάνυ
506 1830 564 1867 καὶ
591 1830 668 1881 περὶ
693 1831 823 1867 πολλοῦ
852 1830 1054 1879 ποιούμενον

16 1944 190 1984 batumqne
211 1944 317 1975 liberis
333 1943 533 1982 reddiderat,
550 1944 685 1974 alterum
699 1943 781 1974 inter
801 1943 982 1973 venandum
1000 1952 1054 1974 oc-

16 1997 102 2028 culte
121 1997 323 2035 interimens,
339 1997 472 2027 alteram
495 1996 635 2026 vinctam
657 1996 689 2026 iu
713 2004 839 2027 carcere
856 1996 1054 2034 custodiens,

16 2052 184 2088 ceteraque
197 2058 229 2080 se
246 2051 281 2080 ut
294 2049 440 2080 dominus
453 2058 544 2079 servo
562 2049 724 2080 utebatur.

57 2105 109 2133 82.
135 2102 182 2132 lta
194 2101 318 2131 locutus
330 2102 362 2131 et
379 2100 487 2131 multis
503 2100 641 2130 lacrimis
655 2100 735 2130 inter
749 2099 942 2138 loquendum
957 2100 1050 2139 tusis,

16 2153 121 2184 oravit
145 2155 279 2184 Remum
303 2153 339 2182 ut
362 2161 433 2182 suas
456 2151 646 2182 domesticas
667 2150 797 2189 injurias
822 2151 930 2181 ulcisci
949 2152 1054 2182 vellet.

17 2205 118 2245 Cujus
145 2205 322 2236 orationem
350 2214 449 2244 quum
486 2204 613 2243 juvenis
644 2203 777 2234 libenter
802 2204 992 2243 excepisset,
1026 2205 1056 2235 et

16 2257 82 2296 Jam
95 2265 127 2287 se
150 2256 190 2287 ad
217 2265 296 2296 opus
318 2255 562 2295 aggrediendum
585 2255 660 2285 duci
682 2256 878 2294 postularet,
896 2256 1053 2294 Numitor,

17 2308 84 2348 ejus
112 2307 209 2339 animi
234 2307 398 2338 alacritate
430 2306 633 2345 collaudata,
654 2306 779 2346 inquit:
813 2320 826 2333 ιι
852 2308 990 2346 Tempus
1013 2308 1055 2338 rei

18 2359 161 2399 gerendae
184 2368 241 2398 ego
254 2358 492 2398 dispensaturus
506 2366 596 2396 sum;
623 2359 655 2388 ln
668 2358 792 2389 interim
804 2383 811 2396 ,
831 2367 863 2388 re
874 2368 946 2389 cum
963 2359 1057 2390 nullis

19 2412 89 2442 aliis>
101 2410 354 2449 communicata,
366 2410 514 2440 nuntium
533 2409 572 2440 ad
587 2410 717 2440 fratrem
739 2410 865 2447 mittas,
883 2419 938 2450 per
961 2419 1054 2450 quem

17 2463 171 2502 significes
184 2464 215 2493 te
225 2462 349 2493 salvum
371 2470 438 2492 esse
451 2464 482 2492 et
496 2469 605 2500 rogare
621 2463 655 2492 nt
669 2461 719 2492 ille
732 2471 829 2501 quam
849 2463 987 2501 primum
1000 2472 1055 2493 ve-

19 2516 99 2546 niat.
117 2527 132 2541 »ι
149 2514 260 2545 Postea
275 2522 351 2544 vero
372 2513 521 2544 inventus
538 2513 714 2552 missusque
734 2514 924 2553 estquidam
940 2514 994 2553 qui
1017 2515 1056 2545 ad

20 2567 80 2598 lioc
102 2566 312 2597 ministerium
336 2565 468 2595 idonens
493 2563 679 2602 xidebatnr,
709 2564 763 2603 qni
790 2573 853 2595 non
882 2566 991 2605 procul
1015 2566 1055 2596 ab

19 2618 97 2649 urbe
110 2617 281 2649 Romulum
298 2617 411 2646 nactus
424 2615 574 2648 mandata
591 2615 764 2647 renuntiat.
791 2616 848 2647 llle
862 2626 939 2647 vero
963 2618 1054 2648 valde.

19 2671 111 2701 laetus
123 2669 163 2700 ad
175 2669 371 2700 Numitorem
388 2669 568 2708 properavit
584 2681 590 2699 ι
605 2671 635 2699 et
649 2668 785 2708 primum
801 2671 975 2709 utrumqne
985 2679 1055 2701 am-

19 2722 130 2762 plexus
145 2722 312 2760 salutavit,
336 2721 449 2751 deinde
470 2721 610 2751 narravit
633 2722 669 2751 nt
685 2722 717 2752 et
733 2721 865 2761 expositi
882 2723 914 2752 et
931 2722 1057 2753 educati

21 2773 168 2813 ruissent,
194 2774 225 2804 et
249 2772 311 2803 alia
340 2780 554 2811 quaecumque
581 2781 622 2802 ex
648 2773 782 2803 satellite
798 2775 971 2812 acceperat.
992 2774 1057 2805 Illis

22 2828 131 2858 autem
147 2825 257 2857 andire
274 2824 479 2864 gestientibus
496 2832 553 2855 nec
577 2824 686 2855 multis
711 2826 746 2856 ut
768 2825 933 2856 crederent
963 2835 1056 2865 argu-

22 2878 133 2909 mentis
145 2878 308 2918 egentibus
319 2901 328 2917 ,
344 2876 497 2916 voluptati
516 2878 584 2907 erat
599 2877 685 2916 qnod
699 2877 866 2908 referebat.
883 2879 925 2909 Ut
938 2887 1013 2909 vero
1024 2887 1057 2909 se

21 2932 132 2961 mutuo
145 2931 361 2970 agnoverunt,
376 2929 484 2960 statim
499 2928 628 2959 consilia
644 2928 771 2968 Ineunt,
790 2930 821 2959 et
838 2928 877 2960 de
896 2930 941 2960 rei
951 2939 1056 2969 aggre-

20 2981 143 3012 ‹liendae
157 2981 252 3012 modo
265 2982 296 3012 et
323 2980 562 3020 opportunitate
578 2980 756 3010 consultare
770 2981 945 3019 coeperunt.
970 2984 1055 3012 Dum

21 3034 128 3063 autem
145 3032 212 3063 liaec
226 3032 344 3063 abistis
357 3033 521 3071 geruntur,
537 3031 708 3062 Faustulus
718 3031 758 3061 ad
773 3031 937 3062 Amulium
951 3032 1054 3063 addu-

22 3072 116 3115 citur.
127 3083 256 3114 Veritus
269 3083 353 3114 enim
364 3091 403 3113 ne
414 3082 445 3112 in
456 3091 577 3122 magnae
592 3082 636 3113 rei
649 3081 763 3112 indicio
775 3090 793 3112 a
803 3090 836 3112 se
849 3081 952 3113 delato
963 3082 1057 3114 tidem

22 3135 178 3165 Numitori
194 3134 314 3174 absque
334 3134 510 3164 manifestis
534 3133 629 3173 signis
654 3141 718 3163 non
738 3133 1058 3172 faceret‚11tsacilius

23 3183 437 3226 infantesagnoscerentur,
460 3195 521 3216 una
541 3195 615 3216 cum
642 3186 754 3224 alveo,
783 3185 814 3215 in
831 3194 895 3224 quo
923 3187 1057 3226 expositi

25 3238 165 3281 (nerant,
180 3238 284 3277 paullo
297 3239 368 3277 post
386 3237 425 3267 ad
442 3237 553 3268 urbem
565 3236 738 3267 contendit.
754 3238 832 3267 Eum
850 3238 955 3267 antem
970 3237 1058 3269 valde

23 3288 142 3328 trepide
159 3290 282 3328 portam
297 3291 510 3321 transeuntem
526 3292 556 3321 ct
572 3290 657 3330 qnod
683 3290 800 3321 serebat
821 3290 1056 3330 diligentissime

1216 58 1224 75 d

2102 127 2149 158 87

1122 204 1241 251 μηδενὶ
1262 209 1403 251 ποιῆσαι
1424 206 1618 277 καταφανὲς
1635 223 1672 244 το
1692 208 1886 258 λεγόυενον
1908 210 1974 245 τῶν
1992 210 2152 261 φυλάκων

1119 277 1168 303 τις
1184 264 1394 311 >cotradensium
1417 260 1478 312 (ἠν
1502 265 1536 301 δὲ
1562 266 1734 314 πολεμίων
1763 266 1881 318 ἐφόδου
1901 267 1990 317 οέος,
2012 284 2070 305 και
2093 269 2153 312 τὰς

1120 318 1230 360 πύλας
1242 335 1271 355 οι
1284 320 1434 367 μάλιστα
1448 324 1683 372 πιστευόμενοι
1694 339 1778 375 προς
1789 340 1845 361 του
1860 325 2051 374 βασιλέως’
2038 327 2153 387 εφρού-

1121 379 1220 425 ρουν)
1241 378 1478 426 συὶλαικῧάνει
1497 396 1532 417 τε
1553 382 1611 418 καὶ
1639 382 1676 418 τὸ
1696 382 1844 433 κρυπτὸν
1864 382 1884 419 ὅ
1912 399 1943 419 τι
1963 383 2084 429 &r‘mt'
2110 389 2152 431 ἠν

1119 436 1331 483 καταμαθεῖν
1350 436 1389 479 αξ
1394 439 1450 472 ιιΝι)ν
1466 439 1703 477 ἀποκαλύπτει
1724 441 1781 492 βία
1797 441 1858 487 τὴν
1876 442 2075 492 περιὸολήν
2093 443 2153 487 Ως

1120 491 1153 529 δὲ
1173 508 1232 537 την
1252 493 1385 563 σκάφην
1405 496 1455 530 {Os
1444 494 1568 532 εάσατο
1587 498 1645 533 καὶ
1661 514 1716 534 τον
1735 499 1936 550 ἄνθρωπον·
1925 500 2085 549 E'gmtOsv'
2067 518 2152 539 απο-

1121 550 1298 600 ρούμενον,
1317 551 1411 596 ἠξίου
1425 552 1533 601 λέγειν
1552 553 1599 595 τίς
1613 558 1633 599 ἡ
1651 556 1787 606 ταραχὴ
1810 573 1867 593 και
1886 558 1917 594 τί
1936 559 1971 595 τὸ
1993 559 2152 609 βούλημα

1117 623 1175 644 του
1197 607 1245 657 μὴ
1267 612 1418 659 φανερῶς
1439 625 1517 660 εκφε
1506 609 1556 661 ζερ
1544 626 1589 646 ιν
1611 616 1728 655 σκευος
1749 614 1842 651 οὐοεν
1860 617 1893 652 δε
1898 617 2015 662 όμενον
2043 619 2153 685 ἀπορ-

1119 666 1223 717 pr‘scou
1237 672 1354 717 φορᾶς.
1372 667 1432 704 Ἐν
1451 667 1485 703 δε
1500 668 1608 704 τούτι)
1627 670 1760 713 πλείους
1777 675 1869 708 τῶν
1862 674 1950 724 φυλ
1931 691 2022 711 ακιι)ν
2041 677 2154 727 συνέρ-

1119 740 1192 776 ρεον
1210 724 1328 767 καίτις
1343 726 1454 761 αὐτῶν
1470 726 1609 796 γνιι)ρίζ
1615 727 1697 771 ιτὴν
1711 729 1857 780 σκάφην,
1876 732 1975 774 αὐτος
1992 749 2025 769 εν
2041 735 2151 786 ἐκείνῃ

1118 781 1160 819 τὰ
1180 782 1301 819 παιδία
1321 783 1468 832 κομίσας
1495 799 1552 820 επι
1573 784 1628 820 τὸν
1652 800 1819 834 ποταμον,
1842 788 1899 823 καὶ
1930 790 2047 840 φράζει
2071 793 2154 842 πρὸς

1117 857 1194 883 τους
1207 839 1485 892 παρόντας.οἱ
1468 841 1501 878 οε
1517 842 1744 885 συλλαζὶόντες
1761 859 1815 880 τον
1832 847 2000 883 ψαυστύ)
2003 864 2037 884 ον
2053 849 2153 899 ἄγου-

1118 914 1169 935 σιν
1187 898 1243 935 ἐπὶ
1263 914 1319 935 τον
1340 898 1500 949 puerilem,
1524 898 1734 948 Ἀμούλιος
1717 900 1751 936 οὲ
1770 902 1892 947 ἀπειλῆ
1916 905 2073 953 βασάνων
2089 923 2154 943 κα-

1117 956 1376 1006 ταπληξάμενος
1395 972 1452 993 τον
1474 957 1667 1008 ἄνθρωπον,
1692 960 1720 994 εἶ
1742 958 1789 1007 υὴ
1812 959 1889 1010 λεξῃ
1913 977 1972 1004 τας
1996 965 2038 1000 ἀ)
2041 966 2155 1009 ηΟείας

1118 1031 1216 1061 εκιι)ν,
1233 1018 1368 1067 πρῶτον
1387 1031 1429 1064 με
1433 1031 1448 1052 ν
1471 1017 1499 1052 εἷ
1516 1018 1618 1059 ζῶσιν
1634 1018 1664 1053 οι
1682 1018 1782 1053 παῖδε
1788 1033 1802 1059 ς
1821 1018 1934 1068 ἤρετο
1951 1036 1994 1062 ως
2010 1022 2044 1058 δὲ
2064 1024 2153 1059 τοῦτ’

1118 1072 1258 1122 ἔμαθεν,
1271 1071 1362 1116 ὅστις
1377 1074 1518 1115 αὑτοῖςὸ
1533 1074 1655 1125 τρόπος
1669 1090 1728 1120 της
1740 1076 1938 1126 σωτηρίαςε
1925 1078 1978 1127 Ξγε
1972 1077 2068 1124 ’νετο,
2087 1095 2155 1126 οιη·

1116 1147 1312 1203 γησαμενου
1330 1133 1432 1168 αὐτου
1448 1131 1559 1169 πάντα
1577 1135 1621 1173 ὡς
1639 1133 1796 1184 επράγθη
1811 1163 1820 1181 ,
1841 1153 1854 1167 ιι
1873 1133 1989 1184 Ἄγε
1972 1135 2011 1181 οὴ
2025 1167 2034 1184 ,
2054 1153 2155 1189 φησιν

1117 1192 1133 1226 ὁ
1150 1189 1353 1239 βασιλεὺς,’
1340 1188 1456 1235 επειὸὴ
1472 1205 1583 1226 ταυτα
1596 1190 1821 1236 ἀληθεύσας’
1804 1207 1911 1242 εχεις,
1926 1193 2055 1244 φράσον
2071 1194 2154 1231 ὅπου

1117 1246 1157 1284 ἂν
1177 1252 1233 1284 νυν
1257 1250 1439 1298 εὑρεθεῖεν·
1461 1249 1498 1285 06
1516 1247 1582 1298 γὰρ
1602 1263 1651 1284 ετι
1672 1248 1797 1286 δίκαιοί
1818 1252 1900 1287 εἰσιν
1921 1267 1953 1287 εν
1982 1254 2157 1301 βουκόλοις

1523 1306 1639 1356 ἔμοιγε
1665 1306 1757 1351 ὄντες
1775 1314 1967 1359 συγγενεῖς,
1990 1310 2099 1354 ἄλλως
2120 1327 2156 1348 τε

1116 1366 1174 1402 καὶ
1191 1367 1274 1402 Οεῶν
1293 1365 1434 1416 προνοίᾳ
1455 1365 1654 1413 σωζόμενοι,
1677 1384 1692 1398 »

1117 1306 1174 1343 καὶ
1199 1306 1307 1358 ἀδόξῳ
1329 1307 1393 1358 βίῳ
1420 1309 1492 1352 ζῆν,

1169 1438 1216 1462 83.
1249 1423 1456 1466 Φαυστύλος
1477 1424 1512 1461 δὲ
1529 1427 1588 1469 τῆς
1604 1423 1728 1474 ἀλόγου
1745 1425 1937 1477 πραότητος
1955 1426 2084 1478 ὑποψίᾳ
2102 1442 2153 1463 κι-

1116 1482 1226 1526 νηΟεὶς
1248 1481 1296 1531 μὴ
1319 1487 1452 1533 φρονεῖν
1473 1481 1572 1518 αὑτὸν
1598 1481 1700 1530 ὅμοια
1721 1485 1789 1525 τοῖς
1813 1482 1948 1532 λόγοις,
1974 1484 2156 1535 ἀποκρίνε-

1116 1555 1172 1577 ται
1186 1535 1251 1577 ῶὸε
1264 1555 1271 1562 ·
1289 1559 1305 1573 «
1326 1542 1371 1578 Οἱ
1388 1540 1448 1589 μὲν
1467 1540 1586 1583 παῖδές
1601 1542 1684 1578 εἰσιν
1706 1542 1739 1578 ἐν
1756 1544 1825 1583 τοῖς
1838 1541 1930 1592 ὄρεσι
1953 1544 2155 1593 βουκολοῦν-

1116 1613 1186 1641 τες,
1204 1597 1321 1649 ὥσπερ
1347 1598 1483 1635 ἐκείνων
1506 1598 1576 1649 βίος
1593 1614 1600 1621 ·
1622 1598 1690 1648 ἐγὼ
1710 1600 1739 1635 δ’
1767 1599 1944 1650 ἐπέμφθην
1964 1601 2020 1636 ὑπ’
2041 1602 2155 1637 αὐτῶν

1116 1659 1158 1705 τῇ
1180 1657 1285 1708 μητρὶ
1306 1657 1471 1703 δηλώσων
1493 1659 1527 1694 ἐν
1550 1651 1603 1699 αἷς
1622 1659 1686 1694 εἰσι
1707 1657 1837 1709 τύχαις·
1858 1658 1986 1705 ταύτην
2005 1658 2039 1696 δὲ
2060 1660 2155 1710 παρά

1117 1729 1169 1750 σοι
1198 1715 1430 1765 φυλάττεσθαι
1456 1715 1601 1761 ἀκούων,
1627 1714 1808 1760 ’δεήσεσθαι
1829 1719 1888 1762 τῆς
1913 1716 2076 1767 Ουγατρὸς
2094 1721 2156 1763 τῆς

1117 1776 1177 1817 σῆς
1194 1772 1352 1822 ἔμελλον,
1367 1773 1422 1810 ἵνα
1441 1789 1482 1821 με
1500 1773 1583 1824 πρὸς
1598 1773 1703 1818 αὐτὴν
1721 1774 1855 1823 ἀγάγοι.
1877 1773 1951 1819 Τὴν
1967 1775 2002 1811 δὲ
2020 1776 2154 1827 σκάφην

1117 1830 1251 1882 ἔφερον,
1272 1831 1314 1868 ἵν’
1334 1831 1403 1881 ἔχω
1425 1831 1594 1868 δεικνύναι
1614 1831 1798 1882 τεκμήριον
1820 1832 1968 1883 ἐμφανὲς
1991 1833 2064 1882 ἅμα
2085 1841 2155 1877 τοῖς

1117 1944 1355 1982 occultantem,
1378 1952 1479 1983 quum
1494 1943 1623 1983 qnidam
1641 1952 1680 1974 ex
1703 1944 1887 1974 custodibus
1912 1944 2155 1977 animadvertis-

1115 1996 1163 2025 set
1177 1995 1263 2032 (erat
1283 1995 1365 2025 euim
1381 1995 1505 2026 hostilis
1518 1994 1707 2025 incursionis
1730 1997 1850 2033 metus,
1868 1996 1900 2025 et
1925 1997 2024 2035 portae
2042 2005 2059 2027 a
2077 1996 2152 2028 tide-

1118 2045 1243 2076 lissimis
1263 2046 1324 2085 regi
1352 2046 1641 2084 custodiebantur),
1665 2046 1924 2085 comprehendit,
1953 2048 1984 2077 et
2004 2047 2153 2086 quidnam

1117 2097 1234 2128 celaret
1252 2106 1439 2136 cognoscere
1454 2097 1600 2136 cupiens,
1625 2097 1780 2127 amictum
1800 2097 1827 2127 ei
1842 2107 1896 2137 per
1918 2098 1983 2128 vim
2003 2098 2151 2130 detraxit.

1116 2149 1222 2183 Quum
1234 2151 1341 2179 autem
1350 2149 1475 2179 alveum
1491 2149 1705 2188 conspexisset
1717 2148 1941 2188 hominemque
1955 2149 2153 2181 haesitantem

1117 2199 1264 2237 vidisset,
1282 2199 1430 2238 qnaesivit
1443 2208 1483 2229 ex
1507 2208 1543 2229 eo
1557 2208 1614 2229 cnr
1640 2199 1682 2230 ita
1698 2199 1888 2239 trepidaret,
1903 2209 2007 2239 quove
2026 2202 2154 2232 consitio

1116 2260 1170 2281 vas
1184 2250 1261 2281 illud
1279 2251 1414 2288 celaret,
1432 2250 1518 2289 qnod
1540 2250 1567 2280 ei
1586 2250 1666 2282 serre
1689 2251 1851 2290 propalam
1877 2251 1996 2282 liceret.
2031 2254 2154 2284 lnterea

1116 2311 1192 2333 vero
1209 2302 1316 2341 plures
1337 2301 1485 2332 custodes
1500 2301 1722 2340 confluebant,
1738 2302 1818 2333 inter
1841 2311 1920 2342 quos
1937 2312 2018 2334 nnus
2029 2304 2153 2335 alveum

1116 2354 1243 2393 agnovit
1256 2378 1264 2392 ,
1279 2354 1396 2393 quippe
1416 2353 1471 2393 qni
1494 2353 1630 2384 infantes
1645 2354 1675 2384 in
1693 2363 1729 2384 eo
1744 2354 1782 2384 ad
1800 2353 1932 2384 fluvium
1955 2354 2152 2395 deportarat,

1116 2408 1149 2436 et
1167 2406 1203 2436 iis
1220 2405 1274 2444 qni
1293 2406 1370 2435 tunc
1384 2404 1517 2435 aderant
1540 2414 1606 2435 rem
1633 2404 1795 2435 indicavit.
1811 2405 1858 2436 llli
1875 2414 1948 2435 vero
1968 2407 2152 2437 Faustulum

1115 2458 1377 2497 comprehensum
1392 2456 1430 2487 ad
1449 2465 1552 2495 regem
1567 2456 1782 2488 adduxeruut.
1804 2457 1950 2488 Amulius
1976 2459 2152 2489 tormento-

1117 2519 1189 2540 rum
1206 2509 1299 2540 minis
1314 2507 1432 2538 homini
1448 2508 1612 2539 intentatis
1636 2509 1695 2539 nisi
1718 2510 1828 2548 sponte
1843 2517 1918 2539 vera
1934 2508 2080 2547 dixisset,
2096 2510 2155 2548 pri-

1117 2572 1206 2594 mum
1229 2562 1360 2602 quidem
1388 2570 1428 2591 an
1452 2562 1540 2601 pueri
1565 2562 1711 2593 viverent
1736 2562 1900 2601 quaesivit3
1929 2562 2042 2593 deinde
2060 2572 2153 2602 vcro,

1114 2625 1216 2656 quum
1240 2615 1300 2645 hoc
1313 2614 1527 2653 cognovisset,
1544 2614 1709 2653 quoesivit,
1738 2624 1878 2654 quonam
1902 2615 1996 2645 modo
2016 2615 2056 2646 illi
2072 2615 2154 2645 inco·

1115 2669 1218 2700 lumes
1239 2667 1420 2698 evasissent.
1440 2669 1548 2702 Quum
1567 2670 1674 2697 antem
1702 2667 1754 2698 ille
1770 2667 1875 2697 omnia
1901 2669 1936 2698 nt
1960 2669 2046 2705 gesta
2065 2670 2155 2698 eraut

1116 2720 1274 2751 narrasset
1290 2731 1296 2749 :
1315 2731 1329 2744 n
1351 2721 1412 2756 Age
1424 2717 1531 2756 igitur,
1550 2717 1653 2757 inquit
1677 2727 1751 2757 rex,
1765 2718 1895 2757 quando
1910 2719 2061 2749 hacteuus
2078 2728 2155 2749 vera

1116 2771 1235 2809 dixisti,
1249 2771 1300 2801 dic
1314 2770 1442 2800 ubinam
1454 2779 1539 2800 nunc
1552 2770 1685 2801 inveniri
1702 2771 1819 2810 possint
1832 2782 1842 2810 ;
1859 2779 1921 2800 nou
1932 2771 2015 2801 enim
2026 2780 2154 2810 :ii-quum

1116 2825 1163 2854 est
1188 2825 1223 2854 ut
1240 2823 1322 2853 inter
1340 2821 1496 2852 bubulcos
1518 2821 1617 2852 vitam
1636 2821 1800 2861 ingloriam
1818 2821 1950 2860 degant,
1966 2831 2066 2861 quum
2093 2822 2154 2852 mei

1116 2875 1178 2905 sint
1195 2872 1595 2913 cognati,przesertimqne
1620 2882 1720 2912 quum
1740 2872 1847 2905 divina
1869 2873 2066 2912 providentia
2093 2882 2153 2903 ser-

1117 2927 1181 2958 vati
1196 2927 1322 2958 suerint.
1347 2938 1362 2952 υ

1158 2984 1208 3011 83⁴
1234 2981 1273 3011 At
1300 2981 1482 3018 Faustulus,
1503 2989 1619 3011 novam
1646 2981 1725 3020 regis
1751 2979 1950 3011 elementiam
1976 2980 2152 3017 suspectam

1117 3031 1249 3070 habens,
1262 3033 1293 3062 et
1306 3032 1490 3063 existimans
1504 3032 1571 3071 ejus
1587 3034 1724 3063 mentem
1739 3040 1756 3062 a
1771 3031 1874 3062 verbis
1892 3030 2068 3068 discrepare
2080 3052 2088 3066 ,
2111 3029 2153 3059 ita

1117 3084 1308 3124 respondet=
1332 3098 1345 3111 κ
1367 3087 1507 3116 Jnvenes
1532 3086 1606 3115 sunt
1628 3084 1658 3115 in
1677 3084 1837 3115 montibus
1857 3083 1909 3113 nbi
1935 3084 2077 3113 armenta
2100 3090 2152 3120 pa-

1117 3138 1227 3174 scunt,
1243 3137 1279 3166 ut
1301 3144 1412 3166 eorum
1428 3136 1501 3166 vitae
1518 3145 1616 3174 genus
1638 3136 1714 3174 sert3
1733 3144 1788 3174 ego
1802 3144 1876 3165 vero
1899 3134 2012 3164 missus
2026 3141 2094 3161 sum
2112 3132 2152 3161 ab

1118 3188 1191 3227 ipsis
1203 3212 1211 3227 ,
1224 3190 1333 3228 ntqno
1350 3189 1380 3219 in
1395 3190 1478 3219 statu
1497 3197 1544 3219 res
1560 3188 1700 3228 ipsorum
1711 3188 1773 3218 sint
1785 3211 1793 3224 ,
1812 3186 1905 3216 matri
1921 3185 2127 3224 significarem
2141 3196 2148 3214 ι

1118 3250 1214 3280 (piam
1230 3250 1329 3280 qmim
1352 3240 1438 3280 apud
1464 3241 1495 3271 te
1518 3240 1634 3271 servari
1653 3239 1831 3277 audissem,
1851 3238 1945 3268 tiliam
1966 3239 2051 3267 tuam
2067 3244 2150 3271 rona-

1118 3294 1208 3323 turus
1221 3302 1306 3324 eram
1327 3294 1360 3323 nt
1374 3302 1424 3324 me
1439 3292 1477 3322 ad
1496 3300 1564 3322 cam
1580 3291 1718 3322 duceret.
1737 3290 1866 3321 Atreum
1879 3290 1983 3318 autem
1999 3286 2148 3322 ferebam,
