2338 3765
129 203 203 234 460

428 335 440 356 1
455 335 513 368 ¹9·
546 321 861 358 ΤΡΑΥΣΙΑΝΟΙ.

182 414 304 458 CXX,
327 418 373 455 24
397 427 404 448 ε
430 412 620 450 Καυσιανοὶ
643 412 895 463 (Τραυσιανοί)
915 413 990 454 τοὺς
1012 412 1072 461 μὲν
1090 428 1161 462 γεν-

129 470 297 519 νωμένους
325 474 508 521 Θρηνοῦσι,
541 471 617 512 τοὺς
643 470 678 507 δὲ
709 470 979 516 τελευτήσαντας
1010 469 1157 521 μακαρί-

130 531 254 571 ζουσιν.

489 600 573 626 120.
605 587 803 625 ΤΑΥΡΟΙ.

184 680 362 724 CXXIII,
389 693 432 715 12
455 691 463 717 ε
483 680 631 729 Ταῦροι,
652 678 817 717 Σκυθικὸν
838 679 948 725 ἔθνος,
969 682 1037 720 τοῖς
1060 682 1159 730 βασι·

131 736 225 772 λεῧσι
240 734 316 777 τοὺς
335 735 577 778 εὐνουστάτους
597 738 663 773 τῶν
685 736 790 787 φίλων
809 736 1161 787 συγκαταθάπτουσιν.

131 795 148 828 ὀ
163 791 196 828 δὲ
213 792 371 842 βασιλεὺς
389 793 614 836 ἀποθανόντος
630 793 727 845 φίλου
741 792 762 838 ἢ
782 793 880 844 μέρος
894 793 915 838 ἢ
932 794 969 830 τὸ
986 794 1061 831 ὅλον
1077 796 1160 830 ἀπο·

131 849 244 898 τέμνει
263 850 376 900 ὠτίον,
398 851 480 902 πρὸς
496 851 558 897 τὴν
580 851 675 894 ἀξίαν
691 855 748 889 τοῦ
765 851 1040 897 τελευτήσαντος.

617 956 801 994 ΣΙΝΔΟΙ.

313 1035 458 1074 ;Σίνδοι
474 1035 652 1078 τοσούτους
669 1037 793 1087 ἰχθῦς
779 1052 835 1074 επι
851 1051 926 1078 τους
944 1035 1067 1087 τάφους
1087 1036 1165 1072 ἐπι-

497 969 580 993 121.

190 1037 288 1072 Ibid.

132 1093 329 1139 Cimonem
344 1094 440 1136 ὅσους
454 1094 664 1143 πολεμίους’
652 1107 669 1131 ο
687 1094 896 1143 θαπτόμενος
913 1093 1106 1136 ἀπεκτονι)ς
1124 1097 1161 1144 ἠ.

420 1214 505 1238 122.
540 1201 638 1238 ΣΑΥ
643 1202 811 1237 POMA'l
815 1201 879 1238 ΑΙ.

416 1299 424 1321 :
443 1286 708 1335 Σαυρομάται
691 1284 746 1321 οιὰ
761 1286 861 1335 τριῶν
877 1286 1013 1336 ημερῶν
1034 1287 1163 1321 σιτοῦν-

188 1287 319 1329 XLIV,
342 1290 383 1327 ιι

133 1358 189 1378 ται
209 1344 254 1384 εἰς
271 1342 462 1393 πλήρωσιν.
486 1344 527 1392 (2)
550 1345 637 1385 Ταῖς
656 1342 690 1380 δὲ
711 1342 842 1392 γυναιξὶ
856 1343 969 1379 πάντα
992 1344 1164 1379 πείθονται

132 1402 177 1441 ὡς
207 1400 413 1447 δεσποίναιςῐ
444 1403 483 1450 (3)
517 1401 689 1450 Παρθένον
720 1402 754 1438 δὲ
775 1402 812 1437 οὐ
834 1401 996 1453 πρότερον
1016 1402 1165 1439 συνοικί-

134 1463 226 1503 ζουσι
246 1459 328 1510 πρὸς
342 1460 451 1510 γάμον
470 1460 549 1511 πρὶν
565 1460 605 1496 ἂν
624 1459 789 1508 πολέμιον
810 1460 915 1510 ἄνδρα
933 1459 1058 1510 κτείνῃ.

385 1564 468 1599 123.
503 1564 911 1602 ΓΑΑΑΚΤΟΦΑΓΟΙ.

186 1648 230 1692 V,
266 1645 310 1690 73
347 1658 354 1679 ;
393 1643 468 1681 Γαλ
461 1642 678 1694 ακτοοάγοι,
713 1643 881 1681 Σκυθικὸν
908 1643 1018 1690 ἔθνος,
1057 1643 1166 1682 ἅοικοί

134 1704 229 1747 εἰσιν,
247 1700 362 1749 ὥσπερ
383 1716 442 1737 και
461 1703 490 1737 οἱ
511 1702 665 1738 πλεῖστοι
685 1703 840 1747 Σκυθῶν,
861 1702 988 1754 τροφὴν
1005 1704 1032 1739 ο’
1048 1703 1164 1752 ἔΙουσι

133 1760 223 1808 *festa
249 1758 347 1803 μόνον
367 1758 549 1803 ἵππειον,-
540 1758 571 1802 ἐξ
595 1775 633 1795 ου
653 1774 911 1810 τυροποιουντες
936 1760 1085 1797 ἐσθίουσι
1106 1776 1164 1797 και

135 1818 293 1866 πίνουσι,
314 1817 374 1853 καί
394 1818 459 1854 εἶσι
476 1816 530 1853 διὰ
548 1820 648 1854 τοῦτο
665 1817 956 1868 δυσμαχώτατοι,
976 1834 1035 1855 συν
1055 1819 1167 1861 αὑτοῖς

134 1875 245 1920 πάντη
264 1875 324 1919 τὴν
344 1873 470 1926 τροφὴν
488 1874 634 1925 ἔχοντες.
652 1875 692 1924 (2)
709 1869 815 1913 Οὗτοι
831 1875 889 1913 καὶ
907 1882 1049 1927 Δαρεῖον
1071 1877 1165 1928 ἐτρέ-

134 1936 252 1983 ψαντο.
287 1936 328 1981 (3)
350 1932 430 1970 Εἰσὶ
454 1931 488 1969 δὲ
513 1932 571 1969 καὶ
592 1932 820 1980 δικαιότατοι,
846 1933 941 1971 κοινὰ
972 1933 1106 1984 ἔχοντες
1125 1934 1167 1971 τά

133 2007 168 2027 τε
188 1991 350 2040 κτήματα
368 1990 425 2027 καὶ
443 1990 504 2032 τὰς
523 1996 687 2040 γυναῖκας
699 2020 709 2040 ,
731 1991 819 2028 ὥστε
837 1991 913 2034 τοὺς
933 1991 994 2040 μὲν
1011 1992 1166 2043 πρεσέυ-

137 2049 253 2099 τέρους
282 2050 393 2085 αὐτῶν
423 2048 573 2100 πατέρας
601 2048 795 2098 ὀνομάζειν,
824 2048 899 2092 τοὺς
921 2049 955 2086 δὲ
987 2050 1168 2101 νεωτέρους

134 2109 277 2153 παῖδας,
295 2123 372 2150 τους
391 2108 420 2144 δ’
438 2107 560 2152 ἥλικας
578 2107 756 2159 ἀδελφούς.
783 2110 825 2157 (4
818 2108 826 2134 l
845 2101 952 2146 ΝΩνΝ
930 2124 971 2154 ην
991 2109 1049 2145 καὶ
1069 2108 1166 2146 Ανά-

134 2181 274 2216 Ιαρσις,
294 2169 339 2208 εἷς
361 2181 428 2202 τι)ν
446 2165 533 2202 ἑπτὰ
548 2168 661 2217 σοφῶν
677 2165 898 2215 νομισθεὶς,
881 2179 915 2208 ος
928 2160 1029 2212 ἠλθεν
1047 2168 1092 2208 εἷς
1105 2165 1166 2211 τὴν

135 2223 177 2261 ‘il
180 2223 309 2269 λλάδα,
331 2239 384 2260 ινα
404 2223 570 2274 ἱστορήσῃ
597 2224 640 2260 τὰ
665 2226 733 2261 τῶν
760 2223 938 2269 Ἑλλήνων
960 2224 1102 2273 νόμιμα.
1127 2223 1165 2274 (5)

133 2281 274 2319 Ἰούτων
292 2281 350 2318 καὶ
361 2280 521 2332 ζ’·Ομηρος
543 2281 715 2331 μέμνηται
735 2284 768 2319 ἐν
787 2286 834 2324 οἷς
852 2297 977 2333 φησιν·

216 2359 332 2388 Μυσῶν
346 2358 372 2387 τ’
388 2357 576 2397 ἀγχεμάχων
594 2359 645 2387 ’καὶ
666 2357 789 2393 ἀγαυῶν
802 2358 1031 2397 Ιπτιημοὶγῶν,

218 2403 441 2443 Γλακτοφάγων
456 2403 551 2433 <ieiuna
568 2413 613 2440 τε,
629 2403 830 2433 δικαιοτάτων
845 2404 1021 2443 ἀνθρώπων.

143 2466 274 2508 ’afilem
289 2467 318 2503 δ’
337 2466 458 2508 αὐτοὺς
476 2466 602 2515 λέγειῆ
624 2467 678 2502 διὰ
695 2466 732 2503 τὸ
752 2469 816 2515 γῆν
832 2467 879 2516 μὴ
898 2472 1058 2517 γεωργεῖν
1075 2466 1097 2511 ἢ
1112 2466 1167 2503 διὰ

136 2525 173 2561 τὸ
192 2525 325 2566 ἀοίκους
345 2519 430 2561 εἶναι
453 2523 474 2568 ἢ
496 2523 551 2560 διὰ
569 2523 606 2560 τὸ
633 2527 782 2574 χρῆσθαι
802 2523 939 2566 τούτους
966 2524 1087 2573 μόνους
1105 2524 1166 2561 τό-

140 2582 220 2624 ξοις·
243 2582 314 2631 βιὸν
333 2581 398 2631 γὰρ
414 2581 506 2631 λέγει
522 2581 560 2618 τὸ
576 2581 680 2625 τόξον.
704 2581 741 2632 (6)
760 2581 865 2632 Παρὰ
882 2582 1010 2624 τούτοις
1029 2581 1104 2618 οὐδὲ
1121 2576 1167 2624 εἷς

138 2640 213 2677 οὔτε
239 2643 385 2691 φθονῶν,
403 2656 448 2681 ως
473 2655 588 2691 φασιν,
610 2656 684 2677 ουτε
720 2643 829 2688 μισῶν
857 2639 932 2677 οὔτε
954 2639 1162 2691 φοῧούαενος

136 2697 330 2747 ἱστορήθη
313 2695 367 2732 οιὰ
382 2713 442 2742 την
455 2700 512 2733 τοῦ
529 2697 602 2746 βίου
617 2697 797 2742 κοινότητα
809 2698 867 2735 καὶ
883 2697 1110 2743 δικαιοσυνην.
1125 2698 1152 2746 (7
1138 2700 1164 2746 7)

142 2754 340 2804 Μάγιμοιο
323 2753 351 2790 δ’
373 2769 436 2804 ου·Ι
452 2758 553 2799 ἧττον
573 2756 684 2791 αὐτῶν
706 2771 739 2791 αι
762 2760 919 2804 γυναῖκες
937 2772 958 2799 η
980 2757 1009 2791 οἱ
1032 2755 1165 2806 ἀνορες,

138 2811 195 2846 καὶ
228 2813 506 2859 συαπολεμουσιν
539 2813 651 2854 αὐτοῖς
682 2812 802 2849 ὅταν
784 2812 862 2863 οέῃ,
895 2813 952 2849 καὶ
982 2811 1039 2849 διὰ
1069 2816 1167 2849 τοῦτο

139 2869 324 2917 Ἀμαζόνας
340 2871 579 2917 γενναιοτάτοις
594 2864 692 2916 εἶναι,
709 2869 796 2907 ὥστε
815 2870 895 2907 ποτὲ
912 2870 1032 2907 ἐλάσαι
1048 2869 1168 2920 μέχρις

139 2927 285 2971 ’ΛΟ-[μῶν
299 2927 358 2962 καὶ
380 2927 535 2969 Κιλικίας
548 2957 556 2973 ,
579 2926 630 2964 ὅτι
646 2927 773 2964 τούτων
790 2928 971 2979 παρῴκουν
990 2927 1087 2978 ἐγγὺς
1107 2930 1167 2972 τῆς

140 2984 332 3026 Μαιώτιδος
353 2984 486 3033 λίμνης.

918 195 1121 233 NICOLAI
1161 195 1451 233 DAMASCEN!

1540 326 1614 356 119.
1644 323 1914 357 TRAUSIAM.

1257 401 1402 433 Causiani
1423 404 1628 440 (Translata
1646 405 1655 441 )
1682 410 1752 441 eos,
1769 402 1823 441 qni
1840 403 1870 432 in
1897 403 1998 433 lucem
2019 402 2167 439 eduntur,
2189 402 2246 433 de-

1217 460 1339 500 plorant
1353 471 1360 498 ;
1378 460 1431 500 qui
1445 462 1550 491 autem
1563 469 1579 490 e
1594 460 1658 490 vita
1671 460 1846 499 excedunt,
1864 470 1917 491 eos
1933 460 2202 499 beatosjudicant.

1598 586 1675 618 120.
1701 585 1866 620 TAURI.

1258 682 1350 712 Tauri
1364 705 1372 719 ‚
1391 690 1465 719 gens
1477 681 1620 720 Scythica
1631 706 1639 720 ‚
1654 690 1717 712 una
1730 690 1802 712 cum
1822 682 1943 721 regibus
1958 683 2090 713 mortuis
2110 682 2248 722 gratissi-

1217 749 1286 770 mos
1302 748 1444 779 quosque
1464 748 1574 770 eorum
1588 740 1705 770 amicos
1717 740 1849 771 humare
1859 740 1970 771 solent.
1987 743 2051 772 Rex
2064 749 2138 771 vero
2148 750 2248 781 quum

1217 799 1354 828 amicum
1366 797 1503 836 aliquem
1519 799 1618 827 morte
1629 797 1758 836 amittit,
1770 801 1825 829 aut
1839 801 1957 838 partem
1971 799 2122 829 auriculae
2133 800 2188 830 aut
2198 800 2248 830 to-

1218 851 1282 881 tam
1297 859 1366 881 eam
1380 850 1552 887 abscindit,
1564 851 1658 890 prout
1673 850 1805 890 dignitas
1820 851 1911 881 amici
1926 851 2040 882 mortui
2058 851 2247 882 merehatur.

1618 952 1694 983 121.
1715 950 1851 984 SINDI.

1260 1035 1344 1065 Sindi
1360 1044 1458 1075 quum
1472 1044 1653 1075 quenquam
1667 1036 1838 1075 sepeliunt,
1854 1038 1922 1066 tum
1936 1037 2014 1075 quot
2025 1036 2128 1066 hostes
2141 1035 2172 1066 in
2189 1036 2252 1065 vila

1219 1094 1387 1134 occiderit,
1409 1094 1540 1125 totidem
1565 1094 1662 1134 pisces
1678 1094 1745 1133 ejus
1763 1094 1904 1134 sepulcro
1922 1094 2074 1133 injiciunt.

1525 1211 1599 1242 122.
1631 1208 1954 1243 SAUROMATAE.

1262 1297 1457 1326 sauromatae
1473 1294 1681 1334 (Sarmaloe)
1700 1304 1753 1334 per
1768 1295 1832 1325 tres
1847 1294 1913 1325 dies
1925 1293 1995 1324 cibo
2008 1303 2041 1325 se
2061 1295 2103 1324 ita
2120 1293 2253 1331 ingurgi-

1221 1355 1306 1391 tant,
1329 1356 1363 1384 ut
1377 1354 1567 1393 repleantur.
1586 1354 1628 1392 (2)
1647 1353 1806 1383 Uxoribus
1823 1353 1853 1383 in
1876 1352 2022 1383 omnibus
2036 1352 2255 1391 obtemperant

1221 1413 1373 1451 tanquam
1391 1411 1588 1442 dominabus.
1606 1411 1648 1450 (3)
1668 1410 1786 1450 Virgini
1809 1419 1872 1441 non
1892 1410 1978 1450 prins
1994 1411 2120 1450 nuptias
2140 1418 2254 1440 conce-

1222 1469 1324 1508 dunt,
1340 1478 1435 1508 quam
1450 1469 1572 1500 bostem
1589 1468 1725 1508 aliquem
1741 1468 1941 1499 interfecerit.

1493 1565 1571 1596 123.
1596 1561 1987 1597 GALACTOPHAGI.

1263 1653 1506 1694 Galactophagi,
1525 1662 1598 1693 gens
1620 1653 1782 1693 Scythica,
1801 1654 1831 1684 in
1848 1652 1969 1684 a‘dibus
1985 1661 2047 1684 non
2064 1652 2199 1691 degunt,
2219 1653 2255 1682 ut

1223 1714 1254 1744 et
1273 1713 1413 1752 plerique
1428 1712 1480 1743 alii
1497 1713 1697 1751 Scytharum.
1713 1712 1824 1742 Victus
1847 1711 1891 1742 eis
1909 1712 1974 1742 solo
1997 1720 2151 1750 equarum
2174 1711 2255 1741 lacte.

1223 1772 1364 1808 constat,
1381 1770 1465 1802 unde
1489 1779 1596 1801 caseos
1618 1770 1808 1808 conficiunt,
1829 1771 1925 1809 atque
1943 1778 1979 1800 eo
2001 1770 2069 1800 tum
2087 1773 2161 1808 polu
2187 1770 2255 1799 tum

1224 1829 1294 1859 cibo
1323 1830 1477 1867 utuntur;
1506 1829 1613 1868 itaque
1637 1837 1701 1858 non
1725 1828 1815 1859 facile
1843 1828 1924 1858 bello
1946 1829 2146 1867 superantur,
2170 1826 2256 1867 quod

1224 1889 1420 1918 commeatus
1433 1886 1550 1926 ubique
1564 1886 1636 1926 ipsis
1652 1888 1766 1926 praesto
1785 1886 1835 1917 sit.
1853 1887 1895 1925 (2)
1913 1886 1948 1917 Hi
1963 1886 2056 1916 etiam
2078 1886 2207 1916 Darium
2227 1885 2256 1915 in

1225 1946 1329 1985 sugam
1349 1947 1518 1976 uerterunt.
1534 1946 1564 1985 (3
1568 1946 1673 1984 )Sunt
1687 1947 1794 1976 autem
1809 1944 1989 1984 justissimi,
2004 1945 2035 1975 et
2050 1945 2213 1975 facultates
2226 1946 2258 1975 tt

1225 2012 1339 2035 uxores
1358 2013 1542 2035 communes
1564 2004 1703 2035 habent:
1725 2003 1807 2034 unde
1823 2003 1904 2034 inter
1929 2011 1963 2033 se
1979 2002 2116 2033 seniores
2131 2003 2258 2040 quosvis

1225 2063 1328 2102 patres
1351 2071 1423 2093 suos
1437 2062 1770 2102 appellant,juniores
1795 2062 1895 2099 tilios,
1919 2063 1950 2092 et
1975 2060 2112 2101 aequales
2137 2061 2257 2091 fratres.

1227 2121 1271 2161 (4)
1292 2123 1337 2152 Ex
1359 2121 1405 2150 his
1423 2120 1574 2151 oriundus
1591 2120 1778 2151 Anacharsis
1800 2120 1831 2150 in
1854 2121 1972 2159 septem
1996 2119 2170 2159 sapientum
2194 2127 2255 2148 nu-

1226 2189 1313 2212 mero
1327 2179 1469 2217 habitus,
1487 2179 1541 2218 qui
1558 2179 1590 2209 in
1609 2178 1765 2210 Graeciam
1782 2178 1886 2217 venit,
1909 2179 1946 2208 ut
1967 2178 2048 2217 leges
2067 2179 2097 2208 et
2114 2177 2256 2207 instituta

1226 2241 1411 2271 Graecorum
1437 2237 1577 2268 disceret.
1606 2237 1635 2274 (5
1622 2237 1649 2275 j)
1670 2236 1812 2267 Meminit
1833 2244 1942 2266 eorum
1965 2235 2059 2266 etiam
2084 2237 2256 2272 Homerus,

1225 2295 1474 2335 ubiinquit(ll.
1495 2298 1551 2333 13,
1571 2296 1630 2333 5):

1261 2356 1356 2387 Misoi
1359 2360 1408 2380 um
1422 2352 1556 2379 cominus
1567 2351 1760 2385 pugnantium
1773 2353 1802 2378 et
1814 2350 1970 2377 illustrium
1986 2349 2254 2389 Hippomolgornni

1260 2391 1297 2416 Et
1308 2387 1544 2422 Galactophagm
1547 2394 1596 2414 um
1606 2394 1695 2421 parco
1707 2386 1853 2413 utentium
1866 2393 1882 2412 v
1887 2384 2145 2418 ictu,justissimoi
2148 2391 2196 2410 um
2209 2384 2257 2411 ho-

1992 2419 2115 2446 minum

1225 2477 1339 2512 Ἀὅίους
1357 2479 1462 2507 aulem
1479 2476 1570 2505 vocat
1590 2483 1661 2512 eos,
1684 2474 1749 2503 sive
1764 2473 1847 2512 quod
1871 2475 1988 2504 terram
2012 2481 2074 2502 non
2093 2472 2233 2502 colerent
2247 2497 2255 2506 ,

1225 2530 1290 2559 sive
1302 2527 1387 2567 quod
1400 2527 1466 2557 sine
1479 2526 1627 2557 domibus
1649 2525 1817 2563 degerent,
1835 2524 1901 2555 sive
1914 2525 2026 2562 etiam,
2044 2523 2127 2562 quod
2148 2523 2178 2553 hi
2200 2523 2254 2554 soli

1226 2589 1318 2611 arcus
1336 2581 1365 2610 in
1380 2579 1467 2610 bellis
1488 2579 1674 2617 usurparent
1691 2589 1696 2607 :
1715 2585 1807 2607 arcus
1830 2575 1913 2606 enim
1936 2577 2035 2614 poelae
2053 2576 2117 2614 βιὸς
2134 2574 2256 2604 dicitur.

1227 2634 1270 2671 (6)
1289 2632 1377 2671 Apud
1402 2632 1458 2661 hos
1471 2639 1564 2661 nemo
1580 2629 1697 2660 invidia
1726 2629 1869 2659 laborare
1891 2630 1945 2659 aut
1961 2628 2034 2658 odio
2053 2628 2183 2665 flagrare
2202 2628 2258 2657 aut

1226 2685 1310 2714 metu
1333 2682 1457 2721 porcelli
1473 2682 1581 2719 fertur,
1599 2681 1725 2720 propter
1740 2680 1813 2711 vitae
1836 2680 1927 2710 istam
1950 2678 2203 2710 communionem
2227 2679 2258 2708 et

1224 2735 1389 2774 justitiam.
1406 2734 1448 2771 (7)
1466 2731 1624 2763 bellicosa).
1638 2732 1745 2761 autem
1760 2730 1898 2769 ipsorum
1912 2739 1973 2760 non
1988 2729 2093 2761 minus
2112 2728 2259 2759 mulieres

1226 2788 1299 2817 sunt
1316 2793 1411 2825 quam
1426 2784 1483 2814 viri
1495 2808 1503 2822 ,
1519 2792 1592 2823 quae
1604 2807 1612 2820 ‚
1630 2783 1682 2813 ubi
1701 2791 1778 2813 usus
1792 2782 1848 2812 sert
1859 2806 1867 2820 ,
1883 2790 1945 2812 una
1959 2782 1989 2812 in
2003 2781 2148 2821 proelium
2163 2781 2256 2817 eunt;

1226 2838 1390 2876 propterea
1409 2836 1503 2866 etiam
1530 2837 1706 2864 Amazonas
1722 2833 1905 2864 fortissimas
1920 2841 2003 2871 esse,
2018 2832 2096 2863 adeo
2111 2833 2146 2862 ut
2164 2830 2257 2862 Atho-

1227 2896 1280 2917 nas
1294 2889 1323 2917 et
1337 2886 1367 2916 in
1384 2886 1525 2916 Ciliciam
1541 2894 1639 2923 usque
1654 2892 1823 2924 progressae
1839 2885 1900 2915 sint
1912 2883 1997 2923 qnod
2015 2883 2160 2914 videlicet
2174 2883 2184 2920 (
2197 2883 2255 2912 Ga·

1227 2938 1502 2977 laclophagorum)
1516 2938 1629 2968 horum
1651 2938 1762 2968 vicinae
1783 2937 1956 2968 habitarent
1971 2936 2062 2975 juxta
2076 2933 2255 2966 Mmotidem

1227 2988 1382 3029 paludem.

181 3093 188 3118 1
203 3092 248 3119 19.
273 3091 348 3120 Rem
364 3088 542 3119 Herodotus
555 3091 601 3127 V,
617 3092 632 3119 4
651 3092 757 3120 narrat
774 3090 812 3120 d(-
826 3091 954 3121 Transis
967 3114 974 3126 ,
992 3090 1134 3121 Thracia·
1147 3090 1248 3127 gente.
1267 3090 1371 3124 Quare
1385 3087 1466 3127 apud
1482 3088 1647 3118 Nicolaum
1661 3087 1845 3126 Τραυσιανοὶ
1860 3094 1914 3124 pro
1933 3086 2100 3116 Καυσιανοί
2115 3085 2252 3115 scriben-

136 3135 211 3164 ‹lum
226 3144 291 3165 csse
308 3135 451 3174 proponit
470 3136 618 3174 Corayns.
635 3137 683 3165 Cf.
705 3136 819 3166 Zenob.
839 3139 884 3174 V,
900 3141 955 3173 25;
975 3137 1076 3166 valer.
1092 3137 1176 3168 Max.
1193 3137 1216 3165 ΙΙ
1231 3159 1239 3172 ,
1255 3140 1272 3165 f)
1286 3159 1294 3172 ,

1319 3140 1373 3173 123
1394 3134 1544 3173 l‘orpbyr.
1567 3136 1610 3164 De
1624 3133 1737 3163 abstin.
1759 3135 1817 3170 lV,
1838 3136 1882 3163 18.

183 3185 248 3212 1·),1.
277 3182 334 3211 Pro
349 3182 433 3220 ἰχθῦς
448 3181 597 3215 (Ἀθήνη,
617 3182 766 3220 probante
783 3184 904 3221 Cot-ayo
917 3207 925 3219 ‚
943 3182 1139 3220 improbante
1160 3184 1293 3221 Orelli0‚
1311 3183 1366 3221 legi
1383 3183 1480 3213 voluit
1495 3182 1603 3215 λίθους.
1622 3180 1726 3217 Sindi,
1741 3188 1815 3217 gens
1829 3179 1986 3218 Scythica.

182 3231 245 3257 12⁹..
272 3227 321 3258 Cf.
339 3227 487 3258 Herodot.
509 3229 569 3263 lV,
588 3231 655 3258 117.

183 3277 247 3303 12ἕί.
273 3274 319 3304 Ct‘.
341 3273 522 3312 Hippocrat.
542 3274 619 3303 tom.
641 3276 711 3312 l,1=.
733 3276 768 3304 84
787 3273 832 3303 ed.
849 3276 960 3312 Coray.
974 3298 981 3311 ‚
1000 3275 1139 3305 llerodot
1173 3276 1213 3305 lV

468 3319 502 3348 τὸ
524 3319 608 3354 τόξοκΙ
631 3319 658 3348 in
690 3319 827 3358 margine
845 3320 935 3350 habet
955 3320 1051 3350 codex
1079 3321 1250 3356 lun-isium,
1276 3320 1378 3350 omisit
1405 3319 1526 3354 'l‘rin‹·..;
1545 3317 1684 3347 scholion
1713 3317 1850 3347 redolent
1869 3316 2054 3347 Gaissordio.
2080 3317 2124 3346 Cl'.
2144 3315 2249 3354 Slepli.

137 3320 240 3354 tibio-³3
257 3319 281 3349 δ’
299 3319 442 3354 αὐτοὺς...

138 3367 210 3403 llys..
228 3375 255 3395 v.
274 3366 377 3396 Ἅῧιοι.
400 3379 412 3391 ν
430 3367 669 3395 ers'ranmm'x.

1231 3300 1238 3312 ,
1259 3278 1395 3311 59-76,
1414 3272 1526 3303 Strabo
1545 3273 1622 3308 Vll,
1650 3281 1678 3310 p.
1700 3276 1757 3301 29ιὶ
1773 3271 1878 3310 ibique
1903 3272 2029 3308 interpr.
2061 3289 2099 3294 -
2115 3283 2127 3295 ιι
2150 3270 2251 3300 Verba
