2338 3765
131 197 205 228 428

130 279 357 322 κατοικοῦσιν,
378 275 462 327 ὑπέρ
481 292 517 313 τε
537 275 593 312 τὸν
618 276 735 314 Ἰόνιον
759 276 880 314 πόντον
901 277 959 314 καὶ
978 280 1021 314 τὰ
1048 278 1163 316 Ἰλλυ-

131 335 210 382 ριῶν
236 333 336 382 γένη·
370 333 576 375 Παννονίους
605 333 725 376 αὖτοὺς
750 333 808 371 καὶ
828 334 945 377 Δάκας
973 337 1012 387 (6)
1037 338 1165 374 καλοῦ-

132 406 196 428 σιν.
224 390 354 435 Ζήτει
374 393 415 428 ἐν
437 393 491 442 τῷ
513 390 623 442 Περὶ
644 392 1085 443 ἀνδραγαθημάτων.

184 450 232 485 ll.
257 449 344 500 Περὶ
378 449 418 493 δὴ
446 448 565 486 τούτου
597 452 654 485 τοῦ
682 449 802 500 ἀνδρὸς
829 450 1022 502 φρονήσεώς
1050 468 1085 488 τε
1104 451 1162 488 καὶ

128 508 251 557 ἀρετῆς
274 506 372 557 ἰσχὺν
398 506 502 550 δεῖξαι
536 507 660 544 ὁπόσον
689 507 850 554 δύναται,
875 509 918 546 τὰ
949 509 1009 559 μὲν
1034 512 1072 547 ἐκ
1102 513 1163 556 τῆς

128 564 431 610 πολιτείαςῆντινα
451 567 485 602 ἐν
504 568 545 616 τῇ
559 566 700 616 πατρίδι
720 566 984 617 ἐπολιτεύσατο,
1005 567 1047 605 τὰ
1064 567 1098 605 δὲ
1121 563 1160 616 (ι)

126 622 215 660 κατὰ
260 624 468 675 στρατηγίας
509 625 667 674 μεγάλ’ων
713 624 873 673 πολέμων
915 626 1092 678 ἐγχωρίων
1126 642 1161 663 τε

125 682 182 718 καὶ
200 682 404 728 ἀλλοεθνῶν,
425 681 605 733 ἀγώνισμα
623 682 684 731 μὲν
706 682 894 734 ἀνθρώποις
911 685 1090 734 πρόκειται
1106 683 1160 721 λέ-

126 754 196 787 γειν
211 739 268 776 καὶ
283 739 441 791 γράφειν,
457 742 502 782 ὡς
518 739 558 777 ἂν
575 741 786 790 εὐδοκιμοῖεν
803 742 844 791 (2)
862 743 895 778 ἐν
906 744 1023 784 καλοῖς
1040 742 1159 793 ἔργοις.

127 797 262 840 Καύτὸς
281 797 309 834 δ’
329 797 556 849 ἀφηγήσομαι
577 798 621 835 τὰ
641 799 889 850 πεπραγμένα,
918 799 951 843 ἐξ
968 794 1014 837 ὧν
1038 795 1105 837 οἶόν
1125 816 1161 837 τε

940 858 965 873 “5

125 857 251 903 γνῶναι
272 855 430 903 σύμπασι
449 855 511 901 τὴν
533 855 709 901 ἀλήθειαν.
734 857 905 907 Πρότερον
937 872 953 894 0
991 859 1093 894 αὐτοῦ
1124 857 1162 894 τό

123 928 159 949 τε
176 913 271 963 γένος
288 913 429 962 διέξειμι
446 914 505 952 καὶ
531 914 592 959 τὴν
615 914 726 967 φύσιν,
744 916 820 957 τούς
837 931 873 952 τε
899 914 1062 964 γεννητὰς
1074 946 1083 964 ,
1101 917 1160 966 ἀφ’

123 966 170 1008 ὧν
189 966 247 1021 ἦν,
268 971 329 1017 τήν
350 972 378 1009 τ’
401 973 444 1023 (3)
468 975 506 1009 ἐκ
523 974 646 1018 νηπίου
667 973 795 1024 τροφήν
823 989 859 1009 τε
882 974 940 1010 καὶ
966 973 1159 1022 παίδευσιν,

123 1025 147 1081 ᾗ
165 1030 383 1081 χρησάμενος
397 1031 538 1068 τοσόσδε
556 1031 700 1081 ἐγένετο.
720 1031 843 1082 Πατὴρ
860 1029 920 1079 μὲν
937 1027 993 1068 οὖν
1009 1026 1048 1077 ἦν
1069 1032 1161 1083 αὐτῷ

124 1089 226 1130 Γάιος
247 1088 467 1135 Ὀκταούϊος,
495 1087 580 1141 ἀνὴρ
613 1091 679 1126 τῶν
711 1091 748 1125 ε’ν.
776 1092 835 1132 τῆς
868 1089 1075 1138 συγκλήτου.
1115 1091 1160 1127 Οἱ

123 1147 152 1184 δ’
173 1148 276 1184 αὐτοῦ
292 1146 469 1198 πρόγονοι,
487 1147 576 1184 κατοί
594 1163 629 1183 τε
647 1148 792 1184 πλοῦτον
807 1147 864 1184 καὶ
886 1147 1071 1184 ἐπιείκειαν
1086 1149 1159 1184 ὀνο-

124 1205 335 1254 μαστότατοι
351 1205 526 1255 γενόμενοι
544 1206 605 1256 (4),
626 1207 763 1258 ὀρφανῷ
784 1205 854 1242 ὄντι
875 1204 993 1256 ἐκείνῳ
1016 1204 1059 1242 τὰ
1073 1205 1159 1256 χρή-

125 1279 220 1311 ματα
241 1264 416 1301 ἐλίποντο·
441 1265 504 1314 [οἱ]
526 1264 759 1306 καταστάντες
782 1265 811 1300 δ’
839 1263 1017 1313 ἐπίτροποι
1044 1268 1153 1300 ταῦτα

122 1321 346 1373 διεφόρησαν·
375 1324 392 1358 ὁ
417 1322 451 1358 δὲ
472 1324 539 1359 τῶν
565 1321 649 1373 πρὸς
674 1321 795 1364 αὐτοὺς
822 1321 961 1358 δικαίων
988 1321 1159 1366 ἀποστὰς,

122 1385 191 1422 τοῖς
208 1380 472 1432 περιλειφθεῖσιν
493 1382 644 1431 ἠρκεῖτο.

175 1440 246 1476 ΠΙ.
268 1437 354 1477 “On
380 1441 520 1489 Καῖσαρ
540 1437 617 1489 περὶ
635 1437 732 1475 ἐννέα
749 1437 808 1483 ἔτη
828 1437 980 1486 μάλιστα
1001 1437 1158 1488 γεγονὼς,

120 1496 237 1546 Θαῢμά
253 1511 289 1532 τε
306 1497 342 1533 οὔ
362 1496 482 1547 μικρὸν
501 1496 656 1547 παρέσχε
675 1495 883 1545 Ῥωμαίοις,
904 1495 1036 1546 φύσεως
1054 1495 1159 1546 ἀκρό-

121 1570 208 1601 τητα
227 1554 385 1601 δηλώσας
403 1557 436 1592 ἐν
452 1556 565 1606 τοιᾷδε
583 1554 717 1606 ἡλικίᾳ,
735 1554 794 1591 καὶ
811 1559 880 1596 τοῖς
898 1554 1041 1605 ἀνδράσι
1056 1553 1160 1596 πολὺς

121 1613 290 1663 ἐγγίνεται
315 1612 454 1664 Οόρυὲος
480 1615 514 1650 ἐν
545 1613 664 1664 πολλῷ
685 1612 795 1661 ὁμίλῳ
815 1613 1065 1662 δημηγοροῦντι
1104 1613 1157 1662 (1).

123 1670 375 1717 ἈποΟανούσ-ης
411 1671 439 1706 δ’
471 1671 564 1721 αὐτῷ
597 1673 656 1715 τῆς
694 1673 817 1715 τηθῆς,
855 1669 949 1720 παρὰ
974 1672 1016 1720 τῇ
1053 1669 1159 1720 μητρὶ

121 1727 279 1780 ἐτρέφετο
298 1727 431 1779 Ἀντία,
454 1728 512 1764 καὶ
532 1730 580 1779 τῷ
600 1727 727 1772 ταύτης
748 1727 843 1777 ἀνδρὶ
872 1727 1043 1778 Φιλίππῳ
1068 1730 1158 1764 Λευ·

120 1785 204 1837 κίῳ,
225 1785 258 1828 ὃς
275 1780 315 1831 ἦν
333 1786 498 1833 ἀπόγονος
518 1788 583 1821 τῶν
606 1785 663 1822 τὸν
687 1785 872 1823 Μακεδόνα
894 1784 1074 1823 Φίλιππον
1100 1801 1159 1822 κε-

120 1846 341 1894 χειρωμένων
363 1845 421 1893 (2).
448 1843 552 1894 Παρὰ
570 1843 610 1889 ’δὴ
632 1847 680 1894 τῷ
702 1843 874 1893 Φιλίππῳ
900 1845 916 1879 ὃ
938 1846 1098 1896 Καῖσαρ,
1116 1846 1159 1886 ὡς

118 1901 213 1953 παρὰ
243 1902 366 1953 πατρὶ,
393 1902 597 1953 τρεφόμενος
628 1901 759 1947 πολλὴν
796 1901 979 1954 ὑπέφαινεν
1013 1902 1156 1948 ἐλπίδα,

121 1961 186 2006 ἥδη
203 1976 239 1997 τε
262 1961 307 2012 (3)
326 1960 498 2009 ἀξιότιμος
512 1960 570 1997 καὶ
589 1966 656 2003 τοῖς
676 1960 785 2006 ἥλιξιν
807 1960 963 2012 ἐφαίνετο
980 1966 1048 2002 τοῖς
1064 1961 1159 2009 εὖγε-

119 2019 292 2062 νεστοίτοις
308 2018 430 2056 παισί·
447 2019 506 2056 καὶ
522 2018 690 2069 συνῄεσαν
705 2018 788 2070 πρὸς
805 2018 907 2056 αὐτὸν
927 2020 1158 2068 παμπληθεῖς,

119 2079 179 2114 οὐκ
204 2077 312 2127 ὀλίγοι
333 2076 368 2114 δὲ
397 2077 456 2114 καὶ
485 2080 551 2114 τῶν
576 2076 776 2123 νεανίσκων,
802 2071 850 2119 οἷς
869 2076 906 2114 τὸ
933 2077 1095 2128 πράττειν
1117 2075 1159 2112 δι’

121 2136 255 2178 ἐλπίδος
274 2130 330 2181 ἦν.
347 2135 582 2186 Προῦπεμπον
599 2136 633 2172 δὲ
652 2135 754 2172 αὐτὸν
774 2135 977 2185 πάμπολλοι
991 2134 1159 2185 ὁσημέραι

120 2193 177 2230 καὶ
199 2193 416 2244 μειρακίσκοι
432 2193 491 2230 καὶ
513 2193 629 2245 ἄνδρες
646 2193 704 2230 καὶ
720 2193 836 2239 ἥλικες
855 2194 994 2239 παῖδες,
1016 2192 1081 2229 εἴτε
1102 2195 1155 2244 ἐφ’

920 193 1124 231 MCOLA!
1155 194 1444 232 DAMASCEM

1226 285 1368 315 habitant
1385 287 1415 315 et
1430 294 1523 324 supra
1536 294 1623 317 mare
1638 286 1758 317 lonium
1772 310 1781 325 ,
1799 287 1831 318 et
1845 287 1978 327 lllyricae
1991 288 2118 328 originis
2129 290 2255 329 gentes,

1223 352 1300 382 quos
1319 344 1495 374 Pannonios
1512 345 1543 374 et
1567 345 1666 374 Dacas
1685 345 1805 386 ⁴vocant
1817 369 1826 384 ,
1846 354 1956 376 omnes
1973 347 2109 385 pacavit.
2137 349 2257 384 Quoere

1211 401 1245 429 in
1260 401 1436 440 Excerpsis
1453 401 1493 432 (Ie
1509 401 1608 432 rebus
1619 400 1765 441 sortiter
1780 403 1894 440 qestis.

1263 443 1309 489 11.'
1320 461 1377 489 Hic
1391 458 1437 489 vir
1450 460 1606 498 quantum
1620 459 1800 498 praestiterit
1816 459 1931 492 virtute
1944 462 1976 492 et
1988 460 2172 500 prudentia,
2184 469 2256 501 quae

1222 542 1321 573 quum
1339 533 1423 564 domi
1444 534 1475 564 in
1488 533 1757 566 administratione
1771 535 1952 575 reipublicae
1969 538 2038 567 tum
2053 537 2126 568 soris
2142 537 2174 568 in
2195 537 2256 569 dif-

1222 608 1369 639 ficillimis
1389 609 1478 640 bellis
1494 610 1526 640 et
1552 609 1697 640 civilibus
1716 612 1748 641 et
1771 611 1910 642 externis
1932 611 2055 650 eluxit,
2074 611 2167 644 dictis
2180 613 2255 644 scri-

1222 684 1346 724 ptisque
1362 685 1508 724 prosequi
1526 685 1657 716 materia
1670 685 1800 725 ingeniis
1812 686 1971 726 proposita
1985 688 2034 717 est
2047 673 2158 718 eorum
2171 710 2179 725 ,
2203 689 2257 728 qui

1222 759 1409 790 celebrando
1423 760 1574 799 praeclara
1593 760 1675 791 facta
1690 760 1746 800 ipsi
1762 761 1894 800 gloriam
1908 761 1966 793 sibi
1980 770 2091 802 parare
2115 763 2257 804 cupiant.

1221 837 1285 874 Ego
1299 844 1374 866 vero
1391 845 1439 866 res
1451 836 1519 874 ejus
1540 836 1643 874 gestas
1667 835 1711 866 ita
1727 837 1880 868 enarrabo
1893 861 1901 875 ‚
1926 839 1961 868 ut
1977 846 2089 869 verum
2111 840 2260 872 omnibus

1221 912 1335 951 pateat.
1355 911 1495 942 Primum
1516 911 1609 950 igitur
1631 910 1796 950 degenere
1814 912 1882 951 ejus
1901 913 1997 952 atque
2010 913 2116 945 indole
2135 913 2258 953 dicam,

1221 986 1274 1025 qui
1292 986 1359 1024 ejus
1376 987 1520 1025 parentes
1538 995 1576 1016 ac
1591 995 1662 1025 quae
1680 995 1698 1017 a
1719 987 1822 1026 prima
1846 989 1943 1019 aetate
1959 988 2055 1020 fuerit
2080 989 2237 1021 institutio
2250 1013 2259 1028 ,

1222 1063 1313 1100 cujus
1326 1061 1478 1092 beneflcio
1488 1063 1597 1092 tantus
1609 1061 1811 1101 postmodum
1827 1063 1874 1094 vir
1884 1064 1997 1095 evasit.
2013 1065 2106 1096 Pater
2121 1064 2150 1096 ei
2166 1066 2263 1096 Octa·

1221 1138 1290 1169 vius
1307 1138 1453 1168 senatorii
1471 1137 1529 1168 fuit
1546 1137 1683 1177 ordinis,
1699 1138 1750 1169 cui
1767 1147 1867 1178 quum
1885 1139 2021 1178 maJ'ores
2043 1141 2074 1171 et
2095 1139 2208 1180 opibus
2229 1142 2261 1172 et

1221 1213 1370 1252 aequitate
1384 1213 1504 1243 nobiles
1521 1213 1677 1253 impuberi
1690 1213 1794 1244 adhuc
1807 1222 1874 1244 rem
1901 1214 2121 1254 reliquissent,
2140 1216 2171 1246 et
2189 1223 2259 1246 eam

1220 1290 1340 1320 tutores
1357 1289 1573 1328 dissipassent,
1588 1289 1652 1329 ipse
1663 1288 1715 1328 jus
1739 1298 1834 1320 suum
1847 1289 1907 1321 illis
1926 1289 2108 1329 remittens,
2131 1290 2262 1322 residuis

1221 1367 1389 1396 contentus
1403 1365 1493 1396 vixit.

1263 1446 1317 1475 ΙΙΙ.
1343 1447 1468 1474 Annum
1492 1443 1594 1474 aetatis
1620 1443 1745 1474 circiter
1771 1453 1891 1475 nonum
1921 1453 2015 1483 agens
2044 1446 2150 1476 Caesar
2175 1445 2261 1477 haud

1221 1501 1371 1532 mediocri
1396 1501 1595 1532 admirationi
1614 1501 1671 1532 fuit
1694 1501 1862 1539 Romanis,
1879 1502 1995 1541 quippe
2017 1503 2072 1541 qui
2089 1502 2119 1532 in
2137 1502 2262 1533 tantilla

1222 1562 1314 1591 aetate
1325 1560 1455 1599 egregiae
1470 1559 1581 1590 indolis
1593 1560 1764 1598 specimina
1778 1559 1902 1598 ederet,
1921 1559 1964 1590 ita
1985 1560 2020 1590 ut
2036 1561 2066 1591 et
2083 1559 2122 1590 ab
2142 1560 2261 1591 adultae

1221 1618 1323 1648 {etatis
1345 1618 1421 1649 viris
1445 1618 1621 1648 orationem
1649 1617 1768 1648 hahens
1794 1617 1834 1648 ad
1856 1618 2093 1649 multitudinem
2118 1620 2259 1650 maximo

1221 1676 1373 1715 applausu
1398 1675 1607 1715 acciperetur.
1635 1677 1732 1705 Porro
1761 1676 1886 1705 mortua
1911 1676 1982 1705 avia
2009 1676 2132 1714 (Julia)
2148 1676 2258 1707 educa-

1221 1734 1274 1763 tus
1288 1734 1335 1763 est
1357 1733 1439 1772 apud
1460 1733 1562 1764 Atiam
1577 1734 1711 1763 matrem
1726 1734 1756 1763 et
1770 1734 1806 1763 L.
1825 1733 2005 1772 Philippum
2019 1733 2168 1764 vitricum
2185 1747 2191 1765 :
2207 1734 2260 1774 qui

1222 1791 1349 1830 quidem
1363 1791 1514 1829 originem
1529 1790 1568 1821 ab
1586 1790 1622 1821 iis
1634 1790 1784 1828 ducebat,
1796 1790 1850 1830 qui
1865 1790 2041 1830 Philippum
2056 1790 2259 1822 Macedonem

1221 1850 1457 1889 superaverant.
1485 1848 1576 1888 Apud
1593 1848 1677 1879 bunc
1693 1849 1781 1878 velut
1805 1848 1941 1878 alterum
1961 1850 2082 1887 patrem
2105 1848 2259 1879 educatus

1222 1910 1326 1939 Caesar
1342 1907 1514 1938 maximam
1529 1916 1615 1946 spem
1630 1906 1814 1937 ostendebat
1826 1930 1836 1945 ,
1847 1906 1979 1946 Jamque
1992 1908 2060 1937 tum
2080 1906 2120 1937 ab
2135 1907 2260 1946 aequali-

1220 1967 1280 1997 bus
1298 1966 1361 1996 suis
1374 1991 1382 2005 ,
1400 1966 1505 2006 pueris
1521 1965 1724 1996 nobilissimis
1736 1989 1744 2004 ‚
1761 1965 1934 1996 colebatur.
1951 1964 2218 2004 Adjungehantse
2231 1965 2260 1996 ei

1220 2024 1366 2064 plurimi,
1383 2025 1465 2055 inter
1477 2017 1556 2064 quos
1570 2027 1601 2055 et
1622 2023 1836 2054 adolescentes
1853 2032 1916 2054 non
1939 2024 2029 2062 pauci
2043 2047 2051 2062 ,
2071 2023 2188 2063 quibus
2203 2031 2257 2053 ca-

1221 2083 1381 2122 pessendae
1409 2082 1593 2122 propediem
1629 2081 1810 2121 reipublicae
1847 2090 1917 2121 spes
1944 2083 2031 2120 erat,
2057 2090 2094 2112 ac
2118 2080 2260 2121 quotidie

1222 2142 1359 2172 maxima
1376 2141 1553 2180 frequentia
1564 2143 1718 2179 juvenum
1735 2149 1772 2170 ac
1788 2139 1928 2170 virorum
1949 2141 1981 2170 et
1995 2139 2165 2178 aequalium
2178 2147 2257 2178 pue-

1222 2207 1326 2227 rorum
1342 2197 1569 2235 deducebatur,
1589 2197 1654 2228 sive
1667 2198 1844 2237 equitatum
1867 2199 1955 2227 extra
1969 2197 2082 2228 urbem
2098 2196 2256 2236 prodiret,

120 2305 154 2333 ln
169 2303 274 2333 codice
298 2304 366 2333 herc
380 2313 444 2333 vox
458 2304 570 2343 legitur
584 2305 653 2343 post
676 2304 839 2343 ἄνθρωποι.
858 2305 1131 2341 Transposuerunt
1148 2310 1216 2331 eam
1239 2301 1382 2332 Valesius
1395 2302 1426 2331 et
1440 2302 1593 2339 corayus.
1614 2321 1654 2327 .-
1674 2305 1702 2332 5
1725 2299 1848 2339 ἐντὸς]
1867 2301 1992 2339 Vales.;
2012 2300 2042 2330 ἐν
2059 2303 2121 2335 τοῖς
2142 2299 2255 2331 codex.

118 2366 158 2371 —
172 2353 200 2379 6.
218 2349 367 2389 Δάκας]
385 2349 526 2380 Meminit
542 2349 634 2387 hujus
647 2349 707 2379 loci
722 2348 943 2388 Bernhardyus
957 2348 996 2378 ad
1012 2348 1137 2387 Olonys.
1158 2347 1275 2387 Perieg.
1293 2351 1350 2378 305
1362 2370 1370 2385 ,
1387 2355 1417 2386 p.
1437 2350 1514 2386 593,
1539 2347 1578 2377 de
1594 2347 1716 2377 ratione
1740 2347 1920 2386 disputans,
1941 2355 2002 2386 qua
2019 2348 2120 2377 Dacas
2139 2355 2157 2376 a
2171 2346 2259 2378 Getis

119 2396 251 2426 Romani
265 2396 475 2426 distinxerint.

161 2445 209 2481 ll,
229 2446 253 2473 1.
269 2442 326 2482 δὲ]
343 2442 433 2472 omis.
450 2441 559 2471 codex.
577 2459 616 2466 --
636 2445 664 2471 2.
684 2441 772 2471 εὐδο
784 2439 963 2480 κιμοῖεν]
979 2448 996 2470 e
1012 2438 1095 2477 conj.
1114 2439 1245 2478 Corayi3
1263 2439 1432 2478 εὐδοκιμεῖν
1449 2438 1561 2469 codex.
1580 2457 1621 2461 -
1637 2442 1664 2470 3.
1683 2438 1727 2479 τ’]
1745 2447 1809 2469 om.
1825 2438 1936 2469 codex.
1952 2456 1994 2461 —
2007 2441 2035 2469 4.
2055 2438 2102 2470 Cf.
2121 2440 2252 2470 Suetou.

120 2491 232 2519 octav.
248 2497 277 2518 c.
295 2493 311 2517 3
329 2500 336 2518 ι
353 2490 388 2518 C.
413 2489 572 2518 Octavius
590 2496 611 2517 a
630 2488 800 2526 principio
817 2488 934 2517 celatis
949 2488 981 2516 et
1004 2494 1041 2515 rc
1067 2486 1099 2515 ct
1117 2486 1370 2515 emisle'malimm
1394 2493 1517 2523 maqna
1532 2484 1646 2523 suit...
1674 2485 1803 2523 Amplis
1823 2486 2020 2515 ‘innutritus
2037 2483 2175 2523 opruS,
2197 2483 2255 2514 Ιιο-

122 2544 216 2567 nores
244 2537 278 2565 cl
296 2534 442 2573 adeptus
460 2534 635 2572 ousae-ile
652 2535 683 2563 et
704 2535 834 2571 (Ἧι-(ψῃ)
853 2532 1128 2563 administravit.
1157 2534 1236 2568 Quae
1256 2530 1295 2561 de
1311 2530 1469 2561 tutoribus
1485 2530 1551 2569 ejus
1572 2540 1603 2561 n.
1622 2530 1642 2561 l.
1668 2531 1825 2570 leguntur,
1843 2530 1969 2561 aliunde
1985 2539 2047 2561 non
2073 2531 2147 2561 nota
2169 2531 2253 2561 sunt.

120 2582 298 2613 Articulum
316 2582 344 2610 οἱ
363 2582 436 2610 ante
453 2580 659 2614 καταστάντες
677 2579 803 2617 addidit
824 2581 977 2618 Corayus.

163 2631 225 2665 ill,
255 2632 281 2658 1.
311 2625 625 2666 δημηγοροῦντι]
650 2638 664 2652 «
684 2625 831 2663 intelligit
856 2625 922 2655 sine
941 2625 1038 2655 dubio
1066 2624 1239 2654 orationem
1260 2622 1444 2660 funebrem,
1464 2632 1558 2662 quam
1586 2625 1744 2661 Augustus
1769 2622 1902 2653 vixdum
1925 2622 2074 2653 decennis
2090 2621 2201 2652 hahuit
2222 2621 2253 2652 in

124 2675 232 2707 rostris
248 2674 288 2705 de
307 2674 453 2704 laudibus
468 2673 548 2703 avioe
566 2673 658 2703 Juliae
672 2684 680 2711 ;
695 2672 734 2703 de
751 2680 815 2711 qua
831 2681 864 2702 re
880 2671 924 2702 sic
942 2674 1111 2702 Suetonius
1127 2672 1239 2701 Ortav.
1259 2673 1275 2699 8
1295 2682 1302 2700 ι
1323 2669 1529 2705 Quadrimus
1541 2672 1675 2708 patrem
1701 2671 1838 2708 (ιιηὶςῖί,
1865 2669 2104 2700 duodecimum
2120 2676 2255 2700 annum

121 2731 225 2763 (tyens
254 2723 369 2751 αυὶιιηι
397 2721 529 2751 ,ΙιιΙὶαηι
558 2719 757 2755 (Iesanclam
771 2718 838 2758 'pro
856 2720 1008 2749 concione
1025 2718 1194 2749 laudarit.
1214 2719 1294 2755 Lege
1315 2715 1480 2746 decimum
1499 2724 1632 2746 annum
1649 2725 1751 2755 aqrns
1774 2726 1814 2747 ex
1842 2718 2035 2747 Damasceno
2060 2718 2178 2746 nostro.
2204 2714 2256 2746 Sic

124 2768 268 2800 ’l'iherius
288 2775 401 2796 novem
421 2768 514 2796 uatus
530 2774 628 2796 annos
644 2765 829 2795 defunctum
846 2766 965 2803 patrem
981 2774 1035 2803 pro
1052 2764 1165 2794 nostris
1182 2763 1341 2801 laudavit,
1356 2765 1435 2793 toste
1455 2763 1616 2793 Suetonio.
1638 2776 1652 2790 »
1670 2766 1834 2795 Vani-:Slus
1857 2766 1918 2803 ligo
1936 2762 2076 2795 suetonii
2093 2763 2162 2793 loco
2178 2761 2254 2793 nihil

123 2812 309 2843 mutandum
328 2820 393 2841 esse
410 2820 532 2841 censeo.
553 2813 631 2841 Nam
652 2810 789 2849 primum
807 2819 879 2840 cum
898 2819 934 2840 eo
953 2811 1025 2840 facit
1039 2810 1271 2846 Quinctilianus
1288 2810 1342 2839 ΧΗ
1356 2832 1364 2846 ,
1382 2814 1399 2839 (ἱ
1411 2832 1418 2845 ,
1437 2813 1446 2838 1
1468 2821 1474 2839 :
1501 2812 1617 2839 δαῆναι·
1634 2811 1806 2847 Achuslus
1824 2808 2001 2839 duodecim
2019 2809 2124 2838 naeus
2146 2815 2254 2838 annos

121 2862 238 2891 aviam
258 2867 323 2899 pro
345 2860 465 2887 rostris
487 2857 656 2888 lamlcwit.
676 2857 795 2889 Deinde
815 2857 889 2887 salis
905 2856 962 2887 sibi
979 2859 1100 2888 constat
1123 2857 1291 2887 Suetonius
1311 2864 1440 2893 pergens
1465 2856 1548 2885 hunc
1576 2855 1607 2885 in
1627 2856 1756 2885 modum
1777 2868 1784 2886 :
1806 2855 2038 2892 Quadriennio
2055 2856 2147 2893 post,
2178 2855 2254 2893 toqa

124 2906 216 2936 virili
235 2906 373 2942 sumpla
391 2906 457 2941 (au.
479 2905 515 2934 49
533 2912 560 2933 a.
581 2903 657 2939 C.),
671 2902 881 2932 mililarilms
896 2902 994 2932 donis
1011 2901 1184 2940 lrizcniplto
1203 2904 1346 2932 Caesaris
1364 2902 1528 2941 sifi-ivano
1545 2902 1600 2940 (an
1628 2904 1666 2933 46
1680 2911 1708 2933 a.
1725 2903 1781 2939 C.)
1797 2901 1944 2932 donatus
1959 2904 2027 2939 σει,
2045 2908 2255 2941 quamquam.

122 2958 241 2991 expers
258 2949 335 2980 belle·
355 2953 495 2987 propser
512 2952 650 2980 (malem
672 2949 730 2987 (ef.
753 2949 852 2979 Nicol.
872 2958 899 2978 c.
922 2950 970 2987 (3).
991 2952 1079 2978 Anno
1098 2957 1171 2977 vero
1192 2950 1229 2977 4ss
1247 2956 1275 2977 a.
1296 2949 1332 2979 C.
1352 2949 1502 2979 Octavius
1519 2949 1632 2987 (natus
1647 2949 1697 2979 die
1715 2953 1751 2978 23
1770 2948 1947 2987 septembr.
1967 2951 2005 2978 63
2028 2956 2056 2977 a.
2082 2947 2137 2984 C.)
2156 2954 2254 2977 annos

122 2997 257 3028 sedecim
272 2998 364 3026 natus
377 2998 440 3025 erat
457 3019 464 3033 ,
479 2996 557 3026 adeo
577 2998 611 3026 ut
625 2997 798 3025 oratioiwm
815 2995 959 3025 habuisse
974 2995 1087 3025 dein-at
1101 3003 1199 3024 annos
1213 2996 1306 3024 natus
1319 2995 1496 3025 duodecim.
1517 2996 1612 3033 igitur
1626 2995 1650 3025 si
1674 2995 1838 3026 funebrem
1860 2995 1950 3025 istam
1967 2995 2141 3024 orationem
2161 2993 2251 3024 Nico-

89 3049 94 3053 '
123 3045 191 3075 laus
203 3051 330 3083 quoque
346 3043 499 3072 uitelli—xit
512 3067 519 3081 ,
531 3043 615 3081 quod
631 3042 809 3072 addubitari
826 3052 836 3071 ι
847 3043 877 3072 ix
893 3044 991 3080 potest
1003 3067 1011 3079 ‚
1026 3042 1064 3071 de
1079 3050 1160 3071 {inno
1173 3050 1236 3079 quo
1250 3041 1398 3072 defuncta
1412 3043 1450 3072 sit
1461 3043 1543 3073 Julia
1554 3065 1562 3079 ‚
1578 3042 1668 3072 aliter
1683 3042 1792 3072 statuit
1809 3043 1864 3072 aut
1879 3041 2024 3071 adulandi
2046 3047 2140 3069 causa
2153 3039 2254 3070 sciens

124 3101 233 3123 verum
247 3092 388 3128 ignorare
401 3090 511 3126 voluit,
523 3092 589 3127 (rut,
603 3090 687 3128 quod
703 3089 820 3125 malim,
837 3089 1000 3125 legendum
1019 3102 1024 3118 :
1040 3089 1105 3127 περὶ
1121 3088 1235 3117 ἕνδεκα.
1248 3105 1289 3109 -
1302 3090 1330 3116 2.
1346 3100 1359 3113 ιι
1374 3091 1419 3118 An
1435 3088 1538 3127 potius
1552 3089 1671 3127 Περσέα
1681 3087 1881 3118 scribendum
1897 3087 1966 3117 est?
1982 3085 2104 3116 Etenim
2117 3087 2155 3120 Q.
2171 3085 2252 3115 Mar-

122 3139 191 3169 cius
204 3141 237 3169 L.
254 3140 285 3168 F.
302 3137 463 3176 Philippus
478 3136 595 3166 bellum
611 3136 700 3173 gessit
717 3144 788 3164 <zum
806 3138 915 3165 Perseo
948 3134 1152 3165 Macedonum
1170 3143 1256 3172 rege,
1269 3137 1299 3165 et
1314 3135 1436 3166 facilem
1452 3134 1613 3165 victoriam
1628 3134 1752 3165 AEmilio
1769 3133 1874 3164 Paullo
1887 3132 2060 3163 successori
2076 3131 2214 3161 tradidit.
2233 3143 2247 3156 υ

123 3189 289 3217 vitemus.
310 3186 349 3215 At
363 3183 498 3213 cundem
524 3184 676 3213 Marcium
705 3179 958 3219 Philippumjam
984 3181 1113 3219 Philippi
1138 3181 1215 3218 rogis
1230 3181 1424 3220 temporibus
1441 3181 1471 3211 in
1490 3180 1702 3212 Macedoniani
1725 3179 1863 3217 legatum
1880 3187 1946 3209 esse
1961 3179 2085 3208 constat
2109 3184 2145 3207 ex
2165 3176 2251 3207 Livio

123 3234 269 3269 xxxix,
282 3233 332 3261 48.
354 3232 406 3260 xi.
418 3253 426 3268 ‚
443 3234 470 3259 2.
487 3234 514 3259 3.
545 3232 588 3259 De
616 3232 722 3259 nostro
739 3229 879 3267 Philippo
905 3230 958 3264 (L.
974 3228 1091 3257 Marcio
1109 3229 1140 3257 1..
1160 3229 1179 3257 f.
1195 3251 1202 3265 ‚
1219 3230 1257 3263 Q.
1274 3237 1305 3258 n.
1318 3252 1325 3263 ,
1339 3228 1518 3267 Philippo),
1537 3227 1590 3265 qui
1603 3227 1719 3257 Attiam
1733 3226 1860 3256 viduam
1875 3233 2005 3255 uxorem
2019 3223 2130 3261 duxit,
2144 3231 2176 3252 v.
2192 3222 2251 3253 Dio

126 3282 227 3317 XLV,
263 3283 295 3315 1;
324 3277 463 3315 Veltejus
491 3278 515 3307 ΙΙ
530 3301 538 3314 ,
563 3280 619 3313 59,
653 3280 691 3313 3;
719 3276 829 3305 Cic-vro
854 3275 989 3313 Philipp.
1022 3277 1060 3305 ΙΙΙ
1075 3298 1083 3312 ,
1108 3280 1125 3303 (3
1139 3298 1146 3311 ‚
1174 3278 1228 3313 ¹73
1254 3273 1384 3312 Appian.
1410 3274 1445 3304 B.
1471 3275 1507 3304 C.
1534 3275 1574 3303 ΙΙΙ
1587 3296 1594 3310 ,
1623 3276 1670 3303 10.
1702 3275 1754 3309 13;
1780 3270 1940 3301 Plutarch.
1965 3269 2030 3300 Cic.
2067 3271 2117 3299 44.
2151 3265 2247 3299 ovid.

126 3328 207 3356 {fas-i.
228 3327 266 3354 Vl
280 3348 287 3362 ,
306 3326 376 3354 807.
400 3324 458 3353 Pro
477 3324 553 3353 Alia.
575 3323 604 3352 in
624 3322 738 3352 Nirolsii
756 3321 910 3359 vxrerpus
927 3323 1103 3351 constante-r
1120 3320 1268 3349 scribitur
1291 3318 1386 3349 Ἀντία
1400 3342 1407 3356 ,
1425 3327 1488 3348 ιιιιι)
1513 3319 1646 3356 excepto
1671 3318 1758 3355 loco,
1777 3317 1827 3347 uhi
1849 3328 1854 3345 :
1873 3315 1967 3346 Ἀτία.
1985 3332 2025 3338 —
2040 3320 2067 3346 3.
2083 3325 2115 3345 τε
2131 3313 2142 3354 ]
2161 3313 2249 3348 deest

127 3373 156 3402 in
174 3372 265 3409 ‹·od.;
285 3369 403 3402 addidit
420 3368 574 3399 valesius.
596 3370 677 3398 Pori.
697 3368 750 3398 fuit
767 3369 815 3397 καὶ
839 3368 884 3402 δὴ.
899 3384 937 3388 »-
957 3369 979 3396 ἰ.
998 3367 1134 3405 προῄει
1152 3366 1156 3405 l
1178 3368 1286 3404 Coray.
1301 3376 1308 3402 ;
1324 3366 1438 3399 ἄστεως
1455 3365 1580 3404 προσήει
1598 3363 1708 3394 codex.
