2338 3765
117 194 190 226 380
924 189 1126 227 NlcoLAl
1157 189 1449 232 DAMASCENI

163 275 267 311 Idem
287 288 293 309 :
315 270 543 323 Ὑπερδέξιον,
555 271 681 322 χώριον
696 270 846 320 Αέσὸου,
862 274 895 310 ἐν
909 267 937 325 ᾧ
949 274 1032 318 Ζεὺς
1047 277 1146 327 ὑπερ·

112 331 215 375 δέξιος
243 330 301 367 καὶ
321 328 500 380 ὑπερδεξία
529 329 667 373 Ἀθηνᾶ.
701 329 856 368 Ἐθνικὸν
878 331 1143 383 εΥπερδέξιος...

110 388 278 430 Νικόλαος
295 387 330 424 δὲ
349 387 583 432 πληθυντικῶς
602 385 837 437 Ὑπερδεξίους
856 388 971 438 φησίν.

451 497 531 546 [ΕΚ
565 497 692 535 ΒΙΒΛ.
724 497 806 547 ςα]

592 582 655 625 49·

161 661 250 695 Exc.
267 661 322 694 De
343 659 411 694 ins.
432 671 439 692 :
456 655 541 694 “On
561 655 749 694 Ἀδυοίττεω
763 661 822 694 τοῦ
836 659 957 696 Λυδῶν
976 658 1145 709 βασιλέως

108 717 227 759 παῖδες
241 715 387 764 δίδυμοι,
405 713 520 757 Koraia<
536 714 595 751 καὶ
606 712 728 766 Ἄρδυς
741 730 748 738 ·
763 715 892 758 τούτοις
906 716 1070 753 κατέλιπε
1082 716 1143 762 τὴν

106 773 231 825 ἀρχὴν,
256 773 313 810 καὶ
329 775 412 821 ὁμοῦ
433 772 632 810 ἐδασίλευον
653 773 839 825 ἀμφότεροι
861 773 1057 826 στέργοντες
1078 776 1144 811 ἀλ·

104 832 228 878 λήλους
242 831 300 868 καὶ
312 831 408 868 αὐτοὶ
422 831 487 868 ὑπὸ
498 834 556 868 τοῦ
568 830 719 877 πλήθους
735 831 966 883 στεργόμενοι.
988 833 1058 870 Καί
1072 849 1144 875 πως

104 892 125 935 ἡ
152 893 212 926 τοῦ
240 888 376 931 Καδύος
400 889 440 940 (1)
469 887 572 938 γυνὴ,
599 889 767 938 Δαμοννὼ
793 889 832 940 (2)
859 890 1048 940 λεγομένη,
1076 890 1142 927 ὑπό

103 962 190 990 τινος
213 948 351 998 ἀνεψιοῦ
371 950 429 984 τοῦ
447 946 585 998 ἀνδρὸς,
601 946 766 998 Σπέρμου
789 949 838 997 (3)-
850 947 958 997 ὄνομα
970 977 979 993 ,
1001 963 1143 999 μοιχευ-

104 1008 200 1043 θεῖσα
213 1035 224 1055 ,
242 1004 302 1042 σὺν
318 1004 434 1057 ἐκείνῳ
452 1004 595 1042 θάνατον
614 1004 813 1042 ε’ἕουλεύετο
833 1009 881 1057 τῷ
900 1005 996 1057 ἀνδρί
1011 1022 1018 1028 ·
1036 1007 1141 1043 δοῦσα

105 1062 140 1100 δὲ
154 1065 244 1115 αὐτῷ
259 1063 440 1115 φάρμακον
457 1062 584 1100 ἔκτεινε
604 1062 664 1112 μὲν
683 1062 738 1110 οὔ,
751 1065 795 1106 εἰς
809 1063 905 1100 νόσον
923 1063 950 1101 δ’
966 1063 1140 1103 ἐνέὸαλεν.

103 1121 337 1172 Θεραπευθεὶς
358 1122 387 1158 δ’
409 1120 475 1158 ὑπὸ
495 1122 612 1172 ἰατροῦ
633 1123 650 1158 ὃ
673 1121 787 1164 Καδὺς
809 1123 886 1173 ῥᾷον
907 1121 1019 1172 ἔσχεν.
1076 1122 1142 1160 Ἐκ

101 1179 221 1216 τούτου
240 1179 297 1216 τὸν
313 1178 428 1229 ἰατρὸν
449 1180 579 1216 ἀνελεῖν
601 1179 791 1229 βουλομένη
808 1182 827 1225 ἡ
842 1179 925 1230 γυνὴ
941 1209 951 1227 ,
973 1179 1140 1231 φάρμακα

103 1236 164 1287 μὲν
178 1238 271 1289 αὐτῷ
285 1238 346 1274 οὐκ
361 1237 469 1288 ἔκρινε
488 1236 616 1274 διδόναι
633 1237 687 1274 διὰ
699 1237 760 1283 τὴν
776 1236 913 1288 τέχνην,
929 1238 1049 1289 βόθρον
1065 1238 1093 1275 δ’
1106 1240 1138 1276 ἐν

101 1299 144 1347 τῇ
166 1296 256 1347 οἰκίᾳ
288 1295 436 1347 ὀρύξασα
463 1295 522 1332 καὶ
549 1297 714 1341 ἐπιπολῆς
747 1295 849 1332 αὐτὸν
882 1296 1008 1342 ἄδηλον
1041 1296 1139 1342 ποιή-

102 1369 194 1391 σασα
225 1355 285 1404 (4),
305 1353 422 1399 κλίνην
445 1353 652 1404 καθύπερθεν
679 1353 848 1404 ἔστρωσεν
871 1354 930 1391 καὶ
959 1354 1065 1396 ἄλλας
1096 1356 1136 1404 (5)

101 1411 231 1464 ἐφεξῆς.
251 1411 440 1450 Καλέσασα
459 1411 487 1447 δ’
508 1411 608 1448 αὐτὸν
626 1411 682 1448 ἐπὶ
702 1412 851 1459 δεῖπνον,
873 1412 1014 1448 ἐλθόντα
1031 1412 1137 1449 κατέ-

101 1472 211 1508 κλινεν
225 1469 348 1522 ἵναπερ
365 1472 382 1507 ὁ
401 1469 518 1521 βόθρος
535 1465 590 1516 ἦν.
609 1469 803 1520 Οἰχομένου
821 1468 856 1508 δὲ
870 1469 982 1517 κάτω,
998 1472 1137 1520 ἐπαμη-

102 1529 237 1579 σαμένη
255 1528 317 1574 τὴν
337 1531 399 1578 γῆν
421 1528 546 1574 ἄδηλον
569 1528 740 1574 ἐποίησεν.

155 1586 243 1625 Μετ’
260 1588 296 1623 οὗ
314 1585 400 1623 πολὺ
417 1585 450 1622 δὲ
467 1584 526 1622 καὶ
542 1587 559 1622 ὁ
577 1584 693 1627 Καδὺς
708 1584 876 1622 ἀπέθανεν
889 1600 896 1607 ·
915 1583 1002 1630 αὐτὴ
1021 1584 1055 1622 δὲ
1074 1584 1134 1622 σὺν

100 1646 149 1695 τῷ
170 1645 283 1696 μοιχῷ
317 1645 451 1695 πρῶτον
481 1643 542 1692 μὲν
565 1642 735 1686 ἐξελαύνει
762 1642 818 1679 τὸν
839 1642 967 1680 ἐκείνου
991 1642 1135 1692 ἀδελφὸν

100 1701 237 1754 Ἄρδυν,
252 1700 399 1744 πολλοὺς
411 1702 531 1739 Λυδῶν
546 1701 705 1752 χρήμασι
717 1700 959 1751 θεραπεύσασα
974 1698 1029 1750 (ὓ),
1045 1699 1136 1736 ἔπει-

99 1775 142 1797 τα
159 1759 356 1810 συνῴκησεν
377 1760 470 1810 αὐτῷ
488 1758 547 1796 καὶ
568 1758 714 1809 βασιλέα
734 1757 920 1802 ἀπέδειξεν.
943 1757 989 1796 ‘O
1004 1758 1040 1795 δὲ
1056 1757 1136 1808 Ἄρ-

99 1818 156 1860 δυς
182 1816 385 1861 ἐξαπιναίως
407 1815 446 1867 (7)
480 1815 593 1868 φυγὼν
616 1818 700 1865 ὁμοῦ
720 1815 857 1866 γυναικί
884 1831 920 1852 τε
941 1815 1001 1853 καὶ
1031 1819 1137 1867 θυγα-

98 1875 152 1926 τρὶ
169 1875 232 1927 (8),
253 1875 341 1912 οὕτω
355 1874 486 1925 σφόδρα
503 1874 742 1920 ἐπενήτευσεν,
757 1872 845 1911 ὥστε
865 1876 899 1911 ἐν
920 1874 1025 1926 Κύμῃ
1043 1875 1135 1923 ἁμα-

97 1934 255 1984 ξοπηγῶν
292 1934 336 1985 (9)
371 1934 480 1981 διέζη,
515 1933 654 1985 ὕστερον
695 1932 728 1970 δὲ
763 1933 995 1971 πανδοκεύων.
1037 1935 1135 1971 Φασὶ

98 1994 127 2031 δ’
155 1993 256 2030 αὐτὸν
283 1992 360 2035 τοὺς
381 1991 677 2043 ἕγκαταγομένους
704 1992 762 2044 (10)
787 1993 909 2030 Λυδῶν
938 1993 1135 2044 φιλανθρω-

97 2051 298 2101 πευόμενον,
318 2051 433 2102 φίλους
450 2050 581 2093 πάντας
596 2050 878 2098 ἀποπέμπεσθαι.
893 2051 955 2102 Τῷ
971 2048 1005 2086 δὲ
1022 2052 1134 2102 μοιχῷ

98 2110 253 2160 Ὑπέρμῳ
269 2110 330 2146 οὐκ
348 2109 473 2160 ἤρκεσε
492 2111 600 2145 ταῦτα
622 2107 799 2158 δράσαντι,
822 2107 912 2145 ἀλλὰ
929 2107 987 2145 καὶ
1009 2109 1041 2151 ἐς
1062 2108 1132 2146 Κύ·

97 2183 165 2217 μην
186 2169 325 2219 πέμψας
345 2166 420 2203 τινὰ
442 2165 588 2217 λῃστὴν,
615 2166 750 2217 Κέρσην
770 2165 898 2214 ὄνομα,
918 2165 1048 2202 κτεῖναι
1077 2165 1133 2203 τὸν

98 2225 204 2278 ἄνδρα
223 2224 483 2276 παρεκελεύετο.
506 2223 550 2262 Ὁ
566 2223 600 2261 δὲ
617 2224 747 2270 ὑπέστη
765 2223 803 2261 τὸ
820 2223 917 2276 ἔργον
933 2224 987 2262 ἐπὶ
1007 2226 1056 2275 τῷ
1070 2227 1132 2274 γῆ·

97 2300 160 2331 μαι
183 2287 240 2321 τοῦ
263 2283 426 2335 Σπέρμου
449 2282 511 2328 τὴν
537 2282 705 2334 θυγατέρα
733 2282 790 2319 καὶ
810 2282 940 2333 χιλίους
961 2285 1134 2334 στατῆρας

95 2342 214 2380 λαῦεῖν
229 2341 369 2393 δωρεάν.
1066 2386 1073 2390 “

151 2400 369 2450 >Λφικόμενος
386 2399 413 2436 δ’
432 2401 449 2436 ὃ
472 2397 607 2448 Κέρσης
625 2400 670 2441 εἰς
699 2397 825 2447 Κύμην
847 2397 1017 2447 κατήγετο
1035 2399 1068 2435 ἐν
1084 2400 1132 2450 τῷ

96 2458 236 2508 Ἄρδυος
258 2456 468 2507 πανδοκείῳ·
486 2458 503 2492 ὃ
525 2455 558 2492 δὲ
577 2455 678 2492 αὐτὸν
696 2455 822 2505 ὁμοίως
851 2456 907 2507 (Η)
928 2455 1130 2507 ἐθεράπευε,

96 2515 154 2553 καὶ
169 2515 236 2556 τοῖς
250 2529 284 2551 τε
301 2514 415 2554 ἄλλοις
430 2512 595 2563 ’ἠρέσκετο
613 2513 746 2564 Κέρσης
762 2514 820 2550 καὶ
833 2513 873 2558 δὴ
889 2513 1019 2559 καὶτῆς
1033 2516 1133 2563 θυγα-

96 2573 173 2625 τρὸς
188 2574 289 2609 αὐτοῦ
306 2571 525 2617 διακονούσης
547 2573 602 2620 (12)
620 2571 766 2622 ἠράσθη·
788 2572 847 2609 καί
866 2587 938 2614 πως
954 2572 1055 2608 αὐτὸν
1073 2573 1131 2621 (13)

96 2633 142 2674 εἷς
166 2630 277 2680 γάμον
303 2628 522 2675 αἰτεῖταιτην
548 2629 650 2680 κόρην
680 2629 735 2666 ἐπὶ
766 2632 813 2680 τῷ
836 2629 879 2666 τὰ
906 2630 1051 2680 μέγιστα
1075 2632 1131 2666 ὑπ’

1728 237 1759 253 *-

1250 281 1472 321 Hyperdexion
1501 281 1588 312 locus
1601 281 1648 312 est
1669 281 1701 312 in
1723 281 1823 312 insula
1840 281 1957 322 Lesbo,
1983 282 2015 314 in
2037 291 2101 323 quo
2117 283 2239 324 Jupiter

1209 341 1235 370 ll
1240 339 1428 378 yperdexius
1453 340 1484 370 et
1502 339 1642 369 Minerva
1653 338 1763 370 eodem
1776 341 1962 379 cognomine
1975 341 2134 374 coluntur.
2149 343 2238 374 Nico·

1209 397 1278 428 laus
1297 396 1410 437 plurali
1427 405 1561 428 numero
1579 396 1797 436 Hyperdexios
1811 399 1904 429 vocat
1918 399 2035 430 incolas
2050 399 2122 431 loci.

1555 497 1608 546 [E
1632 500 1782 540 nmio
1806 502 1894 551 vr]

1691 597 1751 629 49.

1246 672 1397 712 Adyattes
1427 672 1586 712 Lydorum
1614 682 1671 705 rex
1699 673 1780 705 duos
1809 674 1922 706 habuit
1953 674 2050 714 filios,
2077 675 2186 716 Cadyn
2207 677 2239 707 et

1206 740 1333 780 Ardyn,
1349 740 1465 780 quibus
1489 749 1620 781 regnum
1637 742 1783 782 reliquit;
1798 743 1829 774 et
1845 742 1938 774 simul
1955 743 2051 774 ambo
2067 743 2240 783 regnabant

1205 810 1318 840 mutuo
1332 817 1364 840 se
1379 817 1487 840 amore
1499 811 1726 850 prosequentes
1738 811 1770 842 et
1782 819 1800 842 a
1810 811 2014 844 multitudine
2025 811 2139 843 dilecti.
2151 813 2240 843 Uxor

1204 880 1310 910 autem
1325 878 1440 918 cadyis
1453 881 1639 919 Damouno,
1654 879 1693 910 ab
1716 879 1802 910 affini
1824 879 1947 920 mariti,
1969 882 2101 920 Spermo
2123 889 2240 912 nomen

2144 949 2241 981 Dedit

1203 1012 1309 1052 itaque
1321 1013 1431 1052 potum
1449 1012 1642 1043 venenatum
1654 1035 1662 1050 ,
1687 1021 1751 1051 quo
1769 1013 1876 1043 tamen
1893 1021 1955 1044 non
1971 1013 2099 1044 necavit
2114 1013 2236 1050 virum,

1204 949 1271 978 erat
1283 971 1291 986 ,
1309 947 1503 987 adulterata,
1527 955 1601 978 cum
1624 947 1677 978 illo
1699 956 1810 979 necem
1826 948 1940 980 marito
1959 948 2101 987 parabat.

1204 1075 1257 1107 sed
1271 1076 1393 1107 nonnisi
1410 1076 1441 1106 in
1456 1075 1606 1107 morbum
1617 1076 1762 1116 conjecit.
1779 1077 1819 1108 Et
1832 1084 1850 1106 a
1862 1076 1984 1107 medico
1997 1077 2126 1108 curatus
2139 1076 2241 1117 Cadys

1204 1149 1278 1171 mox
1296 1139 1493 1171 commodior
1507 1141 1585 1172 erat.
1601 1141 1707 1176 Quare
1729 1139 1889 1177 medicum
1912 1140 2023 1171 tollere
2044 1140 2158 1171 mulier
2173 1149 2240 1171 rno-

1203 1204 1278 1236 liens
1288 1229 1296 1243 ,
1312 1213 1470 1236 venenum
1487 1204 1616 1244 quidem
1630 1204 1657 1235 ei
1671 1203 1747 1236 dare
1760 1203 1800 1235 ob
1814 1203 1890 1235 artis
1903 1203 2066 1235 scientiam
2079 1203 2238 1235 inconsul-

1201 1268 1265 1299 tius
1281 1268 1347 1299 sore
1363 1268 1473 1308 duxit,
1492 1277 1605 1299 verum
1622 1268 1766 1300 scrobem
1783 1267 1816 1299 in
1834 1267 1930 1298 domo
1948 1267 2061 1299 effodit
2076 1267 2169 1307 eique
2181 1267 2238 1299 de-

1201 1338 1294 1369 super
1319 1330 1488 1361 occultatae
1513 1330 1634 1361 lectum
1663 1330 1910 1371 superimposuit
1940 1330 2082 1371 aliosque
2106 1331 2239 1363 lectulos

1201 1394 1369 1425 collocavit
1392 1393 1552 1434 deinceps.
1571 1396 1611 1425 Et
1636 1393 1827 1426 advocatum
1850 1394 1890 1426 ad
1907 1394 2090 1426 convivium
2104 1394 2236 1426 decum-

1199 1459 1273 1491 bere
1287 1460 1381 1499 jussit
1395 1469 1432 1492 eo
1446 1461 1515 1491 loco
1531 1469 1595 1501 quo
1611 1461 1730 1492 scrobis
1748 1462 1833 1500 erat,
1849 1461 1882 1492 in
1897 1470 1995 1501 quam
2012 1470 2111 1501 quum
2126 1461 2178 1492 ille
2192 1460 2237 1490 in-

1200 1523 1343 1563 cidisset,
1358 1525 1482 1563 aggesta
1498 1524 1632 1565 desuper
1647 1526 1731 1556 terra
1749 1525 1861 1557 mulier
1876 1525 1921 1556 rei
1934 1525 2066 1565 vestigia
2079 1523 2207 1572 delevit..

1239 1590 1309 1619 Non
1322 1589 1425 1619 multo
1446 1589 1516 1628 post
1534 1588 1588 1619 ubi
1606 1589 1709 1628 Cadys
1725 1598 1854 1629 quoque
1871 1589 1936 1620 vita
1955 1589 2148 1627 decesserat,
2170 1588 2236 1627 ipsa

1199 1658 1272 1680 cum
1287 1650 1432 1682 adultero
1447 1651 1584 1690 primum
1599 1651 1728 1690 quidem
1745 1651 1874 1682 fratrem
1888 1651 1973 1682 iilius
1986 1651 2093 1690 Ardyn
2103 1674 2112 1689 ,
2127 1649 2237 1681 multis

1198 1712 1359 1752 Lydorum
1384 1713 1516 1752 pecunia
1541 1712 1710 1752 demulsis,
1739 1721 1835 1752 regno
1863 1712 2006 1752 expulit;
2028 1711 2142 1743 deinde
2160 1720 2235 1742 cum

1198 1776 1323 1807 moecho
1336 1776 1532 1807 cohabitavit
1542 1784 1678 1816 eumque
1691 1785 1795 1816 regem
1809 1775 1991 1807 declaravit.
2008 1775 2109 1815 Ardys
2124 1776 2233 1806 autem

1198 1848 1300 1879 quum
1322 1839 1487 1879 repentina
1505 1839 1578 1879 suga
1604 1847 1638 1870 se
1662 1847 1735 1870 cum
1760 1847 1861 1870 uxore
1877 1839 1909 1870 et
1925 1838 1988 1869 filia
2012 1838 2233 1876 subduxisset,

1196 1903 1286 1933 tanta
1310 1901 1415 1942 inopia
1432 1901 1647 1941 premebatur,
1670 1902 1707 1932 ut
1728 1901 1838 1932 Cumis
1859 1909 1972 1932 currus
1988 1900 2171 1932 fabricando
2189 1901 2234 1931 vi-

1196 1966 1262 1996 tam
1278 1964 1491 2003 sustentaret,
1508 1963 1622 1995 deinde
1635 1972 1711 1996 vero
1730 1971 1907 2003 cauponem
1921 1965 2037 2003 ageret.
2051 1963 2234 2004 Feruntque

1196 2037 1269 2060 eum
1285 2027 1399 2068 Lydos,
1412 2026 1466 2067 qui
1480 2026 1511 2058 in
1525 2013 1701 2068 cauponam
1714 2026 1780 2066 ejus
1793 2026 2000 2058 devertebant
2012 2050 2020 2065 ,
2037 2026 2233 2058 humanitate

1196 2092 1240 2123 ita
1255 2092 1314 2123 sibi
1328 2091 1531 2130 conciliasse,
1545 2092 1582 2122 ut
1598 2098 1709 2121 omnes
1730 2098 1783 2121 eos
1795 2090 1967 2121 dimitteret
1983 2090 2111 2121 amicos.
2138 2091 2229 2122 Cete-

1196 2164 1267 2186 rum
1285 2157 1437 2194 Spermus
1461 2154 1605 2185 moeclius
1628 2153 1666 2184 iis
1680 2161 1753 2192 quae
1771 2153 1951 2193 patraverat
1968 2161 2031 2183 non
2044 2153 2230 2192 contentus,

1197 2220 1314 2249 Cersen
1332 2216 1491 2257 quendam
1507 2216 1662 2247 latronem
1680 2216 1799 2247 Cumas
1820 2214 1924 2254 misit,
1942 2214 1998 2253 qui
2011 2214 2118 2254 Ardyn
2133 2214 2230 2246 inter-

1195 2280 1314 2311 ficeret.
1337 2281 1367 2310 Is
1385 2287 1461 2310 vero
1484 2278 1606 2309 facinus
1622 2286 1658 2309 ea
1674 2277 1811 2317 suscepit
1830 2276 2027 2315 conditione,
2048 2277 2088 2307 ut'
2106 2277 2229 2317 Spermi

1196 2342 1294 2373 filiam
1310 2349 1445 2372 uxorem
1457 2348 1494 2371 ac
1506 2341 1660 2380 praeterea
1674 2339 1760 2370 mille
1772 2340 1902 2370 stateres
1918 2338 2002 2369 dono
2018 2338 2186 2378 acciperet.

1236 2405 1297 2436 Ubi
1317 2406 1435 2436 Cumas
1448 2405 1557 2435 Cerses
1570 2404 1716 2441 venerat,
1733 2402 1763 2433 in
1778 2410 1955 2442 cauponam
1981 2402 2095 2442 Ardyis
2115 2402 2228 2434 dever—

1194 2464 1243 2496 tit.
1288 2466 1313 2495 A
1339 2472 1402 2502 quo
1429 2470 1530 2502 quum
1554 2461 1623 2501 pari
1640 2462 1735 2500 atque
1763 2460 1873 2500 reliqui
1899 2460 2049 2492 comitate
2066 2461 2227 2501 excipere-

1193 2524 1258 2561 tur,
1287 2522 1358 2552 tum
1381 2520 1494 2552 ceteris
1518 2522 1628 2551 Cerses
1652 2519 1840 2557 delectatur,
1864 2520 1932 2550 tum
1958 2518 2032 2550 filiae
2059 2519 2226 2558 cauponis,

1191 2587 1263 2618 quae
1286 2577 1504 2616 ministrabat,
1525 2584 1634 2607 amore
1653 2575 1834 2615 corripitur.
1862 2574 2002 2606 Tandem
2019 2583 2037 2605 a
2060 2576 2149 2614 patre
2170 2583 2226 2614 pe·

1192 2635 1263 2666 tivit
1284 2635 1320 2665 ut
1346 2642 1415 2665 eam
1443 2633 1475 2664 in
1500 2632 1739 2664 matrimonium
1756 2632 1931 2672 acciperet,
1955 2631 1980 2662 si
2005 2630 2179 2661 maximum
2195 2630 2226 2661 in

96 2740 210 2772 mentis
223 2741 371 2779 appareat
386 2739 481 2778 egisse
494 2739 525 2769 li.
540 2739 560 2770 Ι.
576 2739 741 2771 Nicolaum
759 2739 797 2770 de
814 2740 921 2770 insulis
935 2739 1029 2770 maris
1046 2740 1142 2778 AEgaei
1156 2739 1285 2778 aliisque
1302 2739 1396 2776 locis,
1414 2747 1432 2768 a
1450 2737 1602 2776 PelasgiS,
1620 2736 1769 2775 Caribus,
1787 2735 1950 2774 Lelegibus
1966 2735 2139 2766 maximam
2154 2743 2225 2774 par-

96 2789 161 2819 tem
180 2787 303 2817 insessis
318 2788 350 2817 et
365 2788 434 2826 post
451 2786 586 2816 reditum
602 2786 837 2817 Heraclidarum
859 2787 1062 2826 Peloponnesi
1080 2787 1200 2817 colonis
1217 2784 1431 2825 frequentatis.
1450 2804 1489 2809 -
1506 2786 1552 2814 De
1573 2782 1728 2821 Agamede
1744 2783 1783 2813 cf.
1803 2782 1923 2813 Plinius
1940 2784 1988 2816 V,
2008 2784 2059 2814 39.

137 2837 187 2866 49.
215 2834 290 2865 Cod.
308 2833 497 2871 Escor.sol.
515 2837 553 2865 78
565 2856 573 2871 ,
593 2837 630 2863 26
646 2841 712 2864 vso.
729 2851 769 2855 —-
783 2837 821 2864 82
833 2858 840 2872 ‚
859 2838 894 2865 13
910 2842 938 2864 r.
954 2854 994 2860 -
1012 2837 1037 2864 ί.
1055 2833 1224 2873 Καὸύος]
1242 2832 1353 2863 κάνδυο
1368 2830 1478 2861 codex.
1497 2830 1636 2875 Reliquis
1650 2829 1726 2860 locis
1741 2837 1856 2859 nomen
1871 2828 1930 2859 hoc
1943 2836 2066 2867 semper
2079 2826 2226 2858 scribitur

96 2881 198 2915 καδύς.
213 2897 254 2902 -
271 2884 298 2910 2.
318 2879 520 2919 Δαμοννὼ]
538 2879 672 2909 alterum
693 2890 708 2908 ν
726 2879 755 2909 iu
775 2879 846 2910 cod.
865 2880 1114 2919 suprascriptum
1129 2881 1192 2918 cst,
1211 2881 1242 2910 et
1262 2881 1345 2909 recle
1362 2877 1509 2916 quidem,
1529 2885 1630 2916 quum
1648 2876 1767 2907 AEolica
1782 2875 1869 2905 vocis
1893 2874 1994 2908 forma
2007 2873 2038 2905 in
2055 2873 2103 2903 liis
2116 2873 2225 2912 praise-

97 2927 192 2958 renda
206 2927 254 2958 sit⁴
281 2927 330 2957 Sic
344 2927 452 2957 monce
471 2927 601 2967 Γυριννὼ
619 2935 674 2964 pro
692 2928 732 2957 Γυ
741 2927 812 2965 paud»
836 2949 843 2964 ‚
866 2928 1003 2958 Μελιννὼ
1021 2935 1078 2967 pro
1095 2926 1226 2956 Μελινώ.
1245 2926 1281 2955 ln
1308 2923 1447 2962 margine
1466 2921 1584 2952 codicis
1605 2921 1798 2960 adscriptum
1818 2920 1864 2950 est
1888 2919 2035 2958 Δαμάνω.
2059 2920 2118 2949 Pro
2134 2919 2223 2956 λεγο-

97 2975 171 3014 μένη
186 2973 285 3004 codex
304 2986 311 3003 :
331 2974 490 3012 γενομένη.
514 2972 646 3004 Aliunde
663 2972 701 3003 dc
728 2973 775 3003 liis
791 2973 885 3012 ampli
903 2973 998 3012 liujus
1023 2972 1205 3011 fragmenti,
1223 2970 1314 3001 sicuti
1341 2968 1380 2999 de
1400 2967 1543 3007 reliquis,
1561 2975 1624 2997 non
1643 2968 1777 2997 constat.
1799 2985 1838 2992 —-
1855 2970 1882 2996 3.
1909 2963 2104 3005 Σπέρμου]
2123 2964 2226 2995 εὐπελ-

95 3022 152 3052 eeu
169 3020 269 3051 codex
288 3020 319 3051 li.
339 3020 380 3058 l.;
400 3020 453 3049 sed
470 3020 500 3050 in
517 3029 584 3059 sqq,
605 3028 727 3058 semper
741 3020 890 3059 Σπέρμου.
908 3038 948 3042 -
965 3023 994 3051 4.
1015 3032 1036 3050 π
1048 3017 1239 3057 οιήσασα]
1254 3016 1426 3052 ποιήσαντα
1445 3013 1516 3044 cod.
1534 3031 1573 3035 —
1589 3018 1617 3044 5.
1642 3012 1781 3053 ἄλλας]
1798 3013 1885 3047 ἄλλος
1903 3011 1974 3042 cod.
1991 3028 2032 3033 —-
2060 3016 2089 3041 6.
2111 3011 2224 3050 θερα-

95 3067 307 3107 πεύσασα]
324 3066 510 3106 θεραπεύσας
528 3067 596 3096 cod.
611 3084 652 3088 ——
676 3070 706 3097 7.
725 3066 988 3106 ἐξαπιναίως]
1005 3065 1176 3102 ἐξαπιναίας
1196 3064 1266 3093 cod.
1285 3079 1325 3084 ——
1348 3064 1376 3092 8.
1401 3059 1587 3099 θυγατρὶ]
1612 3062 1719 3096 Quum
1743 3059 1809 3089 sola
1834 3058 1897 3089 lilia
1926 3057 1957 3088 ll.
1976 3057 1997 3088 Ι.
2018 3058 2223 3094 memoretur,

96 3114 223 3152 colligas
239 3113 336 3143 lilium
356 3113 423 3152 ejus
438 3112 603 3151 Adyattem
618 3115 686 3143 tum
704 3112 843 3142 nondum
861 3113 970 3142 natum
987 3112 1090 3142 fuisse.
1106 3132 1145 3138 --
1162 3117 1191 3143 9.
1211 3108 1394 3149 ἁμαξοπ.)
1413 3109 1547 3147 ἁμαζοττ.
1564 3106 1634 3137 cod.
1654 3108 1701 3136 Ex
1721 3105 1779 3136 hoc
1801 3105 1870 3135 loco
1886 3103 2055 3140 discimus,
2075 3111 2139 3154 quo
2152 3110 2223 3140 per-

96 3162 218 3192 tineant
234 3160 329 3190 verba
344 3160 373 3190 in
393 3159 568 3190 Heraclidis
584 3160 674 3190 l‘olit.
695 3164 747 3195 15,
762 3167 792 3197 p.
813 3162 871 3188 216
894 3171 900 3188 z
921 3159 1012 3189 Λυδοὶ
1028 3160 1058 3189 δὲ
1076 3160 1216 3199 χαλεπῶς
1233 3154 1449 3194 δεσποζόμενοι
1467 3153 1540 3193 πρός
1558 3163 1637 3187 τινος
1652 3153 1692 3190 (i.
1712 3160 1739 3182 e.
1763 3151 1836 3191 πρὸς
1857 3151 1996 3190 Σπέρμου
2010 3149 2019 3187 )
2033 3172 2041 3188 ,
2059 3149 2222 3188 πυθομενοι

96 3207 127 3237 ἐν
148 3207 237 3246 Κύμῃ
256 3206 331 3236 εἷναί
350 3217 418 3236 τινα
435 3205 471 3244 (i.
493 3214 519 3235 (¹.
539 3205 665 3244 Ἄρδυν)
680 3228 687 3242 ,
703 3205 842 3243 ἔπεμψαν
859 3205 899 3239 εἰς
918 3205 1074 3244 βασιλείαν
1092 3206 1263 3237 καλοῦντες.
1282 3201 1380 3235 Οὗτος
1394 3200 1424 3230 δὲ
1442 3200 1604 3238 ἐτύγχανεν
1622 3198 1651 3228 ἐν
1674 3198 1875 3237 ἁμαξοπηγοῦ
1893 3195 2043 3246 δουλεύων
2076 3195 2141 3225 κτλ.
2161 3198 2221 3246 (3ιῖ-

97 3255 199 3284 terum
214 3252 386 3284 Heraclidis
399 3252 537 3282 narratio
549 3252 588 3282 ab
603 3253 709 3282 nostra
723 3251 838 3281 dissert.
854 3269 892 3275 —
911 3255 954 3281 1ο.
969 3252 1163 3290 ἐγκαταγο
1174 3250 1238 3289 μέν
1249 3260 1263 3278 ο
1274 3260 1312 3283 υς
1325 3247 1335 3286 ]
1347 3247 1624 3285 ἐγκαταττομενους
1635 3243 1745 3273 codex.
1763 3242 1879 3273 Eodem
1893 3241 1987 3271 verbo
2004 3241 2148 3272 Nicolaus
2162 3243 2222 3271 uti·

97 3302 149 3331 tur
166 3300 273 3339 fragm.
299 3304 316 3330 2
333 3300 412 3330 extr.
429 3316 469 3321 —
487 3302 530 3329 11.
552 3299 702 3338 ὁμοίως
723 3297 732 3336 l
751 3299 893 3327 Fortasse
910 3297 1024 3327 excidit
1041 3297 1124 3336 quod
1144 3304 1227 3327 nuuc
1245 3296 1350 3325 monto
1367 3293 1578 3333 supplendum
1593 3293 1649 3321 est.
1670 3292 1786 3330 Κέρσης
1808 3288 1846 3319 ad
1864 3290 1959 3328 caput
1975 3287 2227 3319 abscindendum

99 3345 215 3385 (κε’ρρω
229 3370 236 3383 ,
260 3345 371 3384 κείρω)
389 3344 518 3382 missus,
541 3343 578 3373 al·
596 3343 658 3382 ipsa
679 3352 709 3373 rc
731 3351 844 3373 nomen
866 3342 978 3373 habere
1000 3342 1133 3372 mlvii-r.
1157 3360 1190 3363 r
1219 3347 1261 3372 12.
1280 3344 1343 3377 τῆς
1361 3340 1572 3379 θυγατρὸς..
1592 3334 1874 3375 διακονούσης]
1897 3335 1950 3371 τὴν
1967 3335 2138 3373 θυγατέρα..
2157 3333 2220 3364 δια-
