2289 3728
790 130 976 169 SCYLAX
1007 130 1397 172 CARYANDENSlS.

2082 144 2147 174 1823

42 218 204 255 Rhodio.
223 219 358 253 Verum
381 229 468 250 num
495 217 677 263 Diogenes
696 217 792 250 hunc
812 217 1063 251 Antisthenen!
1092 217 1098 236 ¹
1125 218 1299 253 historico
1317 222 1598 270 confundentis,
1620 225 1774 271 tetigisse
1792 223 1940 259 suflicit.
1965 225 2150 258 Antisthe-

42 274 261 322 designasset
293 274 416 309 verbis
437 271 570 314 Ῥόδιός
592 288 640 314 τις
663 270 850 322 ἱστορικός,
879 275 907 307 si
929 274 957 307 is
989 274 1064 319 ipse

42 333 183 375 fuisset,
220 331 323 377 cujus
358 344 449 379 opus
485 332 653 366 manibus
690 331 853 366 terebat?
883 332 967 378 Non
995 343 1062 378 ego

42 390 276 437 crediderim.
299 389 531 424 Probabilius
550 396 601 424 est
621 389 736 423 libros
754 388 800 423 de
819 389 1062 435 philosopho-

40 460 122 482 rum
132 448 418 483 successionibus
429 446 475 481 ad
485 447 763 493 peripateticum
777 458 886 492 quem
901 446 1064 493 Phlegon

40 505 191 548 excitat,
210 516 283 539 esse
306 503 532 539 referendos
553 522 604 530 —
620 503 763 538 Deinde
783 503 882 549 apud
905 503 1061 537 Plinium

38 560 49 603 ί
63 563 109 596 H.
132 563 178 596 N.
200 562 384 605 XXXVI,
409 574 450 595 ι’),
468 561 477 607 )
501 567 683 604 auctoreS,
705 562 766 607 qui
789 561 835 595 de
854 561 1062 607 pyramidi-

38 619 106 654 bus
124 620 353 666 scripserint,
379 626 616 655 recensentur
631 619 668 652 hi
689 631 696 652 :
725 619 943 660 Herodotus,
965 620 1061 653 Eue—

39 688 172 720 rnerus‚
208 678 315 710 Duris
348 676 512 719 Samma,
552 678 806 721 Aristagoras,
847 677 1055 721 Dionysias,

38 735 304 777 Artemidorus,
338 735 555 768 Alacatlder
585 734 804 779 Polylzi.s·tor‚
845 734 1054 775 Butorides,

37 792 287 833 Antisthenes,
331 793 552 836 Demetrias,
588 793 808 835 Demoteles,
847 794 980 838 Apion.
1020 793 1063 826 In

36 862 109 896 qua
128 850 322 884 nominum
338 851 447 893 serie,
468 862 583 896 quum
599 849 829 893 Herodotus,
852 851 1062 893 Euemerus,

35 908 163 950 Duris,
197 907 473 950 Artemidorus,
507 907 731 950 Alexander,
766 908 906 953 Apion,
932 907 1064 942 ordine

35 976 69 999 se
103 965 288 1012 excipiant
318 965 587 1012 chronologico
601 992 610 1008 ‚
641 964 739 999 idem
774 966 803 999 si
837 964 882 999 de
913 965 1064 1011 reliquis

34 1030 190 1058 statuere
228 1023 406 1067 volueris,
433 1030 647 1069 sequeretur
675 1023 927 1057 Antisthenem
960 1024 1063 1057 illum

33 1081 90 1115 vel
103 1081 347 1127 posteriorem
364 1080 574 1115 Alexandro
589 1081 647 1115 vel
658 1081 835 1126 aequalem
851 1080 927 1126 ejus
942 1080 1062 1125 fuisse,

34 1138 194 1184 ideoque
223 1151 244 1173 a
274 1138 425 1173 Rhodio
454 1145 599 1182 nostro,
630 1146 761 1172 contra
791 1150 902 1184 quam
920 1139 1064 1173 Vossius

34 1203 168 1239 censet,
187 1208 260 1232 esse
277 1196 589 1243 distinguendum.
612 1218 656 1222 —-
673 1197 890 1230 Plutarchus
903 1196 1064 1242 denique

35 1252 110 1300 (De
127 1252 215 1290 fluv.
235 1255 366 1297 XXII,
387 1253 427 1301 3)
452 1253 498 1288 de
518 1254 637 1300 lapide
657 1253 821 1300 quodam
840 1254 877 1288 in
897 1255 1062 1289 Acheloo

32 1310 146 1347 fluvio
159 1312 290 1358 passim
299 1312 411 1346 obvio
429 1312 561 1346 excitat
574 1312 826 1347 Antisthenen]
840 1311 873 1346 ἐν
883 1310 912 1357 γ’
927 1311 1062 1347 Μελεα-

32 1367 158 1418 γρίδος.
180 1386 194 1400 «
212 1371 332 1413 Hunc,
350 1370 497 1404 Vossius
513 1371 576 1413 ait,
595 1370 622 1404 si
638 1371 719 1416 quis
736 1370 929 1416 Ephesium
943 1378 1062 1417 putet,

32 1440 109 1462 non
137 1427 290 1474 quidem
317 1439 507 1475 repugn0‚
529 1427 593 1462 sed
615 1427 706 1474 quid
726 1440 796 1474 pro
822 1440 864 1463 ea
889 1430 1064 1464 sententia

32 1485 123 1520 certi
133 1485 256 1520 afferri
266 1486 391 1532 possit,
403 1486 513 1532 plane
524 1498 601 1520 non
615 1485 733 1520 video.
756 1501 771 1516 ι»
786 1488 972 1533 ——Neque
985 1500 1057 1526 ma-

31 1545 85 1591 gis
98 1551 238 1578 constat
255 1544 301 1578 de
314 1545 527 1579 Antisthene
541 1544 671 1579 scholii
683 1545 806 1591 Apoll.
822 1545 895 1581 Rh.
910 1546 958 1589 ΙΙ,
973 1544 1060 1593 569,

30 1603 93 1636 ubi
111 1613 119 1638 :
141 1599 318 1650 βομδύλη,
338 1594 422 1643 εἶδος
442 1600 624 1650 μελίσσης,
639 1600 697 1638 καὶ
717 1601 881 1653 ποτηρίου
902 1601 936 1638 δὲ
955 1596 1061 1648 εἶδος,

29 1660 74 1701 ὡς
89 1657 308 1704 Ἀντισθένης.
325 1660 412 1703 Quae
430 1661 581 1707 quidem
607 1661 886 1708 grammaticum
900 1662 1060 1708 sapiunt.

30 1720 206 1752 Errorem
224 1719 384 1765 Menagii
403 1718 450 1753 ad
468 1719 575 1766 Diog.
593 1721 636 1755 L.
666 1720 691 1752 l.
714 1719 736 1753 l.
749 1746 758 1762 ‚
778 1720 1033 1754 Antisthenen]
1045 1747 1054 1762 ‚

31 1778 96 1822 qui
123 1775 293 1810 Diodoro
322 1777 436 1823 XIII,
457 1775 503 1817 84
525 1784 767 1819 memoratur,
796 1789 877 1810 cum
907 1777 1058 1811 Rhodio

30 1913 124 1939 γοντα
139 1903 191 1939 τήν
207 1903 343 1941 γλῶτταν
368 1903 562 1942 προσπτύσαι
578 1903 673 1942 αὐτῷ.
699 1903 776 1938 Τοὺς
804 1903 835 1933 δὲ
858 1902 982 1938 πολίτας
1005 1914 1061 1934 πα·

30 1949 227 1989 ρορμηθέντας
241 1948 352 1979 αὐτίκα
363 1950 414 1980 τὸν
428 1949 570 1988 τύραννον
581 1950 778 1980 καταλεῦσαι.

73 1995 157 2026 {dem
174 1997 228 2034 lx,
244 1999 294 2034 35,
311 1995 350 2025 de
366 1995 561 2026 Democrito:
576 1997 658 2032 Φησὶ
673 1996 704 2026 δὲ
718 1995 888 2034 Δημήτριος
908 1995 938 2024 ἐν
953 1996 1054 2035 Ὁμω-

28 2042 133 2081 νύμοις
154 2043 205 2071 καὶ
226 2041 408 2077 Ἀντισθένης
427 2042 456 2072 ἐν
480 2043 645 2081 Διαδοχαῖς
667 2043 864 2081 ἀποδημῆσαι
888 2042 980 2072 αὐτὸν
1004 2044 1057 2073 καὶ

28 2089 69 2123 εἰς
89 2087 241 2126 Αἴγυπτον
258 2087 330 2127 πρὸς
346 2088 415 2122 τοὺς
430 2089 525 2127 ἱερέας
539 2088 725 2127 γεωμετρίαν
749 2088 961 2127 μαθησόμενον
973 2111 981 2127 ‚
1004 2090 1055 2118 καὶ

28 2135 100 2174 πρὸς
118 2133 288 2168 Χαλδαίους
303 2134 344 2169 εἷς
360 2134 413 2170 τήν
430 2134 564 2173 Περσίδα
575 2158 585 2174 ,
602 2135 653 2164 καὶ
668 2135 709 2169 εἰς
722 2135 776 2171 τήν
791 2135 935 2174 Ἐρυθρὰν
950 2135 1059 2165 θάλασ-

30 2191 87 2210 σαν
103 2180 251 2217 γενέσθαι.

70 2225 156 2256 ldem
173 2227 214 2256 lX
226 2249 234 2263 ,
248 2228 286 2256 38
296 2249 305 2263 ,
320 2225 359 2256 de
374 2225 554 2256 Democrito
571 2239 577 2256 :
591 2226 700 2257 Ἤσκει
715 2227 746 2257 δὲ
763 2228 869 2266 (φησὶν
887 2228 903 2257 ὁ
919 2226 1057 2258 Ἀντισθέ-

30 2271 99 2310 νης)
111 2272 164 2301 καὶ
180 2271 326 2307 ποικίλως
340 2271 512 2311 δοκιμάζειν
525 2273 578 2307 τὰς
592 2272 757 2312 φαντασίας
767 2297 775 2311 ,
791 2273 947 2313 ἐρημάζων
964 2272 1057 2303 ἐνίοτε

27 2318 81 2348 καὶ
99 2321 162 2352 τοῖς
178 2317 284 2357 τάφοις
302 2318 507 2358 ἐνδιατρίῧων.
535 2318 678 2350 Ἐλθόντα
694 2320 725 2350 δέ
741 2331 831 2359 φησιν
849 2320 939 2350 αὐτὸν
956 2319 990 2349 ἐκ
1005 2323 1057 2356 τῆς

27 2364 216 2403 ἀποδημίας,
232 2364 435 2394 ταπεινότατα
449 2365 580 2403 διάγειν,
600 2365 652 2396 ἅτε
668 2369 770 2396 πᾶσαν
797 2367 850 2403 τὴν
870 2366 977 2396 οὐσίαν
997 2377 1056 2395 κα·

26 2409 226 2440 ταναλωκὸτα
236 2419 243 2425 ·
261 2410 417 2450 τρέφεσθαί
434 2421 466 2441 τε
483 2411 533 2441 διὰ
548 2412 603 2448 τὴν
621 2412 750 2451 ἀπορίαν
764 2413 824 2443 ὑπὸ
838 2412 983 2451 τάδελφοῦ
997 2414 1058 2442 Δα-

28 2451 140 2494 μάσου.
166 2456 220 2491 Ὡς
244 2456 275 2485 δὲ
299 2456 452 2495 προειπών
479 2467 546 2486 τινα
573 2460 634 2487 τῶν
662 2457 830 2496 μελλόντων
853 2457 1055 2496 εὐδοκίμησε,

26 2501 131 2532 λοιπὸν
154 2501 254 2532 ἐνθέου
280 2501 364 2537 δόξης
389 2502 472 2542 παρὰ
496 2505 557 2537 τοῖς
583 2503 735 2538 πλείστοις
760 2505 883 2540 ἠξιώθη.
904 2503 1010 2543 Νόμου
1025 2503 1056 2533 δὲ

27 2548 112 2583 ὄντος
138 2547 191 2578 τὸν
213 2548 415 2578 ἀναλώσαντα
439 2549 492 2585 τὴν
516 2550 660 2589 πατρῴαν
694 2550 799 2580 οὐσίαν
835 2551 876 2589 μή
901 2549 1056 2585 ἀξιοῦσθαι

26 2596 120 2629 ταφῆς
135 2592 165 2623 ἐν
180 2596 218 2632 τῇ
234 2593 372 2632 πατρίδι,
388 2595 478 2630 φησὶν
496 2595 512 2624 ὁ
525 2595 708 2631 Ἀντισθένης
721 2618 729 2632 ,
746 2595 872 2625 συνέντα
882 2618 890 2632 ,
908 2596 949 2634 μὴ
963 2595 1056 2625 ὑπεύ-

27 2638 112 2673 θυνος
129 2638 268 2677 γενηθείη
283 2639 357 2678 πρός
375 2650 464 2670 τινων
484 2641 672 2680 φθονούντων
696 2642 747 2670 καὶ
767 2640 1056 2681 συκοφαντούντων,

29 2684 201 2722 ἀναγνῶναι
228 2685 329 2719 αὐτοῖς
354 2685 405 2715 τὸν
424 2686 518 2725 μέγαν
547 2686 745 2725 Διάκοσμον,
771 2687 802 2722 ὃς
832 2686 973 2716 ἁπάντων
995 2689 1055 2716 τῶν

29 2730 123 2760 αὐτοῦ
148 2730 397 2769 συγγραμμάτων
422 2730 564 2770 προέχει·
593 2732 643 2761 καὶ
661 2731 872 2766 πεντακοσίοις
899 2731 1056 2766 ταλάντοις

29 2777 206 2815 τιμηθῆναι·
231 2778 272 2816 μὴ
303 2777 394 2815 μόνον
412 2777 460 2816 δὲ,
482 2778 558 2808 ἀλλὰ
574 2779 626 2808 καὶ
645 2779 776 2818 χαλκαῖς
802 2778 911 2809 εἰκόσι.
930 2779 990 2809 Καὶ
1007 2789 1055 2809 τε·

27 2823 216 2858 λευτήσαντὶκ
244 2823 351 2862 αὐτὸν,
378 2824 513 2864 δημοσίᾳ
546 2828 695 2863 ταφῆναι,
730 2825 887 2864 βιώσαντα
914 2825 987 2864 ὑπὲρ
1018 2825 1054 2854 τὰ

28 2869 134 2900 ἑκατὸν
149 2868 211 2904 ἔτη.

1125 287 1187 309 nes
1208 278 1487 323 Aristophanis(
1508 282 1637 317 ticeli-s.
1665 282 1759 329 337)
1789 282 1834 316 ad
1861 296 1927 316 nos
1946 283 2034 316 nihil
2062 295 2148 328 per<

1125 339 1225 366 tinet.

1527 458 1721 472 ——OWQ

1195 561 1472 616 SCYLAX
1518 562 2077 620 CARYANDENSIS.

1178 709 1308 743 Suidas
1332 722 1339 743 ε
1361 706 1499 749 Σκύλαξ
1522 708 1740 758 Καρυανδεύς
1762 710 1878 758 (πόλις
1898 710 1969 747 ἐστὶ
1986 714 2044 756 τῆς
2072 715 2151 750 Κα-

1126 763 1197 813 ρίας
1217 763 1361 808 πλησίον
1383 764 1652 814 Ἁλικαρνασσοῦ
1671 764 1712 801 τοι
1733 765 1961 816 Καρύανδα),
1983 773 2149 818 μαθημα-

1123 821 1215 864 τικὸς
1234 821 1292 858 καὶ
1315 821 1486 870 μουσικός.
1510 821 1705 872 Περίπλουν
1726 825 1792 859 τῶν
1821 825 1915 866 ἐκτὸς
1943 827 1952 876 (
1970 829 2036 863 τῶν
2057 828 2149 870 ἐντὸς

1123 882 1193 929 leg,
1220 881 1391 925 videtur3
1411 881 1477 916 τῶν
1495 878 1591 922 ἐκτὸς
1610 879 1668 916 καὶ
1689 880 1780 922 ἐντὸς
1805 885 1923 918 voluit
1939 888 2037 923 Voss.
2055 884 2064 934 )
2085 888 2151 923 τῶν

1123 937 1334 988 Ἡρακλέους
1357 939 1507 987 στηλῶν,
1534 938 1594 975 Τὰ
1626 938 1734 976 κατὰ
1767 939 1836 976 τὸν
1866 940 2150 991 Ἡρακλείδην

1123 996 1194 1033 τὸν
1228 998 1438 1034 Μυλασῶν
1479 996 1677 1046 βασιλέα·
1721 1000 1790 1043 Γῆς
1820 999 1991 1049 περίοδον·
2027 1002 2151 1039 Ἀντμ

1123 1054 1285 1106 γραφὴν
1319 1055 1419 1105 πρὸς
1438 1055 1512 1100 τὴν
1546 1055 1758 1093 Πολυὸίου
1789 1057 1994 1109 ἱστορίαν.

1176 1116 1230 1149 De
1262 1116 1403 1162 scriptis
1426 1115 1608 1149 historicis
1636 1116 1786 1150 aliunde
1807 1129 1884 1151 non
1915 1125 2068 1155 constat.
2099 1122 2153 1155 Dc

1123 1174 1378 1221 geographicis
1404 1186 1481 1207 non
1499 1180 1549 1208 est
1576 1186 1642 1208 cur
1667 1173 1704 1209 h.
1732 1174 1756 1208 l.
1780 1174 1957 1212 dicamus.
1982 1176 2153 1213 Ceterum

1124 1230 1281 1266 offendit
1305 1233 1441 1278 Peripli
1459 1238 1494 1266 et
1515 1231 1665 1266 Periodi
1682 1233 1909 1267 mentionem
1935 1235 2153 1281 interposito

1124 1302 1237 1336 opere
1262 1290 1441 1325 historico
1468 1291 1562 1324 male
1591 1290 1730 1325 divelli.
1766 1292 1897 1338 Arguit
1923 1293 1995 1327 hoc
2031 1295 2154 1328 titulos

1123 1360 1142 1382 e
1164 1348 1420 1395 compluribus
1436 1348 1649 1383 auctoribus
1669 1361 1834 1383 Col'l'asos
1854 1362 1942 1386 esse.
1964 1352 2042 1397 Qua
2061 1354 2095 1386 in
2115 1366 2154 1387 re

1122 1408 1250 1454 saepius
1265 1408 1385 1443 Suidae
1403 1407 1538 1442 accidit
1557 1415 1599 1442 ut
1618 1407 1774 1443 diversas
1791 1409 1898 1443 unius
1915 1409 2154 1458 ejusdemque

1124 1466 1246 1513 operis
1264 1467 1521 1513 inscriptiones
1538 1472 1725 1512 tamquam
1748 1478 1901 1513 operum
1921 1468 2153 1504 diversorum

1125 1525 1249 1559 titulos
1264 1532 1391 1571 ponat.
1420 1526 1588 1560 Fortasse
1614 1526 1727 1572 igitur
1751 1532 1878 1559 nostro
1897 1538 2048 1573 quoque
2069 1529 2152 1564 loco

1092 1590 1094 1602 ¹
1122 1584 1287 1631 Periplus
1316 1596 1394 1617 non
1420 1582 1699 1629 distinguendus
1722 1596 1741 1618 a
1766 1584 1939 1618 Periodo.
1980 1586 2153 1623 Similiter

1122 1640 1164 1677 τὰ
1204 1640 1294 1677 κατὰ
1320 1639 1377 1676 τὸν
1399 1638 1627 1691 Ἡρακλείδην
1667 1640 1742 1676 κτλ.
1768 1650 2027 1689 argumentum
2055 1646 2152 1680 indi—

1123 1714 1205 1735 care
1223 1701 1363 1747 possint
1382 1701 1440 1742 τῆς
1471 1699 1691 1748 οἱντιγραφῆς.
1712 1701 1943 1746 Quamquam
1963 1702 2001 1736 in
2019 1706 2152 1738 nostris

1122 1759 1333 1805 Polybianis
1353 1757 1559 1792 Heraclidae
1581 1757 1685 1803 liujus
1706 1759 1806 1793 nulla
1823 1758 1864 1792 fit
1883 1761 2035 1796 mentio.
2058 1762 2149 1796 Per-

1122 1818 1240 1852 tinere
1261 1817 1410 1863 regulus
1428 1816 1578 1850 videtur
1594 1816 1640 1850 ad
1658 1817 1719 1850 illa
1740 1819 2078 1864 temporasquibuS
2094 1833 2150 1855 se—

1121 1883 1225 1910 natus
1242 1875 1395 1910 Caribus
1414 1881 1449 1908 et
1468 1875 1589 1920 Lyciis
1601 1902 1610 1914 ‚
1632 1886 1725 1920 quos
1740 1881 1823 1921 post
1841 1876 2050 1910 confectum
2065 1878 2149 1912 bel—

1122 1935 1196 1967 lunl
1209 1933 1467 1967 Antiochicum
1476 1931 1871 1976 Rhodiisattribuerat,
1889 1933 2012 1968 liberis
2020 1936 2148 1982 suique

1116 1991 1208 2037 juris
1231 2003 1305 2026 esse
1328 1991 1517 2025 concessit.
1537 1991 1754 2036 Mylasenses
1775 2003 1864 2025 vero
1881 1990 1954 2036 jam
1973 1999 2056 2027 ante
2076 1994 2147 2028 hoc

1121 2048 1476 2083 senatusconsultum
1498 2060 1517 2082 a
1553 2047 1709 2082 Rhodiis
1743 2048 1971 2083 desciverant
1991 2048 2145 2097 (Polyb.

1120 2108 1252 2150 XXX,
1271 2106 1313 2154 5,
1335 2119 1377 2141 12
1396 2103 1420 2153 ).
1438 2125 1489 2132 —
1505 2105 1605 2140 Nihil
1622 2105 1714 2139 adeo
1730 2105 1927 2152 refragari,
1951 2109 2148 2152 quominus

1120 2165 1286 2211 Periplus
1305 2172 1430 2199 noster
1451 2164 1608 2210 Scylacis
1627 2163 1772 2209 Polybii
1793 2163 1942 2197 demum
1968 2171 2071 2199 aetate
2089 2168 2145 2200 vel

1121 2223 1230 2257 etiam
1252 2228 1379 2268 postea
1412 2233 1455 2255 ex
1483 2221 1695 2255 auctoribus
1728 2227 1780 2254 sat
1811 2222 1968 2267 antiquis
1991 2224 2146 2257 concin⁴

1119 2287 1224 2314 natus
1240 2281 1304 2323 sit,
1324 2279 1493 2326 pluribus
1510 2278 1619 2312 docet
1636 2279 1855 2313 Leti-onnius
1872 2279 1909 2312 in
1928 2281 2146 2326 Fragments

1117 2341 1331 2385 (lavpoiimes
1341 2339 1464 2384 geogr.
1481 2336 1525 2370 de
1535 2337 1709 2381 qumszos
1722 2337 1766 2371 de
1782 2336 1901 2379 Chios,
1916 2346 1998 2381 etc„
2010 2352 2052 2385 J).
2070 2341 2144 2381 256

1118 2396 1257 2441 (varias
1277 2396 1435 2430 aliorum
1454 2395 1648 2428 sententias
1667 2406 1701 2430 v.
1723 2406 1783 2440 ap.
1812 2393 1966 2429 Clausen
1985 2396 2029 2430 ad
2047 2398 2142 2443 Scyl.

1118 2454 1253 2500 Peripl.
1284 2465 1321 2499 p.
1355 2452 1428 2497 273
1455 2450 1488 2498 );
1518 2452 1756 2486 nihilominus
1782 2452 1933 2486 inhaeret
1961 2453 2143 2489 dubitatio

1116 2525 1205 2547 num
1226 2518 1324 2546 recte
1337 2523 1430 2558 opus
1446 2510 1533 2552 hoc,
1550 2511 1657 2556 quale
1671 2522 1738 2544 nos
1752 2509 1828 2555 jam
1845 2511 2020 2545 habemus
2036 2511 2143 2558 ἀμου-

1119 2570 1272 2614 σότατον,
1289 2569 1471 2604 referatur
1489 2567 1536 2602 ad
1552 2568 1738 2614 Scylacem
1755 2568 1934 2602 musicum
1952 2575 1987 2602 et
2003 2569 2143 2603 mathe-

1116 2629 1306 2664 maticum.
1326 2627 1496 2661 Eundem
1512 2637 1602 2660 vero
1626 2626 1684 2660 vel
1702 2626 1876 2671 aequaleln
1891 2625 1966 2670 ejus
1983 2638 2143 2661 commo-

1116 2692 1238 2720 morat
1251 2686 1379 2720 Cicero
1403 2685 1527 2720 Divin.
1550 2684 1606 2726 II,
1632 2687 1677 2724 [42
1708 2695 1715 2716 ε
1747 2683 1886 2728 Scylax*
1905 2684 2142 2718 Halicarnas-

1114 2756 1209 2785 seus,
1224 2742 1436 2787 familiaris*
1462 2742 1627 2775 Panoezii
1638 2768 1646 2783 ‚
1666 2741 1848 2774 excellens
1864 2743 1899 2773 Ῐη
1916 2742 2132 2786 astrologia,

1117 2804 1283 2848 idemque
1304 2804 1340 2834 in
1361 2800 1521 2846 regenda
1549 2811 1615 2833 sua
1647 2801 1791 2832 civitate
1808 2802 1995 2846 princepe,
2031 2808 2139 2833 lotum

1082 2860 1086 2896 l
1116 2860 1183 2894 hoc
1201 2859 1443 2894 Chaldaicam
1455 2857 1687 2903 praedicendi
1704 2868 1816 2903 genus
1835 2858 2049 2903 repudiavit.
