2338 3765
982 166 1306 207 FRAGMENTA.

569 258 630 295 ω..

141 339 265 386 Steph.
284 340 367 386 Byz.
390 352 397 373 :
419 337 617 388 Βωταχίδαι
636 338 694 389 (1),
711 337 811 380 τόπος
831 337 1025 389 Ἀρκαδίας,
1043 338 1112 373 ἀπὸ

90 395 271 446 Ιζωτάχου.
294 395 462 437 Νικόλαος
487 395 649 445 πέμπτῃ·
686 413 700 428 «
724 394 887 446 Ἰοκρίτου
908 395 941 431 δὲ
961 398 1021 431 τοῦ
1042 397 1112 431 Λυ-

90 452 231 503 κούργου
251 451 430 502 Βώταχος,
445 453 502 503 ἀφ’
520 447 557 489 οῧ
578 455 595 489 ὁ
611 452 711 495 τόπος
726 451 923 502 Βωταχίδαι
944 453 977 488 ἐν
991 455 1032 502 τῇ
1050 454 1113 490 Τε-

89 509 150 561 γέᾳ
169 509 309 555 ἐκλήθη.
334 527 349 541 ‘¹

141 569 245 604 Idem
260 582 267 603 :
293 566 477 617 Παρώρεια
489 597 498 613 ,
517 568 615 609 πόλις
633 567 826 618 Ἀρκαδίας.
844 565 990 616 Λέγεται
1005 566 1038 602 δὲ
1054 565 1112 603 καὶ

90 624 297 675 Παρωραία.
321 626 366 662 Οἱ
386 625 524 660 πολῖται
557 626 751 674 Παρωρεῖς.
782 623 950 665 Νικόλαος
983 625 1112 674 Παρω-

90 681 210 732 ρεοίτας
226 681 264 733 (2)
289 681 405 731 φησίν,

142 839 243 873 Idem
261 851 268 873 ε
291 836 522 887 Μεσημὸρία,
537 836 633 879 πόλις
655 836 819 881 Ποντική.
837 837 1005 878 Νικόλαος
1024 835 1114 884 πέμ-

88 910 177 945 πτῳ.
196 894 348 940 Ἐκλήθη
371 894 438 931 ἀπὸ
458 894 610 932 Μέλσου.
632 893 738 945 Βρίαν
756 893 821 944 γὰρ
839 893 898 938 τὴν
917 893 1014 930 πόλιν
1031 895 1116 945 φασὶ

89 954 236 1003 Θρᾷκες.
251 952 315 993 Ὡς
334 947 389 989 oliv
408 951 615 1002 Σηλυμὲρία
632 955 653 997 ἡ
671 955 728 988 τοῦ
747 952 880 997 Σήλυος
893 951 1000 997 πόλις,
1022 954 1116 989 Πολ-

89 1009 239 1060 τυμὸρία
258 1013 279 1056 ἡ
299 1009 468 1056 Πόλτυος,
488 1009 575 1046 οὕτω
596 1009 830 1060 Μελσημὸρία
851 1012 872 1054 ἡ
892 1009 1031 1046 Μέλσου
1052 1010 1114 1048 πό-

90 1069 159 1115 λις,
176 1067 233 1104 καὶ
250 1067 305 1104 διὰ
323 1067 360 1104 τὸ
381 1067 608 1117 εὐφωνότερον
627 1067 759 1116 λέγεται
782 1066 1007 1117 Μεσημῧρία.

573 1157 633 1197 [16.

142 1244 311 1277 Socrates
332 1243 422 1277 Hist.
445 1244 581 1278 Eccles.
602 1244 689 1286 VII,
713 1241 760 1277 25
783 1255 790 1276 ε
815 1240 1027 1291 Χρυσόπολις
1045 1240 1118 1276 ἐπί-

90 1313 175 1335 νειον
196 1298 337 1349 ἀρχαῖόν
357 1300 460 1342 ἐστιν,
481 1298 499 1335 ὃ
519 1301 627 1336 κεῖται
648 1298 709 1347 μὲν
730 1300 764 1335 ἐν
784 1300 874 1350 ἀρχῇ
896 1301 955 1335 τοῦ
978 1298 1116 1336 Βοσπό-

91 1371 168 1407 ρου,
187 1355 378 1404 μέμνηνται
395 1355 430 1392 δὲ
451 1358 553 1393 αὐτοῦ
574 1356 695 1393 πολλοὶ
710 1358 777 1392 τῶν
796 1357 951 1392 παλαιῶν
970 1371 1117 1406 συγγρα-

91 1412 192 1463 φέων,
208 1412 266 1449 καὶ
281 1412 448 1463 Στράὸων
468 1428 504 1450 τε
521 1413 579 1450 καὶ
596 1416 612 1450 ὁ
626 1413 856 1462 Δαμασκηνὸς
878 1412 1046 1455 Νικόλαος
1059 1413 1117 1449 καὶ

91 1473 108 1506 ὁ
124 1471 157 1506 ἐν
176 1471 286 1519 λόγοις
308 1471 342 1508 δὲ
365 1470 559 1519 θαυμαστὸς
578 1471 738 1523 Ξενοφῶν
759 1473 792 1508 ἐν
810 1474 850 1522 τῇ
868 1470 948 1520 ἕκτῃ
969 1473 1028 1516 τ’ῆς
1051 1471 1119 1508 Κύ-

91 1543 148 1578 ρου
166 1528 376 1570 ἀναδάσεως.

577 1604 639 1644 [07-

144 1686 270 1732 Steph.
294 1687 379 1732 Byz.
403 1699 411 1720 ε
434 1684 576 1734 ziam,
597 1684 675 1735 περὶ
691 1684 753 1729 τὴν
773 1684 912 1734 Κρήτην
930 1687 1030 1729 ν’ῆσος
1050 1684 1120 1720 ἀπὸ

95 1741 221 1792 Σίφνου
238 1745 295 1778 τοῦ
314 1741 473 1787 κωνίου,
497 1744 541 1783 ὡς
560 1741 733 1783 ,Νικόλαος
756 1740 919 1792 πέμπτῳ.
940 1740 1121 1778 Ἐκαλεῖτο

94 1797 127 1834 δὲ
146 1797 307 1849 πρότερον
328 1798 474 1848 Μερόπη
495 1800 550 1847 (1).

147 1858 252 1892 Idem
271 1869 280 1894 τ
303 1855 432 1907 Σκύρος
443 1859 563 1903 νῆσος,
579 1855 656 1906 περὶ
671 1850 709 1900 ἧς
722 1855 891 1897 Νικόλαος
908 1857 940 1892 ἐν
958 1853 1119 1905 πέμπτῳ·

96 1933 111 1947 «
133 1913 264 1966 Σκύρον
296 1914 385 1951 δὲτὸ
418 1913 479 1963 μὲν
500 1913 646 1951 παλαιὸν
665 1913 773 1965 ᾤκουν
799 1913 973 1962 Πελασγοί
1000 1928 1036 1949 τε
1064 1912 1123 1949 καὶ

96 1974 222 2022 Κᾶρες.
247 1990 261 2004 υ

150 2031 255 2066 Idem
272 2044 279 2066 :
303 2029 484 2081 Ἀμοργός,
501 2032 599 2075 νῆσος
617 2029 678 2075 μία
692 2031 758 2065 τῶν
780 2027 984 2076 Κυκλάδων,
999 2027 1125 2077 ἔχουσα

97 2087 212 2129 πόλεις
230 2088 341 2138 τρεῖς,
364 2087 572 2139 Ἀρκεσίνην,
596 2085 753 2133 Μινώαν,
773 2086 955 2134 Αἶγιοίλην.
1010 2085 1123 2122 Ἐκα-

97 2148 189 2182 λεῒτο
200 2144 233 2181 δὲ
248 2145 304 2182 καὶ
322 2146 492 2194 Παγκάλη
509 2145 568 2182 καὶ
584 2144 760 2194 lvo-spa...
776 2143 945 2185 Νικόλαος
959 2144 987 2179 δ’
1003 2143 1034 2180 Ἀ
1043 2142 1125 2193 μόρ-

99 2219 162 2253 γην
194 2202 299 2248 αὐτὴν
328 2204 443 2249 καλεῖ,
475 2202 592 2247 ἥντινα
624 2202 836 2253 Καρκήσιος,
865 2200 949 2251 ἀνὴρ
978 2200 1124 2248 Νάξιος,

98 2260 217 2313 ᾤκισε,
234 2260 292 2298 καὶ
314 2260 515 2312 Καρκησίαν
535 2260 705 2308 ὠνόμασε.

584 2347 644 2390 48.

152 2435 256 2469 Idem
274 2447 281 2468 :
305 2432 503 2482 Ἀγαμήδη,
529 2432 631 2473 τόπος
655 2432 732 2482 περὶ
751 2431 890 2482 Πύρραν
910 2434 970 2477 τῆς
991 2430 1126 2469 Λέσὸου

101 2490 168 2527 ἀπὸ
185 2489 381 2540 Ἀγαμήδης
393 2493 453 2535 τῆς
473 2491 657 2541 Μακαρίας
675 2493 735 2535 τῆς
751 2490 809 2527 καὶ
828 2489 967 2541 Πύρρας
983 2490 1125 2534 ἐπικλη-

102 2547 228 2593 θείσης.
245 2545 347 2585 ’Έστι
364 2547 423 2585 καὶ
439 2548 546 2599 κρήνη
563 2547 772 2598 Ἀγαμήδης,
786 2549 831 2590 ὡς
842 2547 1010 2588 Νικόλαος
1022 2547 1047 2583 ε’
1065 2548 1123 2596 (ι).

2123 185 2194 217 379

1657 265 1713 296 44.

1217 342 1396 373 Botachidac
1410 343 1497 375 locus
1513 347 1559 377 est
1576 347 1605 377 in
1628 349 1758 380 Arcadia
1773 350 1813 380 ita
1833 350 1936 383 dictus
1954 361 1971 382 a
1994 354 2147 392 Botafflo,
2162 356 2198 385 ut

1172 398 1282 430 scribit
1301 400 1447 432 Nicolaus
1465 404 1677 436 Damasccnus
1702 407 1780 437 libro
1802 409 1913 447 quinto
1934 423 1939 440 2
1966 423 1980 436 «
2009 411 2111 442 locriti
2135 414 2197 451 Ly-

1173 464 1269 495 curgo
1293 457 1356 488 uati
1375 458 1455 489 tilius
1470 461 1643 500 Rotae—hus,
1661 471 1679 493 a
1695 473 1758 502 quo
1776 466 1957 498 Botachidae
1983 468 2071 499 locus
2091 469 2120 499 in
2136 472 2196 500 Te-

1173 514 1292 551 geatica
1309 515 1427 546 ditione
1441 526 1554 548 nomen
1571 519 1674 550 habet.
1694 534 1707 546 υ

1216 573 1349 603 Parorea
1362 574 1512 613 oppidum
1527 577 1572 606 est
1592 577 1750 617 Arcadiae,
1768 580 1850 618 quod
1868 581 1962 612 etiarn
1984 585 2128 614 Parora¹a
2150 584 2199 614 di·

1175 629 1267 660 citur.
1287 631 1403 661 Incolae
1425 631 1493 670 ojus
1516 634 1698 666 Paron-enses
1723 636 1879 668 dicuntur.
1898 640 2042 672 Nicolaus
2058 650 2132 672 vcro
2145 651 2198 673 eos

1176 688 1356 719 Paroreatas
1369 688 1454 720 (licit.

1656 765 1712 795 45.

1216 845 1402 875 Mesembria
1419 846 1494 876 urbs
1510 848 1556 877 est
1571 847 1714 878 Thraciae
1728 856 1745 878 a
1759 849 1853 880 Melse
1866 851 1908 881 sic
1923 853 2091 884 nominata.
2109 855 2198 886 Nico·

1176 901 1244 932 laus
1261 902 1385 941 quinto.
1406 903 1543 934 Thraces
1559 904 1642 934 enim
1657 905 1768 935 urbem
1787 907 1945 945 appellant
1968 910 2065 949 βρίαν,
2092 913 2203 951 ltaque

1176 961 1212 991 ut
1233 960 1405 1000 Selymbria
1419 960 1501 992 dicta
1514 963 1562 992 est
1580 962 1655 993 urbs
1667 971 1685 992 a
1698 963 1789 1002 Selye
1813 965 1937 996 condita
1947 990 1955 1004 ‚
1980 967 2118 1008 itemque
2132 972 2204 1001 Pol-

1176 1018 1313 1057 tymbria
1337 1028 1355 1049 a
1369 1019 1495 1058 Poltye‚
1518 1020 1562 1050 sic
1575 1029 1594 1050 a
1610 1021 1705 1051 Melse
1719 1022 1917 1053 Melsembria
1931 1024 2067 1062 primum
2090 1030 2202 1059 vocata

1177 1078 1239 1115 est,
1255 1078 1324 1115 post
1337 1077 1503 1116 euphoniae
1515 1086 1609 1109 causa
1625 1079 1823 1111 Mesembria.

1669 1170 1726 1201 46.

1218 1247 1419 1286 Chrysopolis
1428 1270 1436 1285 ‚
1449 1247 1560 1278 navale
1573 1248 1740 1288 antiquum
1751 1273 1759 1288 ,
1772 1249 1858 1288 quod
1872 1249 1968 1280 situm
1981 1251 2027 1282 est
2040 1251 2079 1282 ad
2092 1252 2208 1284 ostium

1179 1320 1279 1351 Ponti.
1293 1320 1507 1351 Meminerunt
1520 1320 1588 1359 eJ'us
1603 1321 1781 1361 complures
1794 1323 1938 1353 veterum
1952 1323 2097 1355 auctores
2106 1348 2114 1362 ‚
2129 1324 2209 1356 inter

1179 1401 1294 1433 eosque
1313 1393 1408 1424 etiam
1424 1392 1555 1431 Strabo,
1574 1402 1634 1424 nec
1647 1401 1709 1423 non
1723 1394 1869 1425 Nicolaus
1888 1396 2097 1426 Damascenus
2115 1397 2210 1436 atque

1179 1465 1302 1505 scriptis
1317 1465 1382 1497 suis
1400 1465 1592 1496 admirabilis
1609 1465 1660 1496 ille
1676 1465 1851 1505 Xenophon
1867 1465 1898 1496 in
1912 1467 1984 1505 Cyri
2007 1467 2212 1506 expeditionis

1181 1539 1261 1570 libro
1278 1541 1367 1571 sexto
1385 1540 1477 1579 (cap.
1495 1544 1512 1570 3
1523 1543 1594 1578 ,15‚
1610 1541 1642 1570 ec
1654 1544 1671 1570 6
1684 1563 1692 1577 ,
1707 1542 1745 1571 38
1758 1540 1778 1578 ).

1664 1607 1723 1637 47.

1222 1692 1360 1731 Siphnus
1373 1691 1474 1721 insula
1491 1692 1537 1721 est
1550 1691 1635 1721 circa
1652 1691 1779 1721 Cretam
1793 1690 1837 1720 sic
1855 1689 1938 1721 (licta
1951 1699 1969 1721 a
1992 1690 2109 1730 Siphno
2123 1692 2210 1722 Sunii

1183 1748 1247 1779 tilio
1258 1773 1265 1786 ‚
1278 1748 1359 1779 sicut
1369 1749 1475 1779 narrat
1485 1747 1630 1779 Nicolaus
1642 1747 1722 1778 libro
1733 1747 1853 1786 quinto.
1869 1748 1958 1779 Prius
1971 1748 2071 1779 insula
2082 1750 2209 1789 Merope

1184 1806 1415 1845 appellabatur.

1224 1867 1337 1903 Scyrus
1363 1864 1465 1895 insula
1487 1865 1552 1901 est,
1581 1863 1621 1894 de
1642 1872 1705 1903 qua
1730 1863 1877 1894 Nicolaus
1898 1863 1978 1893 libro
2005 1864 2118 1902 quinto
2145 1864 2213 1894 haec

1184 1922 1292 1953 scribit
1317 1935 1324 1953 :
1352 1934 1366 1948 «
1386 1924 1520 1961 Scyrum
1542 1929 1635 1959 vero,
1656 1920 1775 1960 inquit,
1793 1921 1868 1951 olim
1885 1921 2012 1960 quidem
2031 1907 2211 1961 Pelasgite-

1185 1987 1282 2009 nuere
1296 1979 1327 2009 et
1346 1978 1452 2009 Cares.
1475 1989 1491 2004 ι»

1227 2041 1381 2075 Amorgus
1394 2035 1495 2065 insula
1509 2042 1572 2064 una
1585 2035 1631 2065 est
1647 2043 1664 2064 e
1677 2033 1868 2072 Cycladibus
1882 2043 1889 2063 :
1906 2033 1999 2064 urbes
2015 2034 2108 2064 habet
2129 2034 2212 2072 tres,

1186 2095 1372 2131 Arcesinen‚
1393 2094 1531 2124 Minoam
1545 2116 1553 2131 ,
1578 2091 1716 2130 AEgialen
1748 2101 1755 2121 :
1782 2092 1868 2130 prius
1883 2091 2018 2122 Pancale
2031 2093 2062 2122 et
2085 2091 2214 2130 Psychia

1186 2153 1352 2192 appellata.
1383 2154 1459 2182 Eam
1478 2150 1625 2182 Nicolaus
1642 2153 1797 2188 Amorgen
1819 2150 1930 2187 vocat,
1951 2157 2048 2188 quam
2065 2158 2082 2178 a
2101 2151 2214 2180 Carce-

1187 2212 1231 2242 sio
1245 2210 1383 2250 quodam
1397 2209 1497 2241 Naxio
1514 2208 1633 2239 colonis
1658 2208 1887 2246 frequentatam
1905 2208 2113 2246 vocatamque
2137 2208 2214 2238 Car-

1187 2269 1301 2300 cesiam
1315 2267 1430 2307 prodit.

1669 2343 1727 2374 48.

1231 2428 1389 2467 Agamede
1406 2428 1495 2458 locus
1514 2427 1561 2457 est
1573 2427 1665 2465 juxta
1680 2425 1834 2464 Pyrrham
1848 2424 1999 2463 oppidum
2011 2424 2216 2461 Lesbiorum,

1188 2470 1238 2500 cui
1263 2470 1302 2500 ab
1327 2468 1483 2507 Agamede
1499 2467 1643 2497 Macariae
1663 2469 1753 2504 (quae
1770 2468 1801 2496 et
1823 2465 1940 2504 Pyrrha
1963 2465 2046 2495 dicta
2070 2466 2134 2502 est)
2154 2465 2216 2495 tilia

1187 2519 1300 2540 nomen
1324 2509 1461 2539 inditum
1487 2510 1545 2538 est.
1571 2509 1624 2537 Est
1650 2507 1744 2537 etiam
1768 2507 1836 2536 sons
1853 2505 2008 2544 Agamede
2030 2505 2153 2544 dictus,
2182 2507 2218 2535 ut

1191 2551 1299 2581 scribit
1320 2550 1472 2581 Nicolaus
1486 2549 1565 2579 libro
1582 2547 1705 2587 quinto.

143 2660 193 2688 44.
224 2662 249 2687 ι.
272 2657 468 2697 Βωταχίόαι]
488 2658 598 2687 demus
615 2657 814 2695 Tegeaticus,
829 2666 922 2695 quem
938 2657 1120 2695 Πωταχίδας
1134 2655 1210 2686 dicit
1228 2658 1357 2686 Pausan.
1378 2656 1466 2692 Vlll,
1484 2656 1540 2690 45,
1560 2656 1586 2682 1.
1604 2665 1618 2678 «
1633 2652 1744 2682 Verior
1757 2651 1911 2690 scriptura
1924 2650 1948 2680 si
1964 2652 2011 2681 est
2024 2649 2217 2695 Βῳταχίδαι,

104 2712 220 2735 nomen
245 2712 307 2734 non
335 2703 478 2734 dubitem
507 2704 608 2734 forma
630 2705 776 2739 tantum,
803 2712 866 2733 non
889 2704 1006 2742 origine
1027 2703 1151 2733 differre
1173 2711 1244 2732 cum
1269 2701 1472 2738 Βουτακίδης,
1498 2699 1583 2738 quod
1607 2707 1636 2728 v.
1656 2712 1669 2725 »
1692 2700 1726 2729 L.
1756 2697 1912 2735 Dindmf.
1938 2697 1969 2727 in
1991 2697 2098 2736 Steph.
2123 2697 2216 2727 Thes.

105 2760 135 2781 v.
156 2751 277 2789 Βωταχ.
305 2752 351 2780 De
369 2750 484 2781 locrito
501 2750 633 2789 Lycurgi
653 2750 783 2781 Arcadis
800 2751 821 2780 f.
839 2750 963 2780 aliunde
984 2757 1047 2780 non
1064 2749 1197 2780 constat.
1217 2764 1257 2771 -
1282 2752 1311 2778 2.
1338 2743 1618 2786 Παρωρεάτας]
1635 2743 1679 2774 sic
1692 2743 1786 2774 etiam
1813 2742 1991 2774 Herodotus
2007 2744 2050 2772 lV
2062 2766 2070 2780 ‚
2097 2743 2151 2772 148
2165 2765 2173 2779 ,
2200 2743 2217 2771 4

105 2798 326 2837 (Παρωρεῆτας
337 2798 359 2836 ).

147 2847 196 2875 45.
220 2844 267 2874 Cf.
287 2843 399 2874 Strabo
426 2845 503 2880 vll,
528 2851 558 2881 p.
582 2847 639 2873 319
664 2855 671 2873 ε
698 2842 900 2883 Μεσημὸρία,
926 2844 1092 2882 Μεγαρέων
1125 2843 1268 2877 ἄποικος,
1297 2839 1440 2879 πρότερον
1461 2836 1678 2875 Menapia,
1695 2835 1758 2866 οἷον
1775 2834 1963 2872 Μενάπολις,
1981 2837 2034 2864 τοῦ
2059 2833 2219 2868 κτίσαντος

106 2891 210 2921 Μένα
231 2889 438 2927 καλουμένου,
461 2892 512 2925 τῆς
536 2888 566 2918 δὲ
589 2888 704 2922 πόλεως
729 2887 812 2927 βρίας
837 2887 895 2925 (cl.
916 2887 1037 2925 Hesycli
1073 2896 1104 2917 v.
1129 2887 1225 2925 Βρία)
1250 2886 1437 2924 καλουμένης
1462 2883 1631 2923 Θρᾳκιστί·
1656 2884 1696 2917 ὡς
1718 2882 1769 2911 καὶ
1792 2883 1811 2917 ἡ
1834 2884 1889 2911 τοῦ
1913 2881 2026 2917 Σηλυος
2048 2880 2132 2912 πόλις
2156 2881 2216 2914 Ση-

107 2935 214 2975 λυῧρία
227 2935 483 2974 προσηγόρευται,
503 2934 521 2970 ἥ
534 2945 566 2964 τε
581 2934 666 2969 Αἶνος
683 2933 872 2972 Πολι-υοῧρία
890 2934 963 2963 ποτὲ
979 2933 1162 2972 ὠνομάζετο.
1178 2930 1364 2963 Mesembria
1387 2938 1405 2959 a
1420 2928 1651 2966 Megarensibus
1672 2929 1703 2957 et
1725 2926 1943 2957 Chalcedoniis
1960 2926 2041 2956 Darii
2060 2925 2219 2965 Hystaspis

108 2986 250 3021 tempore
272 2982 396 3012 condita
419 2982 534 3012 dicitur
555 2989 604 3020 ap.
632 2986 787 3019 Anonym.
815 2980 926 3018 Peripl.
952 2981 1044 3010 Pont.
1068 2979 1180 3009 Euxin.
1204 2987 1235 3016 p.
1271 2979 1305 3007 14
1337 2978 1368 3006 et
1391 2975 1541 3006 Herodot.
1575 2976 1653 3012 Vll,
1688 2977 1754 3003 108.
1784 2974 1832 3003 Ex
1858 2972 2006 3011 Stephani
2030 2972 2098 3002 loco
2123 2972 2218 3008 atque

110 3028 181 3060 inde
193 3028 276 3067 quod
290 3028 401 3067 quinto
417 3027 497 3057 libro
511 3027 628 3058 Nicolai
642 3035 710 3057 eam
734 3027 938 3056 memoratam
952 3025 1112 3062 videmus,
1124 3024 1299 3063 colligimus
1312 3022 1531 3053 mesembriam
1545 3021 1646 3051 multo
1665 3020 1737 3049 ante
1758 3018 1935 3057 conditam,
1952 3018 2036 3049 Darii
2047 3026 2122 3048 vero
2136 3018 2216 3046 tem-

109 3075 235 3115 poribus
253 3074 480 3112 Megarensium
496 3073 617 3104 colonia
632 3073 859 3112 frequentatam
874 3079 949 3101 esse-

149 3124 200 3152 46.
223 3120 272 3151 Cs.
288 3120 461 3158 Xenophon
478 3122 555 3158 Exp.
572 3120 632 3155 Vl,
650 3123 666 3149 3
678 3141 685 3155 ‚
714 3122 767 3155 163
785 3116 897 3148 Strabo
911 3118 986 3153 ΧΗ,
1001 3124 1031 3154 p.
1049 3119 1124 3152 5633
1143 3115 1259 3145 Plinius
1272 3116 1318 3152 V,
1332 3118 1368 3144 32
1380 3137 1388 3151 ‚
1404 3113 1560 3144 Ammian.
1575 3110 1747 3143 Marcellin.
1759 3111 1847 3140 XXlI
1859 3132 1867 3146 ‚
1885 3113 1930 3140 12.
1949 3109 2103 3147 Ephorus,
2118 3107 2216 3157 T¹¹⁰⁰J

108 3175 240 3206 pompus
252 3167 283 3196 et
294 3166 458 3204 Dionysius
469 3165 636 3204 Byzantius
645 3173 695 3203 ap.
709 3163 816 3202 Stcpli.
830 3165 903 3201 Byz.
919 3171 949 3192 v.
966 3160 1153 3201 Χρυσόπολις
1163 3184 1171 3197 ,
1190 3161 1243 3191 ubi
1258 3159 1432 3191 secundum
1445 3158 1598 3199 plurimos
1613 3157 1686 3187 urbs
1697 3156 1856 3187 nominata
1868 3164 1933 3186 csse
1947 3155 2060 3185 dicitur
2071 3162 2088 3182 a
2103 3153 2215 3190 Chrys:

109 3213 169 3243 tilia
183 3211 363 3251 Chryseide.

148 3261 198 3290 47.
226 3261 254 3288 1.
277 3258 323 3288 Cs.
349 3257 467 3288 Plinius
485 3259 525 3287 lV
540 3280 547 3293 ‚
563 3265 589 3285 c..
617 3260 648 3286 12
669 3266 674 3285 :
692 3255 839 3294 Sililmus
857 3255 936 3284 (inte
952 3254 1106 3291 Meropia
1123 3255 1154 3283 et
1173 3253 1245 3283 Acis
1266 3252 1454 3291 appellata.
1479 3252 1527 3281 Cf.
1547 3250 1691 3281 Eustatli.
1708 3251 1739 3280 ot
1753 3248 1850 3280 schol.
1865 3247 1904 3278 ad
1920 3247 2045 3283 Dionys,
2063 3246 2130 3274 525.

149 3309 195 3335 48.
217 3303 256 3341 ε’]
275 3306 317 3333 ›i‹-
334 3303 423 3333 codd.
449 3304 580 3334 palatin.
600 3305 629 3333 ct
647 3302 784 3333 rei-usin.
808 3310 862 3339 pro
883 3301 1007 3339 vulgata
1028 3299 1139 3339 ἐννάτῳ
1152 3323 1159 3337 ,
1181 3299 1274 3338 idque
1292 3301 1374 3329 recte
1395 3297 1476 3328 haud
1495 3297 1606 3334 dubie,
1624 3304 1722 3335 quum
1741 3304 1778 3325 rx
1798 3293 1923 3331 reliquis
1940 3292 2031 3327 11¹¹l¹¹⁵
2049 3289 2115 3319 fflss'i
2134 3289 2214 3322 staff-“-
