2338 3765
923 163 1246 203 FRAGMENTA.

82 258 195 295 XXX.
214 253 309 292 Μετὰ
330 255 438 290 ταῦτα
457 251 491 288 δὲ
509 254 525 288 ὃ
546 250 626 302 πρὸς
646 249 842 299 Ῥωμαίους
863 248 966 298 βαρὺς
986 251 1053 286 Μι-

18 314 171 365 .θριδάτῃ
193 316 239 363 τῷ
261 311 394 350 Πόντου
415 310 551 361 βασιλεῖ
582 308 726 351 συνέστη
742 308 910 355 πόλεμος,
937 321 1053 356 φαινο-

30 371 133 420 μένην
151 369 265 408 λαὸὼν
281 369 393 405 αἰτίαν
410 367 471 413 τὴν
495 370 555 412 τῆς
577 363 827 406 Καππαδοκίας
845 362 1051 414 κατάληψιν.

29 429 167 473 Ταύτης
190 428 256 478 γὰρ
276 429 319 463 δι’
342 426 476 470 ἀπάτης
505 423 562 462 καὶ
589 423 698 474 ὅρκων
719 421 965 472 συμὸατηρίων
997 419 1054 456 τὸν

30 486 228 536 ἀδελφιδοῦν
246 484 389 535 Ἀράθην
406 481 587 520 συλλαὸὼν
606 484 623 518 ὃ
643 479 873 531 Μιθριδάτης,
894 480 1054 529 αὐτοχει-

32 543 87 594 ρίᾳ
106 541 324 594 ἀποσφάξας,
343 540 524 591 ἐκράτησε.
582 541 671 581 Παῖς
693 537 727 575 δὲ
746 537 918 588 δ’Λράθης
940 537 978 573 ἐκ
994 538 1054 581 τ’ἧς

29 601 176 650 ἀδελφῆς
194 603 254 636 τοῦ
286 597 495 649 Μιθριδάτου
523 596 714 648 Ἀριαράθῳ
731 594 906 645 γεγένητο.
923 595 962 643 (2)
982 596 1055 632 Φο-

30 657 212 699 νικώτατος
233 656 265 692 δὲ
285 658 322 693 ἐκ
342 654 461 697 παιδὸς
476 658 492 691 ὃ
514 653 728 704 Μιθριδάτης
747 648 787 698 ἦν
801 668 808 675 ·
828 651 890 697 τὴν
911 651 976 703 γὰρ
992 653 1054 702 ἀρ-

30 713 96 764 χὴν
117 712 418 764 τρισκαιδεκαέτης
433 710 648 762 παραλαὲὼν
665 709 738 758 μετ’
756 711 793 746 οὐ
811 708 896 746 πολὺ
913 707 973 753 τὴν
988 724 1056 757 μη-

30 771 133 822 τέρα,
160 770 319 807 κοινωνὸν
342 770 435 820 αὐτῷ
454 768 548 819 παρὰ
568 772 627 804 τοῦ
645 767 772 818 πατρὸς
792 771 851 812 τῆς
884 766 1057 817 βασιλείας

29 828 326 879 καταλειφθεῖσαν,
343 826 567 876 δεσμωτηρίῳ
583 824 779 874 κατασχὼν,
802 823 858 874 βίᾳ
872 823 930 859 καὶ
946 822 1057 873 χρόνῳ

32 884 244 930 ἐξηνάλωσε·
265 883 322 920 καὶ
339 883 395 919 τὸν
415 882 558 934 ἀδελφὸν
581 882 771 919 ἀπέκτεινε.
789 880 1058 931 Κατεστρὲψατο

33 942 67 979 δὲ
87 940 228 993 πολέμῳ
246 941 304 977 καὶ
320 939 396 982 τοὺς
420 940 497 990 περὶ
525 939 580 977 τὸν
599 941 716 977 Φᾶσιν
739 939 890 988 βασιλεῖς
910 937 971 979 ἕως
990 939 1056 973 τῶν

32 999 208 1048 κλιμάτων
224 1001 289 1035 τῶν
306 997 390 1047 ὑπὲρ
409 997 465 1034 τὸν
484 996 682 1042 Καύκασον,
710 996 768 1033 καὶ
786 995 846 1040 τὴν
865 994 974 1046 ἀρχὴν
994 994 1058 1041 ηὔ-

31 1057 129 1103 ξησε,
149 1057 207 1094 καὶ
228 1055 283 1093 ἐπὶ
310 1055 398 1106 μέγα
425 1054 621 1098 ἀλαζονείας
642 1053 829 1104 ἐξώγκωτο.
848 1055 901 1091 Δι’
922 1053 942 1090 ἃ
964 1055 1057 1102 μᾶλ“

30 1117 88 1152 λον
105 1114 275 1163 (Ρωμαῖοι
295 1112 355 1158 τὴν
376 1114 477 1149 αὐτοῦ
496 1112 647 1150 διάνοιαν
666 1111 816 1149 ὕποπτον
836 1110 1056 1161 ποιούμενοι,

30 1177 99 1214 τοῖς
120 1173 260 1210 Σκυθῶν
285 1172 479 1222 βασιλεῦσιν
502 1170 712 1222 ἐψηφίσαντο
729 1169 788 1211 τὰς
811 1168 975 1220 πατρῴας
996 1171 1056 1205 αὖ·

32 1230 87 1267 τὸν
109 1228 217 1281 ἀρχὰς
239 1231 539 1273 ἀποκαταστῆσαι.
564 1230 603 1276 (a)
622 1226 666 1264 ‘O
687 1226 720 1263 δὲ
743 1225 888 1276 μετρίως
910 1226 971 1274 μὲν
990 1231 1058 1267 τοῖς

32 1286 340 1339 προσταττομένοις
354 1286 502 1331 ὑπήκουε
518 1316 526 1335 ,
549 1285 752 1336 συμμάχους
772 1284 806 1321 δὲ
823 1284 979 1334 Πάρθους
1000 1283 1058 1321 καὶ

34 1346 190 1395 Μήδους,
212 1344 270 1381 καὶ
287 1344 461 1394 Τιγράνην
485 1343 659 1394 Ἀρμένιον
687 1342 746 1379 καὶ
776 1343 851 1384 τοὺς
875 1341 1060 1383 Σκυθικοὺς

35 1403 186 1452 βασιλεῖς
215 1401 348 1438 καὶτὸν
367 1400 495 1451 Ἴὸηρα
525 1400 821 1452 προσηταιρίζετο.
858 1399 1060 1450 Προσετίθει

35 1459 68 1496 δὲ
89 1460 146 1496 καὶ
169 1458 284 1510 ἑτέρας
320 1462 377 1496 τοῦ
411 1457 561 1507 πολέμου
583 1457 707 1501 αἰτίας.
744 1459 817 1503 Τῆς
851 1457 917 1508 γὰρ
952 1458 985 1493 ἐν
1017 1459 1059 1506 τῇ

36 1517 157 1567 Ῥώμῃ
176 1515 368 1566 συγκλήτου
391 1515 592 1564 Νικομήδην
609 1516 665 1552 τὸν
687 1517 724 1552 ἐκ
752 1515 971 1564 Νικομήδους
1002 1514 1060 1551 καὶ

34 1574 155 1620 Νύσης
194 1573 337 1625 βασιλέα
374 1573 531 1616 Βιθυνίας
577 1573 807 1619 καθιστώσης,
850 1572 1061 1625 Μιθριδάτης

36 1633 226 1683 Σωκράτην
242 1632 298 1668 τὸν
314 1631 473 1682 Χρηστὸν
493 1631 716 1677 ἐπικληθέντα
739 1630 931 1680 Νικομήδει
959 1632 1061 1667 ἀντε-

35 1690 193 1736 καθίστη.
222 1689 430 1741 Ἐπεκράτει
456 1688 490 1726 δὲ
512 1689 604 1738 ὅμως
624 1692 645 1735 ἡ
666 1689 853 1738 εΡωμαίων
880 1688 988 1738 κρίσις
1004 1688 1061 1724 καὶ

35 1747 174 1790 ἄκοντος
189 1748 416 1796 Μιθριδάτου.

88 1806 226 1842 XXXI.
253 1803 424 1855 “Ύστερον
447 1804 480 1841 δὲ
504 1803 622 1841 Σύλλα
651 1803 708 1840 καὶ
732 1803 867 1854 Μαρίου
893 1803 969 1854 περὶ
1001 1803 1060 1849 τὴν

37 1861 238 1907 Ῥωμαϊκὴν
255 1861 430 1899 πολιτείαν
449 1861 743 1912 ἀναρριπισάντων
761 1861 821 1907 τὴν
835 1861 970 1909 στάσιν,
985 1861 1060 1897 τέσ·

39 1935 145 1970 σαρας
168 1919 336 1968 μυριάδας
367 1921 477 1962 πεζῶν
505 1918 564 1955 καὶ
585 1919 722 1971 μυρίους
740 1919 866 1961 ἱππέας
888 1919 1064 1970 Ἀρχελάῳ

36 1980 85 2028 τῷ
114 1979 297 2027 στρατηγῷ
316 1975 488 2027 παραδοὺς
508 1979 525 2013 ὃ
545 1976 774 2027 Μιθριδάτης,
802 1975 892 2014 κατὰ
911 1978 1063 2014 Βιθυνῶν

37 2035 194 2072 ἐκέλευσε
212 2035 419 2085 στρατεύειν,
447 2033 506 2070 καὶ
523 2035 642 2085 κρατεῖ
663 2037 722 2079 τῆς
742 2035 857 2085 μάχης
877 2033 1064 2083 συμὸαλὼν

38 2091 240 2144 Ἀρχέλαος,
276 2091 390 2143 φεύγει
421 2090 455 2128 δὲ
500 2092 558 2128 καὶ
589 2092 789 2141 Νικομήδης
821 2094 894 2142 μετ’
931 2091 1064 2142 ὀλίγων.

38 2152 161 2188 Ταῦτα
181 2148 297 2198 μαθὼν
320 2148 555 2199 Μιθριδάτης,
587 2149 859 2200 παραγεγονότος
894 2150 987 2201 αὐτῷ
1007 2149 1065 2186 καὶ

40 2211 97 2244 τοῦ
117 2210 344 2257 συμμαχικοῦ
359 2236 368 2252 ,
397 2206 482 2257 άρας
502 2209 570 2243 ἀπὸ
591 2211 649 2244 τοῦ
665 2207 749 2257 πρὸς
775 2210 816 2257 τῇ
836 2207 984 2258 Ἀμασίᾳ
1002 2223 1063 2244 πε-

41 2264 110 2302 δίου
129 2263 182 2301 διὰ
199 2267 258 2309 τῆς
279 2264 528 2315 Παφλαγονίας
541 2263 595 2315 ᾔει
610 2293 619 2309 ,
636 2264 880 2301 πεντεκαίδεκα
898 2264 1065 2315 μυριάδας

39 2322 183 2372 στρατὸν
205 2322 425 2371 ἐπαγόμενος.
482 2322 522 2374 (2)
546 2322 678 2364 Μάνιος
698 2322 732 2359 δὲ
745 2352 754 2369 ,
773 2325 840 2359 τῶν
856 2322 943 2373 ἀμφὶ
957 2325 1065 2360 Νικο-

39 2380 151 2429 μήδην
181 2379 502 2430 συστρατευομένων
537 2381 629 2431 αὐτῷ
664 2379 750 2429 μόνῃ
775 2383 817 2431 τῇ
844 2384 902 2417 τοῦ
937 2382 1064 2431 Μιθρι-

42 2437 145 2475 δάτου
160 2436 259 2488 φήμῃ
275 2436 603 2482 διασκεδασθέντων,
629 2437 718 2486 μετὰ
737 2437 923 2486 Ῥωμαίων
944 2437 1065 2487 ὀλίγων

41 2494 376 2545 ἀντιπαρατάσσεται
409 2494 609 2546 Μηνοφάνει
639 2497 688 2546 τῷ
720 2495 931 2546 Μιθριδάτου
957 2510 1065 2546 στρα-

39 2554 154 2602 τηγῷ,
177 2551 235 2588 καὶ
252 2551 393 2602 τραπεὶς
415 2551 552 2602 φεύγει,
583 2557 698 2588 πᾶσαν
727 2551 789 2597 τὴν
809 2552 951 2601 δύναμιν
981 2554 1065 2589 ἀπο·

0 2648 1 2654 .
42 2608 175 2646 δαλών.
235 2609 276 2658 (3)
309 2608 497 2657 Ἐμέαλὼν
519 2608 554 2645 δὲ
579 2608 639 2646 σὺν
666 2610 761 2660 ἀδείᾳ
790 2610 1001 2661 Μιθριδάτης
1022 2612 1067 2653 εἷς

41 2666 102 2712 τὴν
123 2665 282 2704 Βιθυνίαν
304 2665 365 2708 τάς
385 2681 420 2702 τε
440 2665 554 2708 πόλεις
571 2666 628 2702 καὶ
649 2666 709 2712 τὴν
730 2666 847 2717 χώραν
870 2668 982 2718 ἀμαχὶ
1006 2683 1067 2705 κα-

41 2723 143 2774 τέσχε
156 2752 165 2769 ,
183 2723 241 2760 καὶ
259 2725 324 2759 τῶν
342 2723 455 2760 ἄλλων
475 2723 509 2760 δὲ
529 2723 661 2760 πόλεων
679 2726 745 2761 τῶν
766 2724 855 2762 κατὰ
871 2725 932 2770 τὴν
953 2725 1067 2763 Ἀσίαν

43 2783 78 2818 αἱ
99 2781 160 2830 μὲν
179 2779 360 2825 ἡλίσκοντο
379 2782 413 2817 αἱ
436 2780 470 2817 δὲ
499 2780 741 2832 προσεχώρουν
760 2784 807 2832 τῷ
830 2783 985 2831 βασιλεῖ,
1010 2781 1068 2819 καὶ

44 2836 216 2885 μεταὸολὴ
234 2839 300 2873 τῶν
321 2837 407 2873 ὅλων
437 2837 541 2888 ἀθρόα
562 2837 747 2875 καθίστατο
761 2867 771 2887 ,
790 2838 934 2875 Ῥοδίων
964 2840 1065 2888 μόνον

2060 171 2129 206 541

1155 258 1250 287 XXX.
1268 259 1339 288 Post
1350 258 1417 288 haec
1430 260 1617 290 acerrimum
1631 260 1818 292 Mithridatis
1832 263 2012 301 Eupatoria
2024 261 2136 292 adver-

1113 332 1166 355 sus
1179 326 1336 355 Romanos
1344 325 1459 357 bellum
1471 327 1632 358 contlatur.
1643 328 1847 367 Cappadociae
1858 328 2031 367 inspeciem
2044 335 2138 359 causa

1114 389 1271 428 arripitur.
1292 393 1378 421 llanc
1393 392 1476 422 enim
1502 393 1713 432 Mithridates,
1731 403 1831 432 (nium
1848 394 2006 425 Ariathem
2029 403 2068 425 ex
2085 403 2138 425 so·

1115 464 1184 486 rore
1201 457 1345 495 nepotem
1358 481 1366 495 ,
1381 458 1583 497 jurisjnramli
1601 461 1720 499 pacitici
1743 461 1815 492 dolo
1835 462 1865 492 in
1888 463 2071 501 potestatem
2092 471 2139 493 re-

1115 523 1243 554 dactum
1257 548 1265 563 ‚
1280 533 1335 555 sua
1350 533 1444 555 manu
1467 526 1702 567 obtruncasset‚
1720 537 1774 568 per
1789 529 1852 559 vim
1874 530 1932 560 sibi
1953 529 2137 561 vindicarat.

1116 590 1276 621 Ariathem
1299 591 1383 621 hunc
1399 600 1438 622 ex
1454 601 1558 623 sorore
1578 594 1765 625 Mithridatis
1780 599 1928 634 genuerat
1950 596 2140 627 Ariarathes.

1117 659 1160 699 (2)
1176 659 1371 691 Mithridates
1383 669 1456 691 vero
1473 670 1490 691 a
1504 670 1600 699 puero
1612 662 1650 692 ad
1667 663 1767 693 caedes
1783 663 2039 703 propensissimus
2055 665 2139 702 erat;

1116 734 1189 757 nam
1200 734 1299 765 quum
1309 726 1455 757 tredecim
1467 736 1620 758 annorum
1631 729 1810 761 adolescens
1821 739 1947 769 regnum
1959 732 2139 771 accepisset,

1118 794 1241 825 modico
1257 795 1424 835 interlapso
1441 797 1599 835 tempore,
1615 799 1746 829 matrem
1765 802 1849 838 regni
1865 804 2040 832 consortem
2057 810 2075 831 a
2089 810 2141 841 pa-

1116 859 1165 890 tre
1181 859 1367 890 destinatam
1381 883 1389 898 ,
1407 859 1483 890 (lum
1497 868 1622 891 carcere
1639 862 1774 892 vinctam
1789 864 1873 894 tenet
1884 888 1891 902 ,
1907 864 1936 894 vi
1950 865 1981 895 ct
1994 864 2142 903 temporis

1117 922 1325 954 diuturnitate
1342 923 1492 961 confecit3
1510 924 1637 955 fratrem
1663 926 1757 956 etiam
1773 927 1904 957 necavit.
1928 928 2014 958 Bello
2037 929 2142 959 autem

1118 986 1240 1026 subegit
1257 995 1343 1025 reges
1361 987 1444 1017 circa
1461 987 1574 1017 Phasin
1587 1011 1595 1025 ‚
1612 996 1710 1027 usque
1725 989 1762 1019 ad
1785 990 1908 1020 climata
1922 992 2006 1021 trans
2020 993 2142 1022 Cauca-

1118 1056 1188 1078 sum
1208 1060 1215 1077 :
1231 1057 1390 1087 regnoque
1403 1048 1610 1088 amplificato,
1627 1058 1772 1088 magnum
1787 1053 1971 1090 arrogantiae
1986 1054 2143 1085 tumorem

1120 1110 1308 1140 ostentabat.
1333 1110 1547 1146 Quamobrem
1564 1120 1664 1150 quum
1690 1121 1726 1142 eo
1749 1114 1844 1151 magis
1865 1116 1991 1145 consilia
2008 1116 2074 1154 ejus
2089 1125 2143 1147 su-

1118 1176 1225 1214 specta
1247 1174 1398 1205 haberent
1416 1175 1568 1214 Romani,
1595 1176 1721 1207 senatus
1742 1179 1920 1209 consultum
1938 1180 2090 1220 fecerant,
2111 1183 2146 1211 ut

1119 1237 1248 1276 paterna
1265 1237 1388 1276 regibus
1410 1237 1597 1276 Scytharum
1617 1238 1708 1277 (cleb.
1735 1239 1926 1279 Pltryqum)
1947 1250 2037 1280 regna
2062 1243 2147 1273 resti-

1119 1302 1234 1331 tueret.
1256 1301 1298 1340 (3)
1319 1302 1360 1333 At
1376 1302 1401 1332 is
1417 1302 1579 1334 moderate
1601 1303 1727 1342 quidem
1750 1304 1905 1335 mandatis
1921 1304 2048 1345 obsequi
2069 1319 2075 1336 :
2094 1307 2146 1337 sed

1120 1365 1244 1395 interim
1266 1366 1396 1396 Parthos
1409 1366 1440 1396 et
1460 1366 1565 1397 Medos
1579 1368 1608 1397 et
1625 1367 1787 1406 Tigranem
1803 1370 1985 1399 Armenium
2001 1378 2147 1408 regesque

1120 1427 1307 1466 Scytharum
1332 1428 1363 1458 et
1385 1427 1490 1458 Iberas
1506 1431 1591 1460 Asis&
1617 1430 1648 1459 in
1667 1430 1846 1461 societatem
1864 1431 1936 1462 belli
1958 1432 2146 1471 adsciscet-(¹3

1121 1490 1195 1521 alias
1212 1490 1307 1521 etiam
1323 1490 1395 1521 belli
1409 1499 1516 1522 causas
1529 1491 1707 1531 adjungere.
1727 1495 1804 1523 Nam
1819 1502 1917 1532 quum
1939 1496 2065 1526 senatus
2085 1498 2147 1526 Ro-

1121 1562 1233 1583 manus
1261 1553 1481 1592 Nicomedem,
1509 1562 1549 1584 ex
1579 1555 1746 1586 Nicomede
1768 1558 1799 1587 et
1826 1559 1907 1596 Nysa
1933 1560 2147 1598 progenitum,

1122 1616 1277 1656 Bithyniae
1300 1626 1404 1656 regem
1427 1618 1631 1658 instituisset,
1652 1620 1848 1653 Mithridates
1870 1624 2030 1655 Socratem
2056 1625 2147 1664 Frugi

1122 1682 1328 1720 cognomento
1350 1682 1407 1721 ipsi
1429 1683 1582 1722 opposuit.
1603 1685 1772 1716 Praevaluit
1785 1686 1889 1717 tamen
1906 1686 2017 1718 electio
2037 1689 2148 1718 Roma-

1121 1754 1235 1776 norum
1249 1769 1257 1783 ,
1274 1746 1453 1777 Mithridate
1469 1747 1580 1779 invito.

1163 1815 1276 1844 XXXI.
1302 1814 1469 1853 interjecto
1484 1817 1643 1854 tempore,
1662 1824 1760 1855 quum
1784 1817 1877 1856 Syllae
1899 1819 1930 1849 et
1950 1818 2041 1849 Marii
2057 1819 2086 1849 in
2104 1828 2148 1850 re·

1123 1882 1248 1921 publica
1273 1884 1414 1913 Romana
1435 1883 1546 1914 seditio
1571 1884 1750 1923 exarsisset,
1775 1886 1963 1917 Archelaum
1988 1887 2148 1926 copiarum

1123 1951 1237 1983 ducem
1262 1952 1457 1984 Mithridates
1479 1936 1683 1994 Quadraginta
1707 1955 1804 1986 millia
1821 1956 1960 1995 peditum
1987 1958 2017 1988 et
2040 1957 2149 1989 decem

1124 2020 1222 2051 millia
1238 2021 1380 2060 equitum
1396 2022 1427 2052 in
1448 2022 1597 2061 Bithynos
1611 2023 1726 2054 ducere
1736 2024 1845 2063 jussit,
1861 2024 2045 2065 collatisque
2057 2026 2151 2065 signis

1123 2090 1226 2121 victor
1245 2091 1349 2122 evadit
1363 2092 1548 2131 Archelaus,
1564 2094 1595 2124 et
1611 2093 1688 2133 sugit
1704 2103 1776 2125 cum
1790 2095 1896 2134 paucis
1909 2096 1973 2135 ipse
1986 2096 2080 2127 etiam
2093 2097 2149 2128 Ni-

1125 2159 1279 2190 comedes.
1295 2162 1365 2196 Quo
1382 2161 1505 2200 cognito
1522 2162 1734 2201 Mithridates,
1749 2172 1849 2202 quum
1863 2164 1921 2194 sub
1935 2172 2031 2195 manu
2049 2166 2151 2196 essent

1125 2228 1309 2268 auxiliares,
1335 2230 1445 2261 castris
1476 2239 1492 2261 e
1514 2231 1656 2269 subjecto
1680 2233 1812 2264 Amasiae
1833 2241 1944 2273 campo
1957 2234 2071 2273 motis,
2096 2243 2151 2274 per

1125 2300 1371 2340 Paphlagoniam
1384 2300 1443 2331 iter
1462 2300 1534 2331 facit
1548 2302 1675 2332 centum
1694 2303 1725 2333 et
1743 2303 1970 2343 quinquaginta
1983 2305 2080 2335 millia
2093 2304 2151 2335 ad-

1125 2368 1254 2400 ducens.
1275 2369 1316 2408 (2)
1336 2369 1457 2400 Manius
1469 2371 1574 2400 autem
1589 2370 1647 2401 sub
1660 2371 1754 2409 signis
1772 2370 1888 2402 habens
1903 2372 1996 2403 etiam
2010 2373 2151 2404 Nicome-

1125 2437 1173 2468 dis
1192 2438 1298 2477 copias
1318 2437 1407 2477 (quae
1424 2438 1462 2469 ad
1483 2438 1581 2469 solam
1598 2439 1784 2470 MithridatIS
1800 2440 1915 2470 famam
1931 2440 2150 2481 dissipantur),

1126 2513 1200 2534 cum
1224 2505 1337 2544 exigua
1358 2506 1569 2536 Romanorum
1594 2515 1686 2537 manu
1710 2515 1776 2538 sese
1806 2507 1920 2547 objecit
1942 2509 2151 2548 Menophani,

1126 2573 1315 2605 Mithridatis
1330 2573 1421 2612 duci,
1438 2575 1469 2605 et
1487 2575 1631 2614 repulsus
1648 2575 1744 2614 fugit,
1761 2576 1847 2606 omni
1871 2577 2010 2608 exercitu
2027 2577 2150 2609 amisso.

1126 2642 1168 2682 (3)
1184 2644 1298 2674 Secure
1317 2642 1410 2682 igitur
1424 2643 1601 2683 Bithyniam
1615 2644 1764 2675 invadens
1785 2644 1996 2684 Mithridates,
2015 2647 2045 2676 et
2061 2646 2154 2677 urbes

1126 2712 1158 2742 et
1173 2711 1331 2751 regionem
1349 2712 1427 2742 citra
1440 2721 1576 2751 pugnam
1597 2712 1717 2743 obtinet
1738 2725 1744 2743 :
1767 2714 2008 2752 ceterarumque
2022 2714 2100 2745 Asiae
2114 2714 2155 2744 ci·

1126 2777 1262 2807 vitatum
1279 2777 1348 2807 aliae
1365 2776 1543 2816 capiuntur,
1567 2776 1635 2808 aliae
1650 2777 1681 2807 in
1698 2777 1791 2808 fidem
1809 2778 1887 2817 regis
1909 2778 2103 2815 concedunt;
2124 2780 2155 2809 et

1127 2846 1254 2884 repente
1270 2845 1377 2883 ingens
1395 2844 1429 2875 fit
1448 2853 1552 2875 rerum
1572 2845 1792 2882 commutatio,
1810 2845 1937 2877 Rhodiis
1958 2846 2155 2877 solummodo

83 2942 181 2972 XXX.
209 2946 235 2972 1.
255 2941 447 2981 αὐτοχειρίᾳ]
466 2942 518 2971 καὶ
542 2941 609 2971 αὐτ.
630 2941 700 2972 vult
723 2942 820 2973 Orelli
843 2944 956 2981 praeter
978 2944 1204 2974 necessitatem.
1233 2946 1279 2974 De
1295 2952 1328 2973 re
1345 2944 1384 2974 cf.
1400 2944 1514 2974 Justin.
1533 2946 1696 2975 XXXVlII
1710 2968 1718 2982 ‚
1740 2948 1766 2976 1.
1789 2964 1829 2971 -
1852 2950 1880 2976 2.
1897 2946 1949 2985 βίᾳ
1967 2948 2018 2976 καὶ
2035 2946 2152 2985 χρόνῳ,

43 2995 188 3025 veneno,
209 2988 336 3019 Sallust.
363 2996 411 3026 ap.
434 2990 523 3021 Serv,
551 2987 590 3018 ad
609 2989 695 3028 Virg.
717 2991 787 3020 AEn.
814 2992 852 3020 V.
878 2993 947 3021 295.
972 3010 1011 3015 -
1035 2990 1222 3029 ἐξηνάλωσε]
1250 2990 1420 3025 ἐξανάλωσε
1446 2998 1486 3020 ex
1506 2990 1576 3020 cod.
1603 2994 1627 3021 A
1652 2991 1827 3030 Bekk.post
1856 2992 2026 3030 Stephan.;
2046 2992 2149 3026 ἐξανή-

43 3033 123 3063 λωσε
145 3034 213 3064 vult
230 3034 343 3071 Orelli,
365 3034 430 3064 sine
446 3042 550 3065 causa.
567 3047 648 3066 -τ.
662 3037 728 3073 περὶ
745 3047 772 3065 τ.
791 3038 890 3066 Φᾶσιν
906 3037 1057 3077 βασιλεῖς]
1074 3037 1121 3067 Cs.
1141 3036 1252 3067 Strabo
1269 3037 1328 3072 XI,
1346 3044 1376 3074 p.
1400 3037 1478 3073 498;
1492 3037 1604 3067 Justin.
1631 3039 1775 3068 XXXVlI
1789 3060 1797 3074 ‚
1824 3041 1852 3068 3.
1869 3056 1910 3064 -
1925 3039 2046 3067 Σκυθῶν
2064 3039 2155 3076 βασι·

44 3075 161 3117 λεῦσιν]
175 3080 304 3119 Φρυγῶν
319 3081 390 3119 βασ.
404 3089 465 3111 ern.
479 3081 592 3119 Orelli,
606 3090 645 3112 ex
661 3081 788 3120 Appian.
805 3082 910 3112 Mithr.
927 3091 955 3112 c.
971 3086 1003 3114 11
1020 3085 1050 3114 et
1067 3087 1112 3112 13.
1128 3099 1166 3104 -
1182 3086 1210 3112 3.
1224 3081 1402 3120 Μιθριδάτης
1466 3081 1682 3122 ἀντεκαθίστη]
1696 3083 1740 3113 sic
1756 3091 1815 3113 em.
1832 3083 1960 3113 palmer.
1972 3092 2010 3113 ex
2025 3082 2151 3120 Appian.

45 3121 151 3154 Mithr.
171 3133 198 3154 c.
220 3129 278 3164 103
302 3125 371 3156 libri
391 3138 397 3156 ε
416 3127 504 3165 Μιθρ.
527 3127 578 3157 τὸν
598 3128 729 3167 χρηστὸν
749 3128 945 3164 ἐπικληθέντα
961 3130 1137 3169 Νικομήδην
1151 3128 1361 3164 ἀντεκαθίστη.
1380 3130 1523 3161 Socrates
1541 3129 1591 3160 hic
1610 3132 1718 3168 postea
1740 3138 1758 3159 a
1771 3129 1949 3160 Mithridate
1966 3129 2153 3159 interfectus.

45 3168 84 3198 V.
98 3170 212 3200 Justin.
228 3173 386 3203 XXXVlll
399 3195 406 3208 ,
422 3175 451 3202 5.

87 3215 197 3246 XXXI.
228 3220 252 3246 t.
280 3217 445 3256 συμὸαλὼν
469 3217 603 3257 Ἀρχέλ]
633 3217 672 3248 ad
698 3218 847 3249 AmnIum
875 3219 1004 3250 tluvium
1032 3222 1064 3251 in
1089 3220 1294 3251 Domanetide
1320 3221 1537 3260 Paphlagoniae
1560 3222 1703 3260 regione,
1732 3222 1767 3252 ut
1785 3222 1917 3251 testatur
1940 3220 2050 3250 Strabo
2074 3221 2152 3257 ΧΠ,

48 3267 78 3296 p.
101 3263 169 3291 50¹2.
188 3262 237 3291 Ct.
256 3262 386 3301 Appian.
406 3263 426 3293 1.
442 3262 462 3292 l.
482 3270 510 3292 c.
533 3266 565 3294 17
583 3272 630 3302 sq.
645 3282 684 3288 —-
702 3267 729 3294 2.
746 3263 876 3303 Μάνιος]
894 3268 929 3296 Α.
947 3267 992 3306 Β.;
1007 3267 1058 3297 alii
1075 3267 1144 3298 libri
1159 3266 1284 3306 Μάριος.
1303 3267 1440 3298 Manium
1461 3268 1670 3306 (Aquillium,
1685 3268 1737 3307 qui
1757 3270 1873 3297 cumC.
1891 3267 1987 3297 Mario
2004 3276 2030 3295 a.
2052 3270 2102 3295 101
2122 3273 2151 3295 a.

50 3303 84 3332 C.
101 3305 207 3335 consul
225 3305 343 3345 suerat)
359 3308 467 3337 tuetur
486 3307 643 3346 Appianus
659 3308 678 3338 l.
694 3308 716 3338 l.
740 3311 785 3339 De
807 3310 903 3340 Mario
919 3311 958 3341 ct'.
985 3312 1140 3344 Plutarch.
1159 3314 1237 3343 Mar.
1253 3321 1281 3342 c.
1305 3316 1354 3344 34.
1372 3331 1412 3336 -
1428 3315 1552 3349 Ῥοδίων
1576 3314 1684 3353 μόνον]
1707 3314 1754 3345 Cf.
1778 3314 1904 3352 Appian.
1922 3322 1948 3342 c.
1972 3314 2006 3342 22
2031 3320 2097 3350 sqq.
2115 3331 2151 3336 --
