2289 3728
377 116 1342 265 AGATHARCHI‘DES
1401 169 1874 258 CNIDIUS.

115 509 359 542 TEs‘rmoxxA.
382 504 515 539 Strabo
534 503 636 548 XIV,
664 514 703 549 p.
727 501 802 537 656
823 514 830 536 :
852 499 989 551 Ἄνδρες
1009 498 1096 542 ἀξιό-

61 565 154 611 λογοι
176 561 307 600 Κνίδιοι
325 562 460 612 πρῶτον
478 558 549 614 μὲνχ
559 557 748 602 Εὔδοξος...
765 552 826 595 εἶτ’
846 557 1097 609 Ἀγαθαρχίδης

62 623 79 657 ὁ
99 622 137 657 ἐκ
156 622 223 656 τῶν
243 617 455 668 περιπάτων,
477 615 562 666 ἀνὴρ
585 615 813 668 συγγραφεύς.

114 679 268 714 Photius
280 678 377 714 Bibl.
397 675 484 712 cod.
505 675 578 710 213
595 687 603 710 :
623 673 836 721 Ἀνεγνώσθη
853 671 1098 752 Ἀγαθαρχίδου

62 734 298 786 ἱστορικόν·
329 732 410 770 ἔνιοι
440 732 475 769 δὲ
506 732 609 769 αὐτὸν
642 731 853 803 Ἀγάθαρχον
883 730 1099 779 ὀνομάζουσι.

62 793 185 844 Τούτῳ
202 791 323 843 πατρὶς
341 790 402 840 μὲν
420 793 441 835 ἡ
462 789 620 832 Κνίδος’
604 806 656 835 ην,
676 792 696 834 ἡ
716 789 751 825 δε
771 789 875 839 τέχνη
895 802 1100 839 γραμματι-

65 850 125 888 κὸν
149 849 386 888 ἐπεδείκνυτο·
409 847 610 900 ὖπογραφέα
628 845 664 884 δὲ
689 862 748 884 και
767 845 989 904 ἀναγνώστην
1009 847 1026 881 ὃ
1045 847 1102 881 τοῦ

63 907 216 960 λέμὸρου
233 906 420 959 (ὁΛέμὸος
435 908 587 944 Casaub.
602 906 614 956 )
629 905 909 956 Ηρακλείδης,
891 905 933 940 οι’
949 907 995 940 ὡν
1011 904 1104 939 αὗτιΝι)

64 965 316 1014 ἐξυπηρετεῒτο,
332 964 487 1016 παρέσχε
500 963 737 1015 γνωρίζεσθαι.
762 965 826 1001 Ἦν
842 962 876 999 δὲ
890 977 948 999 και
964 960 1104 1012 θρεπτος

67 1024 244 1062 Κινναίου.
936 1059 941 1065 ,

119 1082 257 1134 Γράψαι
279 1081 314 1119 δὲ
333 1080 389 1118 τὸν
408 1080 515 1131 ἄνδρα
536 1083 655 1116 τοῦτον
675 1078 725 1115 τὰ
742 1077 851 1116 κατὰ
870 1077 942 1123 τὴν
963 1076 1103 1116 Ἀσίαν

65 1140 217 1190 ἔγνωμεν
240 1141 278 1176 ἐν
302 1138 490 1191 βιὸλίοις
510 1138 542 1174 ι’·
563 1137 728 1174 καὶτῶν
749 1135 944 1181 κατὰτὴν
962 1135 1106 1186 Εὐρώ-

66 1213 147 1244 πην
165 1198 205 1235 δὲ
223 1199 284 1240 εἷς
300 1197 327 1234 θ’
350 1212 421 1233 και
439 1211 464 1244 μ
491 1195 805 1246 παρατείνεται
823 1195 934 1243 αὐτῷ
952 1195 1003 1239 ἡξ
997 1208 1105 1230 ιστο-

68 1256 148 1308 ρία·
167 1254 360 1292 ἀλλὰκαι
380 1270 394 1291 5
425 1256 464 1304 βι
455 1253 570 1290 ιὲλία
586 1253 659 1297 τὴν
677 1251 884 1303 Ἐρυθρὰν
903 1253 1016 1289 αὐτῶ
1033 1257 1106 1288 πᾶ-

68 1329 142 1351 σαν
159 1329 232 1351 και
249 1312 297 1350 τὰ
312 1327 407 1364 περι
423 1311 581 1357 ταύτην
596 1311 880 1362 ἐξιστοροῧσι.
897 1310 973 1355 Ίὴν
990 1303 1047 1347 οῧν
1063 1312 1105 1346 εἷ-

70 1371 219 1422 ρημένην
242 1370 382 1408 ἅπασαν
405 1386 468 1419 συγ
471 1368 605 1427 γραφὴν
623 1369 682 1406 καὶ
700 1368 799 1411 αὐτος
824 1367 880 1406 ἐπι
897 1367 988 1405 τέλει
1006 1371 1065 1404 τοῦ
1083 1367 1107 1404 ε’

67 1428 171 1479 λόγου
183 1431 230 1471 εἷς
242 1428 381 1478 μνήμην
394 1427 458 1464 ἀνά
460 1442 523 1477 γει·
534 1428 567 1464 ἐν
580 1430 607 1478 ᾧ
619 1426 883 1464 καὶπεπαῢσθαι
893 1442 952 1463 του
966 1425 1108 1477 γράφειν

69 1486 124 1524 διὰ
143 1487 236 1528 τινάς
251 1503 287 1524 τε
305 1485 417 1528 αἷτίας
436 1485 492 1522 ἄλ
473 1501 565 1532 Λας,
581 1485 640 1521 καὶ
660 1484 711 1521 ὅτι
727 1484 770 1521 τὰ
790 1487 850 1529 τῆς
867 1484 1037 1530 ἡλικίας’
1023 1499 1108 1521 απο-

69 1545 178 1583 κλίνοι
196 1560 280 1597 προς
300 1559 338 1581 το
358 1543 493 1594 ἔξωρον.
518 1543 596 1581 Πλ’
567 1559 616 1588 ην
643 1558 680 1592 γε
713 1542 796 1579 εἰσιν
817 1541 852 1580 οἵ
871 1557 972 1593 φασιν
1007 1541 1109 1579 αὐτον

70 1603 129 1640 καὶ
146 1606 179 1640 5
164 1603 263 1653 έρας
284 1601 557 1652 συγγεγραφέναι
582 1601 842 1652 πραγματείας,
864 1605 910 1638 (ἵνα
934 1603 1033 1649 ἡμεῖς
1049 1602 1114 1637 οὐ-ν

71 1662 106 1698 δε
99 1660 150 1697 ’να
171 1660 399 1710 (οὐδεμίανὲ)
421 1659 555 1696 οὐδέπω
569 1659 682 1707 ἴσμεν.
705 1658 749 1697 'E
757 1672 852 1695 πιτο
865 1657 944 1706 μὴν
960 1658 994 1695 δὲ
1010 1657 1111 1694 αὐτόν

71 1733 155 1769 φασι
174 1720 255 1755 τῶν
278 1716 375 1768 περὶ
400 1720 471 1762 τῆς
493 1716 702 1767 Ἐρυθρᾶς
731 1717 948 1760 θαλάσσης
980 1719 1109 1765 ἀναγε-

71 1775 278 1828 γραμμένων
295 1776 335 1811 ἐν
351 1774 413 1812 ἑνὶ
426 1775 588 1817 συντάξαι
608 1777 627 1825 β
642 1773 778 1824 ιὸλίῳ,
792 1773 851 1810 καὶ
869 1772 936 1822 μὴν
947 1772 1004 1809 καὶ
1018 1775 1113 1824 περὶ

72 1834 373 1885 τρωγλοδυτῶν
396 1831 547 1882 βιδλία
569 1830 606 1877 ε’,
628 1829 716 1868 ἀλλὰ
733 1830 792 1867 καὶ
819 1829 1024 1879 ἐπιτομὴν
1041 1834 1113 1876 τῆς

72 1890 330 1941 Ἀντιμάχου
360 1889 518 1936 Λύδης,
544 1889 604 1926 καὶ
633 1889 736 1926 πάλιν
768 1887 876 1933 ἄλλην
906 1889 1114 1938 ἐπιτομὴν

73 1951 151 1986 τῶν
173 1947 544 1999 συγγεγραφότων
563 1946 660 1998 περὶ
683 1948 932 1996 συναγωγῆς
953 1949 1115 1996 θαυμα-

74 2006 177 2043 σίων
195 2006 374 2055 ἀνέμων,
395 2005 577 2055 εκλογάς
595 2020 638 2042 τε
653 2005 860 2055 ιστοριῶν
875 2004 974 2041 αὐτὸν
992 2003 1113 2042 συντά-

75 2063 146 2110 ξαι,
166 2063 223 2100 καὶ
243 2079 341 2114 περι
363 2066 435 2108 τῆς
452 2064 718 2114 προσφιλους
734 2061 919 2111 ὁμιλίας.

127 2119 234 2159 Ἔστι
257 2120 342 2166 δὲ,’
329 2120 362 2164 εξ
385 2124 431 2158 ὧν
452 2120 510 2158 τὸν
535 2120 642 2171 ἄνδρα
664 2135 739 2161 τους
763 2118 883 2168 λόγους
903 2120 1005 2156 αὐτου
1027 2120 1116 2156 διελ-

77 2178 188 2221 Θόντες
215 2178 275 2215 ἐπέ
280 2193 427 2227 γνωμεν,
459 2176 728 2228 μεγαλοπρεπής
755 2192 792 2213 τε
815 2176 874 2213 καὶ
907 2178 1118 2226 γνωμολογι-

77 2236 153 2282 κὸς,
182 2236 240 2272 καὶ
267 2239 315 2286 τῷ
343 2236 403 2284 μὲν
424 2239 481 2272 τοῦ
502 2235 604 2285 λόγου
622 2233 757 2284 μεγέθει
776 2234 834 2271 καὶ
861 2234 1030 2284 ἀξιώματι
1049 2237 1116 2271 τῶν

79 2295 192 2332 ἄλλων
214 2296 345 2343 μᾶλλον
364 2289 514 2345 χαίρων,
542 2292 653 2336 λέξεσι
672 2292 787 2341 μέντοι
804 2292 946 2342 λογάσιν
969 2294 1006 2329 οὐ
1026 2292 1116 2329 πάνυ

78 2351 375 2403 προστεθειμένος,
393 2350 468 2388 οὐδὲ
487 2349 542 2387 διὰ
555 2353 623 2386 τῶν
644 2350 770 2398 ἐθίμων
789 2349 823 2386 δὲ
841 2349 895 2386 διὰ
912 2349 1039 2392 παντὸς
1055 2364 1117 2386 πο-

83 2410 278 2460 ρευόμενος,
294 2412 418 2459 γεννῶν
440 2408 475 2446 δὲ
493 2407 592 2451 αὐτὸς
609 2410 646 2445 οὐ
663 2407 786 2454 λέξεις,
805 2409 881 2444 ἀλλ’
903 2407 934 2444 εἴ
948 2424 997 2450 τις
1018 2408 1118 2450 ἄλλος

82 2468 284 2518 δημιουργὸς
303 2471 364 2513 τῆς
388 2467 466 2517 περὶ
486 2466 546 2509 τὰς
574 2466 678 2509 λέξεις
707 2466 883 2517 χρήσεως,
902 2466 1022 2510 καινήν
1043 2482 1117 2504 τινα

84 2525 132 2573 μὴ
158 2530 291 2566 καιναῖς
317 2523 530 2575 κεχρημένος
556 2523 667 2568 λεξεσι
692 2524 885 2576 φαντασίαν
913 2539 1117 2572 πεμπουσαν

84 2583 244 2619 ἀποτελεῖ
264 2581 325 2627 τὴν
344 2581 489 2632 φράσιν·
508 2581 598 2618 ούτω
619 2582 653 2618 δὲ
682 2597 865 2633 προσφυως
886 2581 1120 2618 ὓποῧάλλεται

84 2640 145 2684 τὴν
161 2638 296 2690 πρᾶξιν,
313 2641 357 2681 ὡς
370 2639 432 2683 τήν
446 2654 482 2675 τε
503 2641 723 2688 καινοτομίαν
744 2656 793 2689 μη
814 2641 924 2676 δοκεῖν
942 2643 1028 2676 εἰναι
1043 2655 1119 2676 και-

85 2696 259 2745 νοτομίαν,
275 2696 332 2733 καὶ
347 2711 386 2732 το
402 2694 487 2747 σαιρὲ
475 2712 505 2738 ς
524 2712 582 2733 ουκ
598 2695 739 2734 ἔλαττον
756 2699 823 2745 τῶν
841 2696 874 2740 ἐξ
890 2696 984 2739 ἔθους
998 2696 1120 2740 λέξεων

85 2753 266 2805 παρέχειν.
294 2753 476 2805 Κέχρηται
505 2753 540 2791 δὲ
560 2753 619 2791 καὶ
649 2754 803 2804 γνώμαις
829 2754 866 2791 τὸ
889 2755 1042 2806 νουνεχὲς
1063 2755 1121 2791 καί

87 2812 290 2862 δραστήριον
309 2811 561 2857 ἐπιδηλούσαις.
617 2812 758 2861 Τροπὰς
779 2812 813 2850 δὲ
833 2814 1007 2862 ὑπελθεῖν,
1024 2812 1055 2849 εἴ
1072 2828 1121 2854 τις

89 2869 208 2915 ἄλλος,
225 2868 350 2918 ἄριστα
366 2870 686 2919 παρεσκευασμένος
702 2870 739 2907 τὸ
757 2870 818 2919 μὲν
835 2871 899 2917 ἡδὺ
917 2871 976 2907 καὶ
997 2872 1122 2915 κηλοῧν

90 2925 150 2963 καὶ
169 2925 229 2970 τὴν
256 2925 370 2977 ψυχὴν
399 2926 536 2977 δια-χέον
563 2926 753 2972 λελ·Γ,οότιι)ς
773 2928 813 2964 δι’
834 2927 913 2965 ὅλου
935 2927 1123 2978 διασπείρει

87 2988 146 3021 τοῦ
164 2983 384 3035 γράμματος,
403 2986 449 3026 εἰς
468 2985 596 3035 τροπὴν
615 2985 647 3021 δὲ
668 2984 719 3022 ὅτι
740 2985 1008 3036 παρενήνεκται,
1029 2986 1124 3023 οὔδε-

91 3042 171 3090 μίαν
186 3041 297 3087 λύπην
317 3043 487 3087 δηλοῦσαν
506 3043 639 3094 ἀφίησι.
660 3045 758 3080 Ποιεῖ
777 3043 810 3080 δὲ
829 3046 922 3095 αὐτῷ
941 3047 1039 3081 τοῦτο
1057 3044 1123 3091 μά-

89 3101 190 3136 λιστα
211 3099 288 3149 οὐχὶ
310 3102 330 3144 ἡ
350 3103 416 3136 τῶν
436 3099 558 3143 λέξεων
581 3099 668 3145 αὐτὴ
688 3100 762 3136 καθ’
784 3099 908 3145 ἑαυτὴν
925 3100 1102 3149 μεταὲολὴ
1115 3130 1123 3146 ,

91 3158 168 3193 ἀλλ’
194 3159 215 3201 ἡ
246 3156 313 3192 ἀπὸ
333 3158 548 3207 πραγμάτιον
579 3157 701 3208 ἑτέρων
723 3159 768 3200 εἷς
796 3157 895 3208 ἕτερα
926 3158 1013 3206 μετά
1039 3174 1126 3200 τινος

92 3217 198 3265 σοφῆς
219 3213 277 3250 καὶ
302 3214 472 3264 ἠρεμαίας
500 3215 766 3266 μεταχειρίσεως
793 3214 983 3263 μεῑάῧασίς
1004 3231 1040 3251 τε
1069 3216 1127 3252 καὶ

94 3269 307 3322 μετατροπή.
329 3270 431 3308 Ἀλλὰ
449 3271 513 3321 γὰρ
530 3271 588 3308 καὶ
604 3271 798 3309 ἀντιλαίῖεῒν
814 3272 874 3320 μὲν
891 3272 998 3319 ὄνομα
1016 3273 1126 3323 ῥήμα-

93 3343 166 3373 τος,
185 3331 331 3379 ἀμεῖψαι
348 3329 381 3365 δὲ
399 3328 436 3366 τὸ
458 3332 550 3379 ῥῆμα
575 3331 620 3371 εἷς
642 3330 770 3378 ὄνομα,
792 3330 848 3366 καὶ
866 3331 967 3366 λῦσαι
989 3330 1048 3378 μὲν
1069 3331 1123 3367 λε’-

1161 498 1223 542 ξεις
1246 500 1291 540 εἷς
1307 497 1447 547 λόγους,
1467 512 1508 533 συ
1511 511 1670 545 ιαγαγειν
1688 495 1722 531 δε
1712 492 1890 546 λόγονεῖς
1907 492 2011 529 τύπον
2034 490 2197 540 ὀνόματος

1862 551 1931 589 Και
1956 549 2109 596 ζηλωτης
2135 549 2198 600 μέν

1162 615 1233 650 ἔστι
1250 609 1498 651 Θουκυδίδου’
1481 627 1515 648 εν
1533 627 1568 648 τε
1591 613 1633 660 τῇ
1658 613 1724 647 τῶν
1746 611 1966 660 δημηγοριων
1987 608 2147 661 δαψιλεία
2161 623 2198 645 τε

1161 671 1220 708 καὶ
1237 672 1418 721 διασκευῇ,
1433 671 1480 720 τῷ
1499 668 1671 719 μεγαλείῳ
1685 667 1720 705 δὲ
1739 666 1787 716 μὴ
1805 666 2009 718 δευτερεύων
2023 671 2081 703 τοῦ
2095 667 2197 716 λόγου

1161 731 1210 780 τῷ
1228 733 1328 780 σαφεῖ
1345 726 1554 777 παρελαύνει
1572 726 1629 763 τὀν
1647 726 1767 777 ἄνδρα.
1789 723 1891 762 Ἀλλὰ
1911 723 1977 775 γὰρ
1998 726 2015 760 ὁ
2032 724 2094 774 μὲν
2113 723 2199 775 ἀνὴρ

1163 790 1331 833 τοιοῧτος,
1351 785 1410 823 καὶ
1426 785 1464 822 τὸ
1485 784 1553 821 ἀπὸ
1573 787 1633 830 τ’ῆς
1657 785 1904 834 γραμματικῆς
1923 781 2011 832 ἔχων
2029 783 2126 826 κλεός
2142 797 2150 805 ·
2171 783 2201 819 εἷ

1159 556 1289 597 οὗδενος
1308 553 1618 604 ἀνεπιτηδειότερος
1639 556 1685 590 ὧν
1705 551 1817 601 ἴσμεν.

1165 843 1198 881 δὲ
1216 844 1274 881 καὶ
1293 843 1331 880 τὸ
1351 847 1411 889 τ·ΝΓ,ς
1430 845 1611 895 ῥητορικῆς
1627 841 1806 889 ἐπώνυμον
1830 842 1919 891 αὐτῷ
1936 843 1956 884 ἡ
1976 839 2023 888 μὴ
2046 840 2200 892 νήφουσα

1164 905 1275 954 ψῆφος
1295 902 1356 938 οὐκ
1373 901 1530 947 ἐπέθετο,
1547 899 1636 937 ἇ)λα
1653 899 1720 950 γὰρ
1736 913 1851 948 εμοιγε
1872 899 1964 935 δοκεῖ
1985 898 2079 936 οὐδὲν
2097 900 2203 936 ἔλατ-

1165 976 1220 997 τον
1240 962 1307 996 τῶν
1327 974 1579 1010 γραμματικών
1597 959 1635 995 οὖ
1661 956 1818 1007 δεύτερος
1839 955 1861 1001 ἢ
1884 958 1951 992 τιΝ)ιν
1974 955 2141 1008 ῥητόρων,
2160 956 2204 994 δι’

1166 1022 1212 1055 ὡν
1238 1033 1296 1054 και
1315 1016 1438 1069 γράφει
1453 1032 1513 1054 και
1533 1015 1705 1061 διδάσκει,
1720 1012 2006 1065 καταραίνεσθαι.

1225 1076 1235 1123 (
1250 1077 1413 1123 Agatha1
1417 1076 1534 1111 chidis
1554 1076 1600 1110 de
1618 1074 1782 1121 Hegesiae
1799 1073 1985 1108 sc11bend1
2004 1085 2140 1120 genere
2150 1074 2207 1120 ju-

1169 1135 1327 1177 dicium,
1351 1133 1455 1180 quod
1475 1146 1520 1168 ex
1553 1132 1768 1180 praefatione
1794 1130 1842 1165 ad
1871 1130 2009 1164 librum
2036 1131 2206 1177 quintum

1168 1194 1224 1228 De
1243 1193 1335 1227 mari
1356 1192 1489 1227 Rubro
1503 1191 1661 1226 servavit
1677 1190 1830 1224 Photius
1849 1187 1961 1236 (cod.
1983 1188 2058 1223 250
2071 1187 2080 1237 )
2093 1216 2103 1233 ,
2121 1189 2208 1224 vide

1168 1251 1207 1285 in
1239 1250 1369 1297 fragm.
1395 1250 1557 1297 Hegesiae
1586 1250 1624 1283 in
1652 1249 1833 1295 Scriptor.
1862 1259 1988 1282 rerum
2007 1247 2208 1282 Alexandri

1168 1310 1219 1344 M.
1243 1321 1282 1355 p.
1312 1321 1325 1342 1
1336 1308 1398 1355 39.
1412 1307 1422 1355 )

1222 1365 1681 1413 AgatharchidesDemai.
1690 1363 1808 1398 Rub1.
1822 1374 1883 1408 ap.
1894 1361 2002 1396 Phot
2017 1360 2100 1396 cod.
2114 1359 2210 1404 250,

1169 1436 1208 1471 p.
1234 1423 1306 1464 445
1328 1436 1348 1458 a
1370 1422 1415 1457 33
1437 1422 1576 1460 Bekk.:
1600 1418 1695 1469 ’ἶΕγω
1723 1420 1752 1456 δ’
1777 1419 1835 1469 ἀρ’
1857 1412 1897 1463 ἧς
1915 1416 1987 1465 ἡμέ
1970 1432 2047 1467 ρας
2070 1419 2091 1462 ἡ
2119 1416 2208 1468 τύχη

1173 1495 1214 1528 με
1240 1478 1453 1522 κατέστησεν
1472 1477 1654 1528 ἐπίτροπον
1675 1491 1734 1513 του
1760 1474 1919 1524 σώματος
1943 1478 2004 1512 τοῦ
2022 1478 2082 1512 σοῧ
2095 1503 2104 1519 ,
2135 1475 2211 1512 νέου

1172 1539 1347 1579 παντελῶς
1367 1535 1480 1584 ὄντος,
1499 1535 1558 1573 καὶ
1579 1538 1639 1582 τῆς
1659 1533 1740 1581 ὅλης
1763 1532 1939 1584 βασιλείας
1953 1563 1961 1578 ,
1991 1534 2050 1569 ἀπ’
2080 1532 2212 1578 ἐκείνης

1173 1596 1266 1638 εὐθὺς
1287 1595 1395 1645 μέγαν
1412 1596 1550 1645 ἐμαυτῷ
1570 1594 1672 1631 πόνον
1688 1592 1871 1630 ἐπέὸαλον.
1888 1591 2130 1636 Τίναητοῖἰτοη
2143 1591 2212 1633 τοῖς

1173 1654 1258 1705 πρὸς
1279 1652 1403 1699 ἡδονὴν
1425 1654 1600 1702 ὁμιλοῦσιν
1620 1653 1854 1688 ἐναντιοῦσθαι
1879 1649 1938 1686 καὶ
1959 1649 2204 1699 δυσχεραίνειν,

1175 1716 1234 1750 σοῦ
1250 1715 1384 1763 πρῶτον
1401 1712 1504 1748 αὐτοῦ
1519 1710 1797 1762 περιαιρούμενος
1817 1709 1853 1746 οὐ
1874 1707 1935 1752 τὴν
1955 1707 2106 1750 ἐξουσίαν
2123 1706 2212 1744 ἀλλὰ

1174 1770 1235 1815 τὴν
1251 1770 1403 1819 ἄγνοιαν,
1416 1767 1473 1806 ἵνα
1489 1770 1556 1805 τῶν
1576 1767 1746 1806 τοσούτων
1763 1768 1898 1816 ἀγαθῶν
1916 1768 2045 1818 φρονῶν
2061 1765 2214 1803 ἀπολαύ-

1176 1845 1249 1877 σῃς,
1268 1828 1315 1877 μὴ
1334 1827 1587 1878 διαμαρτάνων.
1610 1828 1723 1864 Τοῦτο
1739 1824 1804 1876 γὰρ
1822 1825 1961 1870 ἐζήτουν
1978 1823 2105 1875 πατρὸς
2123 1823 2213 1874 ἔχων

1177 1886 1308 1923 εὔνοιαν
1337 1885 1461 1936 χρόνου
1495 1884 1770 1936 στοχαζομένην,
1797 1885 1834 1920 οὐ
1864 1882 2010 1924 κόλακος
2041 1882 2215 1933 εἰρωνείαν

1177 1947 1286 1996 καιρῷ
1312 1944 1607 1995 προσομιλοῦσαν.
1627 1937 1718 1981 Οἶδα
1735 1941 1822 1993 γὰρ,
1842 1940 2071 1992 πρεσὸύτερος
2087 1937 2134 1976 ὢν
2155 1939 2215 1977 καὶ

1177 2003 1313 2039 πολλῶν
1339 2000 1677 2051 ἔμπειροςγεγονὼς
1699 1998 1927 2072 πραγμάτων,
1956 1997 2011 2035 διὰ
2038 1997 2114 2040 τοὺς
2145 2001 2214 2035 θω-
2239 2026 2241 2029 -

1177 2059 1290 2096 πεύειν
1314 2058 1537 2108 ἐπιὸεὸλημέ
1536 2074 1606 2102 ,ους
1625 2074 1699 2101 τους
1724 2074 1756 2094 εν
1774 2060 1847 2100 ταῖς
1864 2059 2052 2129 ὑπεροχαῖς
2075 2055 2133 2092 καὶ
2153 2054 2214 2098 τὰς

1179 2118 1340 2168 μεγίστας
1365 2117 1540 2168 βασιλείας
1567 2117 1673 2168 ἄρδην
1699 2115 1933 2166 ἀνῃρημένας,
1960 2113 2022 2159 τὴν
2008 2112 2215 2152 νΚασσάνω

1179 2178 1276 2227 δρου,
1293 2192 1354 2220 την
1371 2175 1596 2226 Λυσιμάχου,
1613 2174 1674 2219 τὴν
1693 2173 1913 2223 Ἀλεξάνδρου
1929 2171 2141 2218 τηλικαύτην
2162 2175 2216 2209 οὐ·

1179 2250 1258 2282 σαν,
1280 2233 1342 2279 τὴν
1360 2233 1502 2278 Μήδων,
1523 2232 1583 2278 τὴν
1602 2232 1736 2281 Σύρων,
1759 2231 1821 2271 τὴν
1840 2232 2031 2282 Περσῶν,
2017 2229 2106 2267 ὥστε
2127 2229 2214 2279 μηδὲ

1179 2292 1317 2342 σπέρμα
1337 2292 1604 2342 καταλελεῖφθαι
1623 2294 1682 2327 τοῦ
1696 2289 1812 2340 γένους
1830 2291 1906 2326 κτλ.
1918 2293 2016 2337 Lege
2031 2291 2140 2325 etiam
2151 2303 2215 2325 an·

1180 2352 1402 2396 tecedentia,
1421 2364 1501 2398 quae
1516 2351 1563 2386 ad
1578 2350 1738 2385 eundem
1751 2350 1961 2396 principem
1980 2360 2140 2396 puerum
2159 2347 2218 2383 di-

1178 2416 1279 2444 recta
1298 2416 1396 2444 sunt.

1231 2467 1334 2501 Idem
1348 2466 1440 2502 ibid.
1457 2479 1496 2513 p.
1517 2466 1589 2508 ,460
1604 2466 1628 2500 b
1643 2465 1663 2500 3
1677 2466 1792 2500 Bekk.

1181 2525 1282 2560 {Ovum
1313 2525 1380 2559 τῶν
1409 2538 1499 2560 εκκει
1504 2538 1612 2558 μενων
1644 2538 1727 2572 προς
1754 2521 1990 2573 μεσημόρίαν,
2019 2523 2064 2563 ὡς
2093 2524 2134 2567 ἠν
2167 2520 2218 2568 ἐφ’

1813 2462 1949 2509 εἰὰμὲ
1953 2478 2114 2499 νουνυπ
2120 2477 2166 2512 ρ
2151 2478 2217 2499 των

1180 2585 1276 2627 ημῖν,
1294 2582 1328 2617 ἐν
1348 2580 1449 2617 πέντε
1477 2580 1612 2623 ιιὸλίοις
1631 2582 1731 2629 ἐπιμε
1719 2581 1825 2620 ελιΝι)ς’
1818 2579 2061 2631 ιστορηκαμεν·
2080 2578 2164 2630 υπὲρ
2182 2577 2217 2616 δὲ

1182 2642 1249 2676 τῶν
1269 2641 1302 2675 ἐν
1321 2638 1465 2688 πελάγει
1484 2638 1598 2684 νήσων
1628 2637 1766 2689 ὕστερον
1787 2638 2050 2690 τεθεωρημένων
2071 2637 2130 2684 καὶ
2150 2639 2218 2674 τῶν

1182 2697 1329 2743 εὐωδῶν,
1342 2697 1405 2734 ὅσα
1424 2696 1535 2748 φέρειν
1551 2696 1734 2747 συμὸαίνει
1750 2696 1812 2741 τὴν
1830 2697 2069 2748 Τρωγλοδῦτιν
2086 2694 2219 2746 χώραν,

1182 2759 1281 2804 ἡμεῖς
1302 2754 1362 2804 μὲν
1383 2755 1685 2805 παραιτησάμενοι
1704 2753 1767 2799 τὴν
1788 2753 1946 2804 ἐξήγησιν
1965 2753 2070 2804 ἄρδην
2091 2755 2218 2790 ἀπολε-

1182 2813 1367 2861 λοίπαμεν,
1387 2814 1464 2849 οὔτε
1479 2813 1534 2850 τὸν
1553 2812 1654 2850 πόνον
1667 2815 1728 2857 τῆς
1746 2812 1880 2858 ἡλικίας
1899 2811 2024 2859 ὁμοίως
2038 2810 2219 2862 ὑποφέρειν

1184 2871 1389 2919 δυναμένης,
1405 2873 1540 2908 πολλῶν
1558 2871 1640 2918 ἡμῖν
1659 2870 1743 2921 ὑπέρ
1761 2885 1796 2907 τε
1813 2873 1874 2914 τῆς
1897 2868 2065 2919 Εὐρώπης
2082 2867 2140 2904 καὶ
2159 2870 2219 2913 τῆς

1186 2927 1301 2970 Ἀσίας
1325 2927 1659 2979 ἀναγεγραμμένιι)ν,
1683 2927 1760 2964 οὔτε
1777 2929 1842 2964 τῶν
1862 2925 2146 2974 (Υπομνημάτων
2163 2925 2219 2962 διὰ

1185 2985 1244 3027 τὰς
1276 2986 1354 3022 κατ’
1376 2986 1549 3035 Αἴγυπτον
1571 2985 1778 3027 ἀποστάσεις
1802 2984 1928 3034 ἀκριὸἧ
1958 2982 2215 3034 παραδιδόντων

1186 3044 1316 3095 σκέψιν.
1334 3045 1389 3080 Cf.
1408 3047 1454 3081 11.
1474 3045 1660 3080 Dodwell.
1678 3044 1825 3080 Disscrt.
1846 3046 1900 3078 De
1916 3047 2011 3077 aetat.
2031 3043 2168 3089 Agath.
2181 3042 2219 3076 in

1186 3104 1322 3150 Gcogr.
1344 3103 1512 3140 lludson.
1537 3110 1627 3137 tom.
1650 3103 1705 3145 II,
1722 3114 1761 3147 p.
1787 3101 1833 3146 67
1855 3113 1935 3147 sqq.
1958 3101 1992 3136 J.
2017 3100 2060 3136 G.
2084 3101 2217 3147 Hager.

1188 3162 1242 3195 De
1266 3161 1413 3207 Agath.‚
1429 3161 1631 3197 Cheinnitz.
1657 3159 1773 3203 1766,
1787 3162 1823 3199 4.

1240 3218 1472 3251 Tcstimoniis
1497 3218 1596 3251 hisce
1620 3229 1736 3263 pauca
1756 3216 1945 3262 quaedam,
1977 3228 2057 3261 quae
2077 3215 2122 3250 ad
2153 3226 2221 3249 nos

1188 3275 1358 3321 proxime
1377 3281 1561 3320 spectant,
1582 3273 1775 3318 subjecisse
1793 3273 1877 3307 satis
1903 3273 2035 3308 habco.
2059 3275 2111 3306 Ac
2138 3272 2219 3317 pri-

1158 3370 1160 3374 ,
1190 3345 1290 3366 mum
1312 3332 1463 3378 quidem
1485 3331 1586 3378 quod
1605 3337 1745 3365 aetntem
1768 3330 2049 3377 Agatharchidis
2074 3329 2216 3375 attinet,
