2338 3765
945 157 1005 193 FR
1015 156 1076 194 AG
1087 159 1120 194 M
1131 159 1274 197 ENTA.

55 239 143 281 θένος
157 238 221 288 γὰρ
235 235 358 285 γονέων
375 234 550 283 ἐπισημιιΝ
563 233 885 284 τρισκαιδεκαέτης“
874 235 1074 285 υπάργουσα

54 297 120 334 ὑπὸ
134 295 300 333 πολλων’
285 291 527 342 εμνηστεύετο,
546 295 630 328 οὐσα
650 291 834 342 εὐπρεπης
859 292 901 329 Ὼ
905 310 918 335 ς
936 292 964 329 δ’
982 294 1077 342 ἐνεγ-

52 353 161 404 γυήθη
191 355 219 403 ᾦ
251 352 281 387 οἵ
308 355 414 399 γονεῖς
444 348 642 393 ἐδούλοντο,
669 348 833 394 ἐνστάσης
861 352 920 393 τῆς
947 350 1078 400 ἡμέρας

51 414 108 447 τοῦ
128 410 260 459 γάμου,
276 407 428 457 προϊέναι
442 410 500 443 τοῦ
518 405 609 442 οἴκου
629 405 801 453 μέλλουσα
823 406 995 457 αἰφνιδίως
1012 407 1078 444 πό-

53 484 109 505 νου
126 465 332 516 ἐμπεσόντος
359 466 445 514 αὐτῇ
474 463 703 514 σφοδροτάτου
732 463 925 509 ἑξεῧόησεν·
952 466 1079 500 ἀναλα-

53 524 165 566 6όντες
182 523 216 560 δὲ
238 522 343 568 αὐτὴν
367 523 397 558 οἳ
414 521 640 572 προσήκοντες
658 521 877 571 ἐθεράπευον,
899 523 944 563 ὡς
968 522 1079 570 ἀλγη-

53 598 145 632 ματα
166 581 311 632 ἔχουσαν
336 580 465 621 κοιλίας
482 579 539 616 καὶ
557 579 721 629 στρόφους
742 581 808 615 τῶν
837 578 946 621 ἐντός·
967 582 1026 624 τῆς
1046 579 1080 616 δὲ

53 639 235 689 ἀλγηδόνος
255 638 478 688 ἐπιμενούσης
498 637 604 688 τρισὶν
633 635 778 687 ἡμέραις
809 636 908 684 ἑξῆς,
935 637 1079 687 ἀπορίαν

52 713 88 734 τε
108 703 195 734 πᾶσι
215 700 272 733 τοῦ
293 696 420 738 πάθους
439 698 632 740 ποιοῦντος,
654 697 719 730 τῶν
739 694 850 731 πόνων
870 694 944 731 οὔτε
963 694 1081 736 νυκτὸς

50 754 124 792 οὔτε
151 753 280 805 ἡμέρας
300 753 427 790 ἔνδοσιν
457 751 718 800 λαμὸανόντων,
739 751 849 788 καίτοι
878 758 991 787 πᾶσαν
1020 752 1080 798 μὲν

51 809 231 860 θεραπείαν
250 810 335 859 αὐτῇ
353 808 611 860 προσφερόντων
629 811 695 845 τῶν
713 809 745 844 ἐν
765 810 806 857 τῇ
824 807 921 845 πόλει
941 809 1080 858 ἰατρῶν,

53 867 225 916 μηδεμίαν
252 865 287 903 δὲ
311 870 369 903 τοῦ
397 866 524 908 πάθους
554 865 750 914 δυναμένων
770 865 882 901 αἰτίαν
901 868 1021 915 εὒρεῖν,
1038 869 1079 916 τῇ

49 925 194 976 τετάρτῃ
212 927 278 961 τῶν
300 926 436 975 ἡμερῶν
459 924 535 975 περὶ
553 923 610 960 τὸν
631 923 747 974 ὄρθρον
771 923 908 971 μείζονα
931 925 997 959 τῶν
1018 923 1078 960 πό-

50 1003 116 1024 νων
141 986 292 1024 ἐπίδοσιν
319 985 581 1036 λαμὸανόντων,
606 984 664 1023 σὺν
685 984 819 1035 μεγάλῃ
848 986 980 1035 οἰμωγῇ
999 987 1080 1022 ἀνα-

49 1043 262 1096 κραγούσης,
286 1043 381 1095 ἄφνω
403 1045 489 1095 αὐτῇ
516 1042 678 1095 ἀρσενικὰ
695 1043 799 1093 μόρια
823 1042 1005 1092 προέπεσε,
1023 1043 1080 1079 καὶ

49 1105 70 1147 ἡ
98 1103 180 1152 κόρη
205 1101 291 1152 ἀνὴρ
322 1100 466 1150 ἐγένετο.
524 1100 623 1138 Μετὰ
650 1100 685 1137 δὲ
718 1099 837 1151 χρόνον
863 1102 908 1142 εἷς
939 1100 1080 1149 Ῥώμην

52 1159 221 1210 ἀνηνέχθη
242 1158 327 1210 πρὸς
346 1157 516 1196 Κλαύδιον
538 1158 722 1208 Καίσαρα,
744 1160 760 1193 ὁ
781 1156 814 1193 δὲ
842 1156 959 1194 τούτου
984 1158 1079 1194 ἕνεκα

49 1220 108 1253 τοῦ
132 1215 274 1265 σημείου
299 1217 332 1252 ἐν
363 1215 579 1266 Καπετωλίῳ
608 1214 664 1252 Διὶ
686 1213 892 1265 Ἀλεξικάκῳ
919 1214 1081 1266 ἱδρύσατο

52 1273 180 1325 βωμόν.

534 1336 592 1371 36.

102 1427 260 1478 Ἐγένετο
278 1427 335 1465 καὶ
357 1429 390 1464 ἐν
411 1427 617 1478 Μηουανίᾳ,
637 1427 735 1464 πόλει
759 1431 817 1473 τῆς
846 1428 1017 1477 Ἰταλίας,
1047 1431 1080 1466 ἐν

50 1486 271 1537 Ἀγριππίνης
287 1488 346 1530 τῆς
362 1485 542 1530 Σεὸαστῆς
556 1485 699 1522 ἐπαύλει
714 1486 912 1536 ἀνδρόγυνος
923 1516 933 1536 ,
953 1487 1081 1537 ἄρχον-

49 1559 104 1586 τος
125 1543 286 1589 Ἀθήνησι
316 1542 592 1595 Διονυσοδώρου,
625 1544 862 1580 ὑπατευόντων
898 1546 930 1580 ἐν
958 1544 1080 1596 Ῥώμῃ

49 1601 188 1651 Δέκμου
203 1602 344 1639 Ἰουνίου
360 1602 507 1639 Σιλανοῦ
525 1602 744 1651 Τορκουάτου
759 1601 817 1638 καὶ
829 1598 972 1639 Κοίντου
985 1602 1079 1640 Ἁτε-

52 1659 122 1710 ρίου
145 1659 355 1697 Ἄντωνίνου.
415 1658 568 1700 Φιλωτὶς
587 1658 652 1709 γάρ
670 1675 719 1701 τις
739 1659 882 1707 ὀνόματι
897 1659 1078 1709 παρθένος,

51 1721 231 1773 Σμυρναία
249 1721 286 1758 τὸ
305 1721 416 1770 γένος,
437 1721 549 1772 ὡραία
563 1721 646 1773 πρὸς
664 1721 774 1770 γάμον
791 1721 854 1757 ὑπὸ
874 1725 939 1758 τῶν
954 1722 1077 1771 γονέων

50 1778 350 1829 κατεγγεγυημένη
370 1779 486 1829 ἀνδρὶ,
508 1782 634 1830 μορίων
653 1781 738 1830 αὐτῇ
759 1779 996 1831 προφανέντων
1015 1783 1079 1830 ἀρ-

58 1840 197 1888 ρενικῶν
217 1838 302 1889 ἀνὴρ
325 1837 467 1887 ἐγένετο.

533 1919 593 1964 37.

108 2007 176 2046 Καὶ
194 2008 294 2051 ἄλλος
315 2007 350 2045 δέ
366 2023 414 2050 τις
431 2008 632 2059 ἀνδρόγυνος
654 2009 743 2046 κατὰ
761 2009 837 2052 τοὺς
855 2010 973 2052 αὐτοὺς
993 2010 1076 2061 χρόψ

56 2080 125 2108 κους
145 2065 276 2117 ἐγένετο
296 2068 329 2103 ἐν
352 2066 570 2117 Ἐπιδαύρῳ,
599 2067 722 2117 γονέων
754 2067 891 2119 ἀπόρων
917 2071 1017 2115 παῖς,
1047 2067 1080 2109 ὃς

52 2176 119 2208 tilio
145 2178 267 2215 Tauro,
286 2177 337 2207 cui
359 2177 487 2208 Corvini
520 2179 764 2216 cognomentum
800 2178 874 2217 suit,
904 2178 1084 2209 consulibus

55 2228 121 2266 (an.
133 2230 189 2258 797
206 2236 235 2257 a.
251 2229 297 2265 U;
312 2230 350 2258 45
364 2236 394 2266 p.
409 2228 471 2266 C.).
490 2228 613 2259 Etenim
633 2228 719 2267 virgo
733 2229 890 2268 quaedam,
906 2229 1085 2268 parentibus

54 2280 129 2310 nata
144 2279 329 2318 illustribus,
342 2288 442 2319 quum
459 2288 614 2310 annorum
631 2282 711 2311 esset
722 2281 885 2319 tredecim,
900 2280 1006 2311 multis
1019 2289 1083 2320 pro<

55 2331 99 2362 eis
115 2331 211 2370 petita
228 2332 268 2362 ob
289 2332 575 2371 pulchritudinem,
602 2333 768 2372 postquam
781 2332 820 2363 de
837 2334 1002 2372 parentum
1019 2341 1084 2362 sen-

55 2382 155 2413 tentia
183 2381 368 2421 desponsata
394 2384 494 2421 esset,
520 2384 700 2422 nuptiarum
730 2383 781 2414 die
807 2385 972 2423 appetente
991 2383 1084 2413 domo

56 2441 272 2472 progressura,
292 2433 396 2464 subito
413 2433 520 2464 dolore
536 2434 811 2465 vehementissimo
824 2435 966 2473 correpta
987 2434 1084 2464 excla-

56 2483 165 2514 rnavit.
181 2484 350 2514 Domestici
364 2492 433 2515 eam
448 2484 610 2515 reductam
624 2485 655 2515 in
669 2485 750 2515 mdes
767 2485 809 2515 ita
822 2486 1031 2522 curaverunt,
1051 2485 1085 2514 ut

56 2543 127 2573 quae
141 2534 302 2565 doloribus
313 2535 431 2566 ventris
443 2536 475 2566 et
488 2535 745 2566 conversionibus
761 2535 979 2566 intestinorum
997 2535 1084 2566 labo-

57 2589 150 2617 raret.
183 2586 241 2617 sed
268 2586 375 2617 dolore
399 2596 454 2626 per
478 2587 621 2618 triduum
651 2587 834 2618 continuum
864 2588 1083 2627 permanente,

55 2637 265 2675 omnibusque
276 2645 347 2668 eum
363 2638 403 2668 ob
414 2646 520 2668 casum
533 2637 634 2669 anxiis
646 2662 654 2677 ,
670 2638 861 2669 cruciatibus
876 2646 978 2677 neque
992 2638 1086 2668 inter-

55 2687 109 2718 diu
127 2696 230 2726 neque
252 2689 350 2718 noctu
373 2688 625 2726 remittentibus,
651 2697 752 2728 quum
771 2697 880 2719 omnes
906 2689 973 2728 ejus
1002 2689 1086 2720 urbis

55 2737 168 2769 medici
181 2737 278 2777 ipsam
296 2740 461 2777 curarent,
485 2739 603 2769 nullam
617 2740 723 2770 tamen
742 2739 874 2770 affectus
887 2748 1014 2771 causam
1036 2741 1084 2771 in-

59 2788 200 2820 venirent
221 2801 228 2819 :
243 2790 357 2828 quarta
372 2790 423 2820 die
436 2790 494 2820 sub
514 2798 660 2820 auroram
671 2814 679 2828 ‚
695 2790 927 2821 intendentibus
939 2800 972 2821 se
985 2792 1086 2822 acrius

57 2840 234 2880 doloribus,
251 2841 418 2881 puellaque
431 2851 544 2881 magno
567 2851 639 2872 cum
657 2842 775 2881 ejulatu
795 2844 1010 2881 exclamante,
1031 2852 1084 2874 su-

58 2891 123 2923 bito
138 2892 240 2922 virilia
259 2892 459 2931 prodierunt,
475 2902 512 2922 ac
528 2901 545 2923 e
561 2894 681 2932 virgine
702 2893 749 2923 vir
763 2895 808 2924 est
827 2894 927 2924 factus
942 2906 948 2924 ε
964 2893 1018 2933 qui
1032 2894 1085 2924 ali-

57 2945 175 2982 quanto
192 2945 262 2982 post
279 2945 411 2974 Romam
426 2944 484 2974 suit
495 2944 534 2974 ad
549 2945 717 2975 Claudium
734 2948 889 2976 Caesarem
907 2945 1062 2975 adductus
1077 2958 1084 2976 :

57 2996 152 3033 atque
175 2994 245 3031 hic,
272 2994 402 3033 prodigii
422 2995 504 3026 illius
531 3003 641 3034 causa,
666 2996 697 3026 in
720 2996 872 3035 Capitolio
900 2996 972 3027 Jovi
994 3000 1085 3027 Aver-

57 3053 156 3074 runco
176 3053 262 3075 aram
280 3045 394 3084 posuit.

546 3089 602 3120 36.

101 3150 186 3182 Alius
203 3151 260 3181 tuit
279 3151 484 3190 Androgynus
504 3152 656 3183 Mevaniae
669 3176 677 3190 ,
692 3161 763 3191 quae
777 3154 823 3183 est
838 3153 912 3183 urbs
929 3153 1042 3191 ltaliae,
1057 3154 1087 3183 in

60 3201 229 3232 diversorio
252 3202 427 3241 Agrippinae
451 3204 617 3241 Augustae,
636 3203 768 3241 praeside
785 3203 914 3234 Athenis
936 3204 1088 3242 Dionyso-

69 3251 147 3281 doro
165 3251 234 3289 (ΟΙ,
256 3256 359 3290 208‚1.
379 3261 429 3282 an.
446 3258 505 3283 805)
519 3262 546 3283 a.
562 3255 615 3290 U.‚
633 3258 669 3283 56
688 3262 715 3291 p⁴
731 3254 801 3291 C.)‚
820 3255 928 3284 Romae
942 3256 979 3284 D.
993 3255 1089 3284 „lunio

62 3301 166 3333 Silano
183 3303 342 3341 Torquato
359 3304 387 3333 ct
414 3306 452 3340 Q.
471 3305 597 3334 natm-10
616 3304 771 3334 Antonino
797 3304 987 3335 consulibus.
1011 3307 1088 3335 Nam

2083 173 2156 205 619

1142 239 1295 276 ἐκαλεῖτο
1327 241 1486 292 πρότερον
1526 244 1771 294 Συμςρέρουσα,
1802 245 1886 296 ἀνὴρ
1917 245 1950 282 δὲ
1985 247 2160 296 γενόμενος

1140 296 1332 344 ὠνομάζετο
1352 299 1555 349 Συμφέριιψ,
1575 303 1752 352 κηπουρῶν
1771 301 1803 338 δὲ
1821 302 1877 339 τὸν
1899 303 1970 354 βίον
1991 305 2117 354 διῆγεν.

1622 405 1680 439 38.

1197 489 1294 526 Kou'
1281 506 1312 531 ες
1331 492 1566 529 Λαοδίκειαν
1549 508 1583 530 οε
1599 498 1657 539 της
1676 496 1803 546 Συρίας
1821 512 1922 569 γυνη,
1938 498 2077 534 ὀνόματι
2099 501 2161 536 Αἰ

1142 546 1250 592 τητὴ,
1272 553 1471 586 συνοικουσα
1492 553 1538 587 τιὸ
1559 552 1651 601 ἀνδρι
1681 554 1714 589 ἔτ
1720 569 1728 589 ι
1755 569 1833 602 μετε
1825 553 1921 591 ὀαλε
1949 572 2010 600 την
2032 557 2161 607 μορφὴν

1143 619 1202 640 και
1229 606 1475 653 μετωνομάσθη
1503 609 1647 653 Αἷτητὸς
1669 611 1753 660 ἀνὴρ
1778 612 1970 660 γενόμενος,
2001 613 2162 664 ἅργοντος

1144 661 1303 706 Ἀθηνησι
1333 663 1530 713 Μακρίνου,
1556 667 1789 704 υπατευόντι)ν
1811 684 1844 704 εν
1862 668 1986 719 Ἱ’.)ιψη
2018 671 2161 707 Λουκίου

1144 718 1264 766 Λαμία
1290 719 1348 755 καὶ
1375 721 1536 757 Αἷλιανοῧ
1567 723 1731 773 Ουετερος
1757 725 1806 774 (Ι
1838 726 2162 775 ΛουκίουΑἰυ.υλίου

1144 776 1307 812 Αἷλιανου
1324 777 1381 813 καὶ
1407 778 1417 826 [
1436 778 1580 815 Λουκίου
1607 779 1789 816 Ἀντιστίου
1810 785 1820 826 ]
1837 782 2002 833 Οὐέτερος
2023 786 2047 832 ).
2065 786 2160 821 Τοῦ-

1142 847 1197 868 τον
1217 833 1274 869 καὶ
1297 834 1396 876 αὐτὸς
1414 835 1617 881 ἐθεασάμην.

1619 929 1677 975 39.

1197 1025 1384 1075 Εγεννήθη
1422 1027 1480 1063 καὶ
1505 1027 1561 1063 ἐπι
1591 1028 1731 1099 Ῥώμης
1762 1031 1979 1101 ἀνδρόγυνος,
2003 1034 2165 1084 ἅργοντος

1143 1084 1320 1130 Ἀθηνησιν
1350 1084 1528 1156 ’Iolcovorq‚
1559 1087 1792 1124 ὑπατευόντων
1816 1090 1848 1124 ἐν
1870 1089 1989 1140 Ῥώμῃ
2022 1091 2164 1143 Μάρκου

1146 1143 1319 1180 Πλαυτίου
1346 1143 1456 1180 κα“
1427 1142 1474 1169 γ’
1460 1141 1552 1185 ξετου
1575 1145 1791 1194 Καρμινίου,
1816 1148 1856 1165 *⁴⁸
1879 1148 1902 1196 (ι
1894 1147 1946 1195 1)‘
1953 1148 2083 1199 ὶψαίου
2107 1149 2165 1186 καὶ

1145 1199 1286 1249 Μάρκου
1302 1199 1479 1237 Φουλίίου
1501 1199 1689 1237 Φλάκκου·
1707 1203 1746 1237 δι’
1761 1202 1801 1247 ἠν
1816 1204 1925 1239 αἰτίαν
1941 1207 1961 1249 ἡ
1978 1204 2165 1255 σύγκλητος

1145 1256 1320 1294 ἐκέλευσεν
1340 1273 1416 1299 τους
1435 1271 1681 1307 ιερουινηρονας
1701 1260 1764 1295 ἀνα
1768 1275 1892 1308 γνωναι
1907 1277 1981 1303 τους
1997 1263 2167 1309 Σιὸυλλης

1141 1309 1337 1359 χρησαους,
1358 1311 1417 1347 καὶ
1433 1308 1643 1357 ἐξηγησαντο
1660 1310 1735 1352 τους
1757 1313 1949 1362 γρησυωύς.
1972 1314 2104 1351 Εἰσὶν
2087 1315 2121 1351 οὲ
2136 1317 2165 1351 οἱ

1142 1368 1293 1418 χρησμοὶ
1311 1366 1396 1405 οιδε·

1186 1476 1228 1515 (1)
1247 1488 1262 1502 «ι
1278 1476 1374 1506 Recte
1391 1475 1545 1507 Meursius
1558 1475 1712 1506 intellexit
1732 1474 1810 1506 duas
1824 1475 1966 1507 historias
1979 1476 2115 1510 diversas
2134 1480 2166 1510 in

1144 1531 1239 1552 unam
1248 1522 1411 1553 coaluisse.
1423 1522 1521 1553 Seribi
1532 1523 1600 1552 vult
1611 1522 1737 1561 Μάρκου
1753 1522 1905 1553 Πλαυτίου
1916 1525 1966 1554 καὶ
1982 1524 2102 1555 Σεντίου
2114 1526 2168 1556 Αὐ-

1145 1568 1409 1608 γουρίνουοιιίειεῐ.
1425 1576 1508 1598 cons.
1521 1576 1582 1598 sa.
1597 1571 1671 1598 909.
1688 1569 1742 1598 157
1757 1577 1766 1604 ;
1780 1567 1831 1597 sed
1848 1567 1889 1597 ibi
1904 1568 2014 1607 legitur
2023 1572 2066 1600 M.
2084 1573 2169 1601 Ceio-

1146 1616 1222 1644 nius
1243 1608 1405 1644 Silvanus
1422 1616 1455 1644 C.
1478 1615 1588 1644 Serius
1602 1615 1807 1651 Artyminus.
1822 1615 1909 1644 Fort.
1927 1615 2082 1653 pertinent
2102 1616 2169 1647 haec

1142 1659 1180 1689 ad
1194 1668 1222 1689 a.
1238 1662 1308 1690 751.
1322 1663 1352 1697 2,
1367 1659 1419 1689 ubi
1430 1660 1461 1689 in
1480 1660 1552 1690 fast.
1564 1661 1609 1690 M.
1623 1659 1836 1690 PlaultzcsM.
1847 1659 1879 1697 f.
1900 1661 1935 1691 A*
1952 1669 1984 1691 n.
1997 1662 2168 1693 Silvanus.

1145 1706 1177 1734 L.
1192 1706 1355 1735 Caninius
1372 1705 1435 1735 Gal
1440 1706 1450 1735 l
1455 1713 1503 1742 ιις,
1513 1706 1547 1735 ut
1557 1704 1757 1736 scribendum
1768 1704 1807 1734 sit
1818 1705 1943 1744 Μάρκου
1956 1707 2109 1737 Πλαυτίου
2117 1710 2168 1738 καὶ

1142 1751 1276 1781 Λουκίου
1291 1750 1446 1781 Κανινίου.
1458 1750 1577 1782 Deinde
1586 1750 1701 1781 excidit
1713 1751 1827 1788 praeter
1837 1751 1898 1780 alia
1911 1760 2024 1782 nomen
2038 1754 2168 1784 archon—

1141 1797 1180 1827 tis
1193 1797 1287 1827 Attici
1301 1799 1332 1827 et
1346 1796 1483 1827 consulis
1496 1805 1674 1836 praenomen
1690 1797 1784 1834 atque
1797 1804 1911 1827 nomen
1926 1798 2051 1837 Μάρκου
2066 1800 2168 1829 Πλαυ·

1141 1843 1218 1873 τίου.
1242 1845 1383 1881 Namque
1411 1843 1442 1872 in
1460 1842 1528 1872 fast.
1549 1842 1588 1872 ad
1604 1851 1632 1872 a.
1652 1843 1722 1872 (328.
1750 1845 1817 1872 125.
1841 1843 1889 1873 Μ.
1913 1843 2074 1874 Plautius
2095 1847 2167 1883 Hy-

1141 1896 1261 1927 psoezcs.
1279 1890 1324 1919 M.
1342 1888 1480 1919 Fulvius
1496 1889 1540 1919 M.
1552 1887 1584 1926 f.
1605 1890 1640 1924 Q.
1656 1896 1688 1918 n.
1706 1887 1861 1918 Flaccus.
1877 1889 2004 1921 Ὑψαίου
2032 1890 2168 1920 restitnit

1142 1936 1259 1965 Meurs.
1271 1958 1278 1972 ,
1287 1935 1374 1972 vulg.
1390 1933 1515 1973 Μάρκου
1528 1934 1661 1964 Πλατίου
1672 1933 1722 1962 καὶ
1735 1933 1841 1967 Σέξτου
1857 1935 2035 1972 Καρμινίου,
2048 1935 2167 1972 Υἱαίου,

1141 1981 1191 2010 καὶ
1206 1982 1248 2010 Μ.
1264 1982 1305 2010 Φ.
1320 1982 1360 2010 Φ.
1379 1993 1393 2006 «
1417 1983 1592 2011 WEsTssnM.
1614 1981 1749 2010 Carmen
1769 1987 1841 2008 cum
1859 1981 2102 2011 Westermanno
2118 1981 2166 2010 in-

1141 2028 1262 2057 tactum
1279 2027 1341 2057 sere
1356 2026 1572 2064 relinquimus.
1592 2038 1608 2052 «
1632 2028 1696 2063 Ego
1720 2025 1763 2056 ita
1784 2025 1884 2063 verti,
1904 2028 1939 2056 ut
1960 2027 2014 2064 qui
2032 2026 2063 2056 in
2080 2026 2170 2065 nugis

1142 2073 1322 2103 difficilibus
1338 2072 1447 2111 nugari
1466 2072 1560 2102 libere
1579 2072 1769 2102 statuissem.
1786 2085 1800 2098 υ
1822 2074 2005 2102 ersnssa.

1146 2178 1231 2216 virgo
1248 2177 1407 2216 quaedam,
1430 2179 1572 2216 Smyrnoe
1586 2178 1669 2216 nata,
1688 2177 1817 2207 Philotis
1833 2176 1969 2215 nomine,
1987 2185 2085 2215 quum
2100 2185 2167 2206 ma-

1144 2229 1216 2258 tura
1235 2228 1302 2257 viro
1325 2229 1459 2266 nuptum
1484 2227 1599 2257 tradita
1625 2228 1705 2258 esset
1727 2236 1745 2258 a
1771 2227 1967 2267 parentibus,
1996 2227 2168 2258 masculino

1144 2279 1237 2309 enato
1251 2277 1411 2316 membro,
1426 2277 1457 2307 in
1475 2278 1576 2308 virum
1594 2277 1682 2309 abiit,

1625 2359 1681 2390 37.

1187 2435 1369 2474 Eodemque
1388 2436 1529 2474 tempore
1546 2435 1691 2475 Epidauri
1705 2435 1784 2466 alius
1801 2436 1859 2466 fuit
1880 2436 2080 2475 androgynus
2091 2460 2099 2474 ,
2117 2445 2170 2466 na-

1145 2489 1196 2519 tus
1210 2487 1354 2526 inopibus
1368 2487 1560 2526 parentibus,
1575 2487 1623 2517 cui
1635 2496 1748 2517 nomen
1763 2488 1848 2526 prius
1861 2489 1926 2518 erat
1938 2488 2145 2527 Sympherusa
2161 2498 2169 2524 ;

1146 2539 1177 2569 in
1196 2539 1301 2569 virum
1321 2540 1426 2568 autem
1452 2539 1611 2575 mutatus,
1638 2537 1834 2576 Sympheron
1853 2539 1947 2578 cwpit
1970 2539 2092 2577 vocari,
2120 2539 2168 2567 vi-

1147 2594 1273 2630 tamque
1286 2589 1425 2621 colendis
1440 2589 1539 2620 hortis
1554 2589 1652 2620 trivit.

1634 2666 1690 2696 38.

1187 2743 1271 2778 Quin
1285 2743 1316 2773 et
1332 2742 1514 2780 Laodiceae,
1528 2750 1598 2781 quae
1617 2743 1663 2773 est
1679 2742 1710 2772 in
1729 2741 1816 2780 Syria
1827 2763 1835 2779 ,
1857 2740 1969 2771 mulier
1991 2741 2092 2772 AEtela
2114 2749 2170 2770 no—

1147 2795 1230 2824 mine
1242 2817 1251 2831 ‚
1267 2794 1439 2824 etiamnum
1455 2802 1528 2824 cum
1542 2794 1655 2824 marito
1668 2793 1798 2831 degens,
1816 2801 1832 2822 e
1846 2792 1959 2822 semina
1974 2792 2022 2822 vir
2035 2792 2148 2822 exstiti!
2162 2817 2169 2830 ,

1147 2846 1195 2876 cui
1211 2854 1325 2876 nomen
1341 2847 1464 2876 AEtetus
1480 2858 1486 2876 ε
1508 2845 1658 2875 archonte
1672 2844 1799 2875 Athenis
1811 2844 1961 2881 Macrino,
1976 2846 2083 2874 Romae
2099 2852 2171 2872 con-

1147 2896 1284 2926 sulatum
1298 2896 1475 2933 gerentibus
1490 2896 1655 2927 AEmiliano
1666 2895 1786 2926 AEliano
1806 2896 1837 2925 et
1854 2897 1888 2925 L.
1905 2896 2048 2925 Antislio
2062 2895 2173 2924 Vetere

1148 2948 1216 2987 (an.
1235 2950 1293 2978 868
1309 2956 1337 2977 a.
1352 2950 1404 2985 U.‚
1426 2952 1482 2978 11ss
1497 2957 1527 2987 p.
1546 2949 1580 2978 C.
1592 2948 1614 2986 ).
1637 2949 1727 2977 Hune
1740 2947 1804 2986 ipse
1817 2955 1944 2986 quoque
1956 2946 2030 2976 vidi.

1630 3024 1686 3055 39.

1188 3099 1260 3130 Fuit
1281 3100 1312 3130 et
1334 3101 1440 3131 Romae
1465 3099 1685 3139 androgynus,
1711 3099 1861 3129 archonte
1880 3097 2005 3128 Athenis
2028 3099 2135 3127 Iasone
2158 3107 2166 3124 .-

1148 3153 1257 3182 Romae
1283 3153 1324 3181 M.
1347 3152 1470 3182 Plautio
1495 3153 1526 3182 et
1550 3153 1645 3182 sexto
1662 3150 1820 3182 Carminio
1837 3157 1915 3180 coss.
1930 3148 1962 3163 Η
1982 3149 2113 3185 Hypsa«)
2132 3155 2169 3174 ac

1150 3205 1192 3234 M.
1208 3203 1318 3234 Fulvio
1333 3204 1444 3234 Flacco
1459 3203 1650 3234 consulibus.
1668 3205 1768 3238 Quam
1782 3201 1822 3231 ob
1835 3209 1959 3231 causam
1974 3198 2169 3235 senatusjus-

1148 3254 1205 3292 sit,
1225 3262 1242 3284 a
1255 3254 1470 3285 sacerdotibus
1484 3254 1610 3293 Sibyllae
1633 3253 1759 3284 oracula
1776 3251 1915 3289 recitari,
1933 3251 2027 3289 atque
2041 3248 2167 3287 exponi,

1149 3306 1229 3336 Sunt
1250 3307 1355 3336 aulem
1370 3305 1437 3336 haec
1457 3315 1462 3335 :
