2289 3728
939 132 1262 172 FRAGMENTA.

514 218 575 262 (57.

84 305 332 351 Harpocratio
360 316 385 339 s.
408 318 441 341 V.
472 302 618 344 Εὐθίας·
638 302 824 350 Ὑπερίδης
853 303 937 354 ὑπὲρ
963 304 1064 353 Φρύ-

30 377 100 406 νης.
124 362 203 398 Τῶν
224 361 279 398 ἐπὶ
300 360 508 412 συκοφαντίᾳ
528 359 809 408 διαὸεῧλημένων
831 354 870 405 Ιἦν
892 363 908 396 ὁ
932 361 1064 402 Εὐθίας.

29 419 97 457 Τὸν
120 418 234 468 μέντοι
252 419 350 468 λόγον
380 420 472 469 αὐτῷ
489 417 545 454 τὸν
562 417 652 454 κατὰ
677 417 819 468 Φρύνης
846 417 1064 468 Ἀναξιμένην

29 475 252 521 πεποιηκέναι
285 477 378 526 αὐτῷ
413 475 515 521 φησὶν
546 473 765 525 Ἕρμιππος.
807 477 861 514 Cf,
904 478 1060 513 Diodor.

30 536 169 582 Perieg.
192 535 236 571 sr.
262 535 305 581 5,
329 542 421 571 tom.
439 537 488 579 11,
507 548 545 581 p.
564 533 653 575 354.
870 525 873 528 Α

344 626 406 664 68.
440 627 748 664 ΘΕΟΚΡΙΤΟΣ.

79 715 274 749 Athenaeus
292 716 328 759 Ι,
346 727 385 761 p.
409 726 451 748 21
468 741 476 757 ,
496 715 523 749 C
544 728 551 748 :
570 711 777 764 Ἕρμιππος
798 712 834 749 δέ
852 728 954 764 φησι,
975 712 1062 751 Θεό-

27 785 140 822 κριτον
157 771 213 808 τὸν
236 772 320 810 Χῖον
341 774 385 813 ὡς
403 771 607 808 ἀπαίδευτον
629 771 824 822 μέμφεσθαι
844 772 904 817 τὴν
933 771 1066 815 Ἀναξι-

28 829 147 879 μένους
161 829 360 881 περιὸολήν.

336 908 398 954 69.
432 907 598 945 ΘΙΕΟΔΕ
606 907 753 943 ΚΤΗΣ.

81 999 275 1033 Athenaeus
288 999 323 1033 X
335 1011 374 1046 p.
395 998 441 1040 45
452 1012 465 1033 1
480 1027 491 1046 ,
506 1001 533 1034 Ε
549 1010 558 1036 t
578 997 773 1043 Θεοδέκτην
786 997 820 1034 δὲ
832 997 887 1034 τὸν
901 998 1065 1043 Φασηλί·

25 1070 87 1099 την
115 1054 217 1106 φησιν
244 1054 450 1106 Ἵζρμιππος
472 1057 505 1092 ἐν
534 1061 603 1098 τοῖς
636 1055 725 1107 Περὶ
756 1058 824 1092 τῶν
848 1055 1066 1107 Ἰσοκράτους

27 1115 189 1161 μαθητῶν
200 1113 412 1150 ἱκανώτατον
423 1113 595 1163 γεγονέναι
604 1115 754 1164 ἀνευρεῖν
764 1113 819 1150 τὸν
829 1113 1065 1164 προῧληθέντα

25 1176 158 1222 γρῖφον,
187 1170 246 1207 καὶ
266 1170 369 1207 αὐτὸν
398 1169 584 1220 προέαλεῖν
618 1170 742 1222 ἑτέροις
773 1170 946 1215 ἐπιδεξίως
965 1187 973 1194 ·
995 1165 1063 1208 οἷον

25 1228 82 1265 τὸν
100 1228 178 1279 περὶ
196 1232 257 1274 τῆς
278 1234 387 1271 σκιᾶς.
407 1227 504 1279 ’Έφη
522 1229 588 1280 γὰρ
612 1222 701 1265 εἶναί
721 1244 796 1266 τινα
815 1228 926 1280 φύσιν,
946 1229 967 1275 ἣ
986 1229 1064 1279 περὶ

25 1285 86 1332 τὴν
103 1286 232 1336 γένεσιν
249 1286 307 1323 καὶ
326 1286 435 1338 φθίσιν
452 1286 524 1323 ἐστὶ
540 1285 686 1335 μεγίστη
699 1317 707 1333 ,
724 1287 802 1338 περὶ
820 1288 854 1324 δὲ
875 1287 936 1333 τὴν
952 1288 1066 1336 ἀκμὴν

25 1345 204 1395 ἐλαχίστη.
222 1344 328 1395 Λέγει
349 1345 377 1381 δ’
400 1344 523 1387 οὕτως·
670 1348 671 1351 ’

67 1431 120 1466 Τίς
137 1431 223 1470 φύσις
236 1454 244 1468 ,
264 1430 327 1461 οὔθ’
339 1430 400 1460 ὅσα
411 1433 487 1469 γαῖα
506 1431 586 1471 φέρει
600 1431 719 1470 τροφὸς,
740 1431 803 1461 οὔθ’
817 1431 876 1461 ὅσα
893 1431 1001 1467 πόντος
1015 1457 1022 1469 ,

66 1478 136 1508 οὔτε
152 1479 304 1517 βροτοῖσιν
323 1477 386 1517 ἔχει
401 1477 495 1516 γυίων
516 1478 641 1513 αὔξησιν
659 1478 781 1516 ὁμοίαν.

66 1523 143 1555 Ἀλλ’
160 1524 190 1554 ἐν
206 1525 259 1564 μὲν
276 1525 390 1563 γενέσει
407 1524 620 1564 πρωτοσπόρῳ
634 1525 697 1555 ἐστὶ
710 1525 855 1564 μεγίστη,

65 1571 96 1601 ἐν
111 1572 141 1602 δὲ
157 1572 263 1611 μέσαις
277 1571 389 1609 ἀκμαῖς
404 1571 509 1612 μικρὰ,
526 1572 604 1611 γήρᾳ
618 1572 649 1602 δὲ
662 1573 735 1611 πρὸς
750 1571 833 1610 αὐτῷ

66 1622 163 1658 μορφῇ
178 1619 229 1648 καὶ
244 1619 361 1658 μεγέθει
380 1617 490 1658 μείζων
503 1618 594 1649 πάλιν
605 1618 687 1649 ἐστὶν
705 1618 861 1648 ἁπάντων.

28 1690 104 1727 Κᾶν
126 1691 175 1740 τῷ
202 1688 365 1727 Οἰδίποδι
387 1687 421 1726 δὲ
447 1692 488 1740 τῇ
517 1689 692 1741 τραγῳδίᾳ
713 1688 775 1734 τὴν
797 1689 902 1726 νύκτα
922 1690 980 1725 καὶ
1005 1688 1066 1733 τὴν

27 1746 161 1798 ἡμέραν
178 1746 312 1798 εἴρηκεν
329 1747 577 1796 αἰνιττόμενος·

70 1827 138 1856 Εἰσὶ
152 1826 334 1865 κασίγνηται
353 1827 467 1865 διτταὶ,
488 1827 530 1857 ὧν
542 1828 560 1863 ἠ
576 1826 631 1865 μία
643 1826 736 1856 τίκτει

67 1874 120 1909 τὴν
138 1873 260 1912 ἑτέραν,
276 1873 352 1909 αὐτὴ
372 1873 539 1904 ffers-‘1006'
556 1874 616 1904 ὑπὸ
636 1874 728 1910 τῆσδε
748 1876 921 1903 τεκνοῦται.

247 1968 306 2000 70.
343 1955 611 1992 ΛΑΚΡΙΤΟΣ.
644 1955 847 1992 ΑΡΧΙΑΣ.

83 2042 270 2078 Plutarch.
291 2045 399 2078 Dem.
417 2056 450 2080 c.
477 2042 525 2077 58
547 2054 556 2079 ε
577 2040 782 2090 ΕἝρμιππος
801 2040 834 2077 δὲ
851 2041 908 2077 τὸν
931 2040 1068 2091 Ἀρχίαν

33 2099 66 2135 ἓν
85 2104 153 2140 τοῖς
173 2099 346 2150 Λακρίτου
364 2103 422 2137 τοῦ
445 2099 584 2150 ῥήτορος
609 2100 778 2146 μαθηταῖς
798 2097 999 2149 ἀναγράφει.
1021 2121 1072 2125 -

29 2160 195 2194 Lacritus
213 2160 383 2194 Isocratis
400 2159 490 2194 disc.
510 2159 591 2195 fuit.
613 2161 657 2194 V.
678 2159 921 2205 Demosthen.
941 2160 985 2192 In
1001 2159 1070 2193 La-

524 2273 583 2305 67.

79 2333 201 2363 Euthiae
223 2333 397 2364 orationem
409 2335 518 2364 contra
532 2334 677 2372 Phrynen
691 2334 730 2364 ah
746 2333 938 2364 Anaximene
951 2333 979 2363 ei
994 2332 1071 2363 scri-

35 2389 120 2424 ptam
136 2395 203 2416 esse
218 2386 313 2416 rcsert
328 2387 526 2425 Hermippus.

529 2448 585 2479 68.

80 2507 267 2547 Hermippus
286 2508 395 2538 scribit
411 2516 430 2538 a
446 2509 616 2539 Theocrito
629 2508 728 2546 Chio,
752 2510 787 2538 ut
803 2507 987 2538 illiberalem
1001 2531 1008 2543 ‚
1028 2516 1073 2535 ro-

35 2559 221 2597 prehensum
236 2558 330 2590 fuisse
343 2559 546 2590 Anaximenis
560 2559 723 2591 vestitum.

527 2626 584 2657 69.

77 2688 288 2720 Theodectem
307 2689 499 2720 Phaselitam
524 2691 569 2721 ait
588 2690 777 2730 Hermippus
792 2691 823 2721 in
839 2690 924 2722 libris
948 2691 987 2722 de
1006 2693 1072 2723 Iso-

35 2741 131 2771 cratis
144 2741 319 2780 discipulis,
335 2741 372 2771 ad
391 2741 613 2773 inveniendam
631 2743 820 2774 solutionem
842 2744 1073 2783 propositorum

37 2793 220 2832 griphorum
234 2794 327 2825 fuisse
339 2794 580 2825 solertissimum
594 2805 602 2833 ;
613 2795 709 2834 atque
719 2795 821 2834 ipsum
834 2796 929 2827 etiam
940 2796 1008 2827 aliis
1015 2796 1074 2835 gri-

39 2844 116 2882 phos
128 2845 284 2884 ingeniose
298 2846 496 2886 proposuisse
512 2855 519 2877 :
535 2847 623 2877 velut
634 2846 725 2876 illum
739 2846 778 2878 de
791 2847 928 2878 umbra.
943 2848 1075 2879 Dicebat

37 2896 132 2933 enim,
147 2905 213 2928 esse
232 2899 378 2928 naturam
392 2898 554 2937 quandam
568 2921 577 2936 ,
591 2906 664 2937 quae
679 2897 762 2928 circa
780 2900 887 2929 ortum
909 2908 1002 2930 suum
1022 2899 1072 2929 in-

37 2947 229 2987 teritumque
243 2949 281 2979 sit
296 2950 435 2980 maxima
448 2961 455 2988 ;
470 2951 613 2988 tempore
630 2957 707 2979 vero
727 2950 840 2979 summi
863 2950 994 2988 vigoris,
1014 2951 1072 2981 mi-

39 2998 133 3028 nima.
151 3000 253 3030 Verba
268 3000 350 3031 illius
364 3001 431 3031 haec
444 3003 518 3031 sunt
535 3013 541 3030 :

109 3069 142 3094 ln
156 3075 254 3096 rerum
268 3072 372 3097 natura
382 3089 390 3103 ‚
405 3072 551 3105 quotquot
565 3071 642 3097 terra
656 3069 755 3096 nutrix
771 3069 844 3103 fert,

107 3115 251 3148 quotquot
264 3122 358 3148 mare,
375 3119 462 3150 atque
475 3115 547 3143 adeo
562 3122 617 3142 nee
629 3115 707 3141 iuter
721 3114 854 3141 homines
868 3115 975 3149 aliquid
995 3119 1046 3147 ost,

107 3160 186 3194 quod
201 3161 401 3189 membrorum
414 3161 520 3189 habeat
535 3162 750 3189 incrementum
766 3161 857 3188 similo
872 3161 947 3188 liuir.

108 3207 199 3233 Ortus
211 3213 336 3241 namque
349 3208 494 3243 principio
508 3207 631 3234 maxima
645 3214 678 3234 ea
696 3214 741 3234 res
754 3209 795 3234 est
807 3218 813 3237 ;

108 3251 204 3278 medio
218 3252 318 3285 vigore
334 3260 434 3288 parvm
451 3256 601 3281 senectute
613 3256 710 3280 autem
725 3254 753 3280 iu
770 3254 837 3288 ιιι-,1,

110 3298 309 3331 magnitudine
324 3307 357 3326 ae
371 3300 465 3334 specie
483 3300 605 3327 maxima
626 3306 736 3327 rursuS.

2105 151 2146 181 :31

1094 235 1097 251 ι
1127 223 1206 254 vrit.
1227 235 1263 267 p.
1287 226 1374 268 9¹²⁸,
1396 231 1415 271 ς
1443 225 1497 264 ιῖ»,
1517 233 1546 259 et
1567 228 1673 272 phu-u
1692 240 1747 275 up.
1766 230 2031 264 Wcstermann.
2049 233 2152 278 liloq.

1126 280 1189 314 (ir.
1211 291 1250 325 p.
1280 293 1360 325 ιυυ,
1386 296 1419 315 n.
1441 284 1499 318 215.

1469 366 1527 396 71.
1560 354 1811 391 ΑΙΣΧΙΝΗΣ.

1178 423 1302 460 Schol,
1320 424 1366 458 ad
1380 426 1541 463 slis-chin.
1559 430 1612 463 Dc
1627 429 1704 466 fals.
1725 430 1796 476 leg.
1818 431 1912 475 init„
1927 431 1973 465 dc
1988 433 2157 467 Aes-chine

1127 488 1288 524 oratore,
1308 482 1392 516 vidc
1408 484 1443 516 in
1462 485 1649 521 Idomenei
1667 488 1711 522 fr.
1737 488 1793 524 15.
1813 490 2073 536 Fragmentum
2088 491 2158 525 hoc

1127 538 1218 585 sugit
1239 540 1498 585 Lozynskiuni.

1339 619 1643 668 [HERMIPPUS
1673 627 1947 676 BERYTIUS.]

1162 701 1285 738 ΠΕΡΙ
1313 701 1413 738 ΤΩΝ
1443 703 1507 739 EN
1539 703 1740 757 HAlAlzla
1775 708 2109 746 AAMWANTQN.

1594 777 1688 827 (αλ)

1179 853 1300 899 Etym.
1324 854 1373 888 M.
1392 865 1430 899 p.
1457 852 1544 896 ΠΒ,
1568 866 1605 887 11
1629 866 1636 887 :
1660 852 1849 902 Ἀπάμεια,
1871 855 1967 898 πόλις
1986 857 2154 902 Βιθυνίας,

1126 908 1290 959 πρότερον
1311 908 1454 959 Μυρλέα
1484 909 1705 958 καλουμένη,
1728 910 1768 956 ἣν
1795 911 1911 948 >ruffam
1944 915 2035 964 δῶρα
2065 915 2159 966 παρὰ

1126 965 1307 1003 Φιλίππου
1328 970 1388 1003 τοῦ
1409 966 1610 1018 Δημητρίου
1632 968 1807 1018 Προυσίας
1835 971 1852 1005 ὃ
1877 970 1988 1015 Ζηίλα
2014 973 2160 1019 μετωνό-

1127 1039 1236 1073 μασεν
1265 1024 1458 1073 Ἀπάμειαν
1491 1025 1559 1062 ἀπὸ
1578 1028 1640 1071 τῆς
1659 1027 1779 1063 ἑαυτοῦ
1805 1027 1960 1076 γυναικὸς
1991 1029 2158 1078 Ἀπάμας.

1125 1081 1329 1134 Ἵῖρμιππος
1358 1085 1392 1119 ἐν
1427 1085 1475 1134 τῷ
1502 1082 1590 1133 Περὶ
1623 1086 1689 1120 τῶν
1721 1085 1754 1120 ἐν
1787 1086 1926 1138 παιδείᾳ
1953 1088 2162 1138 λαμψάντιιω

1125 1141 1228 1192 λόγῳ.
1249 1140 1370 1183 Οὕτως
1385 1135 1507 1193 ὟΩρος.

1181 1200 1354 1251 Προυσίας
1362 1202 1379 1237 ὁ
1388 1199 1516 1245 Ζηίλου
1524 1202 1798 1248 scripsitSevin.
1806 1230 1814 1246 ,
1824 1204 1937 1240 Mem.
1949 1206 1994 1239 cle
2009 1207 2164 1249 l’Acad„

1128 1267 1218 1295 tom.
1241 1262 1324 1304 XV,
1352 1273 1392 1307 p.
1419 1260 1484 1305 363
1502 1261 1519 1295 ὃ
1547 1258 1658 1302 Ζηίλα
1680 1259 1854 1308 Προυσίας
1876 1262 1979 1297 dedit
2000 1263 2161 1300 Clinton.

1126 1319 1168 1355 F.
1190 1319 1237 1353 H.
1268 1325 1356 1353 tom.
1380 1319 1454 1361 ΙΙΙ,
1477 1330 1515 1364 p.
1548 1317 1636 1359 [215.
1666 1318 1771 1352 Libri
1800 1327 1975 1366 corrupte
2001 1321 2165 1367 praebent

1127 1377 1144 1411 ὅ
1162 1376 1306 1421 Ζηίλας.
1336 1379 1391 1412 De
1420 1389 1479 1421 re,
1505 1390 1585 1424 quae
1605 1379 1767 1424 pertinet
1786 1377 1833 1412 ad
1860 1391 1920 1415 an.
1955 1379 2026 1414 203
2049 1392 2083 1416 a.
2117 1381 2163 1423 C,

1126 1435 1211 1470 vide
1229 1435 1362 1470 Strabo
1380 1435 1470 1479 XII,
1490 1448 1530 1482 p.
1556 1435 1628 1470 563
1660 1442 1695 1470 et
1716 1448 1796 1482 quae
1816 1438 1969 1483 exponit
1997 1438 2159 1474 Clinton.

1126 1494 1152 1530 l.
1176 1494 1201 1530 l.
1222 1495 1389 1539 Quanam
1408 1495 1601 1528 occasione
1618 1494 1844 1541 Hermippus
1859 1495 1936 1530 haec
1955 1497 2162 1542 protulerit,

1126 1552 1262 1588 nescio.
1298 1553 1383 1588 Post
1413 1564 1544 1586 vocem
1573 1552 1784 1601 λαμψάντων
1813 1553 1968 1587 verbum
1995 1553 2166 1588 excidisse

1127 1610 1290 1654 videtur,
1304 1622 1380 1656 quo
1393 1617 1533 1644 certum
1547 1622 1662 1657 genus
1672 1611 1839 1645 virorum
1856 1612 1970 1646 literis
1981 1613 2165 1645 clarorum

1126 1668 1377 1704 indicabatur.
1413 1668 1582 1703 Ceterum
1610 1675 1688 1702 tum
1715 1669 1786 1703 hoc
1812 1669 2058 1716 fragmentum
2089 1677 2164 1703 tum

1127 1727 1314 1771 sequentia
1329 1726 1405 1760 duo
1422 1725 1469 1760 ad
1481 1726 1668 1772 Berytium
1680 1727 1925 1772 Hermippum
1942 1727 2078 1763 refero.

1588 1803 1698 1852 (τὶ)

1132 1884 1251 1921 ΠΕΡΙ
1282 1883 1382 1920 ΤΩΝ
1413 1883 1824 1920 ΔΙΑΠΡΕΨΑΝΤΩΝ
1857 1884 1918 1920 EN
1951 1884 2158 1937 ΠΑιΔΕΙᾼ

1541 1941 1749 1978 nomon.

1411 2019 1437 2051 E
1467 2016 1614 2053 LIBRO
1643 2016 1877 2053 SECUNDO.

1184 2098 1313 2133 Suidas
1330 2111 1337 2132 ε
1355 2095 1502 2146 Ἴστρος,
1525 2094 1724 2146 Μενάνδρου
1747 2093 1788 2146 [ἢ
1803 2096 1888 2132 add.
1911 2097 2075 2134 Siebelis.
2089 2095 2101 2145 ]
2113 2094 2165 2133 ''l—

1133 2170 1246 2206 στρου,
1259 2157 1448 2203 Κυρηναῖος
1461 2153 1481 2198 ἢ
1494 2152 1675 2199 Μακεδὼν,
1687 2152 1913 2204 συγγραφεὺς,
1932 2153 2163 2203 Καλλιμάχου

1135 2267 1223 2299 Idem
1236 2292 1243 2305 ,
1264 2268 1295 2297 in
1309 2266 1466 2306 OEdipode
1480 2267 1631 2306 tragoedia
1641 2291 1648 2305 ‚
1664 2267 1749 2298 diem
1764 2270 1797 2298 et
1808 2270 1934 2299 noctem
1946 2267 2017 2298 talis
2029 2267 2169 2306 aenigma·

1136 2321 1175 2351 tis
1192 2320 1355 2350 involucro
1371 2320 1559 2359 significavit
1574 2332 1581 2350 ι

1204 2387 1325 2413 Sorores
1338 2385 1476 2419 geminfe,
1491 2384 1584 2419 gignit
1597 2391 1721 2419 quarum
1738 2384 1830 2412 altera
1847 2391 1961 2419 semper

1206 2430 1344 2463 alteram,
1359 2432 1387 2457 et
1400 2429 1468 2457 inde
1483 2437 1586 2465 parens
1601 2429 1633 2457 fit
1647 2429 1704 2457 filia
1717 2432 1785 2457 nata
1800 2429 1936 2457 vicissim.

1629 2486 1685 2517 70.

1103 2506 1106 2601 ε
1177 2540 1366 2579 Hermippus
1384 2539 1527 2570 Archiam
1544 2539 1626 2570 inter
1641 2539 1756 2571 Lacriti
1770 2538 1938 2590 discipulos
1953 2539 2106 2569 recenset.

1252 2617 1317 2653 DE
1349 2616 1483 2653 VIRIS
1514 2615 1826 2653 ERUDITIONE
1856 2614 2048 2655 CLARIS.

1609 2691 1695 2730 (72.)

1176 2755 1312 2790 Apamea
1323 2775 1331 2789 ,
1343 2751 1422 2782 urbs
1434 2751 1587 2790 Bithyniae
1597 2775 1605 2788 ‚
1616 2751 1702 2790 prius
1712 2751 1831 2789 Myrlea
1845 2750 1928 2780 dicta
1938 2774 1946 2788 ‚
1964 2758 2058 2789 quam
2071 2757 2167 2788 quum

1133 2802 1251 2833 donum
1263 2811 1281 2832 a
1294 2801 1445 2841 Philippo,
1454 2801 1604 2833 Demetrii
1616 2802 1691 2839 filio,
1703 2802 1872 2840 accepisset
1882 2802 2005 2831 Prusias
2019 2800 2066 2838 (l)
2077 2800 2168 2830 Zeila}

1134 2853 1216 2884 filius
1229 2876 1237 2889 ‚
1262 2854 1388 2883 mutato
1410 2853 1538 2883 nomine
1566 2855 1737 2892 Apameam
1764 2851 1958 2890 nuncupavit
1983 2851 2022 2881 de
2048 2854 2166 2887 Apama

1134 2913 1252 2942 uxore,
1270 2905 1350 2935 teste
1368 2903 1539 2943 Hermippo
1553 2903 1584 2934 in
1597 2912 1690 2944 opere
1712 2905 1758 2934 De
1775 2902 1848 2932 viris
1866 2902 1919 2941 qui
1933 2901 2106 2932 eruditione
2119 2901 2166 2931 in-

1133 2956 1326 2986 claruerunt.
1342 2956 1388 2986 Ita
1406 2956 1500 2985 Orus.

1232 3070 1299 3107 DE
1328 3068 1505 3106 SERVlS
1534 3067 1847 3105 ERUDITIONE
1877 3065 2070 3104 CLARIS.

1175 3143 1265 3180 Ister,
1293 3140 1456 3172 Menandri
1484 3140 1561 3178 (aut)
1588 3140 1657 3170 Istri
1681 3139 1779 3177 filius,
1795 3140 1965 3177 Cyrenaeus
1986 3138 2040 3167 aut
2058 3137 2162 3166 Mace·

1132 3194 1194 3224 don
1204 3218 1212 3232 ‚
1222 3193 1388 3224 historicus
1399 3216 1406 3230 ‚
1421 3191 1606 3223 Callimachi
1620 3200 1730 3221 servus
1740 3193 1770 3221 et
1784 3189 1964 3228 discipulus.
1977 3186 2163 3224 Hermippus

1133 3255 1205 3277 eum
1233 3245 1388 3283 Paphium
1415 3244 1490 3273 dicit
1519 3244 1597 3273 libro
1626 3242 1764 3272 secundo
1795 3244 1839 3271 De
1867 3240 1963 3269 servis
1986 3237 2161 3268 eruditione

1133 3297 1233 3327 claris.

2015 3350 2041 3373 τι,
