2289 3728
486 218 982 334 QUINTUS
1040 219 1427 309 FABIUS
1485 223 1896 312 PICTOR

1156 400 1219 437 ET

364 548 993 635 NUMERIUS
1048 548 1475 638 FABIUS
1533 553 2009 641 PICTOR.

178 901 221 934 A.
237 883 390 932 Km'usn
411 895 423 939 (
436 897 469 928 V
470 900 534 930 itoe
550 904 588 930 et
608 897 833 943 Fragmenta
853 903 940 932 vett.
959 897 1159 930 His-torico-
1215 900 1342 944 pinxit
1359 910 1457 932 aimo
1484 900 1582 933 urbis
1606 901 1764 935 conditoe
1794 900 1972 946 CCCCL,
2000 916 2084 949 quoe
2104 907 2251 951 pictura

125 969 203 991 rum
231 957 383 990 Roman.
408 954 567 989 Berolin.
608 953 722 999 1833)
753 966 792 1000 p.
829 953 876 987 38
911 964 918 989 ζ
957 969 971 983 «
1001 953 1159 998 Quintus

126 1014 259 1050 Fabius
276 1013 400 1048 Pictor
416 1013 620 1059 appellatur
636 1023 655 1045 a
673 1012 780 1046 Livio
798 1012 833 1054 Ι,
856 1014 899 1051 44
924 1010 987 1056 (fr.
1012 1010 1052 1057 6)
1068 1013 1158 1044 scri-

121 1079 265 1118 ptorum
284 1073 581 1117 antiquissimus,
602 1075 635 1103 et
652 1070 706 1113 Π,
728 1072 774 1109 40
795 1067 855 1117 (fr.
880 1070 945 1114 12)
966 1069 1073 1113 louge
1091 1080 1157 1101 atz-

126 1132 347 1175 tiquissimus
364 1135 507 1168 ciui-tom·
527 1138 546 1161 a
562 1126 740 1172 Dionysio
757 1125 823 1170 (fr.
848 1137 861 1159 1
874 1137 887 1158 1
904 1125 913 1172 )
929 1122 1157 1165 παλαιότατος

125 1184 209 1235 ἀνὴρ
229 1186 294 1220 τῶν
311 1183 354 1220 τὰ
372 1181 555 1231 Ῥωμαϊκὰ
582 1180 857 1229 συνταξαμένων,
878 1189 912 1217 et
937 1182 1000 1230 (fr.
1026 1194 1040 1216 1
1058 1181 1067 1230 )
1091 1195 1156 1217 au-

125 1252 207 1280 ctor
226 1244 331 1280 Lucii
361 1243 478 1278 Cincii
507 1241 653 1276 dicitur.
691 1238 954 1287 Intelligendus
975 1246 1024 1275 est
1052 1240 1156 1275 etiam

125 1315 185 1349 ap,
201 1303 347 1337 Livium
361 1301 468 1343 VIII,
485 1299 531 1333 30
546 1299 648 1345 apud
658 1301 930 1345 antiquissimos
946 1301 1155 1345 scriptores,

125 1361 190 1394 ubi
206 1372 292 1394 mox
311 1358 376 1406 (fr.
404 1357 469 1405 13)
498 1357 717 1391 nominatim
745 1355 916 1400 affertur3
946 1357 1006 1400 IV,
1028 1369 1046 1401 7
1069 1363 1156 1392 extr.

125 1423 163 1453 m
179 1416 535 1463 annalibuspriscis‚·
558 1416 643 1458 VII,
662 1427 685 1461 9
704 1417 742 1449 in
758 1415 1012 1449 vetustioribus
1038 1427 1159 1449 arma—

127 1478 238 1519 libus,-
268 1477 345 1519 111„
380 1474 426 1509 23
461 1480 550 1510 extr.
583 1473 686 1520 apud
702 1476 916 1507 vetustiores
942 1475 1155 1519 scriptores,-

126 1537 153 1570 V
157 1535 227 1578 111,
246 1533 293 1568 26
308 1539 400 1567 extr.
416 1531 621 1565 auctoribus
632 1531 719 1564 (ledi
729 1559 736 1572 ‚
758 1531 886 1577 quibus
901 1530 1050 1577 dignius
1058 1532 1159 1565 credi

123 1602 187 1630 est.
204 1594 323 1628 Etiam
344 1592 420 1634 ΙΙΙ,
441 1594 460 1631 4
481 1590 562 1625 init.
581 1589 753 1624 laudatur
766 1588 970 1623 secundum
990 1600 1156 1635 quorun-

124 1651 209 1686 dam
238 1651 411 1686 codicum
436 1648 704 1683 auctoritatem.
728 1647 888 1681 Videtur
918 1654 1036 1682 autem
1067 1647 1156 1681 mihi

123 1718 223 1744 extra
238 1708 505 1744 dubitationem
520 1699 695 1753 positum,
709 1705 887 1740 neminem
898 1734 906 1748 ,
919 1705 982 1751 qui
999 1704 1158 1751 pedestri

125 1769 293 1802 oratione
313 1766 511 1812 scripserit,
525 1765 742 1798 historicum
763 1770 846 1797 ante
863 1763 1042 1808 Quintum
1058 1763 1158 1797 hunc

124 1826 276 1860 Fabium
300 1826 394 1858 inter
412 1825 600 1858 Romanos
629 1820 804 1856 floruisse.
826 1820 969 1855 Deinde
987 1821 1035 1854 ita
1050 1821 1156 1855 refert

124 1884 320 1930 Dioiiysins
341 1880 662 1917 Halicarnassensis
678 1880 717 1913 in
736 1881 780 1913 A.
804 1880 850 1914 R.
873 1879 912 1920 Ι,
936 1878 957 1913 6
983 1891 990 1912 :
1014 1876 1157 1925 Ὁμοίοις

123 1940 158 1977 δὲ
183 1941 312 1982 τούτοις
332 1938 389 1976 καὶ
410 1937 504 1975 οὐδὲν
528 1936 706 1986 διαφόρους
733 1934 900 1978 ἐξέδωκαν
926 1936 1078 1986 ἱστορίας
1097 1936 1156 1972 καὶ

123 1997 308 2047 Ῥωμαίων
320 1996 394 2034 ὅσοι
408 1995 450 2032 τὰ
463 1992 596 2031 παλαιὰ
608 1993 690 2044 ἔργα
701 1995 759 2038 τῆς
775 1992 908 2034 πόλεως
921 1991 1073 2038 Ἕλλην
1089 1995 1155 2042 ικῇ

123 2056 291 2108 διαλέκτῳ
320 2053 552 2105 συνέγραψαν·
580 2047 626 2088 (Tm
655 2053 719 2088 εἶσι
746 2049 976 2101 πρεσὸύτατοι
1014 2049 1154 2092 Κόϊντος

122 2114 279 2164 ψοὶὅιος,
307 2112 448 2153 Λεύκιος
469 2110 630 2160 Κίγκιος,
653 2109 839 2160 ἀμφότεροι
859 2107 949 2144 κατὰ
971 2107 1047 2149 τοὺς
1068 2109 1154 2145 Φοι-

122 2171 268 2214 νικικοὺς
283 2173 500 2219 ἀκμάσαντες
514 2167 694 2216 πολέμους.
715 2168 770 2203 Ab
785 2168 856 2201 hoc
872 2175 999 2201 nostro
1018 2168 1154 2212 Quinto

124 2231 240 2267 Fabio
262 2232 405 2265 Pictore
424 2227 639 2275 sejungendi
660 2232 743 2260 sunt
759 2226 910 2274 ,servm
931 2225 1073 2258 Fabius
1088 2225 1153 2259 Pi-

122 2298 200 2324 ctor
218 2296 253 2324 et
273 2289 466 2322 Numerius
492 2283 631 2319 Fabius
662 2284 789 2324 Pictor,
828 2289 987 2328 uterque
1009 2294 1029 2316 a
1052 2281 1155 2316 Cice-

124 2360 215 2382 rone
245 2345 424 2381 laudatus.
456 2346 508 2378 Ac
540 2342 586 2376 de
612 2342 676 2375 illo
708 2340 860 2388 quidem
888 2341 935 2374 ita
965 2346 1089 2374 narrat
1118 2341 1156 2373 in

123 2406 239 2440 Bruto
261 2413 341 2450 cap.
360 2414 404 2436 21
427 2401 505 2435 init.
528 2412 535 2433 ε
553 2399 628 2433 Sed
640 2402 722 2433 vivo
740 2398 769 2433 C
771 2406 877 2432 atone
894 2401 1050 2431 minores
1068 2406 1156 2431 natu

125 2465 230 2499 multi
249 2474 318 2496 uuo
339 2469 497 2506 tempore
517 2456 901 2501 oratoresssot-uerunt.
930 2456 1028 2490 Nam
1048 2464 1083 2489 et
1105 2458 1151 2490 A.

127 2522 279 2556 Albitius
298 2523 339 2561 is,
357 2522 419 2564 qui
434 2528 557 2562 groece
571 2518 717 2561 scripsit
732 2515 935 2554 historiam,
957 2516 1019 2560 qui
1033 2516 1157 2547 com-ut

123 2593 203 2614 cum
224 2581 265 2615 L.
289 2577 436 2613 Lucullo
451 2574 549 2620 suit,
584 2582 620 2608 et
646 2575 809 2608 literatus
829 2581 863 2607 et
880 2571 1119 2616 dis-ertussuit
1142 2586 1153 2605 :

123 2648 161 2673 et
181 2641 293 2673 tenuit
320 2647 399 2669 cum
420 2634 487 2667 lmc
517 2635 630 2667 locum
660 2633 841 2678 quendam
870 2635 982 2665 etiam
1013 2631 1155 2665 Servius

127 2698 288 2737 Fulvius,
306 2703 340 2728 ct
353 2705 425 2727 uua
436 2692 578 2726 Servius
589 2691 723 2724 Fabius
733 2691 864 2731 Pictor,
882 2697 919 2723 et
921 2691 1018 2733 suris
1032 2697 1069 2722 et
1081 2690 1151 2723 lite-

124 2765 246 2787 rarum
260 2761 296 2786 et
312 2752 540 2796 antiquitatis
558 2747 646 2782 bene
650 2751 807 2796 peritus.
821 2748 876 2781 De
896 2747 1011 2780 altero
1032 2753 1153 2781 autem

127 2813 177 2848 M.
190 2812 330 2850 Tullius
344 2811 397 2844 De
416 2808 492 2843 div.
509 2808 544 2850 1,
564 2819 606 2841 21
629 2819 636 2840 ;
654 2807 789 2852 Hisque
805 2806 1153 2851 adjungatur-ctiam

131 2873 255 2904 AEuea:
271 2870 467 2908 somnium,
488 2866 585 2912 quod
612 2868 646 2898 in
667 2865 836 2898 Numerii
864 2864 972 2898 Fabii
999 2864 1155 2898 Pictoris

124 2928 320 2961 annalibus
337 2925 514 2970 ‹y'iisiuodi
526 2931 591 2963 est,
614 2930 682 2958 etc.
703 2922 756 2968 (v.
775 2922 819 2957 sr.
841 2922 921 2968 20).
937 2922 1063 2967 Quinti
1084 2934 1152 2956 au-

126 2993 199 3020 tem
228 2983 332 3020 Fabii
358 2983 473 3017 nostri
496 2994 582 3015 avus
612 2987 663 3015 est
700 2982 813 3015 Gaius
848 2980 998 3021 Fabius,
1039 2980 1153 3014 Marci

127 3044 241 3088 (ilius,
287 3042 430 3088 primus
473 3040 598 3073 Pictor
641 3039 942 3085 cognominatus,
989 3037 1035 3072 de
1080 3050 1154 3083 quo

125 3105 165 3138 (1.
188 3101 325 3136 Plinius
342 3100 379 3133 in
398 3100 443 3133 H.
468 3098 512 3132 N.
533 3097 696 3139 XXXV,
720 3101 738 3137 4
762 3097 837 3130 haec
856 3094 1046 3130 memoria:
1066 3108 1156 3141 pro—

125 3159 221 3193 didit
244 3171 252 3194 ς
280 3158 391 3204 Apud
408 3158 589 3190 Romanos
611 3166 752 3201 quoque
777 3154 890 3187 honos
912 3161 1052 3187 mature
1071 3153 1155 3186 [ταῖς

128 3222 194 3262 (sc.
224 3214 424 3263 pingendi)
447 3217 518 3247 arti
538 3215 702 3258 contigit.
723 3212 909 3258 Siquidem
935 3214 1154 3256 cognomina

125 3287 172 3308 ex
188 3286 233 3308 ea
246 3274 426 3309 Pictorum
447 3278 637 3305 ovacerum
654 3270 764 3303 Fabii
779 3270 995 3303 clarissima>
1007 3271 1126 3315 gentis
1142 3281 1152 3300 .-

126 3335 362 3378 (u‘iui'ae’psque
394 3334 471 3374 ejus
501 3331 728 3373 cognominis
760 3331 837 3373 ipse
871 3326 987 3360 (ti-(lem
1020 3326 1155 3359 Salutis

1219 955 1365 989 duravit
1382 956 1435 989 acl
1451 964 1610 990 nostram
1631 961 1857 1000 memoriam,
1881 959 1964 993 aecle
1986 960 2136 995 Claudii
2146 965 2251 1008 prin·

1219 1016 1343 1059 cipatu
1372 1022 1512 1049 crusta.
1531 1015 1627 1049 Huic
1650 1015 1742 1050 Gaio
1773 1016 1908 1060 Fabio,
1930 1017 1979 1050 M.
2010 1018 2070 1061 F„
2092 1019 2248 1064 Pictori‚

1220 1069 1296 1104 duo
1315 1070 1380 1105 filii
1400 1078 1531 1106 erant:
1560 1084 1656 1107 unus
1679 1072 1721 1107 C.
1755 1071 1907 1116 Fabius,
1946 1073 1988 1110 C.
2026 1076 2069 1112 F.
2102 1077 2160 1111 M.
2192 1078 2249 1121 N,

1218 1128 1347 1172 Pictor,
1373 1136 1531 1175 quaestor
1548 1130 1714 1165 militaris
1733 1142 1762 1165 a.
1784 1143 1822 1167 u.
1841 1143 1873 1167 e.
1896 1130 1969 1175 475
1985 1145 1994 1176 ;
2010 1132 2124 1168 aedilis
2143 1147 2252 1170 curu-

1220 1186 1262 1220 lis
1291 1199 1321 1221 a.
1350 1188 1444 1231 4803
1474 1195 1612 1234 praetor
1641 1200 1674 1224 a.
1711 1187 1803 1232 4833
1836 1189 1965 1223 consui
1991 1201 2025 1224 a.
2063 1189 2135 1231 485
2166 1204 2251 1227 cum

1219 1244 1264 1290 Q.
1279 1245 1439 1292 Ogulnio
1453 1246 1558 1281 Gallo
1571 1274 1581 1292 ⁷
1596 1247 1698 1280 annis
1713 1246 1759 1281 35
1774 1253 1972 1293 postquam
1990 1248 2121 1283 Salutis
2135 1249 2251 1285 aedem

1219 1310 1323 1349 pater
1349 1304 1516 1350 pinxerat
1543 1316 1551 1338 :
1580 1305 1673 1338 alter
1700 1305 1740 1340 C.
1774 1305 1877 1340 Fabii
1905 1304 2001 1340 filius
2034 1306 2103 1354 (cf.
2133 1308 2250 1343 Valer.

1220 1361 1313 1396 Max.
1332 1362 1404 1405 IV,
1428 1361 1470 1409 3)
1492 1369 1570 1396 erat
1586 1363 1783 1396 Numerius
1803 1363 1943 1397 Fabius
1964 1364 2109 1408 Pictor,
2135 1364 2176 1399 C.
2203 1368 2249 1403 F.

1219 1418 1273 1454 M.
1306 1419 1381 1462 N.‚
1412 1426 1571 1465 quaestor
1601 1420 1768 1454 militaris
1787 1432 1818 1456 a.
1843 1421 1941 1465 478,
1973 1420 2087 1455 aedilis
2114 1424 2252 1459 curulis

1219 1488 1252 1511 a.
1288 1476 1380 1520 4833
1421 1485 1581 1523 quaestor
1617 1489 1650 1513 a.
1685 1477 1781 1521 4863
1824 1479 1952 1512 consul
1983 1491 2015 1513 a.
2054 1478 2127 1520 488
2167 1494 2256 1516 cuma

1219 1535 1333 1568 Decio
1370 1535 1482 1569 Junio
1515 1535 1607 1570 Pera
1638 1548 1645 1569 :
1686 1537 1751 1581 qui
1782 1535 1898 1570 filium
1938 1536 2068 1571 habuit
2108 1539 2249 1575 Nume-

1218 1595 1311 1626 rium
1353 1593 1509 1626 Fabium
1545 1594 1742 1635 Pictorem,
1784 1606 1881 1628 anno
1925 1593 1998 1628 510
2028 1586 2250 1641 quaestorcm

1218 1650 1497 1695 provincialem.
1530 1651 1678 1685 Horum
1715 1651 1891 1695 alterum,
1927 1650 2077 1687 fortasse
2108 1652 2223 1688 filium
2236 1681 2245 1698 ,

1220 1708 1350 1744 Cicero
1370 1711 1423 1744 De
1444 1709 1558 1743 divin.
1592 1711 1629 1753 Ι,
1654 1721 1697 1743 21
1730 1708 1946 1756 significasse
1966 1710 2152 1757 putandus
2181 1720 2246 1749 est.

1220 1768 1263 1800 In
1300 1767 1489 1801 Pictorum
1524 1772 1655 1801 autent
1682 1767 1819 1801 familia
1860 1767 2051 1802 literarum
2087 1769 2250 1804 studium

1219 1825 1358 1871 viguit,
1381 1832 1421 1859 ut
1442 1826 1480 1859 in
1505 1825 1742 1859 Nobiliorum
1762 1831 1798 1859 et
1825 1825 1979 1859 aliarum
2000 1827 2249 1872 complurium

1220 1889 1226 1927 ’ζ
1244 1883 1316 1918 Cic.
1334 1884 1439 1917 Brut.
1463 1896 1493 1917 c.
1512 1895 1580 1927 20,
1610 1882 1630 1929 ᾗ
1654 1880 1732 1930 79.)
1753 1884 1806 1917 De
1830 1882 2034 1917 Fabiorum
2060 1897 2195 1931 genere
2215 1894 2251 1921 et

1218 1942 1368 1976 nomine
1387 1955 1420 1976 V.
1441 1942 1678 1976 Plutarchum
1700 1942 1738 1974 in
1757 1941 1872 1976 Fabio
1892 1941 2053 1976 Maximo
2074 1943 2154 1979 init.

1277 2019 1290 2031 u
1315 2001 1472 2045 Quintus
1494 2001 1607 2046 igitur
1625 1999 1778 2041 Fabius,
1795 2000 1834 2034 C.
1853 2000 1892 2034 F.
1912 1999 1950 2035 C.
1968 2001 2010 2035 N.
2023 2028 2032 2041 ,
2051 2002 2194 2047 gentilis
2213 2009 2249 2037 et

1217 2058 1353 2091 amicus
1371 2057 1603 2092 Cunctatoris
1615 2083 1624 2099 ‚
1643 2056 1803 2091 interfuit
1819 2056 1917 2090 bello
1939 2057 2078 2091 Gallico
2101 2057 2165 2104 (fr.
2188 2072 2199 2093 1
2212 2066 2245 2105 7)

1217 2122 1253 2148 et
1273 2116 1413 2148 Punico
1439 2113 1602 2147 secundo
1624 2113 1688 2159 (fr.
1728 2115 1784 2148 18.
1813 2114 1894 2160 19).
1925 2114 2162 2161 Proquaestor
2180 2117 2248 2151 fuit

1217 2183 1249 2206 a.
1274 2170 1367 2215 5353
1388 2172 1544 2218 Polybio
1565 2177 1654 2205 teste
1674 2172 1748 2213 111,
1771 2183 1813 2217 9,
1838 2176 1856 2212 4
1879 2171 1939 2214 (fr.
1967 2170 2048 2219 18),
2072 2174 2130 2206 mc
2151 2187 2247 2209 συνε-

1217 2227 1308 2277 δρίου
1331 2231 1466 2277 μετεῖχε
1484 2229 1550 2263 τῶν
1577 2226 1778 2275 <Ρωμαίων.
1800 2229 1958 2274 Quando
1988 2237 2156 2269 mortuus
2181 2233 2244 2276 sit,

1217 2289 1384 2335 ignotum
1405 2295 1464 2322 est.
1485 2288 1578 2321 Nam
1599 2288 1663 2333 qui
1682 2294 1820 2334 praetor
1842 2287 1912 2321 fuit
1935 2288 1972 2321 in
2000 2287 2120 2331 bello,
2143 2290 2247 2335 quod

1217 2358 1301 2379 cum
1320 2346 1507 2380 Antiocho
1528 2352 1670 2392 gestum
1687 2351 1738 2379 est
1761 2343 1829 2391 (cf.
1852 2344 1933 2381 Liv.
1955 2345 2156 2388 XXXVII,
2180 2351 2242 2388 40.

1218 2403 1279 2439 50.
1303 2402 1346 2438 51
1361 2400 1370 2451 )
1383 2431 1391 2446 ‚
1412 2404 1551 2450 quique
1568 2403 1661 2437 obiit
1677 2415 1712 2438 a.
1727 2415 1763 2437 u.
1780 2415 1811 2438 c.
1830 2401 1901 2447 587
1914 2429 1924 2445 ‚
1944 2401 1987 2448 Q.
2011 2403 2107 2437 AElio
2124 2404 2243 2447 Paeto,

1217 2461 1263 2497 Μ.
1287 2462 1397 2495 Junio
1416 2462 1542 2495 Penno
1560 2472 1649 2498 coss,
1668 2488 1677 2504 ,
1696 2460 1843 2495 duobus
1860 2461 1962 2505 annis
1974 2467 2057 2506 post
2073 2460 2117 2505 Q.
2139 2462 2245 2496 Ennii

1217 2527 1373 2554 mortem
1396 2518 1492 2566 (Liv.
1510 2519 1604 2554 XLV
1618 2546 1627 2562 ,
1650 2522 1695 2560 44
1711 2515 1740 2566 )‚
1758 2530 1777 2552 a
1795 2519 1835 2554 T.
1856 2518 1963 2552 Livio
1981 2516 2112 2552 flamen
2134 2520 2246 2565 quiri-

1216 2578 1305 2611 nalis
1324 2577 1459 2619 dictus,
1485 2578 1564 2620 ille,
1587 2577 1737 2622 inquam
1751 2603 1759 2617 ,
1782 2576 1845 2609 etsi
1864 2575 2014 2610 fuerunt
2035 2573 2076 2623 (Ἴ
2095 2578 2158 2622 qui
2179 2589 2245 2612 an·

1217 2636 1457 2682 tiquissimum
1476 2635 1686 2668 historicum
1708 2640 1897 2679 putarent,
1918 2641 2036 2668 tamen
2051 2634 2140 2667 mihi
2161 2646 2244 2669 cum

1215 2695 1340 2727 vossio
1363 2693 1512 2727 videtur
1530 2704 1602 2727 esse
1626 2699 1730 2738 pater
1752 2692 1865 2725 Servii
1883 2691 1985 2726 Fabii
2007 2691 2050 2737 Q.
2066 2692 2108 2728 F.
2132 2692 2176 2737 Q.
2199 2694 2242 2730 N.

1216 2752 1390 2793 Pictoris,
1425 2764 1443 2785 a
1475 2750 1651 2785 Cicerone
1683 2750 1720 2783 in
1751 2750 1865 2783 Bruto
1899 2749 1952 2794 (c.
1987 2761 2028 2782 21
2047 2747 2056 2795 )
2088 2749 2239 2784 laudati.

1215 2812 1394 2856 Apertum
1411 2816 1461 2843 est
1479 2816 1596 2843 autem
1611 2836 1620 2853 ,
1637 2814 1776 2853 quanto
1795 2808 1831 2840 in
1847 2807 1991 2840 honore
2011 2806 2111 2852 apud
2127 2819 2244 2853 aequa-

1215 2869 1264 2902 les
1298 2875 1423 2902 noster
1454 2867 1581 2909 suerit,
1616 2866 1659 2900 de
1690 2877 1766 2911 quo
1788 2865 2038 2899 testimonium
2057 2864 2128 2898 hoc
2154 2864 2241 2899 addi

1215 2932 1353 2972 potest,
1371 2924 1474 2971 quod
1492 2924 1597 2959 Livio
1613 2930 1701 2958 teste
1721 2921 1853 2968 (XXII
1865 2948 1874 2965 ,
1899 2917 1966 2969 57)
1982 2928 2066 2967 post
2080 2933 2241 2968 pugnam

1215 2985 1441 3019 Cannensem
1477 2995 1507 3018 a.
1541 2995 1576 3018 u.
1606 2994 1637 3017 e.
1672 2979 1745 3016 538
1780 2979 1944 3026 Delphos
1972 2980 2025 3012 ad
2054 2980 2240 3013 oraculum

1212 3046 1334 3075 miss-ux
1348 3049 1401 3075 est
1411 3044 1646 3081 sciscitatum,
1665 3037 1968 3085 quibusprecibus
1983 3038 2241 3083 suppliciisque

1209 3102 1295 3134 (leos-
1310 3107 1458 3147 possent
1476 3099 1649 3145 placare,
1673 3104 1707 3131 et
1727 3099 1896 3142 qmcieam
1906 3093 2040 3138 fictura
2049 3094 2145 3140 finis
2159 3102 2239 3128 taie-

1252 3242 1291 3277 (*)
1316 3240 1456 3279 intellige
1482 3239 1719 3269 Lachmannnm
1734 3239 1780 3267 De
1797 3235 1935 3266 tontibus
1955 3234 2031 3265 Livii
2057 3236 2104 3271 ΙΙ,
2129 3243 2160 3273 p.
2183 3238 2235 3271 ¹53

1211 3287 1302 3324 cnjus
1324 3285 1504 3325 opinionem
1530 3283 1687 3322 improbat
1714 3282 1808 3313 ctiam
1834 3279 1991 3311 Drwhiite
2015 3283 2059 3311 Dc
2077 3282 2114 3316 Q.
2146 3279 2238 3310 Fabiu

1178 3331 1182 3346 ¹
1211 3334 1332 3365 Pictor(-
1348 3332 1487 3369 (Hat‘nioe
1507 3332 1600 3368 1832)
1614 3354 1620 3367 ,
1636 3338 1664 3368 p.
1682 3334 1708 3358 ti.
