2289 3728
93 124 115 154 8
915 105 1170 146 NEANTHIS
1199 105 1434 144 CYZICENI

94 198 123 240 οἱ
156 195 281 247 ἕταιροί
307 210 365 231 σου
395 194 574 229 ἀποθανεῖν
602 190 730 238 μᾶλλον
763 185 892 223 εἵλοντο
921 186 943 231 ἢ
968 184 1120 244 κυάμους

93 255 267 298 πατῆσαι.
289 250 358 288 Καὶ
375 253 392 287 ὁ
413 247 565 288 Μυλλίας
585 244 699 290 εὐθὺς,
726 244 815 280 Ἀλλ’
837 244 957 280 ἐκεῖνοι
974 242 1051 292 μὲν,
1071 246 1119 279 εἰ·

93 326 168 356 πεν,
186 309 382 358 ὑπέμειναν,
396 306 449 343 ἵνα
468 304 515 354 μὴ
530 303 680 351 κυάμους
693 300 907 347 πατήσωσιν,
923 300 1119 346 ἀποθανεῖν,

93 367 160 417 ἐγὼ
175 367 209 404 δὲ
226 369 407 417 αἱροῦμαι,
425 362 479 399 ἵνα
500 361 617 399 τούτου
635 375 687 397 σοι
709 358 770 405 τὴν
788 359 898 396 αἰτίαν
917 359 965 408 μὴ
982 358 1118 404 ἐξείπω,

93 425 246 474 κυάμους
264 425 391 473 μᾶλλον
411 422 577 464 πατῆσαι.
599 417 890 468 Καταπλαγέντος
911 417 945 454 δὲ
965 420 1022 454 τοῦ
1041 419 1119 454 Διο-

93 483 205 520 νυσίου
237 481 294 518 καὶ
327 480 540 528 μεταστῆσαι
568 475 791 518 κελεύσαντος
822 474 922 512 αὐτὸν
951 474 1011 511 σὺν
1044 473 1120 525 βίᾳ,

94 538 260 589 βασάνους
281 537 313 573 δὲ
330 534 497 586 ἐπιφέρειν
517 536 558 584 τῇ
579 531 724 584 Τιμύχᾳ
744 531 1028 583 προστάττοντος·
1051 530 1121 568 ἐνό-

92 599 166 644 μιζε
180 595 257 644 γὰρ,
271 593 328 630 ἅτε
337 591 480 643 γυναῖκά
494 607 529 629 τε
545 585 648 629 οὖσαν
665 590 723 628 καὶ
740 590 885 639 ἔπογκον
910 587 980 639 (ἔτι
1003 587 1120 637 ἔγκυον

90 652 299 699 Schaefer.)‚
319 649 449 701 ἐρήμην
470 648 506 686 δὲ
527 651 586 686 τοῦ
606 647 741 699 ἀνδρὸς,
763 646 885 699 ῥαδίως
903 649 1001 683 τοῦτο
1021 647 1120 682 ἐκλα-

90 711 204 756 λήσειν
228 708 323 760 (prige.)
341 710 408 744 τῶν
431 706 606 758 βασάνων·
630 709 649 751 ἡ
670 705 809 755 γενναία
838 703 872 741 δὲ
893 702 1118 754 συμὸρύξασα

90 769 145 806 ἐπὶ
169 770 228 812 τῆς
245 766 403 816 γλώσσης
428 765 505 807 τοὺς
530 764 668 806 ὀδόντας
695 763 754 800 καὶ
782 761 988 812 ἀποκόψασα
1012 759 1118 804 αὐτὴν

89 824 305 877 προσέπτυσε
325 825 373 875 τῷ
400 822 572 874 τυράννῳ,
593 821 804 873 ἐμφαίνουσα
828 819 895 865 ὅτι,
917 820 945 856 εἰ
973 816 1031 856 καὶ
1055 817 1121 854 ὑπὸ

60 912 70 921 .
87 887 154 921 τῶν
186 881 345 934 βασάνων
370 881 408 918 τὸ
436 882 518 926 θῆλυ
545 882 647 925 αὐτῆς
670 877 800 925 νικηθὲν
825 875 1120 926 συναναγκασθείη

89 943 156 979 τῶν
175 939 454 991 ἐχεμυθουμένων
472 954 503 975 τι
520 937 755 989 ἀνακαλύψαι,
771 935 808 973 τὸ
827 935 893 984 μὴν
911 937 1122 985 ὑπηρετῆσον

89 997 241 1036 ἐκποδὼν
260 997 318 1034 ὑπ’
333 999 436 1042 αὐτῆς
452 995 706 1047 περικέκοπται.
742 993 862 1035 Οὕτως
879 992 1123 1030 δυσκατάθετοι

89 1056 175 1107 πρὸς
209 1055 269 1098 τὰς
301 1054 499 1105 ἐξωτερικὰς
531 1053 643 1105 φιλίας
671 1047 769 1098 ἦσαν,
803 1053 831 1088 εἰ
859 1049 917 1087 καὶ
947 1049 1123 1101 βασιλικαὶ

89 1112 301 1163 τυγχάνοιεν.

143 1172 306 1208 Eandem
344 1172 533 1206 historiam
566 1170 725 1217 respexit
756 1170 791 1205 S.
817 1169 1034 1204 Ambrosius
1068 1169 1124 1202 De

91 1231 261 1277 virginit.
293 1230 352 1273 11,
374 1242 406 1263 e.
443 1233 478 1269 4.
504 1228 675 1263 Ceterum
704 1226 751 1261 de
775 1226 950 1273 Tymicha
983 1238 1020 1261 V.
1041 1225 1124 1259 Me-

91 1289 219 1335 uagius
259 1289 297 1322 in
335 1287 495 1321 Historia
535 1285 683 1321 mulier.
719 1284 1040 1331 philosopharum.
1074 1302 1125 1308 —

91 1347 216 1381 Prima
230 1345 343 1380 verba
356 1341 605 1383 Ἱππόῧοτος...
626 1342 799 1391 ἱστοροῦσι
815 1342 927 1376 habes
940 1342 1048 1376 etiam
1066 1352 1124 1388 ap.

92 1404 275 1450 Porphyr.
295 1405 336 1438 V.
355 1402 461 1448 Pyth.
479 1407 657 1444 extrem.;
677 1407 799 1434 cetera
813 1399 1078 1445 ibiperierunt.

411 1498 527 1535 ΠΕΡΙ
556 1497 809 1535 ΤΕΛΕΤΩΝ.

393 1599 421 1632 Ε
467 1596 614 1635 LIBRO
657 1598 819 1632 PRIMO.

572 1688 634 1726 23.

145 1783 314 1818 Favorin.
337 1795 370 1819 v,
393 1779 621 1831 Βριτόμαρτις
639 1794 677 1828 p.
698 1781 786 1829 391,
807 1795 825 1827 7
844 1783 921 1820 Bas.
948 1796 955 1817 ε
974 1781 1127 1828 Νεάνθης

93 1841 127 1876 ἐν
143 1841 191 1890 τῷ
207 1838 332 1889 πρώτῳ
352 1838 440 1889 Περὶ
455 1839 598 1874 τελετῶν
620 1853 702 1889 φησι
717 1839 875 1890 χρησμὸν
889 1838 946 1877 Διὶ
966 1840 1125 1888 δοθῆναι,

92 1896 144 1933 ὅτι
177 1899 194 1932 ὃ
219 1897 256 1932 ἐκ
272 1898 330 1941 τῆς
354 1895 485 1945 μήτρας
513 1898 573 1941 τῆς
590 1894 739 1942 Ἑκάτης
770 1896 996 1946 γενησόμενος
1017 1913 1127 1946 μετα-

96 1953 214 1998 στήσει
245 1956 304 1996 τῆς
338 1954 512 2004 βασιλείας
546 1953 660 1990 αὐτόν·
690 1953 864 2004 γεννώσης
888 1954 922 1991 δὲ
942 1958 1003 2001 τ’ῆς
1023 1955 1129 1994 εΕκά-

95 2026 166 2056 της,
187 2010 246 2053 τὰς
263 2011 508 2064 συμπαρούσας
527 2010 629 2064 κόρας
648 2014 690 2063 τῇ
710 2013 807 2064 λεχοῖ
830 2013 1023 2058 ἀναὸοῆσαι
1042 2015 1129 2066 βρί-

93 2083 164 2105 τον
181 2097 191 2116 ,
219 2069 308 2105 τοῦτ’
329 2068 419 2106 ἔστιν
443 2068 589 2119 ἀγαθόν·
617 2069 713 2122 παρὰ
743 2074 842 2108 τοῦτο
871 2070 905 2108 δὲ
935 2071 1129 2123 ἐπίφθεγμα

95 2125 293 2173 ὠνομάσθαι
308 2125 368 2171 τὴν
385 2126 472 2165 θεόν.

148 2185 286 2222 Eadem
306 2187 425 2233 Etym.
450 2188 501 2223 M.
522 2200 559 2234 p.
582 2192 676 2232 214,
702 2190 762 2224 25,
791 2203 806 2220 «
822 2190 877 2223 De
896 2201 988 2224 voce
1017 2187 1129 2239 βρίτον

1182 199 1215 221 v.
1233 186 1350 221 Bekk.
1369 187 1439 220 An.
1455 196 1495 231 p.
1514 182 1602 229 567,
1620 183 1769 220 Miiller.
1786 185 1949 231 AEginet.
1965 196 2005 231 p.
2027 183 2112 229 164,
2130 186 2218 220 Pro-

1181 245 1312 289 legom.
1343 254 1384 288 p.
1416 245 1513 286 244,
1549 241 1737 278 Welcker.
1764 253 1807 275 zu
1836 240 2033 276 Schwenks
2058 243 2216 279 Ande-ut.

1179 311 1221 346 p.
1244 298 1332 340 343.
1350 314 1365 329 »
1385 299 1637 340 MARQUARDT.
1663 299 1747 344 Cyz.
1765 311 1806 346 p.
1829 297 1915 345 169.

1465 402 1495 436 E
1522 402 1668 437 LIBRO
1696 401 1931 439 SECUNDO.

1669 503 1732 541 24.

1234 604 1429 639 Athenaeus
1441 605 1537 642 XIII
1549 630 1559 648 ‚
1576 616 1615 651 p.
1642 603 1733 648 602,
1750 605 1778 639 Β
1796 615 1804 640 :
1826 601 2005 649 Διαὸόητα
2022 603 2050 640 δ’
2071 602 2144 640 ἐστὶ
2162 604 2221 640 καὶ

1184 659 1228 697 τὰ
1248 659 1304 696 ἐπὶ
1326 659 1488 711 Κρατίνῳ
1512 662 1562 711 τῷ
1588 659 1755 712 Ἀθηναίῳ
1775 659 1959 710 γενόμενα·
1985 660 2019 703 ὃς
2045 661 2222 712 μειράκιον

1183 717 1263 768 [ὢν]
1285 716 1466 769 εὔμορφον,
1487 717 1712 767 Ἐπιμενίδου
1741 718 1960 770 καθαίροντος
1978 718 2040 764 τὴν
2060 719 2218 765 Ἀττικὴν

1183 775 1382 826 ἀνθρωπείῳ
1407 774 1530 823 αἵματι
1555 774 1611 814 διά
1637 790 1714 812 τινα
1741 773 1833 823 μύση
1857 775 2014 823 παλαιὰ,
2031 779 2076 819 ὡς
2094 778 2224 828 ἱστορεῖ

1184 833 1341 877 Νεάνθης
1361 834 1378 868 ὁ
1405 830 1593 876 Κυζικηνὸς
1612 832 1646 868 ἐν
1664 831 1811 883 δευτέρῳ
1842 832 1930 884 Περὶ
1951 836 2110 880 τελετῶν,
2136 833 2223 871 ἑκὼν
2267 831 2274 838 ’

1184 888 1286 926 αὑτὸν
1302 888 1472 926 ἐπέδωκεν
1487 891 1505 926 ὁ
1522 890 1691 940 Κρατῖνος
1704 887 1790 940 ὑπὲρ
1805 891 1865 934 τῆς
1878 889 2110 942 θρεψαμένης·
2124 885 2153 943 ᾧ
2164 892 2223 929 καὶ

1183 945 1395 984 ἐπαπέθανεν
1413 949 1430 983 ὁ
1450 946 1596 998 ἐραστὴς
1617 946 1877 998 Ἀριστόδημος,
1897 947 1994 985 λύσιν
2010 947 2039 985 τ’
2059 948 2164 986 ἔλαὸε
2182 950 2222 987 τὸ

1185 1004 1306 1042 δεινόν.

1238 1061 1316 1112 [ὤν]
1332 1063 1468 1110 adjecit
1485 1064 1662 1101 Dindorf.
1679 1066 1735 1099 De
1746 1076 1788 1099 re
1805 1064 1934 1099 confer
1944 1065 2101 1113 Diogen.
2121 1068 2165 1104 L.
2186 1068 2203 1102 I
2214 1094 2224 1111 ,

1189 1134 1203 1156 1
1216 1133 1274 1166 10,
1295 1122 1361 1168 qui
1385 1121 1610 1157 Aristodemi
1629 1122 1714 1156 loco
1734 1122 1935 1157 Ctesibium
1948 1124 2078 1172 ponit3
2107 1125 2228 1159 Hein-

1184 1179 1277 1214 rich.
1304 1180 1513 1226 Epimenid.
1534 1192 1575 1226 p.
1602 1183 1666 1226 94.
1689 1179 1843 1216 Boeckh.
1866 1179 1908 1216 C.
1940 1181 1972 1216 Ι.
2004 1181 2043 1225 Ι,
2069 1193 2108 1227 p.
2136 1181 2225 1223 445.

1191 1237 1365 1272 Ceterum
1377 1237 1482 1272 addit
1497 1238 1694 1273 Athenaeus
1711 1238 1788 1272 haec
1808 1250 1816 1272 :
1839 1236 1916 1274 Οὐκ
1935 1237 2046 1286 ἀγνοῶ
2065 1235 2100 1274 δὲ
2114 1237 2166 1274 ὅτι
2182 1237 2227 1275 τὰ

1185 1291 1282 1341 παρὰ
1302 1293 1474 1345 Κρατίνου
1491 1292 1550 1331 καὶ
1567 1292 1812 1345 Ἀριστοδήμου
1832 1293 2031 1331 πεπλάσθαι
2049 1295 2132 1346 φησὶ
2152 1297 2227 1334 Πο-

1186 1351 1324 1400 λέμων
1345 1352 1413 1401 (fr.
1436 1352 1562 1401 53)ἐν
1581 1355 1671 1394 ταῖς
1688 1351 1799 1403 Πρὸς
1818 1350 2012 1398 Νεάνθην
2034 1353 2227 1404 ἀντιγρα-

1186 1425 1209 1461 φ
1222 1425 1240 1445 α
1254 1425 1299 1452 ις.

1674 1497 1736 1532 25.

1241 1596 1437 1631 Athenaeus
1449 1597 1524 1641 IX,
1542 1608 1581 1643 p.
1602 1595 1689 1641 375,
1704 1598 1748 1644 F,
1766 1609 1812 1632 ex
1829 1598 2041 1645 Agathoclis
2052 1595 2139 1647 Περὶ
2158 1597 2228 1634 Κυ-

1190 1654 1284 1696 ζικοῦ
1306 1665 1420 1701 opere
1439 1654 1604 1689 fabulam
1619 1655 1829 1690 Cretensem
1843 1663 1970 1690 narrat
1989 1655 2036 1691 de
2047 1668 2110 1690 sue
2129 1657 2148 1691 J
2153 1655 2230 1692 ovis

1188 1713 1354 1757 nutrice,
1376 1713 1523 1759 suisque
1549 1712 1652 1759 apud
1675 1714 1828 1748 Praesios
1855 1715 2068 1761 sanctitate3
2090 1710 2134 1748 τὰ
2156 1727 2229 1748 πα-

1191 1767 1383 1821 ραπλήσια,
1400 1771 1534 1819 pergit,
1551 1771 1681 1820 ἱστορεῖ
1695 1769 1753 1806 καὶ
1776 1768 1932 1816 Νεάνθης
1947 1772 1964 1808 ὁ
1982 1769 2170 1816 Κυζικηνὸς
2193 1773 2228 1809 ἐν

1190 1826 1334 1879 δευτέρῳ
1353 1826 1440 1878 Περὶ
1459 1828 1617 1876 τελετῆς(
1630 1841 1702 1866 scr.
1721 1827 1910 1878 τελετῶν).

1683 1924 1745 1960 26.

1245 2017 1493 2063 Harpocratio
1510 2029 1546 2053 v,
1561 2012 1684 2061 Ἄττης
1701 2030 1709 2052 :
1730 2015 1773 2054 ‘O
1784 2014 1908 2062 Ἄττης
1923 2016 2018 2067 παρὰ
2030 2015 2144 2068 Φρυξὶ
2161 2016 2229 2065 μοί.

1193 2073 1295 2109 λιστα
1311 2078 1455 2122 τιμᾶται
1470 2074 1515 2114 ὡς
1533 2071 1727 2124 πρόσπολος
1745 2075 1805 2118 τῆς
1822 2073 1951 2124 μητρὸς
1969 2075 2036 2109 τῶν
2056 2076 2152 2113 θεῶν.
2173 2074 2230 2113 Τὰ

1195 2130 1229 2166 δὲ
1249 2129 1328 2180 περὶ
1345 2129 1446 2167 αὐτὸν
1466 2129 1637 2175 δεδήλωκε
1658 2129 1828 2175 Νεάνθης·
1850 2130 2011 2180 μυστικὸς
2028 2131 2063 2168 δὲ
2081 2133 2098 2168 ὁ
2117 2131 2229 2182 λόγος.

1251 2204 1264 2222 α
1288 2191 1527 2237 Dymaeorum
1547 2188 1741 2239 ἀπόρρητον
1757 2188 1858 2238 λόγον
1877 2190 1924 2225 de
1944 2189 2090 2237 Cybelae
2107 2198 2144 2226 et
2162 2194 2231 2227 At-

98 2293 217 2325 discere
229 2296 356 2332 averet3
372 2297 437 2326 Hoc
449 2319 457 2334 ,
477 2296 610 2334 subiecit
623 2299 777 2336 tyrannus
790 2322 798 2336 ,
816 2307 874 2329 cur
887 2299 963 2329 soeii
982 2299 1029 2330 tui
1046 2299 1127 2330 mori

100 2345 269 2376 maluerint
287 2354 382 2385 quam
400 2346 483 2377 sabas
496 2348 638 2379 calcare?
657 2348 703 2379 llli
721 2349 848 2388 quidem
861 2373 869 2388 ,
886 2350 1009 2389 Myllias
1022 2351 1127 2382 statim

102 2395 288 2435 respondet,
309 2405 347 2427 ne
362 2397 448 2428 sabas
463 2398 638 2437 calcarent,
659 2400 737 2430 mori
751 2401 969 2432 sustinuerunt
992 2412 999 2432 :
1022 2404 1054 2433 at
1070 2411 1127 2442 ego

102 2446 210 2481 malim
232 2447 318 2477 tabas
332 2448 454 2479 calcare
472 2458 567 2489 quam
593 2459 719 2482 causam
736 2452 830 2491 liuJus
844 2454 887 2484 rei
907 2454 964 2485 tibi
986 2454 1129 2494 prodere.

103 2497 174 2533 Quo
200 2506 346 2537 responso
373 2500 533 2538 perculsus
562 2502 729 2541 Dionysius
753 2504 892 2542 Mylliam
915 2514 933 2536 e
961 2506 1131 2545 conspectu

104 2547 216 2588 abripi,
231 2549 391 2588 Timycliae
405 2559 478 2582 vero
492 2554 648 2584 tormenta
660 2554 932 2595 admoverijussit,
947 2559 1033 2589 ratus
1049 2567 1130 2596 eam,

105 2601 214 2638 utpote
231 2601 394 2631 mulierem
409 2603 439 2633 et
453 2603 611 2641 gravidam
629 2607 659 2635 et
672 2614 690 2635 a
704 2607 818 2637 marito
832 2607 1036 2647 destitutam,
1054 2610 1132 2640 saci-

107 2650 168 2683 lius
187 2651 264 2681 illud
282 2654 369 2682 metu
387 2655 617 2685 tormentorum
636 2656 840 2689 indicaturam
853 2668 919 2691 esse
934 2660 1004 2691 :sed
1021 2661 1134 2692 mulier

105 2709 254 2740 generosa
270 2702 417 2734 dentibus
428 2704 563 2743 lingnam
578 2707 737 2738 mordicus
749 2712 924 2748 correptam
938 2711 1088 2751 abscidit,
1103 2714 1135 2744 et

107 2752 138 2782 in
152 2755 319 2791 tyrannum
340 2755 484 2794 exspuit;
508 2766 606 2795 eoque
623 2758 665 2788 illi
680 2758 930 2801 demonstravit,
953 2763 1027 2795 licet
1042 2773 1135 2796 sexus

108 2803 177 2841 ejus
204 2805 365 2836 muliebris
395 2808 563 2838 tormentis
587 2811 797 2843 sneeumbens
819 2815 987 2846 tacendum
1016 2817 1132 2857 aliquid

110 2855 257 2894 evulgare
276 2856 464 2896 adigeretur,
483 2859 657 2891 ministram
672 2863 777 2893 tamen
797 2864 944 2903 loquendi
958 2876 975 2897 a
991 2875 1023 2898 se
1038 2878 1054 2899 e
1071 2877 1135 2899 me·

109 2905 162 2937 dio
177 2906 332 2937 sublatam
346 2910 570 2949 praecisamque
587 2920 663 2942 esse.
683 2912 768 2943 Adeo
782 2914 950 2947 disfienlter
969 2918 1006 2947 ad
1021 2919 1135 2950 admit-

110 2957 220 2988 tendas
248 2961 430 2998 extraneas,
454 2961 517 2992 imo
543 2963 643 3002 regias
671 2964 763 2995 etiam
784 2967 938 2999 amicitias
963 2969 1076 3001 adduci
1102 2980 1135 3003 se

111 3008 192 3050 passi
211 3011 294 3039 sunt.

487 3081 549 3118 DE
580 3082 761 3121 INlTilS.

597 3171 654 3202 23.

157 3254 312 3287 Neantlies
326 3255 404 3286 libro
422 3257 522 3295 primo
541 3259 584 3289 De
600 3258 693 3291 initiis
708 3261 751 3291 ait
770 3262 925 3301 accepisse
938 3265 1050 3297 Jovem
1066 3275 1132 3298 ora·
1174 3296 1178 3301 ,

1196 2299 1316 2338 culum,
1334 2300 1418 2338 sore,
1436 2300 1472 2330 ut
1486 2299 1511 2330 si
1531 2300 1709 2330 masculum
1723 2301 1848 2339 partum
1866 2301 1984 2331 Hecate
1999 2299 2121 2340 ederet,
2137 2301 2177 2332 ab
2193 2309 2231 2332 eo

1193 2350 1258 2390 ipse
1275 2359 1370 2390 regno
1381 2350 1560 2390 pelleretur.
1580 2352 1685 2387 Quum
1696 2359 1771 2381 vero
1786 2351 1940 2390 puellam
1958 2353 2076 2383 Hecate
2101 2351 2227 2391 ederet,
2282 2391 2283 2395 Ἰ

1192 2402 1312 2441 puellas
1323 2402 1403 2433 lecto
1417 2402 1485 2442 ejus
1495 2401 1653 2445 adstantes
1663 2403 1856 2433 exclamasse
1867 2403 1980 2443 βρίτον,
1991 2403 2022 2434 id
2033 2405 2081 2435 est
2091 2403 2230 2444 bonum,

1193 2454 1290 2492 atque
1316 2452 1357 2483 ab
1384 2452 1612 2484 acclamatione
1641 2453 1701 2484 liae
1728 2453 1819 2484 deam
1838 2453 2054 2486 Britomartim
2075 2463 2143 2486 esse
2172 2464 2229 2486 vo·
2282 2459 2283 2462 ’

1191 2505 1305 2534 catam.

1683 2563 1740 2595 24.

1233 2641 1436 2673 celebratum
1459 2643 1554 2674 etiam
1577 2644 1625 2675 est
1645 2643 1764 2675 Cratini
1793 2644 1913 2676 factum
1930 2645 2148 2685 Atlieniensis;
2169 2645 2225 2685 qui
2280 2679 2282 2681 ,

1192 2702 1293 2732 quum
1308 2694 1467 2725 formosus
1481 2696 1562 2726 esset
1577 2694 1832 2727 adolescentulus
1843 2719 1852 2734 ,
1866 2704 1930 2736 quo
1948 2698 2091 2736 tempore
2106 2697 2229 2737 Epime-
2280 2727 2281 2731 ,

1195 2744 1283 2776 nides
1299 2746 1438 2776 Atticam
1457 2746 1599 2777 humano
1619 2748 1773 2786 sanguine
1786 2748 1932 2779 lustravit
1947 2748 1988 2779 ob
2001 2750 2128 2780 vetusta
2143 2757 2228 2789 quae-
2278 2746 2283 2776 δ’

1193 2795 1267 2828 dam
1293 2796 1433 2835 piacula,
1453 2798 1489 2828 ut
1507 2797 1606 2829 tradit
1623 2799 1780 2830 Neantlies
1801 2799 1974 2839 Cyzicenus
1988 2800 2126 2831 secundo
2150 2800 2230 2832 libro

1195 2850 1241 2879 De
1263 2847 1376 2887 initiis,
1395 2848 1480 2879 ultro
1503 2858 1538 2880 se
1554 2849 1655 2889 ipsum
1672 2859 1729 2890 pro
1750 2851 1852 2890 patria
1876 2851 1991 2883 obtulit
2014 2864 2022 2882 ε
2046 2852 2136 2890 cujus
2161 2855 2228 2892 post
2278 2849 2281 2862 '³

1197 2898 1333 2929 mortem
1357 2897 1578 2930 Aristodemus
1599 2899 1712 2939 etiam,
1731 2902 1855 2933 amator
1878 2900 1967 2940 ejus,
1993 2904 2104 2941 sponte
2128 2902 2229 2934 vitam
2270 2939 2272 2949 ,

1195 2947 1316 2987 finivit,
1331 2950 1363 2979 et
1379 2950 1513 2980 cessavit
1529 2950 1660 2983 malum.

1682 3012 1739 3044 25.

1239 3080 1360 3111 Similia
1375 3081 1436 3113 illis
1446 3106 1455 3121 ‚
1471 3091 1544 3122 quae
1557 3083 1745 3123 Agathocles
1757 3083 1796 3114 de
1807 3092 1863 3116 sne
1875 3084 1964 3120 Jovis
1976 3085 2099 3117 nutrice
2112 3086 2226 3126 tradit,
2270 3079 2277 3109 Ᾰ

1198 3131 1345 3175 leguntur
1364 3133 1446 3172 apud
1460 3134 1634 3165 Neantliem
1651 3134 1682 3165 in
1697 3135 1775 3165 libro
1791 3135 1928 3171 secundo
1945 3138 1990 3167 De
2006 3136 2110 3174 initiis.

1684 3206 1741 3237 26.

1241 3272 1327 3303 Atles
1348 3273 1431 3312 apud
1456 3274 1592 3314 Phryges
1612 3274 1748 3306 maxime
1769 3275 1940 3308 honoratur
1962 3278 2070 3317 utpote
2085 3279 2226 3311 minister
2268 3267 2275 3321 ,ξ
