2289 3728
116 171 162 202 38
865 159 897 195 Η
908 156 1113 196 ΕΒΜΙΡΡΙ
1145 156 1480 197 CALLIMACHH

115 248 330 298 (1)ερεκύότ,ν,
349 246 601 298 Ἀριστόδημον,
617 243 834 294 Πυθαγόραν,
853 246 968 281 Λᾶσον
981 246 1143 296 Χαρμαν·

115 307 205 344 τίδου
220 306 240 351 ἢ
257 304 485 354 Σισυμὸρίνου
499 302 535 351 ἢ,
547 302 591 343 ὡς
603 300 840 350 Ἀριστόξενος,
856 301 1045 353 Χαὲρίνου,
1062 302 1143 354 Ἑρ-

116 363 254 413 μιονέα,
278 360 512 410 Ἀναξαγόραν.

169 425 256 477 Περὶ
286 427 352 461 τῶν
383 422 502 473 [ἑπτὰ]
538 424 649 474 σοφῶν
674 424 817 471 scripsit
841 425 1038 471 Lozynski.
1055 439 1063 469 ;
1095 427 1143 460 ita

115 487 213 520 enim
233 485 426 520 Athenaeus
445 482 489 516 fr.
513 482 569 516 16.
592 502 640 508 —
660 478 818 517 Μύσωνα
837 482 1071 517 Casaubonus
1087 483 1144 516 in-

81 569 84 573 .
115 543 293 589 tcrposuit
313 547 355 574 ut
378 539 640 586 septemdecim
659 540 865 586 sapientum
884 534 1059 574 numerus
1079 553 1143 575 ex—

114 601 287 646 pleretur.
305 598 477 632 Ceterum
492 597 687 630 nominum
701 597 800 632 hunc
816 598 1027 643 catologum
1041 599 1143 644 quasi

115 657 274 691 indicem
301 667 374 689 esse
395 655 582 698 vitarum,
610 667 691 701 quae
716 656 753 689 in
785 667 899 701 opere
923 657 978 690 De
1005 662 1143 701 septem

114 713 336 761 sapientibus
364 712 410 746 ab
433 713 637 759 Hermippo
665 713 885 759 consignatae
906 713 995 757 sint,
1021 714 1144 747 statuit

114 773 297 807 Prellerus
316 773 353 805 in
368 771 490 805 Jalms
505 772 542 806 J.
568 771 663 805 1836
676 799 686 818 ‚
702 779 791 807 tom.
811 772 916 805 XVII
931 798 940 815 ,
959 783 978 804 2
997 784 1035 817 p.
1060 784 1141 814 170.

114 829 233 877 quue
257 828 469 864 confirmari
499 830 549 863 ait
578 829 760 875 simulque
790 827 888 862 aliud
915 828 1043 862 doceri
1073 828 1143 862 fra-

113 895 262 934 gmento
276 885 322 921 25
335 913 344 930 ‚
356 887 421 920 ubi
440 885 662 932 Hermippus
677 885 709 920 ἐν
721 883 866 934 τετάρτῃ
879 883 963 933 Περὶ
977 887 1042 920 τῶν
1057 883 1144 920 ἑπτὰ

114 946 225 995 σοφῶν
245 945 292 979 de
311 944 468 979 Eudoxo
498 944 731 990 Pythagoreo
763 943 931 989 quaedam
954 943 1145 978 tradidisse

113 1009 297 1038 narratur.
327 1001 419 1036 Inde
446 1002 545 1036 enim
574 1002 699 1048 colligi
726 1013 853 1048 posse,
883 1002 922 1034 in
950 1012 1063 1047 opere
1091 1003 1145 1035 De

113 1061 179 1094 VII
201 1058 426 1105 sapientibus
442 1059 551 1092 ctiam
568 1058 613 1092 de
630 1058 837 1104 Pythagora
854 1056 1005 1103 ejusque
1030 1063 1145 1092 secta-

114 1117 258 1151 toribus
267 1116 372 1150 fuisse
389 1127 610 1157 sermonem,
625 1115 836 1161 librumque
852 1122 1024 1161 quartum
1035 1116 1146 1161 egisse

114 1175 161 1210 de
190 1174 441 1221 Pythagoreis.
470 1174 584 1207 Porro
614 1185 658 1206 cx
687 1172 893 1218 fragmento
926 1184 974 1206 20
1004 1173 1146 1219 liquere

114 1233 323 1279 complures
343 1231 449 1265 fuisse
467 1230 661 1276 Hermippi
682 1228 768 1278 Περὶ
790 1227 993 1278 Πυθαγόρου
1011 1230 1143 1274 libros,

114 1303 134 1324 e
147 1292 312 1337 Diogene
331 1289 392 1336 (fr.
420 1293 466 1330 24
481 1289 492 1337 J
507 1295 630 1323 autem
650 1288 816 1335 intelligi,
836 1287 1038 1323 secundum
1058 1286 1146 1337 Περὶ

117 1348 318 1397 Πυθαγόρου
336 1349 473 1383 librum
491 1348 536 1383 de
557 1348 796 1395 Pythagoreis
813 1349 937 1395 egisse.
962 1348 1053 1383 Inde
1073 1348 1145 1396 igi—-

116 1414 176 1442 tur
194 1407 388 1454 probabile
408 1405 488 1440 fieri
511 1406 650 1440 librum
671 1413 845 1452 quartum
861 1404 947 1455 Περὶ
964 1406 1031 1441 τῶν
1058 1403 1145 1441 ἑπτὰ

115 1466 225 1514 σοφῶν
247 1471 282 1499 et
301 1464 437 1498 librum
463 1464 667 1498 secundum
689 1461 777 1514 Περὶ
803 1461 1004 1512 Πυθαγόρου
1030 1477 1144 1498 unum

115 1536 189 1558 esse
217 1523 469 1568 eundemque,
508 1522 670 1568 ideoque
699 1523 849 1556 tertium
882 1523 994 1556 totius
1027 1523 1147 1568 operis

115 1582 253 1615 librum
273 1579 574 1626 componendum
595 1592 679 1613 eum
702 1580 824 1626 primo
845 1579 942 1613 libro
964 1577 1049 1627 Περὶ
1072 1580 1146 1616 Πυ-

115 1636 278 1687 θαγόρου,
298 1639 461 1684 primum
486 1649 575 1672 vero
602 1645 638 1671 et
659 1637 862 1671 secundum
890 1638 1001 1671 totius
1025 1639 1147 1684 operis

116 1696 252 1730 librum
270 1696 505 1742 complexum
524 1707 598 1729 esse
618 1707 749 1729 eorum
767 1696 859 1729 vitas
875 1695 1062 1738 virorum,
1082 1696 1145 1741 qui

115 1760 199 1788 ante
217 1754 464 1800 Pythagoram
486 1753 523 1786 in
543 1753 736 1786 nominum
753 1753 932 1786 laterculo
954 1764 1147 1786 recensen—

116 1818 198 1854 tur3
227 1810 388 1857 denique
409 1817 694 1844 consentaneum
715 1821 788 1844 esse
811 1810 947 1842 librum
977 1810 1147 1854 quintum

116 1869 288 1903 exstitisse
303 1868 348 1902 de
365 1868 406 1901 iis
420 1868 507 1901 viris
524 1874 691 1913 agentem
705 1894 713 1910 ,
728 1867 788 1912 qui
805 1873 887 1912 post
902 1867 1147 1912 Pythagoram

115 1927 366 1960 nominantur.
405 1926 492 1959 Haec
524 1925 718 1960 Prellerus.
755 1926 802 1958 At
833 1936 956 1957 nonne
991 1924 1148 1958 offendit

117 1984 365 2030 Hermippum
377 2010 386 2026 ,
405 1983 469 2028 qui
487 1982 737 2028 peculiaribus
752 1981 856 2014 libris
869 1981 967 2016 Vitas
981 1980 1149 2026 philoso—

117 2042 277 2088 phorum
293 2041 436 2088 scripsit
448 2068 456 2083 ‚
472 2042 698 2087 Anaxagorae
713 2046 749 2073 et
758 2037 974 2085 Pythagorae
988 2051 1055 2073 nec
1073 2052 1149 2073 non

116 2099 434 2146 Pythagoreorum
456 2099 546 2132 vitas
563 2098 600 2131 in
628 2109 740 2144 opere
767 2098 823 2131 De
847 2103 985 2143 septem
1001 2098 1148 2143 sapien—

116 2157 214 2191 tibus
239 2168 442 2197 enarrasse,
463 2163 662 2202 propterea
683 2154 786 2201 quod
815 2155 985 2188 nonnulli
1012 2155 1150 2200 Pytha-

116 2226 244 2260 goram
261 2221 296 2248 et
319 2216 574 2260 Anaxagoram
593 2218 731 2259 septem
755 2212 972 2258 sapientium
992 2212 1149 2258 collegio

117 2271 412 2317 adscripserunt?
432 2271 573 2316 Quodsi
594 2271 820 2316 Hermippus
840 2271 877 2303 111
894 2269 990 2303 libro
1016 2276 1149 2315 quarto

117 2330 172 2363 De
190 2330 258 2363 VII
283 2341 385 2376 sapp.
408 2330 572 2363 narravit
591 2328 789 2362 Eudoxum
810 2327 950 2361 civibus
966 2328 1038 2362 suis
1054 2328 1151 2374 leges

118 2436 177 2467 sim
189 2461 198 2475 ‚
215 2437 394 2467 Acusilaum
406 2461 414 2475 ,
428 2436 655 2475 Epimenidem,
673 2436 904 2475 Leopliantuni,
917 2434 1128 2473 Pherecydem
1141 2459 1149 2473 ,

120 2487 371 2525 Aristodemum,
413 2488 622 2526 Pythagoram
633 2511 642 2525 ‚
676 2489 791 2518 Lasum
822 2485 1060 2517 Charmantidae
1094 2493 1149 2515 seu

120 2538 323 2577 Sisymbrini,
342 2539 427 2578 sive,
454 2540 489 2569 ut
515 2538 718 2569 Aristoxenus
740 2537 856 2575 tradit,
884 2534 1032 2568 Chabrinl
1050 2536 1150 2566 tilium

122 2590 376 2621 Hermionensem
387 2614 394 2627 ,
415 2594 645 2629 Anaxagoram.

617 2645 652 2675 9.

162 2698 272 2736 Solon,
293 2707 392 2737 quum
411 2701 498 2738 pater
520 2699 632 2738 ipsius,
659 2701 694 2730 ut
717 2699 906 2739 Hermippus
931 2699 1057 2735 narrat,
1083 2697 1152 2728 aliis

121 2749 323 2787 gratificando
342 2759 379 2779 ac
402 2750 625 2780 benefaciendo
643 2759 706 2780 rem
723 2748 907 2781 familiarem
925 2748 1149 2786 imminuisset‚

121 2799 178 2829 etsi
204 2808 265 2829 non
290 2800 420 2830 deerant
435 2801 487 2839 qui
505 2809 577 2830 eum
598 2800 660 2830 suis
684 2800 815 2830 ssirtunis
828 2800 994 2830 sublevare
1015 2799 1149 2836 vellent3

123 2850 198 2888 quia
222 2851 328 2880 tanwn
354 2850 487 2889 puderet
512 2851 615 2888 ipsum
641 2850 680 2880 ah
709 2851 778 2881 aliis
802 2851 960 2890 accipere,
982 2851 1091 2880 natum
1115 2858 1151 2879 ea

125 2901 241 2931 familia
254 2926 261 2939 ‚
276 2911 347 2941 quae
361 2902 428 2932 aliis
441 2903 586 2941 opitulari
601 2904 828 2941 consuevisset,
842 2903 966 2941 juvenis
979 2901 1151 2932 admodum

122 2954 310 2982 mercaturw
324 2962 356 2981 se
369 2952 455 2983 dedit

616 2997 668 3026 10.

165 3053 268 3086 Quum
284 3049 321 3079 ad
337 3049 499 3079 Thaletem
514 3050 607 3079 Solon
627 3050 760 3079 venisset
782 3049 942 3085 Miletum,
961 3050 1075 3079 mirum
1094 3049 1151 3078 sihi

125 3100 223 3131 videri
239 3100 392 3138 ostendit,
412 3100 496 3139 quod
514 3100 538 3130 is
555 3101 601 3129 vir
617 3101 745 3129 0111111110
762 3100 899 3137 conjugii
918 3100 1152 3138 procreationis-

126 3160 187 3190 que
204 3151 373 3182 liberorum
390 3152 508 3181 nullam
523 3151 674 3181 rationem
692 3150 859 3180 habuisset,
875 3151 986 3180 Thales
1000 3151 1067 3179 tum
1081 3150 1150 3188 qui-

127 3203 198 3232 dem
223 3202 338 3240 taeuit3
369 3202 538 3239 interjectis
572 3210 644 3231 vero
676 3201 782 3239 paucis
816 3201 926 3231 diebus
955 3201 1151 3239 peregrinum

126 3253 329 3291 subornavit,
347 3254 400 3292 qui
422 3262 452 3283 se
471 3252 621 3291 proximis
634 3252 742 3282 decem
757 3251 867 3281 diebus
885 3251 1004 3281 vonisse
1025 3251 1154 3282 Athenis

125 3304 296 3334 simularet.
325 3306 351 3334 ls
367 3303 559 3342 percontanti
580 3302 682 3333 ‚soloni
696 3327 702 3340 ,
718 3302 827 3341 erquiil
850 3311 939 3332 nora·
964 3303 1006 3331 rei
1027 3301 1153 3332 Athenis

1201 247 1399 293 scripsisse,
1428 258 1538 280 nemo
1563 256 1638 280 11011
1666 245 1840 291 largietur
1864 242 1941 278 haec
1960 250 2112 291 perapte
2144 242 2228 281 data

1203 305 1394 338 occasione
1410 305 1447 338 in
1464 304 1608 339 Solonis
1619 303 1676 338 vel
1694 303 1730 336 in
1745 303 1836 337 alius
1850 303 2020 348 sapientis
2039 304 2109 336 vita
2127 316 2231 337 eom-

1202 363 1400 396 memorari
1430 363 1605 408 potuisse.
1640 361 1762 406 Quare
1790 352 2069 406 Pythagorae'et
2097 362 2230 407 Pytha-

1202 431 1402 466 goreorum
1423 426 1458 453 et
1478 422 1703 465 Anaxagorae
1719 418 1802 451 vitae
1819 430 1894 451 non
1912 418 1998 451 huic
2015 419 2142 465 operi,
2168 418 2232 453 sed

1203 478 1389 523 sequenti,
1417 477 1520 523 quod
1538 476 1583 510 de
1604 476 1832 522 philosophis
1847 483 1918 518 est,
1941 476 2115 522 attribui3
2136 478 2233 511 Her—

1203 536 1448 580 mippumque
1479 541 1598 568 statuo
1631 534 1668 567 in
1699 534 1796 568 libro
1826 536 1881 569 De
1912 535 1980 568 VII
2010 534 2235 580 sapientibus

1204 592 1347 625 nonnisi
1364 591 1409 625 de
1420 592 1461 625 iis
1474 592 1562 625 viris
1571 591 1791 634 disseruisse,
1808 592 1871 638 qui
1887 591 1987 637 apud
2003 592 2235 638 antiquiores

1203 650 1399 695 scriptores
1415 649 1452 683 in
1470 649 1667 695 collegium
1683 649 1779 683 istud
1797 655 2032 696 cooptantur.

1597 765 1634 798 9.
1659 751 1842 788 ΣΟΛΩΝ.

1725 852 1732 875 2
1756 839 1799 878 ‘O
1822 839 1849 875 δ’
1868 834 1923 877 οὖν
1943 840 2074 885 Σόλων,
2098 841 2159 885 τὴν
2176 842 2236 878 οὖ-

1206 898 1282 936 σίαν
1301 902 1361 935 τοῦ
1375 897 1503 949 πατρὸς
1523 896 1780 939 ἐλαττώσαντος
1797 899 1842 940 εἷς
1858 898 2111 950 φιλανθρωπίας
2128 898 2236 944 τινὰς,

1257 843 1442 877 Plutarch.
1466 842 1592 876 Solon.
1617 854 1637 875 2
1652 869 1660 884 ,
1684 854 1698 875 1

1205 956 1250 999 ὥς
1276 971 1376 1008 φησιν
1401 954 1625 1006 Ἕρμιππος,
1652 956 1709 992 καὶ
1733 955 1876 1006 χάριτας
1902 956 1962 992 οὐκ
1995 955 2032 992 ἂν
2062 956 2237 1005 ἀπορήσας

1206 1018 1272 1052 τῶν
1302 1014 1515 1064 βουλομένων
1549 1014 1727 1064 ἐπαρκεῖν,
1761 1013 1957 1062 αἰδούμενος
1985 1014 2019 1050 δὲ
2047 1014 2238 1062 λαμὸάνειν

1205 1067 1285 1116 παρ’
1307 1065 1430 1117 ἑτέρων
1449 1065 1481 1108 ἐξ
1501 1066 1607 1107 οἰκίας
1626 1064 1770 1116 γεγονὼς
1790 1065 1980 1114 εἰθισμένης
2005 1065 2127 1117 ἑτέροις
2154 1069 2238 1116 βοη-

1207 1126 1286 1171 θεῖν,
1306 1124 1446 1175 ὥρμησε
1463 1123 1534 1166 νέος
1550 1123 1596 1160 ὢν
1618 1125 1665 1160 ἔτι
1684 1123 1767 1174 πρὸς
1787 1123 1965 1174 ἐμπορίαν.

1697 1217 1754 1240 10.

1258 1287 1363 1322 Idem
1384 1288 1433 1323 ib.
1463 1286 1485 1321 6
1519 1300 1526 1321 ;
1551 1284 1643 1336 Πρὸς
1669 1285 1790 1330 Θαλῆν
1811 1284 1838 1320 δ’
1861 1285 1906 1326 εἷς
1926 1283 2081 1329 Μίλητον
2102 1285 2239 1322 ἐλθόντα

1205 1343 1261 1383 τὸν
1285 1343 1429 1383 Σόλωνα
1451 1342 1651 1393 θαυμάζειν,
1675 1340 1725 1380 ὅτι
1745 1342 1857 1393 γάμου
1883 1341 1940 1380 καὶ
1960 1342 2177 1386 παιδοποιίας
2205 1342 2241 1378 τὸ

1206 1404 1371 1456 παράπαν
1391 1402 1559 1450 ἠμέληκε.
1619 1401 1688 1440 Καὶ
1707 1402 1763 1438 τὸν
1784 1403 1906 1446 Θαλῆν
1929 1400 2004 1438 τότε
2025 1401 2085 1450 μὲν
2105 1404 2238 1446 σιωπῆ-

1207 1477 1286 1508 σαι,
1306 1459 1506 1498 διαλιπόντα
1528 1459 1556 1496 δ’
1572 1459 1688 1508 ὀλίγας
1706 1458 1836 1510 ἡμέρας
1854 1459 1960 1509 ἄνδρα
1978 1458 2241 1508 παρασκευάσαι

1208 1518 1314 1568 ξένον,
1336 1517 1460 1570 ἀρτίως
1486 1516 1580 1562 ἥκειν
1612 1515 1784 1569 φάσκοντα
1814 1518 1991 1554 δεκαταῖον
2021 1516 2053 1559 ἐξ
2077 1516 2239 1562 Ἀθηνῶν.

1209 1576 1408 1624 Πυθομένου
1437 1575 1471 1612 δὲ
1501 1579 1558 1612 τοῦ
1585 1575 1761 1624 Σόλωνος,
1786 1576 1813 1612 εἰ
1842 1575 1882 1620 δή
1912 1589 1944 1611 τι
1967 1574 2081 1611 καινὸν
2112 1575 2145 1611 ἐν
2168 1580 2242 1616 ταῖς

1208 1634 1384 1682 Ἀθήναις,
1414 1632 1653 1683 δεδιδαγμένον
1685 1632 1706 1668 ἃ
1732 1632 1799 1682 χρὴ
1832 1633 1942 1682 λέγειν
1970 1631 2026 1668 τὸν
2047 1631 2240 1681 ἄνθρωπον,

1213 1710 1227 1724 «
1253 1691 1377 1737 Οὐδὲν,
1399 1693 1516 1734 εἰπεῖν,
1542 1691 1667 1741 ἕτερον,
1687 1691 1715 1726 εἰ
1736 1689 1783 1739 μὴ
1804 1689 1844 1735 νὴ
1866 1691 1931 1727 Δία
1956 1689 2133 1725 νεανίσκου
2156 1690 2243 1730 τινὸς

1207 1745 1248 1796 ἦν
1271 1749 1396 1802 ἐκφορὰ
1417 1750 1474 1785 καὶ
1493 1748 1717 1799 προῦπεμπεν
1737 1751 1758 1792 ἡ
1780 1747 1895 1789 πόλις”
1932 1741 1971 1792 ἦν
1994 1746 2059 1797 γὰρ
2081 1746 2167 1791 υἱὸς,
2197 1749 2241 1787 ὡς

1209 1807 1351 1859 ἔφασαν,
1370 1806 1487 1853 ἀνδρὸς
1505 1806 1635 1849 ἐνδόξου
1654 1805 1712 1841 καὶ
1726 1804 1954 1856 πρωτεύοντος
1972 1806 2075 1855 ἀρετῇ
2098 1806 2164 1840 τῶν
2181 1818 2243 1840 πού

1208 1866 1327 1901 λιτῶν·
1342 1865 1378 1900 οὗ
1396 1866 1510 1911 παρ-ἧν
1529 1863 1583 1907 δὲ,
1602 1862 1675 1898 ἀλλ’
1691 1863 1883 1910 ἀποδημεῖν
1904 1861 2034 1911 ἔφασαν
2053 1860 2153 1897 αὐτὸν
2174 1861 2239 1906 ἤδη

1208 1920 1314 1958 πολὺν
1331 1920 1467 1972 χρόνον.
1490 1939 1505 1952 υ
1562 1938 1576 1952 τι
1595 1919 1658 1963 ‘sse
1676 1919 1845 1970 δυστυχὴς
1862 1921 2007 1973 ἐκεῖνος,
2029 1937 2044 1951 »
2063 1918 2167 1969 φάναι
2183 1919 2240 1955 τὸν

1211 1979 1366 2018 Σόλωνα.
1381 1997 1395 2010 «
1407 1977 1494 2016 Τίνα
1507 1977 1541 2015 δὲ
1555 1978 1731 2027 ὠνόμαζον
1746 1977 1866 2023 αὐτόν;
1882 1994 1896 2009 υ
1911 1995 1924 2011 τι
1938 1975 2110 2022 ἸΙκουσα,
2121 1976 2242 2025 φάναι,

1209 2036 1380 2085 τοῦνομα,
1401 2036 1455 2073 τὸν
1474 2036 1664 2087 ἄνθρωπον,
1685 2037 1760 2072 ἀλλ’
1779 2036 1816 2072 οὐ
1836 2034 2038 2084 μνημονεύω
2053 2048 2060 2054 ·
2082 2033 2173 2079 πλὴν
2193 2034 2244 2071 ὅτι

1210 2094 1314 2137 πολὺς
1333 2094 1430 2143 λόγος
1448 2089 1503 2140 ἦν.
1517 2096 1619 2131 αὐτοῦ
1642 2093 1760 2145 σοφίας
1774 2092 1832 2130 καὶ
1853 2092 2081 2138 δικαιοσύνης.
2107 2110 2120 2124 υ
2140 2091 2244 2130 Οὕτω

1212 2151 1252 2197 δὴ
1269 2154 1346 2188 καθ’
1364 2151 1512 2196 ἑκάστην
1531 2151 1709 2201 ἀπόκρισιν
1726 2153 1774 2201 τῷ
1795 2150 1890 2202 φόὸῳ
1910 2151 2167 2202 προσαγόμενον
2187 2149 2243 2187 τὸν

1214 2210 1357 2248 Σόλωνα
1375 2209 1433 2246 καὶ
1447 2210 1540 2251 τέλος
1557 2209 1622 2254 ἤδη
1642 2207 1956 2259 συντεταραγμένον
1973 2208 2073 2244 αὐτὸν
2090 2207 2244 2245 {1710ng-

1212 2269 1281 2304 λειν
1323 2265 1471 2315 τοῦνομα
1503 2269 1551 2317 τῷ
1583 2266 1664 2316 ξένῳ
1705 2265 1968 2314 πυνθανόμενον,
2003 2265 2050 2313 μὴ
2091 2266 2246 2307 Σόλωνος

1213 2327 1230 2362 ὃ
1244 2323 1411 2369 τεθνηκὼς
1429 2324 1497 2366 υἱὸς
1516 2324 1723 2373 ὠνομάζετο.
1782 2323 1969 2369 Φήσαντος
1985 2323 2020 2360 δὲ
2041 2327 2099 2359 τοῦ
2115 2323 2244 2374 ἀνθρώ·

1210 2434 1381 2472 evenisset,
1408 2434 1485 2464 nihil
1511 2434 1615 2470 aliud,
1639 2428 1908 2473 quemadmodum
1932 2433 2064 2464 edoctus
2085 2435 2170 2471 erat,
2192 2441 2244 2463 re·

1210 2485 1346 2524 spondit,
1358 2494 1453 2524 quam
1472 2496 1486 2511 tt
1503 2485 1597 2515 sunus
1611 2485 1703 2515 fuisse
1722 2493 1759 2515 eo
1771 2486 1911 2523 tempore
1926 2483 2133 2514 adolescentis
2148 2483 2243 2513 alicu·

1212 2536 1260 2574 ius
1273 2536 1404 2567 ductum
1419 2545 1435 2566 a
1447 2535 1572 2566 civitate
1589 2545 1596 2565 ε
1610 2544 1680 2565 eum
1695 2536 1778 2566 enim
1792 2535 2023 2565 adolescentem
2038 2534 2137 2564 filium
2151 2533 2245 2564 fuisse

1211 2586 1268 2617 viri
1285 2587 1413 2617 illustris
1429 2596 1465 2617 ac
1480 2586 1595 2617 virtute
1612 2586 1694 2617 inter
1708 2586 1792 2616 cives
1811 2585 1900 2624 primi
1914 2609 1922 2623 ,
1939 2584 1992 2623 qui
2011 2584 2063 2614 diu
2076 2586 2141 2623 jam
2157 2592 2244 2623 pere·

1210 2647 1262 2676 gre
1279 2638 1385 2668 abesse
1402 2637 1568 2668 diceretur.
1590 2648 1605 2663 n
1626 2649 1640 2662 n
1668 2639 1770 2672 Quam
1787 2636 1893 2674 miser,
1912 2635 2012 2674 inquit
2028 2635 2141 2672 Solon,
2168 2634 2240 2666 illc!

1210 2688 1262 2719 sed
1277 2688 1360 2728 quod
1377 2689 1403 2719 ei
1415 2689 1549 2718 nomen?
1563 2700 1575 2712 »
1593 2686 1637 2718 lbi
1653 2687 1763 2726 hospes
1779 2696 1786 2716 :
1800 2699 1814 2712 «
1830 2686 1983 2725 Equidem
1994 2685 2100 2716 audivi
2112 2693 2151 2716 ex
2163 2685 2240 2723 illis,

1210 2740 1262 2771 sed
1281 2740 1432 2770 memoria
1458 2739 1577 2770 excidit
1598 2748 1605 2768 :
1627 2739 1657 2769 id
1674 2746 1774 2768 unum
1797 2738 1925 2769 memini
1947 2738 1986 2768 de
2002 2737 2152 2777 sapientia
2173 2737 2242 2775 ejus

1210 2791 1438 2830 atquejustitia
1454 2791 1591 2821 multum
1607 2789 1700 2820 fuisse
1724 2797 1912 2820 sermonem.
1930 2801 1944 2815 n
1961 2790 2014 2820 llis
2038 2788 2166 2827 singulis
2191 2797 2240 2818 re-

1210 2843 1431 2883 sponsionibus
1450 2843 1599 2882 majorem
1614 2841 1651 2872 ad
1678 2844 1799 2872 metum
1819 2841 1973 2872 adductus
1990 2841 2101 2878 Solon,
2113 2840 2242 2879 jamque

1211 2894 1412 2934 pertin-batus
1434 2894 1542 2933 plane,
1564 2892 1628 2932 ipse
1641 2901 1755 2922 nomen
1772 2892 1884 2930 hospiti
1901 2891 2051 2930 subjecit,
2069 2891 2240 2929 interroga-

1211 2946 1319 2985 vitque
1337 2958 1344 2976 2
1365 2958 1379 2972 u
1395 2944 1557 2975 Solonisne
1572 2944 1623 2974 ille
1635 2943 1715 2972 lilius
1731 2943 1856 2973 suisset?
1873 2956 1887 2968 »
1906 2942 2152 2980 Astirmanteque
2168 2941 2220 2971 illo
2231 2965 2238 2978 ,

1211 2997 1341 3027 verbera
1359 2996 1451 3035 capiti
1477 3003 1533 3025 suo
1565 2993 1750 3031 intentavit,
1773 2992 1943 3031 statimqne.
1967 2992 2004 3022 ad
2029 3001 2064 3023 ea
2078 2992 2240 3031 prolapsus

1211 3048 1257 3077 est
1270 3047 1403 3077 dicenda
1416 3048 1447 3077 et
1462 3045 1619 3081 facienda,
1637 3054 1709 3084 quae.
1724 3044 1824 3074 solent
1840 3044 1894 3082 qui
1908 3043 1993 3081 gravi
2010 3043 2116 3082 aliquo
2131 3042 2240 3072 dolore

1211 3099 1284 3127 sunt
1304 3097 1448 3136 perculsi·
1477 3098 1516 3126 At
1529 3095 1642 3126 'l'hales
1661 3103 1734 3124 eum
1757 3093 1891 3123 inhibuit
1909 3092 2091 3131 ridensque,
2108 3105 2122 3118 «
2142 3093 2237 3130 llaec,

1212 3148 1332 3187 inquit,
1361 3157 1379 3179 0
1405 3148 1520 3186 solon,
1550 3147 1667 3186 nuptiis
1692 3154 1742 3176 me
1767 3146 1798 3176 et
1826 3145 1995 3175 liberorum
2022 3144 2238 3183 procreatione

1211 3194 1402 3236 absterrent,
1428 3209 1500 3238 quae
1526 3200 1557 3229 te
1579 3206 1725 3237 quoque,
1754 3196 1848 3226 eliam
1881 3195 2046 3225 firmissimi
2077 3195 2236 3224 hominem

1212 3249 1325 3287 animi,
1342 3249 1503 3287 dejiciunt.
1533 3250 1680 3278 Ceterum
1706 3246 1798 3284 hujus
1820 3245 1945 3284 quidem
1967 3245 2119 3275 sermonis
2144 3251 2238 3274 causa

1214 3301 1297 3330 1111110
1314 3300 1355 3331 sis
1378 3301 1500 3337 animm
1522 3300 1565 3329 eft
1584 3298 1667 3328 enim
1687 3296 1850 3327 confictus.
1874 3310 1886 3321 ι»
1911 3297 1988 3326 Tota
2007 3295 2073 3325 haer
2099 3295 2238 3326 narratio
