2289 3728
928 111 1252 149 FRAGMENTA.

26 196 223 245 ὀνομασίαν.
251 216 263 228 υ
286 198 404 234 Ταῦτα
425 196 484 245 μὲν
507 199 524 233 ὃ
550 195 729 245 Πολέμων.
756 195 846 246 Πρὸς
866 195 900 232 δν
923 196 1053 231 ἀντιλέ-

27 271 94 304 γων
115 254 263 303 Δίδυμος
279 257 294 291 ὁ
311 254 552 303 γραμματικὸς
569 255 646 292 κτλ.

79 312 140 350 Ἔν
159 314 208 363 τῷ
226 311 322 362 παρὰ
339 313 420 350 Ξεν.
440 327 472 349 κ,
488 312 500 360 ]
520 314 644 346 titulus
665 319 900 355 contractus,
923 319 961 345 ut
986 312 1057 347 llo-

27 370 140 419 λέμων
166 372 200 407 ἐν
216 373 258 421 τῇ
281 370 545 421 Ἐρατοσθένους
561 368 739 419 ἐπιδημίᾳ.
758 391 809 396 --
829 387 842 401 «
862 373 956 404 Antc
974 368 1057 412 ἐπὴν

27 427 62 464 δὲ
82 427 246 471 κοπίζωσι
268 428 484 465 exciderunt
510 429 636 463 multa.
658 428 804 462 Excidit
824 429 962 461 incutio
984 427 1059 473 ejus

28 488 126 531 festi,
141 487 188 522 de
208 500 283 534 quo
301 495 473 521 narratur
490 487 527 520 in
542 486 798 532 sequentibus,
819 486 1059 532 llyacinlliio-

27 557 111 579 rum
131 545 280 591 opinor,
298 557 379 590 quae
397 556 512 589 quum
533 544 728 577 maximam
747 551 888 589 partem
909 544 942 577 in
966 545 1061 589 agris

28 610 64 637 et
83 602 183 648 apud
204 602 407 648 Amyclaeos
421 601 671 635 celebraretur
692 600 761 647 (cf.
780 602 906 634 Mauso
924 603 1061 647 §parm

28 662 64 705 Ι,
90 672 111 694 2
126 688 134 704 ‚
156 673 194 707 p.
218 659 290 694 205
312 672 393 706 sqq.
411 687 420 703 ,
442 660 587 695 Mulier.
610 660 698 692 Dor.
718 660 774 705 ΙΙ,
800 672 839 705 p.
865 660 933 692 ‘281
959 659 1059 705 sq.)‚

28 718 164 753 deinde
181 719 230 753 sic
246 719 366 765 pergit
386 730 393 752 :
414 717 447 752 ἐν
464 714 499 752 δὲ
517 718 558 766 τῇ
576 714 673 752 πόλει
688 717 764 753 κτλ.
786 717 932 751 Excidit
952 719 1059 752 etiam

29 778 168 811 mentio
187 776 278 821 ejus,
295 777 358 822 qui
373 776 541 822 loquitur
558 776 595 808 in
612 776 851 822 sequentibus
863 803 871 819 ,
892 776 1062 821 Spartani

31 834 202 879 alicujus,
223 834 251 868 si
272 833 364 879 quid
384 832 495 867 video
511 861 521 879 ,
553 845 665 879 quem
687 832 733 866 de
758 833 812 866 his
839 833 949 867 rebus
969 846 1054 867 con-

29 892 190 926 suluerat
206 892 358 926 Polemo
378 904 385 925 :
406 890 441 925 οὐ
461 888 561 938 μόνον
578 888 674 931 τοὺς
689 890 733 924 ἐκ
755 891 825 933 τῆς
841 890 1064 938 ἡμεδαπῆς

30 946 390 999 ἀφικνουμένους,
413 946 502 983 ἀλλὰ
523 946 581 982 καὶ
602 945 678 988 τοὺς
699 946 980 995 ἐπιδημήσαντας
997 950 1063 984 τῶν

31 1005 146 1048 ξένων.
164 1007 311 1041 Excidit
325 1007 486 1052 denique
500 1019 648 1052 pompae
666 1019 746 1052 quae
765 1008 933 1053 Amyclas
946 1007 1064 1041 dedu-

31 1065 184 1100 cebatur
203 1072 238 1099 et
255 1065 293 1098 in
313 1077 384 1111 qua
415 1065 625 1098 emmanu-is
648 1064 880 1098 vehebantur
907 1066 1067 1111 virgines

31 1124 318 1169 Spartanorum,
336 1123 548 1168 descriptiO,
569 1134 679 1168 quam
693 1123 920 1169 suppleveris
936 1136 979 1157 ex
996 1125 1065 1157 Po-

32 1181 179 1228 lycratis
210 1181 296 1215 loco
329 1192 398 1227 per
429 1179 633 1226 Didymum
660 1187 804 1214 servato
839 1193 897 1227 ap.
929 1182 1063 1219 Atlicn,

31 1251 70 1286 p.
96 1239 186 1285 139,
207 1240 251 1283 E,
268 1250 313 1272 ex
329 1250 404 1284 quo
421 1245 581 1281 constat,
601 1238 772 1284 copidem
789 1239 889 1272 illam
903 1268 912 1285 ,
932 1240 978 1274 de
995 1253 1067 1286 qua

32 1304 158 1332 narrat
180 1298 353 1338 Polemo,
377 1303 461 1344 post
473 1308 659 1342 ,pompam
680 1296 847 1342 Amyclas
869 1296 1068 1332 deductam

33 1356 195 1390 habitam
219 1367 312 1398 esse,
333 1367 448 1401 quum
475 1355 571 1388 cives
588 1354 719 1388 multas
738 1355 904 1389 victimas
930 1355 1070 1390 sacrifi-

35 1421 162 1448 carent
183 1413 373 1458 lautasque
393 1413 519 1459 epulas
539 1419 762 1458 appararent
779 1419 814 1446 et
831 1412 1070 1449 familiaribus

34 1471 206 1505 omnibus
223 1476 258 1505 et
275 1471 441 1517 ipsorum
459 1471 583 1506 servis.
605 1486 619 1500 »
634 1471 817 1504 PRELLER.
832 1491 883 1496 --—
900 1470 995 1521 παρὰ
1014 1471 1068 1507 τὸν

33 1528 131 1577 θεὸν]
157 1529 311 1565 Preller.
340 1528 444 1563 dedit
466 1525 562 1578 παρὰ
593 1525 655 1572 τὴν
685 1526 776 1573 θέαν,
798 1529 883 1563 dum
913 1531 1073 1565 durabat

33 1588 55 1631 ἡ
67 1585 140 1624 θέα.
158 1608 207 1612 -
223 1584 430 1634 τραγήματα
447 1585 535 1621 σῦκά
549 1600 624 1623 τε...
638 1586 818 1636 χλωρούς]
834 1588 920 1623 Haec
938 1589 1070 1623 iterum

35 1658 79 1680 ex
96 1644 300 1679 Polemone
318 1644 426 1679 affert
445 1645 641 1679 Athenaeus
661 1646 715 1687 ΙΙ,
737 1657 773 1691 p.
791 1644 837 1680 56
850 1673 858 1689 ,
882 1651 925 1682 Α.
945 1668 994 1672 —-
1013 1646 1072 1687 τὰς

35 1702 69 1739 δὲ
91 1702 233 1744 κοπίδας
247 1701 515 1752 παραπλησίως]
535 1700 569 1738 δὲ
583 1704 803 1750 particulam
821 1704 955 1749 adjecit
971 1707 1072 1740 Prel-

36 1763 126 1805 ler.;
148 1778 161 1792 «
187 1769 445 1808 opponuntur,
465 1763 533 1804 ait,
551 1774 599 1795 cae
617 1761 769 1808 copides
785 1774 867 1808 quae
881 1763 1073 1798 habeban-

37 1827 97 1854 tur
116 1819 348 1862 Tithenidiis,
370 1818 443 1859 ταῖς
462 1817 701 1867 λελεγμέναις,
730 1820 753 1853 1.
782 1832 814 1857 e.
839 1821 882 1855 iis
898 1833 978 1867 quae
1004 1822 1073 1856 ha-

38 1877 224 1911 bebantur
244 1877 282 1910 in
301 1876 545 1923 Hyacinthiis.
567 1894 580 1907 »

90 1937 134 1970 In
148 1947 189 1969 ea
201 1947 281 1981 quae
295 1935 463 1981 sequitur
476 1935 575 1981 apud
592 1936 809 1970 Athenaeum
822 1936 974 1983 Didymi
995 1937 1072 1971 dis-

38 1995 250 2041 putatione,
280 1993 414 2028 diserta
441 1995 580 2028 mentio
607 1996 818 2030 Polemonis
850 1995 892 2030 fit
919 2009 958 2042 p.
984 2001 1073 2041 140,

39 2051 68 2087 B
97 2063 105 2088 :
128 2049 230 2087 Ἀλλὰ
253 2050 320 2098 μὴν
340 2051 410 2087 οὐδ’
435 2050 673 2101 ὀρθαγορίσκοι
694 2052 874 2100 λέγονται,
898 2051 942 2094 ὥς
971 2068 1072 2104 φησιν

39 2111 57 2145 ὁ
82 2109 264 2157 Πολέμων,
286 2110 315 2145 οἳ
335 2108 524 2157 γαλαθηνοὶ
542 2115 671 2160 χοῖροι,
701 2110 775 2146 ἀλλ’
794 2112 1073 2162 ὀρθραγορίσκοι,

41 2166 116 2203 ἐπεὶ
129 2166 212 2217 πρὸς
227 2165 283 2202 τὸν
301 2165 419 2217 ὄρθρον
434 2166 713 2217 πιπράσκονται,
734 2170 778 2210 ὣς
799 2170 967 2219 Περσαῖος
984 2172 1075 2207 ἱστο·

43 2226 93 2276 ρεῒ
111 2225 145 2261 ἐν
164 2225 206 2274 τῇ
228 2226 414 2275 Λακωνικῇ
435 2224 590 2276 πολιτείᾳ
606 2225 664 2262 καὶ
685 2226 924 2278 Διοσκουρίδης
948 2228 981 2263 ἐν
1002 2229 1075 2264 δευ·

41 2283 128 2334 τέρῳ
158 2281 352 2328 πολιτείας,
384 2282 442 2319 καὶ
473 2282 690 2334 Ἀριστοκλῆς
712 2287 745 2322 ἐν
775 2288 823 2336 τῷ
843 2287 998 2338 προτέρῳ
1019 2286 1076 2323 καὶ

42 2335 136 2382 οὗτος
151 2343 210 2385 τῆς
232 2339 408 2377 Λακώνων
427 2341 615 2384 πολιτείας.
637 2341 718 2380 ”Em
736 2343 836 2394 φησὶν
852 2346 868 2379 ὁ
891 2344 1074 2394 Πολέμων,

45 2398 104 2435 καὶ
122 2398 160 2436 τὸ
181 2399 314 2435 δεῖπνον
337 2398 402 2435 ὑπὸ
425 2401 490 2435 τῶν
512 2401 793 2449 Λακεδαιμονίων
809 2401 926 2438 ἄϊκλον
943 2419 1076 2454 προσα-

43 2456 262 2508 γορεύεσθαι,
291 2457 548 2506 παραπλησίως
584 2458 747 2495 ἁπάντων
783 2460 942 2510 Δωριέων
974 2461 1078 2504 οὕτως

45 2514 128 2551 αὐτὸ
147 2513 357 2553 καλούντων.
388 2517 531 2563 Quibus
550 2531 630 2564 quae
649 2519 797 2564 subjicit
815 2520 996 2567 Didymus
1012 2523 1077 2555 Al-

46 2575 182 2609 cmanis
202 2575 436 2621 aliorumque
463 2577 693 2621 testimonia,
725 2577 825 2624 apud
846 2579 963 2625 ipsum
984 2580 1080 2627 legas

48 2633 277 2669 Athenaeum.
304 2634 465 2680 Apparet
493 2646 584 2668 vcro
609 2636 725 2669 multa
745 2648 875 2670 eorum
901 2650 981 2683 quae
1007 2638 1080 2672 huc

46 2690 234 2736 pertinent
251 2702 270 2724 a
288 2691 489 2725 Polemone
513 2693 753 2737 praetermissa
771 2705 862 2737 esse,
884 2707 961 2728 non
990 2708 1079 2729 vero

48 2753 207 2794 propter
230 2748 490 2794 negligentiam
522 2750 700 2793 auctoris,
732 2757 772 2783 ut
802 2751 921 2785 videri
948 2754 1077 2798 possit,

48 2805 113 2838 sed
131 2811 333 2851 propterea
350 2805 449 2839 haud
469 2805 582 2840 dubie
607 2805 682 2853 (uti
705 2808 886 2843 Prellerus
906 2810 1079 2858 monet),

51 2863 154 2908 quod
171 2864 323 2896 omnino
343 2876 421 2897 non
434 2875 477 2898 ex
494 2864 660 2910 professo
678 2866 772 2900 hanc
792 2868 981 2902 materiam
997 2881 1081 2915 per-

51 2920 278 2955 tractandam
295 2921 365 2955 sibi
387 2928 605 2967 sumpserat.

2085 119 2095 149 1
2113 121 2153 151 13

1323 219 1436 254 lllfil‘l
1472 217 1571 253 ἸῸΥ
1601 218 1717 268 Mor
1750 219 1947 271 ΚῼΔΙΟΥ.

1609 306 1668 349 87.

1174 382 1374 427 Hesychius
1394 395 1401 416 :
1424 382 1501 423 Διὸς
1520 383 1656 434 κῴδιον·
1676 383 1780 426 οὕτως
1795 384 1908 434 ἔλεγον
1927 379 1964 422 οῧ
1983 388 2021 422 τὸ
2039 388 2159 437 ἱερεῖον

1120 438 1176 477 Διὶ
1209 437 1361 483 τέθυται,
1393 441 1443 489 ἐφ’
1480 435 1517 476 οῧ
1553 443 1582 476 οἱ
1617 444 1857 493 καθαιρόμενοι
1891 443 2081 489 ἑστήκεσαν
2110 447 2164 495 τῶ»

1123 497 1289 546 ἀριστερῷ
1303 496 1393 531 ποδί·
1410 496 1495 538 τινὲς
1512 496 1545 532 δὲ
1559 498 1596 533 τὸ
1611 498 1699 547 μέγα
1715 500 1773 536 καὶ
1791 501 1914 538 τέλειον
1926 516 1933 523 ·
1954 503 1971 537 ὁ
1992 501 2026 538 δὲ
2045 503 2155 538 Πολέ-

1127 568 1200 602 μων
1215 552 1251 589 τέ)
1269 555 1306 590 ἐκ
1323 556 1381 588 τοῦ
1400 553 1453 590 Διὶ
1470 555 1650 602 τεθυμένου
1671 558 1806 607 ἱερείου.

1177 612 1235 647 Ad
1257 613 1333 646 lia-c
1353 614 1569 647 szuaznus
1597 626 1604 649 :
1636 632 1649 645 «
1671 614 1748 656 Διὸς
1775 614 1896 667 κῴδιον
1924 618 2163 653 retinendum.

1124 678 1201 705 crat
1217 677 1372 717 propter
1397 671 1568 705 ordinem
1591 673 1861 711 elementarem.
1886 678 1980 711 Cod.
2001 676 2160 713 Διοσκώ<

1124 728 1215 763 λιον·
1238 725 1342 767 οὕτως
1373 726 1487 776 ἔλεγον
1508 721 1598 763 οὗτοι
1618 730 1736 779 ἱερεῖον
1766 732 1904 770 ἐτίθετο.
1931 757 1978 760 --
2009 736 2025 770 ὁ
2049 733 2084 770 δὲ
2109 736 2157 773 Π.

1125 787 1173 836 τῷ
1194 786 1231 821 ἐκ
1249 801 1279 820 τ.
1297 788 1338 822 Δ.
1359 801 1392 823 τ.
1411 785 1538 836 ἱερείῳ,
1566 789 1707 825 Musur.
1727 788 1764 824 τὸ
1783 791 1825 839 ἐκ,
1839 805 1870 827 τ.
1899 794 1942 828 Δ.
1965 807 1998 829 τ.
2024 794 2159 843 ἱερεῖον.

1125 845 1351 879 Inserviebat
1380 846 1451 879 hoc
1478 846 1594 879 vellus
1621 859 1641 880 a
1661 848 1762 881 Jovis
1789 849 1934 884 victima
1955 851 2161 886 detractum

1126 903 1167 936 iis
1187 902 1320 936 ritibus
1336 903 1466 946 sacriS,
1489 903 1553 948 qui
1581 902 1806 938 dicebantur
1827 905 2162 951 ἀποδιοπομπήσεις,

1127 973 1162 994 v.
1187 961 1387 1006 Phrynich.
1411 972 1468 1006 ap.
1494 961 1611 996 Bckk.
1634 962 1775 998 Anecd.
1798 975 1835 1009 p.
1861 976 1896 1007 7,
1925 963 1966 997 15
1989 978 1997 999 ε
2026 965 2165 1001 ἀποδιο-

1127 1018 1339 1064 πομπεῖσθαι
1367 1015 1425 1052 καὶ
1447 1017 1730 1065 διοπομπεῗσθαι·
1751 1017 1910 1066 σημαίνει
1930 1019 1990 1068 μὲν
2012 1021 2049 1058 τὸ
2071 1023 2161 1058 ἀπο-

1128 1073 1323 1123 πέμπεσθαι
1343 1073 1401 1110 καὶ
1419 1073 1713 1125 ἀποκαθαίρεσθαι
1735 1075 1848 1124 μύση,
1873 1076 2047 1126 σύγκειται
2070 1078 2102 1115 δὲ
2125 1095 2162 1115 το

1128 1131 1235 1180 ὄνομα
1257 1132 1294 1167 ἐκ
1315 1134 1371 1168 τοῦ
1396 1130 1467 1168 δίου
1496 1132 1718 1181 (dicebatur
1736 1135 1848 1181 igitur
1874 1137 1985 1170 etiam
2011 1138 2109 1172 nude
2129 1139 2166 1172 τὸ

1130 1190 1243 1236 δῖον),
1265 1189 1284 1224 ὃ
1303 1190 1375 1225 ἐστι
1401 1188 1511 1240 δέρμα
1531 1193 1590 1225 τοῧ
1617 1189 1739 1240 ἱερείου
1760 1195 1818 1227 τοῦ
1841 1191 2002 1239 θυομένου
2028 1196 2075 1243 τῷ
2093 1194 2166 1237 Διὶ,

1130 1249 1181 1298 ἐφ’
1203 1242 1239 1283 οῧ
1260 1249 1400 1289 ἑστῶτες
1414 1246 1657 1297 ἐκαθαίροντο,
1679 1250 1746 1285 κάκ
1763 1253 1821 1286 τοῦ
1841 1249 2056 1298 πέμπεσθαι·
2079 1254 2167 1299 μετὰ

1128 1309 1207 1355 γοῦν
1231 1308 1291 1350 τῆς
1311 1305 1378 1341 ἀπὸ
1401 1306 1594 1356 προθέσεως
1613 1305 1844 1344 ἀττικώτατόν
1863 1309 1973 1344 ἐστιν·
1993 1311 2039 1344 cf.
2072 1313 2167 1345 Pier-

1130 1377 1210 1400 son.
1232 1366 1340 1398 Mocr.
1368 1377 1405 1411 p.
1431 1369 1474 1406 41
1493 1392 1502 1408 ‚
1532 1366 1685 1400 Ruhnk.
1720 1367 1813 1403 Tim.
1835 1380 1874 1414 p.
1896 1372 1943 1409 [⁸0
1963 1380 2018 1414 sq.
2052 1370 2106 1403 De
2130 1382 2169 1403 rc

1131 1424 1298 1457 similiter
1322 1425 1411 1457 Lex.
1433 1424 1490 1457 rh.
1512 1436 1571 1470 ap.
1594 1423 1713 1459 Bekk.
1736 1425 1875 1460 Anecd.
1906 1438 1944 1472 p.
1970 1430 2058 1467 242,
2087 1427 2133 1461 26
2160 1441 2167 1461 :

1132 1480 1210 1516 Δῖον
1228 1478 1348 1531 κῴδιον
1360 1494 1368 1502 ·
1383 1478 1439 1515 ἐπὶ
1459 1482 1526 1515 τῶν
1543 1479 1801 1530 καθαιρομένων
1815 1480 1968 1531 λέγεται,
1985 1482 2168 1533 ἐπειδήπερ

1133 1537 1189 1574 Διὶ
1200 1537 1315 1574 θύουσι
1327 1537 1545 1588 καθαίροντες
1554 1539 1630 1579 τοὺς
1642 1537 1743 1586 μύσει
1755 1539 2016 1589 κατεχομένους.
2032 1543 2075 1575 Ι11
2084 1555 2170 1589 qua-

1133 1609 1217 1630 nam
1234 1597 1465 1643 potissimum
1484 1597 1586 1630 Jovis
1604 1597 1784 1644 religione
1803 1605 1838 1632 et
1852 1599 1986 1644 quibus
2006 1600 2170 1634 occasio-

1133 1655 1242 1688 nibus
1262 1654 1472 1688 adhibitum
1492 1656 1537 1688 sit
1554 1655 1718 1688 cernitur
1738 1668 1781 1689 ex
1798 1656 1852 1689 his
1869 1656 1958 1690 locis
1975 1668 1983 1692 :
2005 1658 2168 1693 Eustatli.

1134 1725 1171 1759 p.
1198 1710 1307 1758 1935,
1331 1711 1352 1745 8
1373 1724 1380 1745 :
1402 1709 1472 1747 Καὶ
1489 1712 1518 1746 οἱ
1536 1710 1573 1746 τὸ
1591 1711 1793 1758 διοπομπεῖν
1817 1711 2073 1759 (scribendum
2092 1722 2170 1748 erat

1136 1770 1420 1817 διοπομπεῖσθαι)
1453 1767 1694 1819 ἑρμηνεύοντες
1715 1783 1816 1820 φασιν
1850 1769 1900 1805 ὅτι
1931 1770 2000 1806 δῖον
2029 1769 2170 1807 ἐκάλουν

1135 1826 1256 1878 κῴδιον
1272 1825 1394 1875 ἱερείου
1411 1825 1564 1867 τυθέντος
1583 1826 1723 1878 (editur
1743 1825 1905 1875 τιθέντος)
1928 1829 1986 1865 Διὶ
2007 1829 2168 1879 μειλιχίῳ

1136 1886 1169 1921 ἐν
1188 1889 1255 1924 τοῖς
1283 1886 1472 1932 καθαρμοῖς
1502 1883 1674 1934 φθίνοντος
1703 1885 2021 1936 Μαιμακτηριῶνος
2042 1886 2168 1935 μηνὸς,

1136 1941 1190 1979 ὅτε
1220 1941 1342 1990 ἤγοντο
1372 1940 1414 1977 τὰ
1447 1947 1609 1988 πομπαῖα
1646 1942 1708 1992 (cf.
1744 1945 1884 1979 Demet.
1917 1953 1955 1979 et
1987 1946 2166 1993 Perseph.

1136 2015 1172 2049 p.
1195 1998 1293 2048 248)
1316 1999 1373 2035 καὶ
1402 2002 1588 2050 καθαρμῶν
1610 1998 1750 2036 ἐκὸολαὶ
1773 2002 1818 2042 εἷς
1842 2000 1903 2043 τὰς
1922 2001 2072 2053 τριόδους
2098 2003 2171 2052 ἐγί-

1135 2072 1242 2096 νοντο.
1260 2050 1364 2106 Εἶχον
1380 2057 1414 2093 δὲ
1433 2057 1519 2105 μετὰ
1535 2058 1652 2107 χεῖρας
1669 2060 1849 2106 πομπαῖον
1870 2059 2004 2108 (vulgo
2019 2061 2171 2109 πομπόν,

1137 2118 1298 2151 correxit
1322 2117 1488 2151 Lobeck.
1513 2130 1520 2151 :
1544 2124 1707 2152 ceterum
1725 2130 1806 2164 quae
1822 2127 2029 2165 sequuntur
2049 2120 2096 2154 de
2116 2122 2174 2155 in-

1138 2175 1229 2222 signi
1246 2175 1440 2218 Mercurii,
1459 2187 1500 2209 ca
1521 2174 1567 2209 de
1593 2187 1660 2209 suo
1678 2176 1960 2222 interpolaverit
1977 2177 2173 2212 Thessalo-

1138 2233 1312 2278 nicensis,
1334 2245 1450 2278 quum
1468 2239 1588 2267 cetera
1606 2245 1651 2267 ex
1669 2234 1732 2279 iis,
1753 2245 1846 2279 quos
1866 2234 1912 2268 de
1931 2235 2064 2269 talibus
2084 2248 2173 2270 con-

1137 2291 1255 2325 sulere
1272 2291 1386 2333 solet,
1411 2292 1586 2325 Pausania
1607 2298 1642 2325 et
1664 2292 1761 2325 AElio
1782 2293 1961 2339 Dionysio
1982 2295 2176 2340 sumpsisse

1137 2348 1347 2394 videatur),
1377 2345 1460 2397 ὅπερ
1487 2341 1544 2397 ἦν,
1572 2346 1675 2398 φασὶ,
1697 2347 1858 2398 κηρύκιον
1892 2348 1994 2390 σέὸας
2022 2348 2174 2399 Ἑρμοῦ,

1140 2405 1197 2441 καὶ
1215 2406 1253 2441 ἐκ
1279 2408 1337 2441 τοῦ
1359 2404 1511 2441 τοιούτου
1537 2404 1715 2452 πομπαίου
1747 2406 1827 2454 (ed.
1853 2409 2013 2455 πομποῦ)
2037 2407 2173 2445 καὶτοῦ

1142 2463 1296 2515 ῥηθέντος
1318 2462 1387 2499 δίου
1415 2463 1453 2499 τὸ
1481 2464 1697 2511 διοπομπεῖν.
1723 2463 1792 2501 Καὶ
1813 2467 1911 2501 τοῦτο
1932 2463 1993 2514 μὲν
2014 2465 2121 2509 οὕτως
2141 2466 2175 2509 ἐξ

1140 2520 1302 2572 ἱστορίας·
1322 2520 1435 2563 ἄλλως
1453 2520 1487 2557 δὲ
1512 2520 1701 2572 κοινότερον
1729 2523 1933 2569 διοπομπεῖν
1955 2522 2013 2559 καὶ
2034 2524 2177 2560 ἀποδιο-

1140 2581 1290 2628 πομπεῖν
1305 2578 1459 2631 ἐφαίνετο
1474 2578 1512 2615 τὸ
1529 2578 1608 2620 Διὸς
1634 2577 1834 2621 ἀλεξικάκου
1858 2580 2008 2627 <Jovem
2030 2581 2177 2631 ἀποτρό-

1140 2653 1240 2674 παιον
1257 2646 1292 2673 et
1313 2636 1567 2687 προστρόπαιον
1586 2640 1780 2673 nominant
1799 2640 1928 2677 sclioll.
1951 2641 2041 2676 Plat.
2057 2642 2172 2688 Legg.

1141 2698 1214 2741 IX,
1250 2710 1289 2743 p.
1332 2710 1418 2740 120,
1457 2701 1521 2743 14,
1557 2697 1693 2743 Cratyl.
1727 2709 1766 2743 p.
1801 2710 1869 2744 29,
1906 2710 1917 2732 1
1932 2697 1967 2746 1)
1999 2697 2176 2742 ἐπικλήσει

1142 2753 1328 2802 ἐκπέμπειν
1346 2753 1387 2789 τὰ
1417 2756 1546 2804 φαῦλα.
1572 2755 1664 2791 Cum
1693 2756 1883 2790 Eustathio
1905 2756 2177 2803 comparandus

1143 2813 1272 2848 Suidas
1291 2825 1318 2847 s.
1341 2825 1374 2848 v.
1397 2810 1474 2852 Διὸς
1496 2810 1616 2862 κῴδιον
1638 2819 1674 2847 et
1694 2815 1866 2860 Apostol.
1891 2814 2071 2850 l‘roverb.
2091 2816 2173 2857 VII,

1148 2884 1192 2906 10
1216 2884 1224 2905 z
1254 2868 1330 2910 Διὸς
1351 2867 1471 2917 κῴδιον
1493 2884 1500 2891 ·
1530 2863 1567 2905 οἷ
1597 2868 1635 2905 τὸ
1662 2870 1782 2920 ἱερεῖον
1802 2870 1858 2908 Διὶ
1878 2871 2033 2907 τέθυται·
2061 2869 2175 2908 θύουσί

1143 2943 1179 2964 τε
1198 2929 1247 2977 τῷ
1267 2941 1302 2962 τε
1321 2926 1479 2977 μειλιχίῳ
1494 2926 1552 2962 καὶ
1569 2928 1616 2978 τῷ
1636 2928 1768 2979 κτησίῳ
1791 2929 1917 2977 (Suid.
1942 2929 2056 2965 codd.
2073 2932 2117 2965 V.
2134 2932 2173 2967 C.

1144 2984 1320 3034 κτησιδίῳ.
1364 2987 1528 3023 Lobeck.
1566 2987 1648 3033 Agl.
1682 2999 1718 3034 p.
1759 2988 1828 3022 183
1860 2986 1992 3037 ἱκεσίῳ.
2026 2990 2172 3026 Mulier,

1145 3044 1268 3080 AEsclz.
1293 3045 1399 3078 Eam.
1419 3057 1456 3091 p.
1486 3044 1553 3078 188
1573 3052 1696 3079 tuetur
1715 3047 1920 3093 vulgatam,
1938 3047 2026 3079 mihi
2045 3044 2176 3095 κτησίῳ

76 3108 2173 3128 Μ

317 3146 377 3182 ΟΕ
406 3146 545 3183 JOVlS
573 3147 818 3187 VELLERE.

543 3225 601 3255 87.

97 3297 187 3327 lovis
207 3297 312 3329 vellus
339 3300 493 3330 vocabant
523 3301 623 3331 vellus
647 3302 782 3334 victima}
808 3304 878 3334 Jovi
906 3306 1087 3338 sacrificata»

1145 3152 1341 3191 detractum,
1363 3154 1392 3183 in
1411 3162 1474 3192 quo
1493 3154 1510 3183 ii
1526 3154 1579 3193 qui
1594 3154 1810 3185 lustrabantur
1823 3155 1933 3194 pedem
1956 3154 2115 3193 ponebant
2139 3154 2174 3184 si·

1146 3205 1292 3236 nistrum.
1314 3207 1458 3236 Nonnulli
1477 3206 1586 3236 dicunt
1603 3207 1767 3245 significari
1780 3208 1881 3238 vellus
1897 3215 2045 3246 magnum
2060 3207 2090 3236 et
2104 3214 2174 3243 per-

1147 3257 1284 3295 fectuum
1305 3258 1433 3288 Polemo
1450 3260 1556 3289 aulem
1574 3268 1640 3290 esse
1653 3259 1729 3290 dicit
1746 3259 1844 3289 vellus
1866 3259 1954 3289 Jovis
1972 3258 2106 3288 victima}
2119 3257 2175 3286 de-

1148 3311 1294 3340 tractum.
