2289 3728
943 141 1270 180 FRAGMENTA.

54 232 195 270 Ξάνθιοι
214 231 278 282 γὰρ
298 230 359 276 τὴν
380 230 504 282 ῥοίῧδον
524 229 665 279 τυμνίαν
684 229 848 278 λέγουσιν.
870 227 914 265 ‘O
934 228 1078 271 πολίτης

54 290 286 339 Τυμνισσεύς,
306 291 349 331 ὡς
371 289 441 327 Ἀλ.
462 291 495 326 ἐν
515 287 641 339 πρώτῳ
661 289 855 325 Λυκιακῶν.

340 406 368 438 Ε
398 404 543 438 LIBRO
572 401 806 438 SECUNDO.

494 505 629 550 73-77·

104 607 208 641 Idem
230 617 238 642 :
261 602 433 654 Ἄραξα,
451 602 548 644 πόλις
573 601 722 647 Λυκίας,
750 603 794 643 ὡς
814 599 1028 651 Ἀλέξανδρος
1047 601 1080 636 ἐν

54 663 200 713 δευτέρῳ
220 661 307 711 Περὶ
328 660 470 702 Λυκίας.

105 721 380 770 Κοχλιουσα,
400 722 500 764 νῆσος
522 717 605 767 πρὸς
624 720 666 766 τῆ
683 716 815 767 Λυκίᾳ,
838 715 907 753 Ἀλ.
933 713 1080 766 δευτέρω

56 780 105 816 Hs
93 777 141 829 ερὶ
162 776 308 821 Λυκίας,
326 775 380 812 διὰ
397 791 435 812 το
457 776 648 825 κοχλίους
634 791 666 811 εν
688 776 774 825 αὐτῇ
798 773 1025 824 εὑρίσκεσθαι.

106 833 371 886 Κρᾶγος,ὅρος
384 833 524 875 Λυκίας.
542 833 613 870 Ἀλ.
631 831 985 883 δευτέρωΛυκιακῶν.
1001 828 1082 867 Ἀπὸ

55 893 193 945 Κράγου
212 908 269 928 του
284 891 457 942 Ιρεμίλου
470 893 542 928 υἱου
555 920 564 936 ‚
577 889 704 963 μητρὸς
722 890 756 926 δὲ
775 889 872 940 Πραξ
877 888 984 933 ιδίκης
1000 887 1081 935 νύμ-

54 968 128 1003 φης.
156 952 325 988 ἘνταυΟα
352 949 378 986 δ’
409 953 494 985 εἰναι
532 948 590 985 καὶ
617 947 660 984 τὰ
690 946 968 1018 ἐπονομαζόμενα
998 948 1059 982 ΟΞΝ
1020 961 1080 981 ςων

53 1009 178 1062 ἀγρίων
202 1008 321 1059 ἄντρα.

52 1069 110 1105 τὸν
131 1070 276 1118 Κρᾶγον.

106 1124 346 1175 Λυρνατία,
373 1122 577 1173 χερρόνησος
607 1121 665 1158 καὶ
693 1121 818 1172 χωρίον
839 1119 982 1161 Λυκίας.
1010 1118 1081 1156 Ἀλ.

53 1185 87 1220 ἐν
105 1183 249 1233 δευτέρω
272 1181 357 1232 Περὶ
377 1179 518 1220 Λυκίας.

105 1238 156 1277 Ἵ
164 1241 321 1287 λαμοι,
342 1237 439 1278 πόλις
460 1236 643 1283 Λυκίας,
627 1253 672 1279 ως
688 1236 758 1274 Αλ.
781 1239 798 1273 ὃ
819 1232 1024 1285 Πολυίστωρ
1051 1235 1083 1270 ἐν

54 1297 199 1349 δευτέρω
216 1296 303 1347 Περι
319 1294 462 1337 Λυκίας.

354 1007 685 1051 ΑπαΟανατισΟῆναι
706 1005 771 1057 γάρ
797 1020 880 1056 φασι
905 1020 980 1046 τους
1006 1003 1083 1054 περὶ

333 1396 362 1429 Ε
390 1394 547 1429 LIBRIS
575 1394 807 1429 INCERTIS.

504 1488 635 1532 78-80.

108 1590 214 1625 Idem
244 1586 487 1633 εΔαίδαλα,
516 1586 615 1629 πόλις
633 1588 693 1631 τ’ἧς
725 1585 861 1628 Ῥοδίας
893 1587 914 1632 ἢ
947 1587 1085 1638 χωρίον.

58 1645 227 1698 Στράὸων
246 1645 285 1681 ιδ’
310 1646 369 1694 (p.
393 1644 482 1683 651.
507 1645 581 1688 664
594 1646 619 1694 ).
638 1641 744 1682 Ἔστι
761 1644 819 1680 καὶ
836 1643 910 1693 ὅρος
931 1648 992 1689 τῆς
1010 1648 1084 1682 Λυ-

59 1705 134 1748 κίας
149 1703 192 1741 τὰ
209 1703 379 1741 Δαίδαλα.
399 1703 442 1740 ‘H
463 1702 498 1739 δὲ
513 1702 611 1744 πόλις
631 1702 699 1738 ἀπὸ
719 1702 893 1740 Δαιδάλου
910 1706 969 1739 τοῦ
991 1702 1084 1740 Ἰκά-

60 1778 117 1812 ρου
137 1764 158 1806 ἡ
180 1763 213 1798 ἐν
236 1758 362 1811 Λυκίᾳ.
383 1759 450 1796 Διά
468 1774 557 1801 τινος
575 1758 641 1809 γὰρ
661 1758 758 1800 ἕλους
773 1758 955 1808 ἐπορεύετο
981 1758 1084 1811 [διὰ]

57 1823 116 1856 τοῦ
137 1818 244 1857 Νίνου
267 1820 445 1865 ποταμοῦ,
473 1816 531 1853 καὶ
551 1816 616 1853 ὑπὸ
632 1816 820 1867 χερσύδρου
841 1817 1009 1866 δηχθέντα
1031 1833 1085 1853 τε-

56 1879 221 1922 λευτῆσαι
246 1875 304 1913 καὶ
324 1876 393 1911 ἐκεῖ
420 1877 569 1923 ταφῆναι
588 1876 646 1912 καὶ
665 1877 842 1919 κτισθῆναι
861 1874 959 1911 πόλιν
985 1875 1086 1926 φησὶν

58 1935 130 1974 Ἀλ.
153 1937 187 1972 ἐν
205 1935 402 1975 Λυκιακοῒς.

105 2046 316 2083 Tymmssus,
333 2043 408 2074 urbs
430 2042 543 2081 Cariae,
555 2050 573 2072 a
585 2044 746 2081 tymnisso
760 2043 856 2081 virga.
872 2043 990 2073 Xanthi
1004 2043 1087 2074 enim

59 2098 177 2136 virgam
206 2097 370 2136 lymniam
400 2095 526 2126 vocant.
555 2094 641 2125 Civis
664 2094 908 2133 Tymnissensis‚
934 2096 969 2126 ut
999 2095 1086 2126 Alex.

58 2148 131 2180 ibid.

494 2202 514 2232 7
519 2202 643 2232 3-77,

99 2260 217 2289 Araxa.
228 2280 236 2294 ,
253 2256 329 2287 urbs
341 2255 444 2296 Lyciae
460 2279 468 2295 ‚
489 2257 526 2286 ut
548 2254 724 2286 Alexander
739 2257 857 2286 Rerum
872 2255 1037 2294 Lyciarum
1051 2255 1087 2286 li-

60 2310 116 2341 bro
126 2309 275 2341 secundo.

106 2361 288 2392 cochliusa
298 2381 307 2394 ,
322 2359 424 2390 insula
434 2359 525 2398 juxta
542 2358 682 2397 Lyciam;
695 2358 784 2388 Alex.
799 2352 878 2388 libro
892 2357 1030 2388 secundo
1043 2360 1089 2389 De

60 2413 164 2451 Lycia.
182 2414 304 2443 Nomen
321 2411 446 2441 habeta
467 2409 601 2441 cochleis
616 2418 688 2448 qnae
699 2409 741 2439 ibi
755 2409 964 2448 reperiuntur.

105 2466 252 2503 crumas,
272 2471 363 2493 mons
380 2461 491 2501 Lyciae.
520 2460 694 2493 Alexander
710 2460 792 2491 libro
816 2460 954 2491 secundo
971 2462 1087 2490 Rerum

62 2516 241 2555 Lyciarum.
257 2513 418 2553 Appellata
435 2514 482 2543 est
494 2514 636 2551 acrag0‚
650 2511 776 2542 Tremili
786 2511 849 2541 filio
865 2513 896 2542 et
914 2511 1087 2542 Praxidicae

61 2566 219 2606 nymphae.
242 2565 288 2596 lbi
313 2566 437 2596 exstare
452 2564 618 2603 perhibent
643 2565 733 2593 antra
757 2563 890 2593 deorum
917 2564 1087 2601 ferocium,

61 2627 132 2658 quaa
147 2619 312 2649 vocantur.
336 2617 478 2648 Tradunt
500 2617 584 2647 enim
611 2619 748 2655 Cragum
764 2625 837 2646 cum
861 2616 1011 2646 fratribus
1030 2616 1085 2646 im-

61 2670 227 2701 mortalem
252 2677 318 2699 esse
331 2668 500 2698 redditum.

105 2721 272 2760 Lyn-nana
283 2740 293 2754 ‚
313 2719 476 2758 peninsula
500 2719 531 2749 et
544 2718 707 2748 castellum
721 2717 836 2756 Lyciae.
852 2717 1028 2748 Alexander
1049 2718 1088 2748 li-

61 2773 118 2803 bro
128 2770 265 2802 secundo
281 2772 325 2800 De
339 2769 443 2809 Lycia.

102 2825 136 2854 H
141 2822 264 2862 ylami,
287 2820 362 2851 urbs
380 2820 484 2859 Lyciae
496 2843 505 2858 ,
528 2819 565 2849 ut
581 2819 671 2850 Alex.
690 2819 866 2858 Polyhistor
882 2818 1019 2850 secundo
1043 2821 1089 2850 De

62 2874 165 2914 Lycia.

488 2925 639 2956 78-80,

104 2981 265 3014 Daedala,
282 2979 430 3011 esteliam
445 2987 534 3009 mons
546 2978 658 3017 Lyciae.
676 2977 758 3008 Urbs
767 2986 842 3008 vero
859 2977 960 3016 Lyciae
974 2986 1088 3008 nomen

63 3033 187 3063 habeta
202 3031 330 3062 Daedalo
349 3030 426 3061 icari
442 3030 542 3068 patre.
557 3031 586 3060 Is
602 3028 685 3059 enim
702 3037 757 3067 per
769 3028 915 3067 paludem
929 3028 1087 3067 quandam

64 3083 135 3114 Nini
147 3082 232 3113 ssuvii
247 3082 397 3113 transiens
410 3090 428 3111 a
438 3080 586 3119 chelydro
606 3088 729 3110 morsus
745 3080 809 3116 est,
824 3079 929 3117 ibique
945 3080 1090 3109 mortuus

64 3135 95 3164 et
108 3133 266 3173 sepultus,
281 3134 312 3163 et
337 3132 410 3162 urbs
426 3141 462 3162 eo
488 3132 557 3162 loco
572 3130 698 3161 condita
713 3131 779 3166 est,
798 3130 833 3160 ut
855 3129 897 3160 ait
916 3129 1090 3160 Alexander

65 3187 109 3216 De
126 3185 218 3215 rebus
232 3184 410 3222 Lyciorum.

105 3235 259 3266 Melceme
273 3258 280 3272 ‚
310 3236 357 3265 cst
378 3234 472 3264 etiam
500 3234 603 3273 Lycia¹
629 3233 718 3270 urbs,
748 3233 781 3262 ut
810 3232 897 3262 Alex.
926 3234 972 3262 De
997 3232 1090 3263 rebus

65 3287 176 3326 Lyciae.

2092 149 2163 181 235

1195 226 1307 262 Μέλα
1322 242 1426 272 ιναι,
1455 228 1550 270 πόλις
1571 228 1790 279 Ἀρκαδίας...
1812 229 1876 265 εἰσὶ
1906 228 1939 265 δὲ
1960 228 2016 265 καὶ
2038 228 2166 270 Λυκίας

1142 281 1311 319 Μέλαιναι
1332 284 1448 329 πόλις,
1472 288 1515 326 ὡς
1536 285 1606 323 Ἀλ.
1627 287 1659 322 ἐν
1678 288 1874 328 Λυκιακοῖς.

1192 338 1373 388 (Ιῑελλος,
1393 340 1489 382 πόλις
1505 342 1723 391 Παμφυλίας,
1736 343 1778 380 ‘E
1783 349 1920 385 καταῖος
1934 342 2043 394 Ἀσίᾳ.
2062 341 2165 385 Ἀλέξ.

1141 398 1157 432 ὃ
1178 395 1419 455 Πολυΐστωρ
1405 413 1437 433 εν
1450 400 1497 433 τιΝ)
1515 398 1598 448 Περὶ
1614 400 1743 442 Λυκίας
1760 400 1896 438 ψέλλον
1918 400 1975 437 καὶ
1996 400 2168 451 ’Λντίφελ-

1142 454 1198 488 λον
1221 452 1350 494 Λυκίας
1365 457 1450 489 εἶναι
1466 454 1570 503 λέγει.
1592 455 1634 493 ‘0
1647 458 1786 502 πολίτης
1801 458 1973 502 ψελλίτης
1987 473 2044 494 και
2061 457 2165 495 Λντι-

1142 511 1322 562 φελλίτης,
1344 512 1389 552 ὡς
1406 510 1476 548 ’.Αλ
1496 513 1530 547 ἐν
1551 516 1591 562 τῇ
1612 514 1774 564 εἰρημένη
1795 530 1852 551 και
1875 516 2114 566 Πολύχαρμος.

1623 624 1684 659 81.

1196 729 1298 764 Idem
1323 742 1331 763 :
1357 728 1558 778 Πάταρα,
1578 728 1675 770 πόλις
1703 730 1875 772 Λυκίας...
1897 731 2021 777 ἐκλήθη
2043 732 2076 768 δὲ
2104 733 2171 769 ἀπὸ

1146 785 1311 836 Πατάρου
1328 790 1385 822 τοῦ
1403 785 1612 828 Ἀπόλλωνος
1626 786 1683 822 καὶ
1701 786 1829 829 Λυκίας
1845 790 1903 832 τῆς
1918 789 2063 827 Ξάνθου.
2080 789 2172 826 Ἀλέ-

1145 842 1281 894 ξανδρος
1302 844 1480 881 Σαλακίαν
1498 843 1601 914 κόρην
1616 843 1649 886 ἐξ
1669 843 1858 893 Ὀφιονίδος
1873 860 1955 896 φησι
1971 846 2046 897 φέρε
2034 863 2079 883 ιν
2096 846 2171 897 ἱερὰ

1144 904 1192 938 τ(Ν·)
1207 901 1423 939 Ἀπόλλωνι
1409 917 1442 938 εν
1460 902 1612 953 πατάρα·
1629 901 1701 938 ἔστι
1719 902 1753 939 δὲ
1766 918 1874 939 ταυτα
1890 919 1931 939 πε
1919 920 1989 952 μυ
1994 919 2057 940 ατα
2072 904 2171 955 λύραι

1144 975 1180 996 τε
1200 975 1258 996 και
1280 960 1360 1003 τόξα
1377 976 1435 997 και
1454 964 1490 1011 βε
1487 960 1558 1006 ’λη,
1580 963 1626 1002 οἷς
1645 961 1777 1004 παίζειν
1798 961 1935 1005 νηπίους
1954 962 2065 1004 ὄντας
2088 966 2155 1000 Θε
2125 979 2172 999 ει-

1146 1032 1208 1054 σαν
1233 1017 1267 1054 δὲ
1287 1017 1324 1054 τὸ
1345 1018 1446 1068 ἄγγος
1466 1018 1701 1055 ἀναπαυεσθαι
1728 1017 1818 1055 κατὰ
1838 1017 1899 1063 τὴν
1926 1018 2021 1056 ὁδόν·
2050 1020 2105 1056 dive
2093 1036 2171 1068 μον

1146 1076 1174 1112 δ’
1192 1075 1443 1113 ἐπιπνεύσαντα
1460 1078 1505 1118 εἷς
1519 1075 1580 1120 τὴν
1598 1076 1773 1113 θάλασσαν
1791 1077 1906 1126 βαλεῖν
1920 1075 1981 1121 τὴν
1998 1076 2152 1126 πατάραν
2164 1094 2172 1100 ·

1146 1133 1330 1170 κλαίουσαν
1349 1134 1382 1170 δὲ
1399 1133 1460 1179 τὴν
1475 1135 1582 1170 παῖδα
1600 1135 1644 1176 εἷς
1660 1133 1716 1170 τὸν
1733 1127 1825 1170 οἷκον
1844 1135 1963 1179 ἐλθεῖν,
1981 1133 2040 1179 τὴν
2057 1134 2091 1170 δὲ
2105 1150 2172 1170 πα·

1146 1190 1253 1242 τάραν
1265 1194 1306 1241 τῇ
1320 1191 1455 1230 Λυκίων
1469 1191 1666 1243 χερρονήσῳ
1681 1194 1937 1242 κατενεχθῆναι·
1948 1192 2172 1242 περιτυχόντα

1147 1249 1181 1284 δέ
1202 1264 1276 1285 τινα
1297 1251 1362 1285 τῶν
1383 1251 1420 1286 ἐκ
1439 1253 1499 1295 τῆς
1518 1249 1695 1292 Σαλακίας
1715 1249 1886 1301 φυγόντων
1909 1252 1950 1299 τῇ
1970 1249 2109 1301 πατάρᾳ
2133 1250 2176 1286 τὰ

1148 1308 1181 1343 ἐν
1202 1308 1287 1357 αὐτῇ
1303 1306 1472 1356 πέμματα
1490 1307 1603 1343 πάντα
1617 1311 1847 1353 κατακαῦσαι,
1862 1307 1920 1344 καὶ
1935 1306 1994 1352 τὴν
2011 1307 2176 1358 χερρόνη-

1149 1379 1205 1401 σον
1216 1364 1309 1413 ἷερὰν
1325 1364 1510 1402 Ἀπόλλωνι
1526 1358 1626 1400 εἶναι·
1644 1364 1840 1413 ὠνομάσθαι
1854 1363 1888 1400 δὲ
1902 1362 1961 1409 τὴν
1976 1363 2092 1415 χώραν
2108 1365 2175 1400 ἀπὸ

1127 1444 1132 1449 -
1150 1425 1209 1458 τοῦ
1229 1421 1353 1471 ἅγγους
1368 1424 1427 1466 τ’ῆς
1445 1421 1602 1472 πατοίρας
1619 1421 1785 1473 Πάταρα·
1808 1422 2118 1473 μεθερμηνεύεσΟαι
2142 1422 2177 1458 δὲ

1147 1479 1208 1525 τὴν
1225 1479 1383 1530 πατοίραν
1400 1480 1572 1525 ἑλληνιστὶ
1591 1480 1722 1526 κίστην.

1599 1601 1730 1638 82-83.

1201 1707 1307 1741 Idem
1325 1719 1332 1744 :
1355 1706 1546 1755 Μεγίστη
1557 1734 1566 1749 ‚
1581 1705 1678 1746 πόλις
1696 1705 1752 1741 καὶ
1773 1708 1872 1750 νῆσος
1886 1707 1946 1749 τῆς
1967 1703 2096 1746 Λυκίας
2107 1735 2115 1750 ‚
2131 1706 2175 1746 ὡς

1149 1764 1165 1799 ὃ
1185 1761 1389 1813 Πολυΐστωρ
1402 1792 1411 1808 ,
1434 1762 1502 1799 ἀπὸ
1520 1762 1717 1812 Μεγιστέως
1734 1762 1833 1803 τινός.

1204 1820 1258 1856 Γλ
1269 1819 1371 1857 αύκο
1382 1837 1399 1856 υ
1417 1821 1462 1864 δ’ῗ,
1476 1835 1567 1868 μσς,
1585 1822 1620 1856 ἐν
1640 1820 1763 1870 Λυκία,
1775 1821 1819 1860 ὡς
1836 1818 2048 1869 Ἀλέξανδρός
2062 1834 2176 1870 φησιν,

1152 1877 1218 1914 ἀπὸ
1239 1877 1397 1915 Γλαύκου
1417 1881 1475 1914 τοῦ
1492 1877 1615 1928 ἥρωος.

1194 2044 1352 2079 Plzellus,
1373 2045 1449 2075 urbs
1463 2044 1666 2083 Pamphyliae.
1685 2045 1852 2074 Hecataeus
1870 2043 1901 2073 in
1917 2044 1999 2074 Asia.
2018 2043 2106 2073 Alex.
2120 2044 2177 2072 Po·

1150 2096 1280 2135 lyhistor
1294 2097 1326 2126 in
1340 2096 1426 2127 libris
1447 2099 1494 2127 De
1518 2097 1610 2135 Lycia
1633 2096 1775 2126 Phellum
1793 2096 1824 2125 et
1840 2094 2052 2133 Antiphellum
2077 2093 2179 2133 Lyciae

1150 2156 1216 2178 esse
1228 2147 1280 2178 ait.
1304 2147 1389 2178 Civis
1414 2147 1560 2178 Phellites
1581 2148 1615 2177 et
1630 2146 1871 2186 Antiphellites,
1892 2147 1927 2176 ut
1951 2144 2128 2176 Alexander
2146 2144 2180 2176 in

1150 2198 1228 2229 libro
1245 2198 1374 2229 laudato
1385 2199 1416 2229 et
1431 2198 1663 2237 Polycharmus.

1637 2269 1694 2300 81.

1191 2343 1347 2373 Patara,
1369 2340 1445 2371 urbs
1463 2340 1577 2379 Lyciae.
1598 2341 1720 2370 Nomen
1733 2338 1827 2369 habet
1851 2346 1870 2368 a
1894 2338 2008 2368 Pataro
2029 2336 2181 2376 Apollinis

1151 2392 1254 2422 silicet
1269 2392 1372 2430 Lyciae
1385 2391 1511 2422 Xantho
1524 2392 1617 2422 natae.
1634 2389 1810 2422 Alexander
1823 2388 1977 2420 Salaciam
1990 2388 2126 2427 puellam
2141 2397 2180 2418 ex

1150 2443 1326 2482 Ophionide
1342 2442 1417 2473 dicit
1429 2451 1517 2473 sacra
1536 2442 1686 2472 serentem
1701 2440 1837 2480 Apollini
1858 2440 1891 2470 in
1908 2440 2015 2478 patara
2034 2439 2091 2476 (ea
2104 2447 2180 2469 vero

1150 2503 1216 2525 csse
1234 2495 1336 2525 solent
1357 2494 1501 2531 bellaria,
1523 2501 1594 2532 quae
1606 2493 1690 2531 lyras
1704 2492 1734 2522 et
1759 2499 1850 2522 arcus
1873 2492 1904 2521 et
1922 2490 2048 2529 sagittas
2066 2498 2176 2529 reprae-

1150 2547 1287 2584 sentant,
1297 2546 1526 2585 quihusludere
1534 2545 1634 2576 solent
1646 2544 1757 2583 pueri),
1768 2544 1799 2573 in
1811 2543 1919 2574 itinere
1927 2550 1981 2572 vas
1990 2541 2180 2581 deposuisse,

1150 2599 1187 2628 ut
1203 2597 1423 2636 requiesceret.
1447 2598 1527 2627 Tum
1545 2596 1631 2626 venti
1645 2595 1721 2625 flatu
1741 2598 1882 2633 pataram
1896 2593 1927 2623 in
1945 2601 2030 2623 mare
2044 2601 2109 2623 esse
2123 2592 2179 2622 de-

1147 2650 1263 2689 jectam
1275 2674 1283 2688 ‚
1296 2658 1333 2679 ac
1347 2649 1484 2688 puellam
1499 2648 1626 2679 flentem
1640 2648 1770 2678 domum
1789 2646 1934 2683 rediisse;
1951 2646 2091 2684 pataram
2104 2653 2180 2675 vero

1149 2701 1189 2731 ad
1206 2701 1371 2739 Lyciorum
1389 2700 1616 2731 Chersonesum
1637 2698 1775 2729 delatam
1791 2705 1857 2728 esse
1869 2720 1878 2735 ‚
1895 2695 1949 2726 ubi
1972 2704 2052 2725 unus
2072 2703 2181 2725 eorum

1149 2753 1203 2792 qni
1217 2761 1234 2783 e
1247 2753 1378 2784 Sallacia
1390 2752 1550 2791 fugerant,
1566 2751 1729 2790 reperisset
1740 2757 1809 2781 eam
1826 2750 1922 2788 atque
1942 2747 2089 2785 bellaria,
2108 2755 2181 2786 quae

1150 2804 1347 2841 continebat,
1379 2803 1485 2833 onmia
1517 2803 1706 2840 cremasset3
1745 2803 1841 2840 atque
1866 2801 1910 2830 ila
1948 2799 2180 2830 Chersonesum

1150 2855 1285 2894 Apollini
1301 2863 1423 2885 sacram
1438 2854 1631 2892 esse,atque
1656 2852 1815 2890 regionem
1844 2852 1955 2881 Patara
1977 2858 1996 2879 a
2023 2857 2096 2879 vase
2122 2849 2181 2878 isto

1150 2908 1384 2946 nuncupatam;
1399 2914 1472 2936 nam
1485 2906 1614 2945 patara
1629 2912 1732 2943 graeca
1754 2903 1858 2942 lingna
1871 2901 2045 2941 significare
2058 2899 2178 2930 cistam.

1588 2988 1741 3020 82-83.

1192 3075 1345 3112 Meqz'slc,
1362 3071 1593 3102 nilisttinsnla
1607 3069 1728 3108 Lyciae
1752 3069 1787 3098 nt
1813 3065 1989 3105 Poly-histor
2000 3065 2059 3103 ait,
2077 3073 2095 3093 a
2114 3065 2180 3093 Me<

1150 3125 1246 3164 gisteo
1263 3124 1412 3163 quodam.

1196 3178 1445 3231 ΘΙαιιι-ὶιῐιηιιιε
1465 3177 1495 3207 in
1520 3175 1629 3214 lycia,
1650 3175 1685 3204 nt
1710 3171 1888 3204 Alexander
1913 3168 2005 3205 dicit,
2029 3166 2179 3196 tGlauco

1151 3231 1205 3261 hci
1207 3239 1252 3259 o<
