2338 3765
919 186 1243 224 FRAGMENTA.

30 272 74 313 εἷς
86 270 181 307 ὄκνον
194 271 214 314 ἡ
227 269 325 319 μάχη
337 267 373 304 τὸ
384 267 554 319 πρόθυμον
570 265 770 317 περιέστησε
785 268 849 302 τῶν
865 265 1052 314 πολεμίων.

29 328 89 367 Διὸ
104 327 164 365 καὶ
181 324 396 376 Μιθριδάτης
413 324 474 374 μὲν
492 326 536 366 εἷς
552 323 595 360 τὰ
612 323 690 375 περὶ
709 323 764 360 τὸν
785 324 902 361 Φᾶσιν
922 322 980 359 καὶ
1001 322 1056 359 τὸν

30 384 212 424 Καύκασον
242 383 429 435 ἐτράπετο,
466 380 652 432 Μουρήνας
684 380 718 417 δὲ
750 382 880 432 ἀπῆρεν
916 381 960 422 εἷς
996 379 1055 425 τὴν

30 442 154 488 Ἀσίαν,
174 441 232 478 καὶ
251 440 293 478 τὰ
310 441 416 477 οἰκεῖα
435 439 575 482 ἕκαστος
592 438 739 478 διετίθει.

78 500 277 538 XXXVII.
309 499 400 537 Μετ’
430 498 467 534 οὖ
503 495 607 534 πολὺν
638 497 672 534 δὲ
704 495 824 548 χρόνον
853 494 990 538 Σύλλας
1023 496 1055 531 ἐν

27 557 150 608 Ῥώμῃ
170 559 328 609 τελευτᾷ·
349 556 408 593 καὶ
429 555 620 604 πέμπουσιν
641 558 663 600 ἡ
693 554 880 604 σύγκλητος
909 553 966 590 ἐπὶ
995 552 1055 602 μὲν

25 614 86 661 τὴν
119 614 278 653 Βιθυνίαν
306 613 478 665 Αὖρήλιον
512 612 661 660 Κότταν,
692 612 748 649 ἐπὶ
778 611 812 648 δὲ
845 610 906 656 τὴν
941 609 1056 648 Ἀσίαν

26 671 170 711 Λεύκιον
191 671 397 717 Λεύκολλον,
417 664 464 712 οἷς
483 673 503 715 ἡ
523 669 640 715 ἐντολὴ
662 671 823 719 πολεμεῖν
845 668 1053 720 Μιθριδάτῃ.

27 729 241 781 Μιθριδάτης
257 729 291 766 δὲ
307 729 409 766 ἄλλον
426 744 462 765 τε
479 727 623 779 στρατὸν
639 727 760 779 συχνὸν
774 725 1056 778 παρεσκευάζετο,

27 787 86 825 καὶ
104 786 251 839 τριήρεις
272 786 332 836 μὲν
353 785 403 835 υ’,
429 788 496 822 τῶν
517 785 552 823 δὲ
576 785 789 845 μικροτέρωχ
813 788 902 831 νηῶν
933 800 1056 829 πεντη-

27 844 193 896 κοντέρων
223 860 260 882 τε
287 844 346 882 καὶ
378 843 567 895 κερκούρων
600 843 741 895 ἀριθμὸς
767 847 808 889 ἠν
843 844 903 880 οὐκ
933 841 1055 890 ὀλίγος.

28 902 208 954 Διοφάντῳ
225 902 260 939 δὲ
278 904 326 953 τῷ
352 902 508 953 Μιθάρου
536 901 679 951 δύναμιν
705 901 801 950 δοὺς,
820 900 950 950 πέμπει
977 899 1059 950 πρὸς

27 961 87 1006 τὴν
110 960 378 1007 Καππαδοκίαν,
392 959 539 1011 φρουρὰς
558 962 632 1002 ταῖς
651 960 789 996 πόλεσιν
806 956 1058 1008 ἐγκαθιστάναι·

28 1018 107 1055 εἰδὲ
133 1017 325 1060 Λεύκολλος
345 1019 392 1061 εἷς
408 1017 464 1054 τὸν
493 1017 624 1055 Πόντον
651 1017 823 1069 ἀφίκοιτο,
842 1014 1058 1058 ὑπαντιάζειν

27 1076 164 1122 καὶτῆς
185 1075 305 1127 πρόσω
323 1075 462 1128 πορείας
480 1075 669 1126 ἀπείργειν.
706 1076 747 1125 (2)
782 1073 889 1115 Αὐτὸς
921 1072 955 1109 δὲ
987 1072 1059 1121 μεθ’

27 1136 146 1171 ἑαυτοῦ
168 1133 268 1178 πεζὸν
287 1133 347 1183 μὲν
369 1133 514 1185 στρατὸν
531 1128 593 1183 ἦγε
612 1132 857 1170 πεντεκαίδεκα
876 1130 1058 1183 μυριάδας,

26 1191 141 1233 ἱππεῖς
158 1190 192 1228 δὲ
213 1190 399 1242 δισχιλίους
423 1190 479 1228 ἐπὶ
503 1196 570 1232 τοῖς
591 1190 738 1241 μυρίοις·
759 1189 899 1240 ἅρματά
926 1204 963 1225 τε
984 1189 1060 1239 δρε-

27 1248 212 1300 πανηφόρα
233 1251 419 1298 συνεπῆγεν
446 1249 476 1285 κ’
494 1248 551 1285 καὶ
572 1248 616 1298 ρ’,
639 1250 697 1285 καὶ
717 1254 832 1284 πᾶσαν
863 1246 969 1291 ἄλλην
991 1261 1057 1295 μη-

27 1306 210 1356 χανοποιὸν
230 1308 291 1343 οὐκ
308 1306 487 1343 ἐνδέουσαν
504 1305 649 1350 πληθύν.
671 1304 854 1353 Ἧπείγετο
871 1303 904 1340 δὲ
926 1301 980 1340 διὰ
1001 1306 1060 1348 ri<

27 1363 252 1413 Τιμωνιτίδος
272 1363 518 1415 Παφλαγονίας
535 1364 580 1405 εἷς
608 1363 668 1408 τὴν
688 1362 875 1408 Γαλατίαν,
904 1361 961 1398 καὶ
982 1363 1059 1398 ε’να-

27 1422 119 1464 ταῖος
131 1423 176 1465 εἷς
192 1421 254 1467 τὴν
269 1421 426 1459 Βιθυνίαν
441 1423 647 1472 ἀφικνεῖται.
666 1419 858 1462 Λεύκολλος
873 1419 907 1456 δὲ
926 1419 1059 1457 Κότταν

29 1479 89 1528 μὲν
109 1480 267 1530 ἐφορμεῖν
282 1477 413 1516 κελεύει
428 1480 476 1529 τῷ
496 1477 744 1528 Καλχηδονίων
764 1477 875 1527 λιμένι
892 1477 995 1514 παντὶ
1011 1479 1060 1528 τῷ

27 1538 189 1588 ναυτικῷ.
577 1544 581 1547 “

79 1595 293 1634 XXXVIH.
325 1594 376 1631 Τὸ
394 1593 427 1630 δὲ
450 1593 659 1643 Μιθριδάτου
681 1593 837 1631 ναυτικὸν
861 1592 1060 1644 παραπλέον

28 1651 88 1697 τὴν
105 1651 333 1702 Ἡράκλειαν,
353 1651 436 1702 παρ’
457 1653 560 1696 αὐτῆς
580 1653 641 1688 οὐκ
658 1651 802 1701 ἐδέχθη,
831 1651 906 1687 ἀλλ’
935 1650 1061 1702 ἀγορὰν

30 1710 90 1760 μὲν
122 1711 362 1760 αἰτησαμένων
391 1710 578 1761 παρέσχον·
610 1704 664 1747 οἷα
698 1709 731 1747 δὲ
765 1710 871 1755 εἰκὸς,
894 1709 1062 1758 ἐπιμιξίας

28 1769 231 1818 γενομένης,
253 1768 436 1819 Ἀρχέλαος
455 1771 472 1805 ὃ
497 1772 555 1805 τοῦ
574 1772 733 1805 ναυτικοῦ
755 1767 944 1817 στρατηγὸς
967 1767 1060 1804 συνέ-

28 1826 114 1862 M&
136 1827 281 1870 Σιλῆνον
304 1826 362 1862 καὶ
396 1825 550 1876 Σάτυρον
577 1827 749 1874 ἐπιφανεῖς
770 1828 830 1870 τ’ῆς
855 1825 1063 1875 (Ηρακλείας

30 1883 171 1933 ἄνδρας,
194 1883 253 1920 καὶ
284 1885 344 1920 οὐκ
365 1885 487 1928 ἆνῆκεν
508 1882 570 1925 ἕως
601 1882 642 1919 ἂν
672 1883 785 1919 ἔπεισε
812 1883 932 1920 λαὸεῗν
963 1883 1062 1920 πέντε

28 1940 175 1991 τριήρεις
209 1940 430 1991 συμμαχίδας
461 1942 506 1982 εἷς
543 1941 600 1976 τὸν
638 1939 728 1976 κατὰ
770 1942 837 1976 τῶν
877 1940 1061 1989 Ῥωμαίων

29 1997 192 2045 πόλεμον.
247 1996 287 2050 (2)
322 1997 392 2035 Καὶ
421 1997 489 2034 ἀπὸ
524 1996 651 2043 ταύτης
685 2000 745 2042 τῆς
775 1997 927 2048 πράξεως
954 1998 1062 2049 (ὅπερ

29 2055 87 2092 καὶ
112 2053 295 2106 Ἀρχέλαος
321 2057 521 2105 ἐμηχανᾶτο
541 2057 550 2103 )
575 2054 638 2100 τὴν
662 2054 847 2103 Ῥωμαίων
878 2054 1062 2105 ἀπέχθειαν

30 2115 48 2148 ὁ
74 2111 321 2164 εΗρακλεώτης
352 2113 457 2161 δῆμος
477 2111 656 2157 ἐκτήσατο.
679 2112 919 2160 Δημοσιωνίας
943 2114 976 2149 δὲ
997 2115 1062 2149 τῶν

31 2169 218 2219 (Ρωμαίων
248 2170 281 2206 ἐν
312 2174 386 2212 ταῖς
417 2169 536 2212 ἄλλαις
563 2169 683 2206 πόλεσι
711 2170 969 2216 καθιστώντων,
1005 2172 1063 2208 καὶ

32 2227 91 2273 τὴν
124 2226 334 2278 εΗράκλειαν
370 2226 426 2263 διὰ
462 2226 523 2272 τὴν
559 2226 742 2278 εἰρημένην
775 2227 887 2264 αἰτίαν
925 2228 1063 2271 ταύταις

34 2284 242 2324 ὓπέὸαλλον.
267 2285 309 2337 (3)
329 2287 374 2323 Οἳ
392 2285 445 2332 δὲ,
462 2286 674 2334 δημοσιῶναι
688 2285 771 2336 πρὸς
785 2286 846 2331 τὴν
864 2286 961 2323 πόλιν
980 2289 1062 2339 ἀφι-

30 2341 286 2393 κόμενοι,παρὰ
306 2341 350 2378 τὰ
366 2341 424 2388 ἔθη
441 2346 501 2389 τῆς
515 2342 687 2385 πολιτείας
701 2343 759 2380 καὶ
777 2342 936 2394 ἀργύριον
955 2345 1063 2381 ἀπαι-

29 2403 162 2442 τοῦντες
192 2399 269 2442 τοὺς
297 2400 439 2444 πολίτας
467 2399 634 2448 ἐλύπουν,
666 2401 776 2451 ἀρχήν
807 2417 880 2438 τινα
914 2403 1064 2447 δουλείας

30 2460 130 2494 τοῦτο
155 2457 365 2506 νομίζοντας.
385 2460 430 2496 Οἱ
448 2457 502 2505 δὲ,
533 2458 867 2509 διαπρεσῧεύσασθαι
888 2459 961 2496 δέον
983 2461 1064 2512 πρὸς

29 2515 90 2559 τὴν
105 2513 295 2565 σύγκλητον
311 2515 399 2552 ὥστε
419 2515 647 2564 δημοσιωνίας
664 2517 897 2567 ἀπολυθῆναι,
918 2519 1061 2555 ἀναπει-

32 2573 161 2616 σθέντες
190 2573 256 2610 ὑπό
280 2588 367 2616 τινος
395 2575 607 2626 θρασυτάτου
634 2577 700 2611 τῶν
730 2576 763 2612 ἐν
788 2579 830 2626 τῇ
863 2576 959 2613 πόλει
989 2576 1064 2620 τοὺς

31 2630 178 2673 τελώνας
211 2632 348 2682 ἀφανεῖς
370 2631 533 2678 ἐποίησαν
546 2661 555 2679 ,
576 2634 620 2673 ὡς
640 2632 697 2668 καὶ
714 2633 770 2669 τὸν
789 2633 931 2670 θάνατον
953 2636 1063 2671 αὐτῶν

32 2690 238 2739 ἀγνοεῖσθαι.

83 2748 257 2786 XXXIX.
289 2746 451 2795 Πολέμου
482 2747 516 2784 δὲ
546 2750 704 2785 ναυτικοῦ
735 2747 824 2786 κατὰ
851 2751 1063 2801 Καλχηδόνα

33 2803 130 2841 πόλιν
164 2803 352 2854 Ῥωμαίοις
385 2820 422 2841 τε
455 2804 515 2842 καὶ
555 2806 733 2848 Ποντικοῖς
769 2807 975 2857 συστάντος,
1006 2809 1064 2845 καὶ

34 2865 134 2907 πεζῆς
161 2863 195 2899 δὲ
217 2862 392 2911 δυνάμεως
428 2865 489 2907 τῆς
520 2878 556 2899 τε
591 2864 771 2913 βασιλικῆς
797 2864 854 2901 καὶ
880 2867 940 2910 τῆς
975 2865 1063 2903 Ῥω-

35 2922 160 2967 μαϊκῆς
186 2922 232 2962 εἷς
259 2921 377 2971 μάχην
405 2921 571 2966 ἀλλήλαις
604 2921 829 2972 συρραγείσης
850 2923 1064 2974 (ἐστρατήγει

37 2975 70 3013 δὲ
89 2980 148 3022 τῆς
168 2977 228 3026 μὲν
252 2977 401 3022 Κόττας,
421 2981 480 3024 τῆς
500 2977 534 3015 δὲ
555 2979 778 3030 Μιθριδάτης)
795 3010 804 3028 ,
823 2980 1001 3030 τρέπουσιν
1034 2984 1063 3018 οἱ

36 3035 228 3086 Βαστέρναι
256 3035 346 3073 κατὰ
374 3036 411 3073 τὸ
440 3037 539 3080 πεζὸν
565 3037 642 3079 τοὺς
672 3037 847 3087 Ἰταλοὺς,
869 3039 927 3076 καὶ
958 3041 1063 3076 πολὺν

36 3093 145 3130 αὐτῶν
163 3093 261 3145 φόνον
282 3094 494 3145 εἰργάσαντο.
516 3097 556 3145 (2)
574 3095 628 3133 Τὰ
657 3095 744 3132 αὐτὰ
766 3096 799 3133 δὲ
825 3096 884 3133 καὶ
908 3097 985 3148 περὶ
1004 3097 1064 3140 τὰς

44 3353 161 3392 tppian.
181 3363 209 3384 c.
230 3359 279 3386 69.

174 3418 358 3442 rumcmmm
382 3420 499 3443 nlSTon.
522 3422 571 3443 en.
588 3431 618 3435 —
642 3423 706 3444 von
731 3424 772 3445 111.

2054 194 2126 223 515

1117 273 1273 309 quantur,
1302 273 1427 303 tandem
1453 273 1613 312 pro—nandi
1633 274 1759 303 tardium
1789 274 1926 304 hostibus
1949 275 2141 305 alacritatem

1116 327 1211 358 animi
1234 328 1397 360 deminuit.
1445 330 1516 360 ldeo
1533 330 1570 361 ad
1592 331 1737 361 interiora
1752 332 1831 362 circa
1847 332 1959 363 l‘hasin
1975 333 2005 362 et
2022 334 2141 363 Cauca—

1117 393 1185 415 sum
1198 394 1230 416 se
1244 388 1399 417 convertit
1416 388 1609 419 Mithridates
1622 413 1629 426 ‚
1649 391 1775 419 Murena
1791 399 1863 419 vero
1878 391 1981 429 copias
1996 391 2024 420 in
2043 392 2142 421 Asiani

1117 442 1272 481 traducit,
1290 444 1320 474 et
1332 453 1388 474 sua
1403 445 1609 485 unuquisque
1627 445 1833 478 administrat.

1160 502 1317 531 xxxvii.
1336 503 1399 532 Nec
1416 503 1505 541 longe
1524 504 1592 542 post
1605 504 1688 543 Sylla
1711 506 1818 534 nomm
1836 513 1852 533 e
1871 505 1950 535 vivis
1966 506 2094 543 migrat,
2115 509 2145 534 ct

1117 565 1243 595 senatus
1259 565 1290 595 111
1322 565 1497 604 Bithyniam
1524 567 1621 598 mittit
1650 569 1811 598 Aurelium
1831 571 1955 600 Cottam
1968 594 1975 607 ‚
1992 571 2022 600 in
2042 571 2144 602 Asiam

1118 640 1192 662 vero
1206 634 1238 663 L.
1258 633 1447 670 Lucullum,
1464 643 1534 664 cum
1553 636 1706 666 mandatis
1720 638 1754 666 ut
1773 637 1888 667 belluni
1910 638 2079 669 Mithridati
2101 641 2144 668 ta-

1120 699 1252 729 cessant.
1298 700 1337 729 At
1353 699 1564 738 Mithridates,
1578 710 1677 739 quum
1694 703 1791 733 alium
1806 703 1836 733 in
1855 705 2015 743 procinctu
2031 705 2148 736 nahem

1118 766 1293 797 exercitum
1321 767 1626 806 frequentissimum,
1642 770 1708 799 tum
1733 770 1876 814 triremes
1886 772 2146 811 quadringentas,

1120 831 1312 870 naviumque
1335 831 1512 869 minorum,
1535 840 1613 871 quas
1627 834 1863 871 penteconteres
1885 837 1915 866 et
1930 845 2074 867 cercuros
2092 846 2147 866 vo-

1120 895 1228 932 citant,
1243 904 1304 926 non
1317 896 1465 935 exiguum
1474 905 1653 936 numerum,
1668 899 1879 938 Diophantum
1893 902 2034 933 Milharae
2050 903 2147 934 tilium

1120 970 1192 992 cum
1212 961 1318 992 valida
1349 970 1443 993 manu
1463 962 1493 993 111
1525 964 1754 1003 Cappadociam
1773 967 1921 1005 dimittit,
1946 970 1980 999 ut
2008 970 2150 1009 praesidia

1120 1027 1151 1056 in
1177 1026 1308 1057 urbibus
1331 1027 1499 1058 collocaret
1516 1029 1563 1066 et,
1582 1029 1604 1059 si
1629 1031 1778 1061 Lucullus
1796 1033 1929 1063 Pontum
1949 1033 2149 1073 ingrediatur,

1120 1094 1285 1131 occurrat,
1315 1094 1347 1124 et
1364 1102 1561 1134 progressum
1580 1095 1649 1133 ejus
1678 1096 1876 1128 intercludat.
1918 1100 1959 1138 (2)
1982 1101 2048 1139 lpse
2078 1111 2152 1131 vero

1121 1156 1248 1184 centum
1276 1156 1307 1185 ct
1322 1154 1551 1195 quinquaginta
1571 1156 1669 1186 millia
1694 1158 1834 1196 peditum
1853 1159 1911 1189 sub
1932 1161 2055 1193 vexillis
2068 1164 2150 1202 apud

1121 1225 1154 1246 se.
1165 1216 1296 1255 retinet,
1311 1219 1342 1247 et
1354 1217 1521 1248 duodecim
1537 1218 1634 1248 millia
1644 1219 1797 1258 equitum,
1811 1230 1889 1259 quos
1904 1222 2005 1253 falcati
2020 1232 2152 1263 sequuw

1120 1279 1172 1308 tur
1186 1286 1296 1308 currus
1311 1280 1438 1309 centum
1456 1278 1581 1317 viginti,
1599 1288 1657 1310 uec
1674 1280 1735 1310 ulla
1753 1282 1968 1312 machinarum
1983 1285 2084 1314 omnis
2103 1295 2153 1321 με)-

1121 1340 1203 1371 neris
1217 1340 1307 1380 copia
1322 1340 1420 1372 abest.
1467 1342 1634 1372 concitato
1660 1342 1750 1381 igitur
1779 1344 1889 1375 itinere
1919 1354 1972 1384 per
1989 1346 2155 1377 Timoniti-

1121 1403 1193 1434 dem
1227 1405 1454 1444 Cappadociam
1484 1406 1515 1435 in
1539 1406 1695 1437 Galatiam
1721 1416 1866 1446 pergens,
1885 1409 1922 1438 ad
1939 1409 2020 1440 diem
2040 1420 2155 1441 nonum

1122 1466 1299 1506 Bithyniam
1325 1467 1460 1507 attingit.
1478 1468 1625 1498 Lucullus
1642 1469 1765 1499 iuterim
1786 1471 1912 1500 Cottam
1938 1472 1967 1501 in
1985 1472 2155 1503 Chalcedo-

1122 1529 1248 1559 niorum
1267 1530 1357 1568 portu
1381 1528 1547 1559 stationem
1566 1529 1682 1560 habere
1698 1530 1788 1569 jubet
1803 1539 1875 1561 cum
1900 1533 1985 1562 omui
2008 1533 2115 1564 classe.

1164 1589 1341 1619 XXXVIll.
1362 1589 1550 1620 Mithridatis
1566 1591 1672 1620 autem
1690 1591 1795 1621 classis
1818 1592 2000 1622 Heracleam
2029 1596 2156 1632 prseter-

1124 1651 1227 1690 legens
1239 1652 1278 1682 ab
1291 1660 1327 1683 ea
1343 1661 1405 1682 non
1424 1653 1583 1692 recipitur,
1604 1654 1706 1684 sorum
1730 1656 1834 1686 tamen
1850 1657 1959 1687 venale
1978 1658 2157 1697 rogantibus

1124 1713 1264 1751 praebent
1284 1723 1290 1743 z
1306 1715 1375 1744 tum
1389 1715 1596 1753 commerciis,
1611 1717 1644 1746 ut
1668 1716 1732 1746 fieri
1747 1717 1842 1755 solet,
1860 1718 1955 1756 initis,
1972 1721 2158 1760 Archelaus,

1125 1775 1286 1814 copiarum
1304 1776 1463 1806 navalium
1486 1777 1609 1815 ductor,
1641 1779 1779 1809 Silenum
1797 1782 1825 1810 et
1850 1782 2014 1819 Satyrum,
2041 1783 2159 1814 nobiles

1125 1844 1164 1866 ex
1180 1837 1329 1868 Heraclea
1351 1838 1453 1876 virm,
1471 1840 1720 1879 comprehendit,
1740 1850 1795 1871 nec
1814 1842 1898 1880 prius
1915 1842 2044 1882 dimisit,
2062 1854 2158 1884 quam

1126 1898 1342 1936 persuasisset,
1361 1901 1395 1929 ut
1408 1900 1546 1940 quinque
1563 1901 1743 1933 triremibus
1760 1903 1861 1941 ipsum
1877 1905 1906 1935 in
1928 1905 1985 1935 hoc
2006 1915 2078 1936 cum
2095 1909 2156 1936 Ro-

1126 1960 1226 1990 manis
1240 1960 1322 1991 hello
1335 1960 1530 1999 adjuvarent.
1566 1963 1609 2001 (2)
1630 1965 1695 1994 {loc
1708 1964 1789 1995 sacto
1806 1967 1907 2004 (quod
1924 1967 2025 2006 ipsum
2041 1969 2157 1999 Arche-

1127 2021 1194 2052 laus
1222 2023 1408 2053 veteratorie
1440 2024 1567 2055 molitus
1589 2025 1681 2064 erat)
1709 2028 1924 2059 Romanorum
1963 2030 2157 2062 inimicitiam

1125 2084 1259 2122 populus
1270 2084 1476 2115 Heracliensis
1487 2085 1543 2115 sibi
1555 2087 1747 2119 conciliavit.
1770 2091 1875 2125 Quum
1886 2091 1978 2130 igitur
1989 2092 2159 2124 locationes

1124 2144 1320 2183 publicorum
1340 2145 1497 2177 redituum
1514 2149 1645 2178 Romani
1662 2149 1692 2179 in
1716 2150 1784 2181 aliis
1808 2151 1989 2183 civitatibus
2015 2154 2158 2186 institue-

1125 2206 1211 2243 rent,
1228 2206 1409 2237 Heracleam
1428 2216 1554 2247 quoque
1567 2211 1695 2248 propter
1720 2220 1846 2242 causam
1864 2214 1936 2243 aute
1959 2214 2094 2253 dictam,
2111 2217 2157 2247 his

1126 2269 1349 2305 exposuerunt.
1378 2268 1422 2308 (3)
1447 2269 1609 2301 Publicani
1637 2271 1729 2310 igitur
1754 2273 1865 2304 urbem
1889 2274 2034 2315 ingressi,
2059 2287 2157 2316 quum

1126 2330 1236 2360 contra
1250 2330 1428 2369 reipublicae
1443 2341 1562 2363 morem
1576 2335 1741 2372 argentum
1755 2336 1932 2375 exigerent,
1948 2338 1976 2368 in
1991 2348 2157 2371 mser-orem

1126 2390 1209 2421 cives
1226 2391 1440 2431 conjecerunt,
1459 2394 1511 2433 qui
1529 2395 1687 2426 servitutis
1704 2396 1825 2428 initium
1844 2398 1903 2428 hoc
1916 2408 1981 2430 csse
1997 2401 2158 2432 existima·

1126 2452 1210 2483 bant(
1231 2456 1334 2489 Quare
1352 2464 1448 2493 quum
1470 2464 1524 2495 per
1545 2457 1729 2495 legationem
1750 2459 1788 2489 ad
1807 2462 1949 2491 senatum
1979 2464 2157 2494 Romanum

1126 2514 1312 2545 locationem
1323 2517 1523 2555 vectigalium
1537 2517 1693 2557 deprecari
1710 2529 1757 2550 res
1768 2522 1957 2561 postularet,
1974 2524 2030 2562 ipsi
2049 2533 2066 2554 a
2081 2534 2157 2564 quo-

1125 2575 1196 2605 dam
1213 2576 1243 2605 in
1259 2576 1336 2607 urbe
1351 2577 1560 2609 audacissimo
1574 2581 1709 2618 persuasi
1723 2605 1730 2619 ‚
1748 2582 1930 2620 publicanos
1949 2593 1966 2613 e
1979 2586 2082 2616 medio
2099 2587 2156 2617 to!-

1128 2638 1212 2675 lunl,
1242 2640 1307 2669 tam
1322 2640 1458 2678 secreto,
1479 2641 1512 2670 ut
1534 2640 1572 2671 de
1599 2650 1674 2671 nece
1691 2642 1816 2673 illorum
1848 2645 1963 2675 nemini
1985 2647 2158 2686 quidquam

1126 2701 1294 2730 constaret.

1166 2759 1307 2788 ΧΧΧΙΧ.
1334 2758 1446 2789 Proelio
1461 2759 1573 2790 dehinc
1587 2761 1687 2791 navali
1706 2762 1743 2791 ad
1758 2763 1988 2795 Chalcedonem
2004 2766 2084 2796 inter
2100 2768 2156 2797 Ro-

1127 2849 1236 2872 manos
1249 2846 1279 2872 et
1304 2844 1448 2874 Ponticos
1479 2844 1666 2883 commisso,
1691 2845 1767 2876 dum
1794 2848 1873 2884 regis
1891 2852 1920 2878 el
1944 2851 2155 2880 lhnnauorum

1126 2921 1283 2961 pedestres
1299 2923 1379 2953 inter
1401 2933 1433 2954 se
1459 2924 1630 2963 confligunt
1647 2927 1728 2958 acies
1756 2928 1914 2967 (quarum
1945 2930 2017 2960 huic
2042 2932 2133 2961 Cotta
2147 2955 2154 2968 ‚

1125 3003 1167 3033 illi
1184 3003 1378 3035 Mithridates
1396 3006 1527 3044 praeerat
1542 3006 1570 3045 ),
1584 3008 1742 3038 Basteruae
1758 3010 1908 3040 italorum
1924 3011 2042 3049 pedites
2058 3012 2087 3040 in
2105 3012 2153 3041 su-

1125 3092 1194 3122 gam
1209 3085 1355 3124 vertunt,
1370 3086 1401 3115 et
1412 3094 1554 3125 maguam
1569 3087 1666 3118 edunt
1682 3089 1827 3128 stragem.
1849 3091 1891 3128 (2)
1905 3090 2017 3121 Eadem
2030 3091 2153 3120 fortuna

37 3154 110 3192 ναῦς
130 3152 279 3198 ἐγένετο,
300 3152 357 3188 καὶ
377 3152 441 3189 ὑπὸ
462 3153 542 3202 μίαν
561 3154 693 3204 ἡμέραν
713 3157 756 3205 γῇ
773 3169 808 3191 τε
829 3155 887 3191 καὶ
907 3156 1061 3206 θαλάσσῃ
1091 3152 1097 3203 ί
1123 3163 1217 3194 etiam
1229 3164 1335 3195 classis
1349 3173 1405 3195 usa
1419 3166 1464 3196 est
1479 3176 1486 3196 .·
1503 3174 1628 3206 unoque
1641 3167 1690 3198 die
1709 3177 1794 3199 mare
1807 3171 1837 3199 et
1853 3172 1934 3199 terra
1950 3169 2152 3199 cadaveribus

47 3223 2151 3244 Ἣ

42 3255 50 3258 ’
73 3263 230 3293 xxxvn.
259 3267 284 3293 1.
309 3264 570 3305 πεντηκοντέρων]
587 3265 736 3305 Behher,;
754 3269 999 3308 πεντηκοντήρων
1014 3269 1094 3299 libri.
1111 3287 1146 3291 -—
1163 3271 1315 3311 Μιθάρου]
1334 3271 1414 3302 Libri
1436 3272 1580 3312 Μιθάρῳ;
1600 3274 1762 3311 legendnm
1780 3276 1915 3313 uffa-tgna
1935 3276 1980 3304 vel
1997 3275 2147 3314 Μιθάρεω.

43 3308 196 3347 3cal1‘9t‘r.
223 3309 437 3349 Diophantum
463 3311 575 3341 ducem
600 3321 661 3342 uon
684 3313 771 3343 novit
789 3314 955 3354 Appianus.
974 3335 1013 3341 —-
1037 3318 1125 3352 πεζὸν
1150 3318 1180 3348 δὲ
1203 3320 1348 3358 στρατὸν,
1374 3318 1454 3358 etc]
1483 3322 1612 3358 140‚000
1638 3321 1776 3360 pedites,
1799 3326 1907 3359 16,()oo
1933 3321 2068 3359 equites,
2089 3331 2146 3351 sec.
