2289 3728
324 164 965 249 HERMIPPUS
1025 165 1900 252 (JALtqtlvtAtllllUS.

102 510 344 555 Hermippus,
382 509 446 554 qui
489 508 535 542 dc
574 507 898 554 legumlatoribus,
939 506 985 541 dc
1023 520 1081 540 sc-

47 573 149 613 ptem
175 566 419 613 sapientibus,
437 566 601 612 vitasque
619 566 931 612 philosophorum
952 564 1082 598 rheto-

47 636 206 671 rumque
227 625 372 670 scripsit
393 622 439 672 (Ἴ
456 652 465 670 ‚
482 623 582 670 apud
601 624 818 658 Athenaeum
847 623 913 666 (fr.
943 621 1002 658 18.
1033 635 1079 656 22

45 696 83 718 a.
116 681 188 729 42)
215 682 424 728 appellatur
451 682 468 717 ὁ
491 679 765 730 Καλλιμάχειος.
789 682 884 715 Hinc
905 680 952 714 (le
980 686 1082 714 aetate

45 741 112 774 viri
142 742 179 774 in
198 741 412 775 uuiversum
439 741 523 774 satis
549 747 705 775 constat.
729 741 821 774 Nam
842 738 1084 774 Callimachus

44 799 119 833 vita
154 798 351 833 defunctus
381 806 433 833 est
466 798 567 833 haud
602 799 650 833 ita
674 799 792 832 multo
826 803 909 844 post
936 797 1083 830 initium

43 858 147 904 regni
168 857 354 892 Ptolemaei
374 858 431 891 ΙΙΙ
450 857 661 903 Euergetae,
688 857 784 891 circa
804 856 862 891 Ol.
886 854 970 892 136.
1007 858 1082 896 240

45 914 110 966 (V.
132 915 284 950 Ritschl.
303 917 414 952 Ahar.
429 914 528 949 Bibl.
548 928 588 961 p.
609 913 691 963 90).
713 913 957 960 Hermippum
972 913 1083 959 igitur

44 980 334 1008 consentaneum
351 981 403 1007 est
421 972 583 1007 floruisse
600 973 668 1007 sub
684 972 891 1006 Ptolemaeis
909 971 964 1004 ΙΙΙ
982 977 1018 1005 et
1034 971 1082 1005 IV

46 1031 114 1078 (--
137 1030 209 1065 205
231 1043 264 1065 a.
297 1029 363 1079 C).
386 1031 458 1065 Sed
487 1031 584 1065 ultra
612 1032 722 1065 etiam
751 1030 863 1064 vitam
894 1028 1083 1064 deduxisse

44 1089 203 1125 videtur.
221 1090 314 1124 Nam
331 1090 368 1123 in
389 1088 588 1123 scribendo
612 1089 733 1123 adhuc
750 1095 836 1134 post
853 1099 990 1122 annum
1008 1086 1080 1120 203

44 1154 268 1194 occupatum
296 1147 401 1182 fuisse
429 1146 637 1194 fragmento
660 1158 707 1191 72
741 1145 877 1194 (modo
905 1152 1005 1180 recte
1035 1144 1083 1179 ad

44 1212 211 1240 nostrum
241 1207 289 1240 H.
321 1204 533 1254 referatur)
570 1205 766 1240 docemur.
800 1204 932 1239 Obitus
964 1203 1082 1249 Chry—

85 1348 126 1385 (*)
140 1348 224 1377 lnter
239 1346 375 1386 reliquos
383 1346 582 1385 Hermippos‚
595 1355 673 1384 quos
688 1345 839 1384 Lozynski
855 1345 876 1375 l.
894 1345 914 1376 l.
930 1346 1080 1380 recenset,

41 1401 104 1423 non
119 1394 166 1423 est
184 1392 236 1431 qui
255 1400 326 1422 cum
341 1394 448 1423 nostro
461 1391 615 1422 confundi
634 1391 730 1430 possit
748 1392 862 1429 praeter
876 1390 1082 1429 Hermippum

43 1439 204 1478 Berytium
215 1463 223 1478 ,
240 1438 279 1469 de
295 1448 359 1478 quo
376 1439 420 1469 ita
433 1438 546 1469 Suidas
563 1450 569 1469 :
584 1439 758 1478 Ἕρμιππος
771 1438 925 1477 Βηρύτιος,
943 1437 1004 1467 ἀπὸ
1017 1437 1081 1466 κώ-

46 1497 104 1525 μης
117 1485 297 1526 μεσογαίου,
314 1486 448 1525 μαθητὴς
465 1485 603 1520 Φίλωνος
616 1488 670 1515 τοῦ
683 1484 824 1522 Βυῧὶίου,
836 1483 883 1523 ὑφ’
894 1483 929 1514 οὗ
943 1483 1082 1523 ᾠκειώΟη

40 1532 182 1572 Ἑρεννίῳ
206 1532 328 1571 Σευήρῳ
348 1532 397 1561 ἐπὶ
421 1531 576 1570 Ἀδριανοῦ
604 1534 657 1562 τοῦ
681 1531 851 1570 βασιλέως·
880 1530 1022 1565 ἔκδουλος
1039 1530 1081 1559 ὢν

41 1580 143 1618 γένος,
166 1578 266 1617 λόγιος
291 1577 406 1618 σφόδρα
428 1578 479 1608 καὶ
506 1577 618 1618 ἔγραψε
638 1578 746 1608 πολλοὶ.
770 1577 857 1608 Idem
878 1589 885 1607 ;
914 1576 1080 1615 Νικάνωρ,

40 1626 173 1664 γεγονὼς
188 1626 236 1656 ἐπὶ
250 1625 402 1665 Ἀδριανοῦ
419 1628 473 1655 τοῦ
487 1625 654 1665 Καίσαρος,
673 1625 722 1655 ὅτε
735 1625 786 1654 καὶ
801 1624 973 1664 Ἕρμιππος
990 1624 1006 1653 ὁ
1021 1625 1082 1659 Βη-

43 1673 152 1712 ρυτιος.
182 1672 357 1703 Herennius
381 1674 517 1702 Severus
531 1672 578 1702 est
601 1673 752 1711 patronus
774 1673 953 1708 Romanus,
978 1679 996 1700 a
1018 1679 1082 1709 quo

40 1719 127 1750 Philo
141 1727 255 1749 nomen
270 1718 418 1749 Herennii
431 1718 608 1757 assumpsit.
624 1718 779 1748 Prellerus
792 1718 823 1748 in
833 1717 946 1749 Jalms
956 1719 988 1748 J.
1001 1719 1079 1747 10111.

42 1768 144 1803 XVlI,
161 1770 191 1804 2,
206 1774 237 1804 p.
258 1768 311 1797 177
328 1767 434 1804 (1836)
455 1765 621 1802 (seductus
638 1764 674 1795 iis
687 1773 757 1803 quae
770 1764 840 1794 sub.
858 1772 890 1794 v.
909 1764 1013 1794 Φίλων
1030 1772 1079 1802 ap.

39 1812 168 1843 suidam
183 1813 349 1851 leguntur)
368 1812 491 1851 putavit
507 1812 669 1843 Philonem
685 1811 831 1850 Byblimn
846 1812 878 1841 et
888 1810 1080 1841 Herennium

40 1862 191 1891 Severum
206 1868 303 1889 unum
318 1868 383 1889 esse
399 1859 609 1897 eundemque.
626 1859 667 1889 At
684 1866 781 1897 quam
796 1857 874 1888 mire
887 1858 957 1887 tum
972 1857 1083 1888 Suidas

40 1914 65 1936 s.
80 1915 112 1938 v.
124 1907 298 1946 Ἕρμιππος
309 1905 437 1936 locutus
448 1906 544 1935 soret!
559 1905 644 1935 Idem
659 1905 814 1935 Prellerus
828 1905 965 1943 utroque
979 1903 1083 1934 Suidae

41 1953 111 1984 loco
125 1962 181 1992 pro
201 1953 248 1982 ἐπὶ
266 1952 418 1992 Ἀδριανοῦ
434 1951 528 1982 scribi
544 1951 645 1981 voluit
659 1951 707 1981 ἐπὶ
725 1952 897 1990 Τραϊανοῦ,
915 1951 950 1980 ut
966 1950 1083 1980 scilicet

41 1999 201 2038 Hermippi
218 2001 262 2030 De
274 1998 372 2037 magis
387 2007 479 2037 opus,
495 1997 580 2037 quod
595 1998 660 2036 Jam
679 1997 797 2028 Plinius
810 1996 928 2033 laudat,
946 1996 985 2026 ad
1003 1998 1082 2026 Her-

42 2046 185 2085 mippum
203 2044 367 2084 Berytium
387 2044 548 2074 transferri
568 2044 682 2082 posset.
699 2044 737 2073 At
753 2042 841 2072 Philo
857 2042 1004 2080 magister
1016 2042 1083 2080 jam

40 2092 162 2132 scripsit
178 2092 252 2132 Περὶ
265 2094 318 2128 τῆς
331 2090 483 2131 Ἀδριανοῦ
499 2090 666 2130 βασιλείας.
682 2089 792 2120 Suidas
805 2097 838 2119 v.
854 2088 970 2119 Φίλων.
986 2088 1083 2126 Igitur

43 2138 100 2169 hoc
113 2146 240 2178 quoque
252 2138 320 2168 loco
332 2135 522 2167 mutandum
535 2137 627 2166 soret.
642 2154 680 2160 -
692 2135 823 2174 Scripsit
835 2135 922 2165 Philo
937 2134 1080 2173 Berytins

41 2185 101 2216 ‘Ov
112 2196 125 2216 ε
137 2197 145 2215 ι
157 2196 172 2226 ρ
183 2195 199 2215 ο
210 2195 255 2224 xp
268 2195 301 2214 ιτ
315 2195 324 2214 ι
336 2183 384 2214 κοί
404 2182 490 2213 libris
518 2183 676 2222 quinque,
706 2184 786 2213 teste
817 2181 1011 2212 Tertulliano
1040 2183 1084 2211 Dc

41 2231 144 2262 anima
164 2240 192 2261 c.
212 2233 263 2269 46,
286 2232 317 2261 et
344 2230 434 2269 Περὶ
460 2229 699 2269 ἑὸδομάδος.
720 2229 867 2259 Clemens
886 2227 935 2258 Al.
965 2228 1082 2257 Strom.

42 2280 96 2317 VI,
120 2287 152 2318 p.
173 2283 227 2310 291
250 2277 336 2316 Syll).
360 2290 367 2307 ε
392 2277 450 2307 Καὶ
475 2276 566 2316 μυρία
584 2279 712 2307 τοιαῦτα
735 2275 869 2314 ἁγιάζων
887 2275 938 2304 τὸν
958 2274 1083 2313 ἀριθμὸν

41 2325 238 2365 παρατίθεται
246 2325 419 2364 Ἕρμιππος
431 2324 446 2353 ὁ
457 2323 601 2363 Βηρύτιος
615 2323 644 2353 ἐν
659 2326 703 2362 τῷ
718 2323 789 2362 Περὶ
804 2321 982 2358 ἑὸδομάδος.
998 2320 1083 2351 ldem

42 2371 186 2402 Clemens
213 2373 244 2409 1,
269 2379 300 2410 p.
321 2373 397 2408 132,
429 2373 461 2400 11
491 2370 578 2408 sylb.
596 2370 689 2400 affert
707 2369 777 2399 hrec
804 2377 812 2398 :
832 2369 869 2399 ‘O
888 2368 919 2398 δὲ
940 2366 1083 2407 Βηρύτιος

41 2417 213 2456 Ἕρμιππος
227 2418 365 2457 Χείρωνα
380 2416 431 2446 τὸν
449 2417 622 2455 Κένταυρον
647 2416 740 2453 σοφὸν
756 2415 854 2445 καλεῖ.
888 2413 1024 2451 (Eadem
1042 2414 1083 2443 le-

42 2465 160 2502 guntur
184 2463 268 2503 apud
296 2462 487 2494 Theodoret.
505 2463 628 2502 Disput.
648 2464 729 2499 Xll,
755 2463 834 2492 tom.
862 2463 923 2499 tv,
954 2468 985 2501 p.
1006 2464 1084 2490 1025)

43 2509 189 2550 Schulz.)
206 2512 298 2541 Hune
318 2510 424 2541 locum
444 2518 516 2539 cum
536 2509 634 2540 schol.
653 2508 693 2539 ad
707 2509 795 2539 Arat.
822 2509 882 2537 436
899 2514 1085 2545 comparans

44 2557 201 2588 Prellerus
211 2557 338 2596 conjicit
347 2557 385 2587 τὰ
396 2556 587 2595 Φαινόμενα,
595 2564 668 2595 qua>
680 2554 850 2594 Hermippo
862 2553 986 2584 cuidam
999 2552 1084 2582 attri-

44 2603 196 2641 buuntur,
207 2603 246 2634 ad
258 2603 463 2643 Hermippum
487 2602 646 2642 Berytium
662 2601 878 2641 pertinerem.
894 2601 1003 2639 fragm.
1017 2600 1083 2638 82).

43 2650 205 2681 Laudatur
218 2649 353 2688 denique
361 2651 399 2680 H.
410 2650 554 2688 Berytius
562 2647 646 2687 apud
657 2647 807 2687 Stephan.
821 2648 894 2686 Byz.
908 2658 915 2676 z
927 2645 1084 2682 ’1)άὸεννα,

43 2696 128 2731 πόλις
143 2696 284 2731 Ἰταλίας.
305 2697 479 2736 Ἕρμιππος
493 2696 509 2725 ὁ
526 2694 669 2734 Βηρύτιος
687 2694 846 2724 Ῥούενναν
869 2693 963 2729 αὐτὴν
982 2692 1081 2722 καλεῖ.

46 2743 151 2781 Etym.
172 2745 212 2773 Μ.
232 2751 263 2782 p.
290 2747 382 2780 283,3
405 2743 437 2772 et
459 2743 595 2772 Zonaras
617 2749 649 2779 p.
672 2743 725 2771 571
751 2739 790 2770 de
813 2738 1035 2778 orthographia
1056 2739 1087 2768 et

45 2789 234 2829 etymologia
262 2788 349 2819 vocis
375 2788 489 2828 δροίτη.
517 2786 660 2818 Eundem
683 2786 818 2825 intellige
845 2794 895 2825 ap.
923 2784 1086 2815 Moeridem

45 2834 180 2866 Atticist.
198 2844 206 2865 :
224 2835 389 2874 Σωδάριον·
401 2835 573 2874 Ἕρμιππος
586 2833 623 2863 τὸ
637 2832 686 2873 ὑφ’
700 2834 786 2872 ὑμῶν
801 2831 972 2872 σουδάριον.
990 2833 1087 2862 Porro

47 2882 86 2913 ad
103 2883 265 2922 Berytium
283 2884 439 2914 Kusterus
453 2883 483 2912 et
502 2880 657 2912 Prellerus
671 2882 756 2911 recte
768 2903 777 2917 ,
791 2880 828 2910 ut
842 2879 980 2916 videtur,
997 2880 1085 2909 retu-

45 2930 149 2961 lerunt
163 2929 323 2969 Hermippi
339 2937 417 2968 opus
432 2928 505 2967 Περὶ
519 2930 579 2957 τῶν
597 2926 826 2966 διαπρεψάντων
841 2926 870 2956 ἐν
885 2926 1007 2964 παιδείᾳ
1021 2924 1086 2956 δού-

46 2977 117 3014 λων,
134 2977 220 3016 quod
242 2976 350 3007 laudat
374 2974 496 3006 Suidas.
521 2983 553 3004 v.
571 2973 700 3013 Ἴστρος,
716 2974 821 3005 collat.
839 2983 871 3004 v.
895 2973 1010 3013 ’Άὸρων
1038 2974 1086 3009 (v.

47 3023 208 3062 Hermippi
228 3022 265 3053 fr.
286 3025 323 3054 73
339 3022 359 3061 ).
376 3021 485 3053 Eidem
502 3021 588 3059 operi
604 3019 833 3051 vindicaverim
847 3029 919 3060 quae
935 3019 1084 3058 leguntur

47 3078 100 3109 ap.
116 3069 246 3101 suidam
260 3081 267 3100 ε
285 3069 449 3109 Παρθένιος
462 3067 661 3107 Ἡρακλείδου
678 3067 729 3096 καὶ
747 3067 900 3106 Εὐδώρας,
913 3065 1088 3105 Ἕρμιππος

48 3116 80 3146 δὲ
94 3116 193 3151 Τήθας
207 3115 293 3155 φησί·
307 3115 440 3150 Νικαεὺς
454 3116 472 3151 ἢ
487 3114 672 3153 Μυρλεανὸς,
688 3113 889 3152 ἐλεγειοποιὸς
906 3113 956 3142 καὶ
972 3112 1088 3151 μέτρων

48 3162 198 3202 διαφόρων
215 3162 351 3198 ποιητής.
376 3161 475 3196 Οὗτος
501 3160 612 3199 ἐλήφθη
639 3160 700 3190 ὑπὸ
719 3160 815 3190 Κίννα
833 3158 1001 3198 λάφυρον...
1023 3158 1089 3188 εἶτα

49 3207 153 3247 ἠφείθη
170 3207 220 3238 διὰ
245 3208 299 3244 τὴν
319 3207 476 3238 παίδευσιν
491 3208 555 3238 κτλ,
582 3224 621 3228 —
641 3205 758 3237 Deinde
779 3205 938 3244 Berytium
958 3204 1090 3235 sortasse

49 3253 204 3283 intellexit
231 3253 341 3284 Suidas
363 3262 393 3284 v.
420 3253 608 3291 Σίὸυλὶα,...
637 3255 676 3287 ὡς
693 3253 883 3292 Ἕρμιππος,
911 3251 1090 3290 Θεοδώρου,

3 3299 6 3300 ’
51 3298 223 3338 Ἐρυθραῖοι.

1144 506 1239 552 sippi
1258 505 1349 553 (2⁰7
1369 519 1401 543 a.
1423 508 1483 554 C.)
1503 518 1727 544 nwiuoratur
1746 511 1790 544 l'r.
1819 510 1879 546 51.
1901 512 1954 544 Dc
1972 509 2088 556 patria
2105 509 2172 542 viri

1144 563 1321 598 disertum
1362 565 1586 610 antiquitatis
1629 568 1871 601 testimonium
1920 580 1995 601 11011
2040 574 2168 603 exstat,

1144 622 1325 668 Lozynski
1348 622 1560 669 (llcrmippi
1582 625 1756 670 Smyrnaei
1787 626 2010 672 peripatetici
2042 625 2165 671 fragm,

1144 680 1264 716 Bonn.
1293 679 1409 727 1832)
1434 680 1663 725 §Vitii-nicam
1685 684 1853 728 appellat.
1874 684 2053 717 Nimirum
2074 682 2170 729 apud

1145 738 1362 772 Athenaeum
1385 737 1449 784 (fr.
1465 742 1510 782 74
1527 734 1535 786 )
1552 739 1724 773 laudatur
1738 737 1937 788 Ἕρμιππος
1951 741 1968 775 ὁ
1983 741 2174 790 Σμυρναῖος

1144 794 1178 829 ἐν
1194 796 1263 835 τοῖς
1278 793 1364 844 Περὶ
1387 792 1633 837 Ἱππώνακτος.
1656 799 1702 831 At
1719 798 1943 843 Smyrnaeum
1969 798 2069 832 hunc
2086 810 2178 832 eun-

1144 854 1227 889 dem
1248 867 1331 889 curn
1360 855 1573 889 Callimachi
1600 855 1781 902 discipulo
1810 868 1882 889 esse
1908 855 2006 889 hand
2037 856 2173 901 liquet,

1145 912 1313 957 quamvis
1334 913 1379 945 sit
1398 911 1609 958 probabile.
1632 914 1811 946 Praeterea
1831 912 1877 946 de
1893 913 1966 946 vita
1984 914 2176 960 Hcrmippi

1145 970 1236 1003 nihil
1253 969 1430 1004 traditum
1451 970 1679 1016 accepimus,
1707 970 1775 1003 nisi
1795 969 1897 1015 quod
1917 971 2177 1016 Peripateticus

1145 1026 1281 1062 dicitur
1300 1040 1361 1074 ap.
1384 1028 1656 1074 Hieronymum
1670 1029 1725 1061 De
1742 1039 1812 1062 scr.
1836 1027 1927 1063 eccl.
1947 1040 1980 1062 c.
2006 1040 2036 1063 1.
2060 1029 2178 1074 Igitur

1144 1092 1278 1131 praeter
1288 1085 1572 1120 Callimacheam
1584 1085 1815 1131 disciplinam
1828 1096 1903 1131 prae
1918 1085 2046 1118 ceteris
2055 1086 2174 1120 studia

1144 1144 1472 1190 Peripateticorum
1487 1144 1644 1178 coluisse
1656 1142 1816 1186 videtur,
1829 1154 1910 1188 quae
1925 1142 1999 1188 ipsa
2011 1154 2182 1189 magnum

1143 1202 1237 1236 illud
1254 1201 1359 1248 quod
1382 1201 1553 1236 condidit
1569 1202 1735 1237 Vitarum
1750 1212 1844 1247 opus
1864 1201 2046 1247 coarguit.
2070 1201 2178 1236 Cete-

1143 1273 1227 1294 rum
1257 1260 1371 1295 verba
1399 1261 1619 1307 Hieronymi
1648 1261 1671 1295 l.
1693 1260 1718 1296 1.
1743 1259 1821 1294 haec
1847 1265 1930 1293 sunt
1954 1271 1962 1292 ε
1992 1260 2174 1301 Hortaris,

1144 1320 1296 1362 Dexter,
1341 1326 1379 1352 ut
1423 1319 1673 1365 Tranquillum
1715 1330 1885 1364 sequens,
1922 1318 2181 1352 ecclesiasticos

1143 1380 1335 1423 scriptores
1352 1380 1387 1410 in
1405 1378 1570 1411 ordinem
1587 1377 1755 1424 digeram
1764 1402 1774 1418 ,
1794 1384 1832 1410 et
1843 1376 1941 1422 quod
1959 1374 2025 1411 ille
2041 1378 2077 1409 in
2092 1388 2182 1410 enu-

1145 1436 1329 1469 merandis
1341 1437 1530 1482 gentilium
1549 1436 1736 1469 literarum
1752 1437 1843 1468 viris
1852 1431 1954 1479 fecit
1968 1432 2175 1477 illustribus,

1145 1493 1187 1526 id
1203 1505 1269 1541 ego
1293 1497 1330 1527 in
1361 1497 1492 1528 nostris
1509 1491 1680 1538 faciam,
1715 1494 1755 1526 id
1784 1500 1851 1534 erl,
1892 1500 1933 1526 ut
1959 1505 1983 1525 α
2011 1495 2182 1539 passione

1146 1550 1283 1586 Christi
1302 1564 1412 1598 [isque
1437 1553 1490 1586 ad
1506 1553 1683 1586 decimum
1704 1558 1871 1598 quartum
1904 1549 2099 1583 Theodosii
2119 1552 2182 1583 im-

1141 1612 1322 1655 peratoris
1347 1622 1484 1644 annum
1515 1622 1639 1644 omnes
1671 1612 1734 1656 qui
1754 1609 1799 1643 de
1817 1610 2014 1654 &criptulis
2044 1611 2181 1641 sanctis

1145 1671 1333 1702 im‘morioe
1355 1669 1500 1714 aliquid
1519 1669 1772 1715 prodiderunt,
1801 1667 1868 1700 tibi
1896 1664 2049 1700 breviter
2063 1678 2181 1712 expo-—

1144 1738 1244 1762 num.
1259 1727 1441 1760 Fecerunt
1449 1727 1596 1772 quidem
1612 1725 1680 1760 lzoc
1689 1725 1791 1772 opud
1804 1725 1952 1759 Groecos
1961 1724 2182 1772 Hermippus

1144 1784 1422 1830 Peripateticu.s·,
1446 1786 1653 1830 Antigonus
1683 1783 1887 1828 Carminis,
1914 1782 2086 1826 Satsmm,
2118 1782 2183 1816 do—

1143 1849 1219 1874 ctas
1238 1845 1310 1883 vir,
1342 1849 1377 1875 et
1394 1843 1500 1889 longe
1515 1845 1675 1876 omnium
1698 1842 1921 1875 doctissimus
1946 1842 2183 1873 Aristoxenus

1145 1902 1314 1941 1n11.viczes;
1335 1901 1438 1946 apud
1456 1901 1606 1934 Latmos
1626 1907 1746 1933 autem
1768 1900 1903 1940 Varro,
1927 1905 1996 1931 etc.

1196 1958 1324 1991 Totius
1344 1957 1466 2004 operis
1484 1958 1611 1991 titulus
1627 1956 1734 1991 fuisse
1755 1956 1903 1990 videtur
1925 1955 1952 1990 B
1966 1953 2018 1989 ίοι
2042 1953 2112 2004 (fr.
2136 1968 2179 1989 12

1145 2014 1191 2049 de
1209 2015 1374 2058 Thalete3
1393 2015 1435 2049 fr.
1452 2027 1497 2058 27
1517 2015 1563 2049 de
1581 2017 1823 2061 Anaxagora3
1843 2013 1888 2049 fr.
1911 2017 1952 2054 41
1976 2012 2021 2047 de
2036 2012 2181 2046 Aristo—

1146 2073 1215 2107 tele
1229 2072 1254 2119 ).
1274 2073 1397 2107 Partes
1410 2072 1566 2117 majores
1587 2072 1768 2106 Prellerus
1788 2070 1844 2117 (in
1862 2070 1984 2104 Jalms
1999 2071 2037 2106 J.
2063 2069 2175 2111 1836,

1146 2138 1234 2166 tom.
1256 2131 1383 2173 XVII,
1403 2143 1442 2173 2,
1464 2143 1502 2176 p.
1537 2129 1606 2176 169
1632 2128 1714 2177 sq.)
1739 2129 1931 2175 distinguit
1954 2135 2025 2162 tres
2054 2140 2061 2161 :
2088 2127 2176 2176 Περὶ

1145 2189 1351 2236 νομοθετῶν,
1374 2186 1462 2237 Περὶ
1492 2188 1559 2223 τῶν
1580 2184 1666 2222 ἑπτὰ
1687 2187 1811 2236 σοφῶν,
1846 2183 1933 2235 Περὶ
1953 2186 2020 2220 τῶν
2039 2185 2071 2220 ἐν
2095 2199 2175 2220 παι-

1146 2244 1218 2296 δεία
1242 2243 1527 2296 διαλαμψοίντων.
1560 2245 1682 2278 Prima
1702 2255 1786 2290 pars
1801 2270 1809 2286 ‚
1832 2256 1912 2290 quae
1933 2243 1976 2277 de
1997 2243 2175 2289 legumla—

1146 2304 1291 2339 toribus
1307 2310 1381 2347 est,
1405 2304 1442 2336 111
1458 2314 1565 2341 causa
1588 2301 1675 2345 fuit,
1692 2313 1758 2336 cur
1784 2300 1979 2346 Hermippi
1996 2299 2177 2346 fragmen-

1146 2363 1189 2396 tis
1209 2362 1331 2396 locum
1354 2362 1390 2394 in
1409 2361 1480 2395 hoc
1502 2360 1690 2394 volumine
1708 2357 2008 2393 concederemus.
2027 2354 2180 2406 εἘρμιπ-

1144 2433 1204 2460 πος
1220 2417 1309 2468 Περὶ
1323 2419 1390 2453 τῶν
1411 2418 1444 2453 ἐν
1462 2415 1599 2467 παιδείᾳ
1618 2413 1886 2465 διαλαμψάντων
1908 2415 2055 2449 nonnisi
2068 2415 2179 2449 semel

1145 2479 1279 2513 citatur
1313 2477 1413 2524 apud
1444 2478 1564 2523 Etym.
1597 2477 1648 2510 M.
1682 2474 1742 2523 (V.
1780 2474 1826 2509 fr.
1857 2486 1902 2518 72
1917 2472 1940 2521 ),
1979 2472 2109 2507 Suidas
2144 2484 2181 2508 v.

1145 2531 1278 2585 Ἴστρος
1298 2535 1423 2570 laudat
1440 2535 1686 2581 Hermippum
1703 2533 1799 2567 libro
1824 2530 1987 2566 secundo
2007 2527 2094 2576 Περὶ
2110 2529 2177 2564 τῶν

1147 2591 1407 2643 διαπρεψάντων
1426 2592 1459 2627 ἐν
1480 2590 1619 2641 παιδείᾳ
1636 2589 1762 2627 δούλων
1784 2588 1840 2638 (ν.
1864 2589 1907 2625 fr.
1931 2588 1977 2633 73
1994 2588 2019 2629 ’1.
2042 2589 2090 2621 At
2107 2586 2181 2622 du-

1145 2652 1250 2686 bium
1278 2652 1340 2685 vix
1364 2658 1417 2686 est
1437 2651 1527 2697 quin
1552 2657 1651 2685 recte
1678 2651 1859 2684 Kusterus
1888 2646 1971 2694 (ed.
1996 2644 2119 2692 Suid.)
2150 2651 2185 2679 et

1146 2710 1328 2744 Prellerus
1357 2710 1381 2745 1.
1414 2709 1439 2743 l.
1462 2707 1680 2743 Suidianum
1703 2707 1811 2740 istum
1836 2705 2084 2750 Hermippum
2105 2715 2180 2736 non

1147 2767 1361 2804 Callimachi
1379 2766 1615 2812 discipulum,
1629 2764 1693 2799 sed
1710 2764 1956 2809 Hermippum
1976 2761 2178 2807 Berytium,

1148 2824 1326 2860 Hadriani
1346 2824 1537 2870 aequalem,
1554 2835 1627 2857 esse
1642 2828 1823 2856 censeant.
1847 2820 1969 2865 Quaeri
1986 2820 2098 2866 igitur
2111 2830 2182 2864 po-

1147 2888 1214 2917 test
1233 2894 1279 2916 an
1300 2894 1378 2916 non
1411 2881 1509 2916 idem
1539 2881 1678 2927 Berytii
1698 2891 1791 2926 opus
1819 2891 1838 2913 e
1859 2878 1965 2911 titulo
1988 2877 2180 2911 decurtato

1147 2941 1257 2975 etiam
1291 2939 1390 2986 apud
1422 2940 1545 2986 Etym.
1576 2939 1628 2973 M.
1666 2939 1690 2974 l.
1719 2938 1744 2971 l.
1782 2937 1973 2983 allegetur,
2004 2935 2054 2968 ita
2076 2940 2116 2967 ut
2137 2933 2182 2967 ab

1147 2998 1372 3045 Etymologo
1405 2997 1532 3031 titulus
1564 2996 1676 3029 totius
1710 2994 1850 3040 operis,
1881 3004 1901 3027 a
1931 2990 2042 3026 Suida
2070 2991 2180 3037 partis

1147 3056 1340 3103 inscriptio
1366 3054 1547 3089 laudetur.
1579 3053 1678 3088 Nihil
1707 3052 1805 3086 enim
1832 3050 1954 3084 verbis
1970 3048 2177 3094 Etymologi

1149 3114 1256 3157 inest,
1278 3113 1382 3159 quod
1399 3118 1506 3159 cogat
1525 3118 1566 3144 ut
1586 3109 1829 3156 antiquiorem
1845 3113 2011 3141 nostrum
2025 3103 2179 3148 scripto„

1148 3183 1227 3206 rem
1242 3172 1499 3218 intelligamus.
1518 3169 1554 3203 Si
1577 3167 1816 3202 nihilominus
1841 3161 2051 3200 Callimachi
2072 3159 2178 3193 disci-

1150 3230 1277 3275 pulum
1310 3228 1408 3275 apud
1437 3229 1557 3273 Etym.
1579 3227 1629 3260 M.
1659 3234 1860 3271 agnoscere
1888 3221 1956 3254 sibi
1985 3219 2050 3252 visi
2075 3222 2177 3258 sunt,

1152 3288 1267 3320 movit
1285 3298 1346 3320 eos
1375 3284 1478 3331 quod
1496 3282 1737 3318 Callimachus
1764 3279 1925 3325 ejusdcm
1947 3276 2042 3309 tituli
2064 3286 2175 3319 opus,

2021 3346 2042 3370 3.
