2338 3765
951 140 1276 177 FRAGMENTA.

64 230 166 265 αὐτοῦ
188 222 222 264 εὖ
252 227 439 264 πείσεσθαι.
476 224 519 262 ‘O
551 225 578 260 δ’
609 223 718 265 ἄλλως
745 224 802 259 οὐκ
832 221 871 258 ἂν
893 221 1001 263 διδοὺς
1023 222 1082 272 (ιι)

64 286 118 322 διὰ
132 285 192 330 τὴν
212 285 409 336 φαυλότητα
434 282 634 332 τάνθρώπου
648 310 657 324 ,
671 278 723 317 ἔπ’
737 278 884 330 εὐγενείᾳ
901 278 990 327 μέγα
1005 293 1087 329 φρο-

63 345 139 388 νῶν,
159 343 250 391 ὅμως
273 341 327 378 διὰ
347 340 407 385 τὴν
427 339 611 388 ὑπόσχεσιν
631 336 748 374 δώσειν
772 335 1007 386 ὡμολόγησεν.
1028 335 1088 377 Ὡς

63 401 97 437 δὲ
123 404 230 437 ταῦτα
252 398 444 442 συνέθεντο,
472 402 588 432 πᾶσαν
617 397 708 445 αὐτῷ
728 397 886 431 κατεῖπεν
917 396 933 429 ὁ
955 392 1089 442 Κέρσης

62 456 123 501 τὴν
144 456 317 501 ἀλήθειαν,
338 455 388 491 ὅτι
418 454 502 491 οἴκοι
524 452 737 493 ἀναπεισθεὶς
757 451 821 487 ὑπὸ
849 450 1011 501 Σπέρμου
1034 449 1088 486 ἐπὶ

63 516 111 565 τῷ
124 513 225 564 γάμῳ
241 516 300 557 τῆς
315 511 441 548 ἐκείνου
456 509 617 559 θυγατρὸς
635 511 765 546 ἀνελεῖν
779 508 833 545 τὸν
851 506 983 559 Ἄρδυν,
1002 506 1086 543 ἕτοι-

64 586 124 618 μος
145 570 179 607 δὲ
198 574 254 606 νῦν
284 564 369 606 εἶναι
390 568 449 613 τὴν
473 569 528 619 (16)
562 566 724 617 Σπέρμου
746 565 897 616 κεφαλὴν
928 564 1090 613 κομίσας,

64 627 119 663 ἐπὶ
137 626 265 669 τούτοις
284 626 345 671 τὴν
364 625 502 676 Ἄρδυος
520 627 630 674 γῆμαι
649 623 832 673 θυγατέρα.
852 622 916 664 ίΩς
936 621 969 658 δὲ
994 636 1089 658 συνε-

64 683 223 720 πένευσεν
242 684 319 732 (17),
337 682 511 718 ἐκέλευσεν
530 681 629 718 αὐτὸν
653 680 901 731 ἀποκείρασθαι
921 679 1004 721 τέως
1027 694 1090 715 κο-

64 742 200 788 μῶντα,
233 739 495 781 κατασκευάσας
526 737 562 775 δὲ
595 737 729 783 ξυλίνην
761 737 912 789 κεφαλὴν
943 737 1090 773 ἐοικυῖαν

62 800 104 848 τῇ
125 799 184 847 (18)
203 796 364 848 Ἄρδυος,
385 797 443 833 καὶ
462 796 522 838 τὰς
543 795 651 844 κόμας
669 797 754 846 αὐτῇ
769 795 1005 846 προσπλάσας,
1023 794 1091 831 ἰἐτο

63 857 109 897 εἰς
125 854 267 893 Λυδίαν.
290 853 507 905 Ἀφικόμενος
527 852 560 889 δὲ
589 855 637 903 τῷ
667 852 820 903 Σπέρμῳ
848 851 1091 902 πυνθανομένῳ

63 911 140 963 περὶ
155 906 201 949 ὧν
218 910 318 948 αὐτὸν
335 910 498 960 ἔπεμψεν,
516 909 579 960 ἔφη
594 924 601 931 ·
620 928 634 941 ι(
652 909 772 947 Πάντα
789 908 1063 959 διαπέπρακται,
1076 925 1090 939 ¹»

63 968 221 1010 καταθεὶς
235 968 396 1019 πρότερον
407 967 468 1012 τὴν
480 966 631 1018 κεφαλὴν
645 968 677 1003 ἐν
690 966 842 1018 οἰκίσκῳ.
860 965 1091 1007 Κελεύσαντος

64 1024 98 1062 δὲ
123 1029 180 1062 τοῦ
210 1024 374 1076 Σπέρμου
397 1023 502 1066 δεῖξαι
524 1023 585 1068 τὴν
606 1022 758 1074 κεφαλὴν
778 1023 819 1069 ἣν
840 1023 1008 1072 ἐκόμισεν,
1028 1022 1090 1072 ἔφη

64 1082 190 1120 ἄτοπον
210 1076 295 1118 εἶναι
314 1082 450 1118 πολλῶν
466 1079 622 1131 ὁρώντων
640 1080 696 1129 (19)
716 1079 903 1126 δεικνύναι,
919 1079 1008 1116 ἀλλὰ
1024 1094 1092 1116 πα-

66 1139 223 1190 ρελθόντα
239 1139 339 1175 αὐτὸν
355 1139 386 1181 ἐς
405 1137 443 1174 τὸ
459 1137 587 1186 οἴκημα
603 1139 777 1174 ἐκέλευσεν
793 1140 873 1189 ὁρᾶν
890 1137 988 1186 μόνον
1004 1136 1091 1186 μετὰ

66 1197 182 1246 μόνου.
206 1196 276 1234 Καὶ
295 1195 329 1238 ὃς
350 1195 510 1241 ἐπείσθη,
532 1194 591 1231 καὶ
610 1196 667 1245 (2ο)
687 1194 854 1238 δείξαντος
872 1196 964 1246 αὐτῷ
980 1195 1093 1245 χαμαὶ

63 1254 239 1303 κειμένην,
255 1253 443 1290 ἐπέκυπτεν
457 1254 502 1295 ὡς
514 1253 725 1301 καταμάθοι·
738 1253 772 1289 ἐν
791 1253 876 1304 τῷδε
893 1252 977 1302 ξίφει
992 1253 1093 1290 αὐτὸν

64 1311 191 1353 παίσας
210 1310 415 1359 κατέὸαλεν,
442 1310 500 1347 καὶ
532 1309 593 1354 τὴν
613 1309 765 1361 κεφαλὴν
786 1310 966 1359 ἀποτεμὼν
987 1310 1094 1354 διεξέ-

63 1384 146 1406 πεσε
168 1368 221 1405 διὰ
238 1371 296 1413 τῆς
313 1367 434 1418 θύρας,
453 1366 510 1403 καὶ
529 1366 592 1410 ἔξω
609 1366 689 1418 πρὸς
703 1367 758 1404 τὸν
775 1366 895 1418 Ἄρδυν
913 1367 1090 1418 ἠπείγετο.

64 1428 110 1464 Οἱ
131 1426 165 1463 δὲ
185 1425 267 1477 πρὸς
280 1426 353 1467 ταῖς
370 1424 485 1476 θύραις
502 1424 608 1462 Λυδοὶ
621 1424 705 1467 τέως
722 1424 794 1474 μὲν,
813 1425 1019 1468 εἰσελθόντος
1035 1428 1093 1462 τοῦ

65 1482 246 1534 Σπέρμου,
267 1481 493 1533 προσέμενον·
523 1483 568 1523 ὡς
588 1480 618 1518 δ’
636 1482 697 1518 οὐκ
717 1481 804 1532 ἐξῄει
824 1483 950 1519 πολλοῦ
970 1482 1093 1533 χρόνου

64 1539 323 1589 διαγενομένου,
344 1538 547 1581 εἰσελθόντες
571 1540 675 1589 ὁρῶσι
694 1539 808 1589 χαμαὶ
837 1539 952 1589 νεκρὸν
977 1539 1094 1588 κείμε-

63 1613 131 1643 νον,
152 1596 305 1648 κεφαλὴν
324 1598 384 1633 οὐκ
404 1596 540 1647 ἔχοντα.
564 1596 705 1638 Γνόντες
726 1596 766 1642 δὴ
786 1596 824 1633 τὸ
846 1596 980 1646 γεγονὸς
1008 1601 1094 1643 2101)-

64 1653 144 1705 χίαν
161 1649 257 1704 ἦγον,
275 1654 506 1705 ἐπιχαίροντες
523 1655 631 1705 αὐτῷ·
650 1648 690 1700 ἦν
705 1653 771 1706 γὰρ
790 1653 829 1699 δὴ
847 1654 1022 1700 κάκιστος,
1035 1654 1093 1691 καί

67 1711 177 1753 ἄλλως
191 1710 426 1761 βασιλεύοντος
440 1712 541 1747 αὐτοῦ
556 1709 738 1761 ηὔχμησεν
752 1714 772 1756 ἡ
785 1714 842 1760 γ’ἧ.
863 1711 1021 1762 Σπέρμος
1035 1712 1091 1762 (21)

66 1768 128 1816 μὲν
149 1767 255 1809 οὕτως
274 1767 489 1813 ἐτελεύτησεν
513 1767 718 1818 βασιλεύσας
738 1768 798 1814 ἔτη
816 1767 896 1805 δύω·
918 1769 952 1804 ἐν
975 1767 1009 1805 δὲ
1027 1774 1094 1810 τοῖς

67 1826 250 1877 βασιλείοις
268 1826 328 1875 (22)
353 1827 411 1862 οὐκ
429 1825 676 1877 ἀναγράφεται.

118 1882 254 1934 Κέρσης
280 1883 314 1919 δὲ
333 1882 464 1932 φεύγων
483 1881 529 1924 εἴς
548 1897 580 1919 τι
599 1884 787 1928 καπηλεῖον
820 1883 971 1934 ἀφίκετο·
993 1883 1093 1932 ἐγκα-

67 1940 205 1990 ταχθεὶς
218 1939 274 1988 δὲ,
291 1939 350 1975 ἅτε
367 1940 556 1990 περιχαρὴς
570 1942 618 1991 τῷ
636 1940 743 1992 ἔργῳ,
763 1941 807 1982 εἰς
822 1940 927 1987 μέθην
942 1939 1094 1990 ὥρμησε,

65 1998 124 2034 καὶ
152 1999 200 2048 τῷ
225 1998 372 2048 καπήλῳ
393 1997 504 2033 πάντα
535 1996 743 2046 διηγήσατο,
771 1997 830 2034 καὶ
849 1996 910 2042 τὴν
939 1997 1091 2047 κεφαλὴν

67 2053 170 2098 ἔδειξε
189 2058 248 2091 τοῦ
269 2055 445 2104 Σπέρμου.
469 2054 512 2092 ‘O
529 2054 563 2091 δὲ
586 2054 825 2106 συμφρονήσας
840 2054 894 2102 ὅτιΓ
909 2056 947 2091 ἐκ
965 2053 1092 2091 τούτων

65 2110 187 2162 Ἄρδυς
217 2111 431 2162 βασιλεύσει,
450 2110 506 2148 τὸν
528 2111 665 2162 Κέρσην
697 2111 844 2159 μεθύσας
871 2113 988 2162 πολλῷ
1016 2112 1093 2163 οἴνῳ

67 2169 276 2218 ἀπέκτεινεν,
293 2170 351 2206 καὶ
366 2170 426 2214 τὴν
444 2169 596 2220 κεφαλὴν
613 2171 715 2207 αὐτοῦ
731 2185 766 2206 τε
782 2169 840 2206 καὶ
854 2173 912 2206 τοῦ
931 2170 1093 2220 Σπέρμου

65 2226 195 2274 λαὸὼν,
212 2229 257 2270 εἷς
275 2227 395 2276 Κύμην
409 2222 490 2273 ἦλθε
505 2227 601 2278 παρὰ
617 2227 677 2277 (23)
697 2227 751 2264 τὸν
767 2227 902 2278 Ἄρδυν.
918 2227 979 2265 Ἔν
997 2243 1093 2279 φρον-

67 2285 133 2321 τίδι
154 2285 180 2321 δ’
197 2287 288 2336 αὐτῷ
302 2284 372 2322 ὄντι
385 2284 463 2336 περὶ
478 2284 605 2321 τούτων
622 2284 730 2328 ἔλεξεν
748 2284 798 2321 ὅτι
818 2285 930 2335 ἀγαθὰ
948 2285 1092 2333 μέγιστα

66 2342 143 2388 ἥκοι
154 2342 315 2391 κομίζων.
329 2342 372 2380 ‘O
389 2342 442 2388 δὲ,
461 2360 475 2374 «
489 2344 590 2388 Πῶς,
608 2341 770 2392 Σπέρμον
789 2344 846 2391 (24)
861 2342 926 2393 ἄρα
941 2341 1094 2388 τεθνηκέ-

67 2415 122 2436 ναι
133 2399 190 2436 καὶ
203 2399 341 2451 Κέρσην
352 2401 412 2437 οὐκ
424 2399 560 2437 ἔσεσθαί
571 2415 627 2446 μοι
639 2399 794 2452 γαμὸρόν
805 2416 813 2446 ;
823 2401 898 2449 ἐμοὶ
907 2399 974 2451 γὰρ
984 2403 1091 2437 ταῦτα

67 2457 212 2507 μέγιστοί
226 2458 331 2494 ἐστιν.
351 2475 366 2489 »
388 2457 620 2509 Ἀποκρίνεται
640 2459 794 2500 Θυεσσὸς
810 2459 866 2508 (25)
883 2487 893 2506 ,
912 2461 1010 2495 τοῦτο
1024 2457 1089 2508 γὰρ

66 2508 107 2559 ἦν
118 2513 223 2562 ὄνομα
238 2516 285 2565 τῷ
299 2514 459 2565 καπήλῳ,
473 2534 487 2547 α
502 2514 604 2552 Ἀλλὰ
612 2519 720 2552 ταῦτα
731 2515 770 2561 δὴ
780 2519 888 2552 ταῦτα
898 2515 1000 2567 φέρω·
1011 2535 1023 2547 »
1036 2515 1094 2552 καὶ

67 2570 139 2619 ἅμα
155 2571 320 2608 δείκνυσιν
336 2572 528 2624 ἀμφοτέρας
546 2572 606 2615 τὰς
619 2573 780 2624 κεφαλάς.
796 2572 839 2611 ‘O
857 2573 892 2609 δὲ
906 2573 1017 2618 ἡσθεὶς
1035 2574 1091 2623 (26)

67 2628 216 2666 ἐκέλευεν
246 2630 350 2666 αἰτεῖν
376 2629 477 2666 αὐτὸν
504 2629 523 2666 ὅ
547 2646 579 2667 τι
600 2629 688 2667 θέλοι
714 2630 788 2667 ἀντὶ
813 2630 952 2668 τούτων.
981 2634 1092 2670 Θυεσ-

72 2684 124 2728 σὸς
151 2685 179 2722 δ’
207 2679 297 2737 εἶπεν
314 2701 322 2709 ·
351 2703 366 2719 ez
397 2685 484 2724 Οὔτι
507 2687 564 2736 (27)
586 2687 623 2724 σὲ
644 2687 719 2724 οὔτε
737 2690 798 2733 τὴν
830 2687 998 2739 θυγατέρα
1018 2687 1094 2725 οὔτε

68 2743 193 2793 χρυσὸν
226 2745 333 2791 αἰτῶ,
364 2743 452 2780 ἀλλά
474 2759 531 2792 μοι
559 2744 596 2781 τὸ
616 2746 800 2790 καπηλεῖον
822 2745 947 2793 τούμὸν
980 2744 1094 2787 ἀτελὲς

68 2799 158 2849 ἔχειν
178 2799 250 2845 δὸς,
272 2799 352 2837 ὅταν
375 2800 533 2850 βασιλεὺς
550 2800 645 2851 γένῃ.
665 2819 678 2834 ²>
701 2802 771 2840 Καὶ
791 2801 824 2844 ὃς
844 2802 967 2839 ἔδωκεν
987 2804 1091 2854 αὐτῷ.

69 2855 138 2893 Καὶ
158 2856 310 2898 Θυεσσὸς
331 2856 393 2893 ἀνὰ
411 2857 531 2908 χρόνον
556 2860 594 2895 ἐκ
615 2862 671 2895 τοῦ
691 2858 898 2905 καπηλεύειν
922 2859 1093 2905 ἐπλούτη-

2097 149 2162 181 381

1149 228 1248 266 ipsum
1264 229 1442 259 contulisset
1472 230 1668 260 lwnriiciuin.
1689 231 1785 270 ‚ardys
1804 231 1858 262 cisi
1875 231 1950 261 alias
1967 230 2028 260 tale
2045 230 2120 269 quid
2136 231 2178 262 ob

1151 288 1286 319 bominis
1312 289 1462 320 vilitatem
1491 291 1552 329 ipse
1575 292 1736 322 nobilitate
1757 301 1814 322 sua
1842 292 2023 331 superbiens
2046 291 2176 322 mininie

1151 350 1310 388 cessisset,
1328 350 1434 381 tamen
1451 352 1491 381 ob
1510 353 1696 391 promissum
1719 353 1795 384 illud
1812 353 1962 384 daturum
1975 362 2008 384 se
2021 353 2177 392 professus

1151 413 1207 442 est.
1224 411 1345 447 Quibus
1358 413 1536 450 compositis
1548 435 1557 450 ,
1572 414 1670 444 totam
1684 423 1747 444 rem
1765 415 1905 453 aperiens
1919 417 2027 446 Cerses
2045 414 2131 445 dorni
2145 424 2178 445 sc

1150 482 1168 504 a
1188 476 1318 512 Spermo
1334 472 1507 503 adductum
1522 484 1587 505 esse
1608 475 1706 514 dixit,
1722 478 1756 506 ut
1773 476 1844 507 filiae
1858 477 1925 515 ejus
1950 477 2074 516 nuptias
2094 477 2179 507 cade

1150 535 1262 574 Ardyis
1279 535 1474 573 mereretur-3
1499 544 1582 565 nnnc
1598 545 1673 566 vero
1696 540 1840 576 paratum
1856 548 1922 569 esse
1946 539 2067 578 Spermi
2084 540 2179 578 caput

1149 597 1316 636 apportare
1336 597 1367 626 et
1384 605 1439 635 pro
1466 596 1512 626 his
1526 597 1637 636 Ardyis
1653 598 1747 628 tiliam
1767 609 1896 631 uxorem
1911 600 2034 631 ducere.
2051 601 2178 633 Collau-

1150 658 1247 688 dante
1270 658 1324 688 illo
1341 657 1523 695 consilium,
1547 658 1639 696 jussit
1661 668 1733 689 eum
1761 668 1883 691 comam
1909 662 2058 701 tondere,
2083 671 2179 701 quam

1151 719 1316 758 hucusque
1330 718 1452 749 aluerat
1463 729 1471 756 ;
1482 727 1519 749 ac
1533 719 1634 758 capite
1647 719 1747 758 ligneo
1761 721 1799 751 ad
1816 722 1926 761 Ardyis
1942 723 2179 754 similitudinem

1151 780 1313 819 confecto,
1337 788 1492 819 comaque
1516 780 1543 811 ei
1561 780 1769 819 agglutinata,
1795 782 1827 812 in
1852 784 1979 822 Lydiam
2006 786 2177 816 contendit.

1155 844 1326 881 Postquam
1340 841 1530 881 advenerat,
1545 844 1676 881 Spermo
1690 843 1729 873 de
1746 852 1778 874 re
1792 845 1938 875 mandata
1956 846 2178 885 interroganti,

1153 918 1167 931 «
1187 905 1311 943 Omnia,
1325 904 1494 944 respondit,
1508 905 1582 935 sunt
1593 906 1730 944 peracta.
1747 918 1762 932 υ
1778 907 1980 945 Caputantea
1992 909 2023 938 in
2034 909 2180 939 cubiculo

1151 966 1287 1007 quodam
1305 967 1504 1006 deposuerat.
1527 967 1619 1003 Quod
1642 976 1742 1006 quum
1762 968 1928 999 ostendere
1948 978 1966 999 a
1986 972 2114 1009 Spermo
2127 971 2181 1010 ju-

1152 1025 1289 1062 beretur,
1307 1033 1370 1055 non
1389 1025 1556 1055 convenire
1574 1024 1632 1055 boc
1645 1025 1726 1056 dixit
1742 1026 1850 1056 multis
1870 1035 1975 1057 coram
1994 1029 2178 1067 spectatori-

1153 1082 1213 1113 bus
1223 1105 1231 1119 ,
1251 1090 1362 1113 verum
1376 1083 1412 1112 ut
1428 1082 1459 1112 in
1474 1081 1657 1112 cubiculum
1671 1082 1828 1121 digressus
1837 1084 1921 1114 solus
1934 1092 2007 1114 cum
2022 1085 2088 1115 solo
2103 1085 2180 1116 illud

1152 1140 1271 1179 spectet
1289 1139 1433 1170 hortatus
1449 1140 1507 1170 est.
1527 1139 1649 1175 Quibus
1672 1142 1821 1178 Spermus
1837 1141 2057 1180 obtemperans
2069 1165 2077 1180 ‚
2093 1151 2182 1173 mon-

1154 1198 1275 1228 strante
1292 1197 1345 1227 illo
1362 1197 1457 1236 caput
1483 1197 1569 1227 humi
1585 1197 1710 1236 Jaeens‚
1732 1206 1850 1236 pronus
1877 1206 1909 1229 se
1938 1198 2120 1238 inclinavit,
2147 1201 2183 1231 ut

1152 1256 1344 1294 agnosceret.
1360 1255 1406 1286 lbi
1420 1256 1529 1297 Cerses
1542 1254 1644 1294 gladio
1660 1264 1733 1285 enm
1744 1255 1856 1286 seriens
1870 1257 2057 1296 prostravit,
2069 1258 2183 1297 capite-

1153 1321 1214 1353 que
1230 1312 1365 1343 abscisso
1379 1320 1433 1351 per
1448 1312 1528 1342 fores
1538 1320 1570 1343 se
1584 1312 1754 1352 proripuit,
1767 1321 1803 1342 ac
1817 1313 1895 1344 urbe
1908 1314 2014 1344 relicta
2025 1314 2063 1344 ad
2079 1315 2183 1354 Ardyn

1153 1370 1343 1410 properavit.
1368 1369 1447 1409 Lydi
1466 1370 1521 1409 qui
1538 1369 1577 1400 ad
1592 1370 1673 1400 fores
1692 1372 1798 1409 erant,
1812 1370 2037 1411 aliquantisper
2055 1372 2183 1412 quidem

1153 1428 1273 1459 exitum
1290 1428 1411 1467 Spermi
1434 1428 1675 1467 exspectabant,
1700 1428 1753 1459 sed
1776 1437 1875 1468 quum
1895 1429 1995 1460 multo
2017 1429 2081 1469 jam
2103 1432 2183 1462 tem-

1153 1495 1228 1526 pore
1252 1486 1454 1526 praeterlapso
1484 1495 1546 1516 non
1572 1486 1671 1517 exiret
1702 1495 1776 1524 rex,
1796 1486 2013 1526 ingrediuntur
2035 1497 2071 1519 ac
2096 1489 2184 1520 lnuni

1153 1544 1312 1583 jacentem
1329 1545 1362 1575 et
1380 1544 1481 1583 capite
1503 1543 1660 1583 privatum
1683 1545 1890 1584 conspiciunt.
1908 1547 2057 1577 Ceterum
2074 1556 2107 1578 re
2129 1556 2183 1578 co-

1153 1601 1237 1641 gnita
1250 1626 1258 1640 ‚
1278 1602 1416 1641 quietem
1440 1601 1574 1640 agebant
1593 1610 1666 1632 casu
1687 1602 1765 1641 regis
1783 1603 1893 1633 laetati.
1913 1605 1991 1634 Nam
2016 1604 2064 1634 vir
2080 1604 2184 1636 fuerat

1156 1659 1424 1699 improbissimuS,
1443 1659 1502 1690 sub
1518 1659 1607 1698 cujus
1632 1668 1726 1698 reguo
1752 1662 1867 1699 pra-ter
1889 1660 1968 1692 alias
1989 1661 2184 1693 calamitates

1153 1717 1246 1748 etiam
1259 1717 1397 1747 siccitate
1409 1718 1493 1747 terra
1507 1716 1714 1747 laboraverat.
1731 1719 1798 1748 Hoc
1813 1718 1905 1756 igitur
1919 1718 2015 1749 modo
2030 1721 2179 1758 Spermus

1154 1774 1253 1805 vitam
1267 1774 1368 1804 finivit
1382 1782 1436 1813 per
1453 1773 1532 1804 dnos
1545 1782 1644 1804 annos
1659 1783 1753 1814 reguo
1773 1775 1900 1814 potitus.
1922 1777 2069 1807 Attamen
2087 1776 2116 1808 in
2135 1786 2182 1808 re-

1154 1832 1211 1871 giis
1227 1831 1392 1862 annalibus
1407 1840 1470 1861 non
1483 1832 1673 1862 recensetur.

1195 1893 1317 1923 Interea
1328 1892 1446 1931 fugiens
1456 1895 1566 1923 Cerses
1580 1892 1610 1923 in
1624 1901 1800 1932 cauponam
1811 1894 1948 1933 aliquam
1961 1894 2056 1934 venit,
2065 1895 2118 1926 ubi
2127 1896 2182 1928 de·

1156 1959 1299 1996 vertens,
1313 1966 1412 1996 quum
1427 1966 1491 1997 prae
1508 1957 1620 1996 gaudio
1637 1957 1680 1988 rei
1696 1960 1830 1997 peractae
1846 1967 1933 1990 mero
1952 1968 1984 1991 se
1997 1960 2181 2000 ingurgitas-

1153 2023 1211 2060 set,
1228 2022 1333 2052 onmia
1349 2022 1483 2062 cauponi
1500 2023 1657 2062 narravit,
1674 2024 1764 2062 eique
1779 2025 1874 2064 caput
1890 2026 2010 2064 Spermi
2026 2029 2182 2059 monstra-

1158 2090 1213 2121 vit.
1235 2090 1291 2121 Ille
1308 2090 1482 2130 intelligens
1504 2090 1569 2129 Jam
1588 2091 1628 2121 ad
1648 2090 1754 2130 Arclyn
1777 2100 1906 2131 regnum
1930 2095 2181 2133 perventurum,

1155 2158 1269 2187 Cersen
1284 2156 1384 2187 multo
1399 2156 1472 2187 vino
1486 2156 1675 2187 inebriatum
1697 2157 1830 2195 occidit,
1845 2159 1876 2188 et
1897 2160 1990 2198 capnt
2009 2159 2075 2198 ejus
2091 2161 2183 2192 sicuti

1154 2223 1275 2262 Spermi
1302 2231 1408 2254 secum
1438 2223 1582 2254 auferens
1600 2225 1717 2254 Cumas
1739 2223 1778 2254 ad
1806 2224 1913 2264 Ardyn
1935 2226 2098 2264 profectus
2122 2229 2181 2258 est.

1154 2294 1255 2328 Quem
1275 2300 1375 2330 quum
1402 2300 1589 2331 magnopere
1611 2292 1815 2323 sollicitatum
1837 2293 2026 2333 offenderet,
2044 2295 2183 2326 maxima

1153 2365 1185 2387 se
1201 2355 1283 2386 bona
1299 2356 1409 2387 afferre
1422 2356 1514 2388 dixit.
1533 2358 1613 2387 Tum
1631 2357 1682 2388 ille
1693 2380 1700 2394 ,
1722 2369 1737 2383 «
1755 2357 1859 2393 Quid?
1873 2358 1935 2397 ait,
1949 2360 2115 2398 Spermum
2130 2368 2181 2390 oc·

1154 2421 1263 2453 cidisse
1276 2422 1307 2453 et
1325 2423 1441 2453 Cersen
1456 2431 1519 2452 nou
1541 2422 1617 2452 mihi
1639 2431 1787 2461 generum
1805 2423 1889 2453 fore?
1910 2424 1989 2454 Nam
2007 2423 2076 2454 haec
2103 2424 2181 2454 mihi

1153 2487 1292 2517 maxima
1304 2488 1388 2518 sunt.
1412 2499 1425 2512 υ
1445 2487 1613 2527 Respondit
1626 2488 1781 2527 Tbyessns
1799 2486 1890 2526 (nam
1904 2488 1964 2518 boc
1979 2488 2111 2528 cauponi
2125 2497 2181 2519 no—

1154 2563 1224 2584 men
1235 2555 1317 2593 erat)
1332 2565 1341 2586 ι
1355 2566 1368 2580 «
1381 2556 1461 2585 Ecce
1470 2578 1478 2592 ‚
1492 2553 1558 2584 baec
1568 2553 1633 2593 ipsa
1646 2554 1769 2593 egotibi
1782 2554 1878 2584 affero
1890 2577 1898 2591 ,
1913 2567 1927 2581 ν
1939 2556 1971 2585 et
1983 2554 2075 2585 simul
2089 2554 2184 2585 ambo

1154 2617 1255 2656 capita
1267 2616 1413 2647 ostendit.
1432 2616 1553 2653 Quibus
1566 2616 1618 2647 ille
1635 2616 1750 2655 gaudio
1769 2617 1931 2647 exsultans
1948 2625 2120 2656 cauponem
2133 2616 2182 2655 ju-

1154 2678 1223 2716 het,
1238 2678 1313 2716 quid
1325 2678 1419 2709 vellet
1432 2687 1488 2717 pro
1502 2678 1548 2709 liis
1562 2678 1618 2708 sibi
1628 2679 1798 2717 expeteret.
1813 2679 1968 2717 Thyessus
1982 2688 2056 2710 vero
2074 2691 2081 2708 z
2100 2691 2113 2705 «
2126 2681 2184 2710 Ne-

1154 2747 1215 2777 que
1232 2738 1327 2769 filiam
1350 2740 1438 2770 tuam
1463 2748 1566 2778 neque
1582 2748 1695 2769 aurum
1718 2748 1757 2769 ex
1773 2740 1805 2770 te
1822 2741 1913 2778 peto,
1933 2739 1986 2770 sed
2006 2748 2184 2779 cauponam

1156 2803 1234 2833 mihi
1251 2811 1269 2833 a
1285 2802 1396 2833 tributi
1410 2803 1557 2841 pensione
1573 2802 1745 2834 immunem
1762 2811 1845 2841 esse,
1862 2803 1989 2842 quando
2001 2811 2056 2834 rex
2070 2803 2182 2841 fueris,

1155 2865 1317 2896 concedas.
1339 2878 1353 2891 »
1377 2865 1476 2904 quue
1495 2865 1596 2904 Ardys
1614 2865 1642 2895 ei
1659 2865 1824 2896 concessit.
1846 2867 1883 2896 Et
1899 2865 2056 2905 Thyessus
2075 2866 2182 2905 postea

69 2979 219 3006 κονοῠσαν
235 2976 344 3007 codex.
358 2994 398 2999 —
413 2982 460 3009 13.
476 2978 588 3018 αὐτὸν]
606 2979 698 3015 αὐτὴν
721 2979 837 3017 codex;
854 2980 981 3010 sortasse
995 2981 1060 3010 erat
1073 2980 1181 3019 Ἀρδύν.
1200 2998 1238 3005 —-
1256 2982 1300 3010 14.
1317 2981 1358 3010 ἂν
1375 2979 1524 3019 διδοὺς]
1540 2980 1673 3015 ἀνδιδοὺς
1691 2980 1761 3011 cod.
1775 2999 1815 3005 —
1832 2984 1878 3011 16.
1894 2980 1969 3020 τήν]
1988 2984 2040 3017 τῆς
2054 2980 2126 3011 cod.
2143 2997 2183 3005 -

73 3025 121 3054 17.
147 3024 426 3054 συνεπένευσεν
450 3024 498 3054 vel
515 3025 735 3065 συνεπῄνεσεν]
753 3027 972 3063 συνεπήνευσεν
991 3026 1060 3056 cod.
1076 3045 1115 3050 -—
1139 3030 1185 3056 18.
1203 3026 1267 3066 τῇ]
1294 3026 1414 3056 ἐοικύαν
1436 3030 1487 3062 τῆς
1508 3026 1579 3057 ¹cod.
1603 3043 1643 3048 -
1673 3030 1717 3058 19.
1741 3026 1936 3066 ὁρώντων]
1954 3028 2030 3066 ὁρῶν
2047 3026 2117 3056 cod.
2141 3042 2182 3047 --

72 3070 121 3097 20.
147 3067 234 3108 καὶ]
255 3069 442 3099 particulam
459 3071 510 3100 καὶ
533 3070 595 3101 huc
615 3071 803 3110 transposui.
833 3073 866 3101 ln
892 3071 1000 3102 codice
1024 3072 1137 3111 legitur
1157 3073 1229 3102 ante
1256 3072 1430 3102 ἐπέκυπτεν.
1459 3073 1577 3103 Deinde
1604 3072 1703 3103 codex
1731 3072 1952 3112 καταμάθοιεν·
1981 3075 2025 3111 τῷ
2050 3072 2081 3102 δὲ
2109 3072 2181 3110 ξίφει

72 3111 261 3150 ριἰνῦεῐη-
283 3118 333 3144 21.
358 3115 515 3156 Σπέρμος]
540 3117 677 3156 Σπέρμης
700 3117 732 3147 h.
756 3117 777 3147 l.
803 3117 913 3148 codex.
939 3120 1040 3157 Supra
1062 3116 1185 3149 duobus
1213 3118 1289 3149 locis
1318 3118 1450 3158 legimus
1472 3118 1614 3148 dativum
1638 3119 1779 3158 Σπέρμῳ.
1803 3136 1843 3140 —-
1868 3122 1917 3149 22.
1950 3118 1980 3148 ἐν
2007 3120 2067 3151 τοῖς
2092 3117 2182 3155 βασι-

73 3157 183 3198 λείοις]
199 3159 220 3190 ἰ.
238 3169 266 3191 e.
284 3160 317 3191 in
333 3161 448 3192 tabulis
463 3162 554 3201 regiis
566 3163 598 3193 in
619 3163 734 3201 palatio
756 3163 936 3202 asservatis,
951 3164 981 3194 ἐν
1000 3164 1146 3203 διφθέραις
1166 3163 1232 3195 sive
1253 3164 1435 3204 ἀναγραφαῖς
1454 3166 1644 3204 βασιλικαῖς,
1661 3164 1706 3194 uti
1726 3173 1756 3195 v.
1774 3173 1800 3194 c⁴
1817 3164 1933 3195 Ctesias
1950 3162 2026 3193 dicit
2042 3171 2091 3201 ap.
2111 3161 2182 3191 Dio-

75 3204 143 3235 dor.
163 3207 210 3244 11,
230 3211 280 3238 22.
306 3209 356 3238 32.
372 3227 411 3233 —
425 3212 475 3239 23.
492 3209 595 3249 παρὰ]
614 3209 655 3240 ita
677 3218 801 3248 marg0;
824 3211 933 3240 textus
947 3210 1031 3250 πρὸς.
1052 3228 1090 3232 —
1108 3213 1158 3241 24.
1182 3214 1268 3249 πῶς,
1294 3211 1389 3251 Σπέρ
1401 3210 1489 3250 μον]
1511 3213 1581 3245 παῖς
1600 3222 1722 3250 περμων
1738 3210 1847 3240 codex.
1864 3229 1903 3236 —
1918 3214 1966 3240 25.
1983 3203 2177 3243 Θυεσσὸς]

77 3250 187 3281 θυὸσου
202 3251 302 3283 codex
320 3252 351 3282 h.
367 3253 388 3284 l.
407 3254 437 3284 et
451 3253 542 3286 infra.
558 3254 689 3286 correxi
703 3263 720 3286 e
734 3255 893 3294 Stephano
908 3257 981 3295 Byz.
997 3256 1075 3287 Vide
1090 3257 1154 3288 not.
1177 3260 1224 3288 28-
1240 3276 1279 3282 —
1293 3261 1342 3288 26.
1360 3257 1511 3297 ἡσθεὶς]
1528 3258 1627 3294 ἡσθεὶς
1652 3256 1719 3287 cod.
1734 3274 1773 3281 —
1790 3259 1838 3286 27.
1866 3253 1951 3293 οὔτι]
1975 3254 2042 3284 οὔτε
2056 3251 2125 3282 cod.
2142 3268 2184 3276 —-
