2338 3765
950 126 1272 166 FRAGMENTA.

40 213 144 252 aitte,
169 210 231 254 qui
245 218 373 240 nomeu
397 208 429 240 ci
447 207 590 240 dedere.
612 206 727 251 Regia
742 217 863 240 eorum
886 208 1003 251 Agru,
1028 215 1063 240 et

38 269 74 302 in
88 269 166 300 sinu
180 266 335 305 Loeuna,
359 265 437 306 vel,
460 271 500 297 ut
512 265 594 306 alii,
613 265 660 297 AE'
663 265 762 299 lana.
784 264 882 297 Nam
895 271 932 297 et
948 267 1061 310 ipsum

39 328 153 358 sinum
173 325 284 357 nostri
312 323 546 355 AElaniticum
573 324 761 367 scripsere,
796 322 860 355 ulii
884 322 1061 356 sElenati-

38 395 133 424 etun,
166 381 412 415 Artemidorus
430 381 659 421 Aleniticuni,
692 380 790 413 Juba
813 381 1062 415 Lanuinis-mn.

40 440 213 475 Circuitus
228 438 380 472 Arabiae
400 449 423 470 a
444 436 609 471 Charace
627 438 770 470 Laeana
790 438 959 483 colligere
977 450 1064 483 pro-

39 498 136 531 ditur
162 496 382 542 quadragies
407 498 536 541 septies
560 502 712 528 centena
746 495 860 528 LAfX
882 495 937 528 M.
968 495 1065 528 Juba

35 555 163 602 paullo
181 556 295 587 minus
309 553 529 599 quadragies
542 554 701 585 centenis
717 552 775 587 M.
794 559 914 598 putat.

520 647 581 683 41.

90 737 228 772 Plinius
249 736 313 779 VI,
335 748 363 770 s.
385 733 445 777 33,
464 747 502 780 p.
524 733 596 775 384
620 744 628 769 ;
648 735 680 767 Α
700 737 782 767 sinu
798 735 997 768 sElauitico
1010 736 1063 768 al-

40 803 94 830 ter
116 797 233 834 sinus,
257 804 360 839 quem
378 791 519 825 Arabes
533 793 647 824 AEant
663 799 797 825 vocant
805 819 811 832 ,
841 794 877 824 in
898 803 968 836 quo
989 791 1065 824 He-

39 865 138 888 roum
157 852 331 898 oppidum
352 857 416 883 est.
436 849 517 883 Fuit
536 856 571 882 et
593 848 774 893 Cambysu
797 851 888 882 inter
903 849 1013 882 Nelos
1033 856 1069 881 et

39 909 278 950 Marchadas,
297 908 457 942 deductis
466 918 508 940 eo
519 909 826 953 cegriseoeercitus.
843 906 937 939 Gens
955 906 1059 950 Tyra,

40 969 193 1001 Daneon
202 973 327 1012 portus
345 977 356 997 .·
371 976 419 998 ex
434 976 502 1010 quo
519 961 767 1008 navigabilem
782 964 921 996 alveum
932 964 1065 1009 perdu-

40 1036 119 1059 cere
140 1027 176 1057 in
202 1023 346 1064 Nilum,
370 1034 442 1067 qua
456 1029 564 1067 parte
581 1021 633 1054 ad
650 1022 760 1054 Delta
776 1021 912 1054 dictum
940 1021 1066 1054 decur-

40 1085 101 1124 rit,
121 1084 290 1126 se.ragies
307 1087 343 1114 et
356 1080 410 1113 bis
422 1086 573 1112 centena
588 1079 682 1113 mill.
691 1090 863 1127 passuum
879 1079 1068 1111 intervallo

42 1139 159 1186 (quod
167 1141 258 1172 inter
261 1138 405 1183 flumen
419 1144 456 1171 et
467 1137 622 1170 Rubrum
638 1148 738 1170 mare
752 1139 896 1169 interest
907 1133 918 1183 >
929 1139 1069 1182 primus

41 1200 200 1232 omnium
219 1196 388 1230 Sesostris
407 1196 559 1240 AEgyptl'
577 1206 644 1227 rex·
662 1196 859 1239 cogitavit:
883 1206 968 1227 moa?
987 1195 1068 1227 Da-

42 1259 116 1289 rius
131 1256 322 1290 Pemarum
340 1266 351 1286 :
369 1253 502 1286 deinde
525 1252 744 1287 Ptolemaeus
761 1263 911 1297 sequens
926 1264 937 1285 :
956 1255 1017 1298 qui
1036 1260 1071 1286 et

42 1314 151 1347 duxit
161 1310 307 1357 fossam
327 1311 516 1344 latitudine
528 1310 666 1356 pedum
695 1317 851 1351 centum,
879 1310 1071 1344 altitudine

42 1371 123 1412 XL,
153 1373 188 1403 in
223 1368 482 1415 longitudinem
511 1367 680 1401 XXVII
713 1366 807 1400 mill.
844 1368 877 1400 D
891 1379 1068 1413 passuum

43 1440 152 1474 usque
180 1428 232 1460 ad
251 1427 384 1460 Fontes
403 1437 559 1460 amaros.
592 1425 698 1459 Ultra
718 1425 895 1458 deterruit
911 1426 1070 1459 inunda—

45 1488 152 1520 tionis
171 1492 301 1525 metus,
325 1483 520 1517 eoecelsiore
548 1483 656 1516 tribus
675 1482 800 1515 cubitis
830 1479 949 1516 Rubro
977 1487 1072 1517 mari

43 1550 238 1590 comperto,
263 1553 370 1588 quam
386 1548 481 1574 terra
498 1542 661 1587 AEg)‘l]tl'.
680 1541 806 1585 Aliqui
823 1552 892 1573 non
912 1552 993 1574 eam
1011 1539 1070 1585 as-

33 1598 167 1645 serunt
177 1612 324 1634 causam
334 1626 342 1641 ,
365 1598 430 1632 sed
443 1610 488 1632 ne
505 1601 662 1632 immisso
678 1601 772 1631 muri
789 1607 1074 1644 corrumperetur

44 1670 140 1704 aqua
154 1659 249 1699 Nili,
271 1670 352 1704 quse
364 1657 442 1690 sola
454 1664 560 1703 potus
571 1653 728 1702 proebet.
746 1654 992 1689 Nihilominus
1006 1659 1074 1690 iter

45 1723 154 1749 totum
173 1716 318 1749 terendo
328 1713 590 1760 frequentatur
607 1726 632 1747 a
652 1717 748 1747 mari
766 1715 958 1760 sEgyyatio,
979 1715 1076 1759 quod

45 1780 97 1806 est
124 1773 261 1819 triplex*
289 1785 300 1805 .·
330 1784 438 1805 unum
470 1784 494 1804 a
516 1772 664 1805 Pelusio
678 1782 751 1816 per
770 1783 922 1813 arenas,
948 1774 984 1804 in
1005 1784 1073 1817 quo

45 1833 118 1863 nisi
136 1831 271 1863 calami
289 1829 404 1875 defixi
421 1836 568 1873 regant,
596 1831 661 1861 viu
679 1840 750 1862 non
772 1831 953 1874 reperitur,
979 1829 1071 1862 sub-

48 1887 131 1921 inde
150 1899 242 1920 aura
261 1889 415 1933 vestigia
434 1889 632 1932 operiente.
653 1886 815 1919 Alterum
834 1897 920 1919 vero
937 1886 1073 1919 (luobus

47 1946 137 1980 mill.
153 1957 326 1991 passuum
345 1946 441 1978 ultra
460 1945 605 1978 Casium
622 1951 795 1984 montem,
817 1944 948 1989 quoda
963 1956 1072 1977 sexa-

44 2006 151 2048 ginta
165 2003 259 2036 mill.
270 2014 446 2049 passuum
464 2002 558 2035 redit
570 2005 606 2035 in
623 2001 854 2035 Pelusiacam
867 2004 981 2038 viam.
1000 2004 1072 2037 Ac-

45 2060 169 2093 colunt
182 2060 323 2093 Arabes
338 2060 455 2093 Autei.
477 2060 634 2092 Tertium
649 2071 673 2091 a
694 2058 832 2092 Gerrho
848 2056 967 2107 (quod
983 2060 1071 2093 Adi—

44 2130 133 2164 pson
159 2117 320 2164 vocant)
336 2130 411 2164 per
429 2118 571 2151 eosdem
599 2117 738 2151 Arabes
756 2120 952 2162 sexaginta
977 2119 1070 2152 mill.

43 2187 214 2222 passuum
233 2179 400 2222 propius,
420 2175 487 2208 sed
505 2187 672 2223 asperum
693 2175 882 2217 montibus,
916 2183 953 2208 et
970 2178 1074 2222 inops

47 2245 236 2279 aquarum.
252 2233 284 2266 E
286 2245 320 2266 (e
336 2236 413 2266 vice
432 2244 555 2266 omnes
571 2234 752 2266 Arsinoen
770 2232 918 2274 (luczon,
945 2234 1074 2266 condi-

49 2297 123 2324 tam
136 2293 264 2324 sororis
277 2293 421 2324 nomine
435 2293 472 2323 in
487 2294 569 2323 sinu
585 2289 814 2332 Charandra,
833 2302 857 2323 a
875 2288 1074 2325 Ptolemoeo

52 2347 298 2394 Philadelpho
316 2351 377 2394 qui
384 2350 527 2394 primus
547 2348 822 2393 Troglodyticen
842 2352 1017 2390 excussit,
1039 2357 1076 2382 et

41 2417 190 2439 amnem
210 2409 272 2451 qui
291 2407 468 2439 Arsinoen
483 2405 665 2452 praefluit,
687 2406 925 2440 Ptolemoewn
945 2408 1073 2453 appel-

50 2463 146 2499 lavit.
164 2464 256 2496 Mox
278 2464 448 2509 oppidum
464 2475 615 2509 parvum
633 2470 685 2496 est
710 2464 892 2505 Aennum,
912 2476 986 2510 pro
1007 2478 1075 2511 quo

48 2521 118 2554 alii
148 2520 371 2555 Philoteram
391 2522 561 2555 scribunt.
584 2521 725 2554 Deinde
743 2529 827 2555 sunt
843 2522 975 2555 Azarei
986 2549 994 2566 ,
1028 2535 1075 2555 ea:

56 2578 353 2624 Troglodytarum
382 2577 585 2620 connubiis,
613 2578 752 2611 Arabes
770 2576 866 2622 feri.
895 2581 916 2612 I
920 2580 1035 2612 nsulce
1061 2593 1072 2613 .-

50 2634 242 2681 Sapirene,
267 2636 417 2681 Scytala
435 2647 446 2668 .·
464 2648 548 2669 mox
564 2636 706 2669 deserta
723 2637 775 2669 acl
792 2636 838 2669 M
830 2636 1071 2681 yoshormon,

50 2690 205 2737 ubisons
224 2694 378 2729 Tadnos.
398 2694 506 2727 [Uons
523 2695 624 2729 AEas.
640 2695 769 2727 Insula
785 2694 812 2727 J
811 2695 917 2727 ambe
925 2706 935 2735 ‚·
950 2703 1076 2741 portus

52 2753 168 2786 multi.
189 2752 379 2793 Berenice,
406 2752 579 2798 oppidum
604 2755 729 2784 matris
751 2751 994 2798 Philadelphi
1012 2765 1074 2787 no-

54 2813 164 2851 mine,
188 2810 241 2842 acl
254 2809 350 2855 quod
365 2812 434 2842 iter
449 2821 472 2842 a
492 2808 603 2855 Copto
618 2809 795 2843 diximus.
815 2809 958 2842 Arabes
970 2810 1078 2843 Antei

52 2875 86 2901 et
108 2868 281 2903 Gebadei.
307 2867 576 2912 Troglodrtice,
604 2879 713 2912 quam
739 2869 852 2912 prisci
879 2866 1071 2909 Mz'clzoen,

45 2925 122 2960 aliz·
149 2925 300 2958 [Midoen
323 2925 460 2959 dixere.
483 2925 591 2957 sslons
609 2924 890 2966 Pentedactylos
917 2936 928 2956 .·
946 2925 1078 2958 insuloe

54 2981 176 3014 Stenoe
202 2982 325 3015 Deiroe
340 2982 496 3027 aliquot,
528 2982 726 3014 Halonnesi
753 2993 823 3014 non
842 2985 1035 3026 pauciores
1063 2995 1071 3016 :

57 3039 294 3081 Cardamine,
328 3040 508 3086 Topazos‚
541 3052 624 3086 quoe
638 3051 794 3085 gemmce
813 3051 942 3072 nomen
961 3041 1075 3077 dedit.

55 3097 162 3130 Sinus
177 3098 303 3130 insulis
318 3095 473 3141 refertus
490 3110 502 3131 :
522 3110 569 3132 ea:
589 3100 630 3131 iis
646 3110 729 3144 quoe
742 3098 873 3131 Mareu
886 3106 1070 3141 vocantur,

56 3167 199 3201 aquosoe
221 3167 232 3187 :
253 3167 337 3200 quae
357 3156 553 3195 Eratonos,
580 3159 753 3189 sitientes.
776 3156 913 3199 Regum
936 3158 962 3188 ii
975 3168 1077 3201 prce—

59 3211 146 3248 secti
167 3211 288 3258 fuere.
332 3215 512 3247 Introrsus
545 3212 575 3247 C
575 3214 685 3246 andei
696 3241 701 3254 ,
740 3225 825 3258 quos
860 3212 1076 3259 Ophiopha-

52 3281 122 3315 rgos
146 3278 297 3311 vocant,
315 3272 537 3316 serpentibus
565 3274 663 3305 vesci
686 3274 834 3311 assueti,
861 3283 975 3316 neque
1000 3273 1079 3305 alia

2073 138 2144 171 477

1122 213 1219 254 regio
1224 208 1390 254 fertilior
1407 223 1541 248 earum.
1561 213 1674 255 suba,
1702 216 1763 259 qui
1783 214 1924 247 videtur
1938 214 2145 260 diligentis-

1121 269 1212 299 sime
1228 275 1438 312 Jnosecutus
1458 268 1557 311 lzoec,
1583 273 1705 304 omisit
1724 274 1761 303 in
1785 270 1852 304 hoc
1872 278 1986 304 tractu
2009 270 2098 317 (nisi
2116 273 2148 304 si

1122 325 1384 368 e-cemplarium
1402 329 1534 359 vitium
1560 326 1634 372 est)
1658 327 1854 360 Berenicen
1871 328 2040 369 alteram,
2065 339 2147 373 quse

1122 380 1353 424 Panclzlysos
1384 387 1637 425 cognominata
1672 392 1725 417 est
1753 397 1763 417 :
1794 392 1830 418 et
1865 387 2024 425 tertiam,
2066 397 2148 430 qua?

1124 437 1307 483 Epidires,
1343 441 1520 485 insignem
1540 442 1626 475 loeo.
1656 443 1719 475 Est
1743 445 1837 476 enim
1853 445 1926 476 sita
1955 445 1991 475 in
2012 445 2147 475 cervice

1125 495 1229 541 longe
1239 504 1479 541 procurrente,
1499 498 1557 529 ubi
1561 496 1696 541 fauces
1710 499 1821 532 Rubri
1834 501 1944 532 maris
1959 499 2042 532 VII
2053 499 2145 532 mill.

1124 553 1159 585 D
1173 564 1345 598 passuum
1362 553 1410 586 ab
1429 554 1569 587 Arabia
1588 555 1736 591 distant.
1754 557 1879 589 Insula
1898 556 1947 589 ibi
1963 556 2073 599 Cytis,
2097 563 2150 589 to-

1118 613 1269 656 pazium
1279 608 1411 654 ferens
1430 618 1465 644 et
1484 614 1573 657 ipsa.

1607 718 1668 754 42.

1178 822 1284 857 Idem
1300 823 1362 865 VI,
1380 835 1408 858 S.
1437 822 1496 865 34,
1518 835 1553 868 p.
1577 822 1648 857 386
1668 836 1675 857 z
1711 826 1835 858 Insula
1849 827 2000 860 Diodori
2017 835 2053 860 et
2064 828 2154 860 alite

1125 880 1279 914 deserta?
1306 893 1317 913 .·
1332 892 1403 926 per
1421 884 1662 914 continentem
1682 894 1821 928 quoque
1842 884 1983 917 deserta
2009 896 2020 916 .·
2048 887 2152 930 oppi-

1125 937 1210 971 dum
1245 939 1364 980 Gaza,
1391 941 1677 984 promontorium
1707 946 1743 971 et
1763 947 1890 984 portus
1918 941 2150 985 illossgslicus,

1126 1007 1195 1041 quo
1224 998 1488 1029 cinnamomum
1524 994 1719 1031 devehitur.
1758 997 1946 1042 Hucusque
1982 998 2153 1031 Sesostris

1127 1057 1319 1087 exercitum
1334 1054 1450 1088 (lzmtit.
1462 1080 1485 1088 ..
1500 1054 1534 1087 A
1550 1053 1749 1097 Illossylico
1761 1057 2003 1099 promontorio
2021 1056 2055 1088 A
2058 1056 2153 1088 tlan-

1127 1113 1235 1145 ticum
1250 1123 1352 1145 mare
1365 1114 1521 1157 incipere
1534 1112 1616 1144 vult
1629 1108 1736 1152 suba,
1755 1119 1893 1157 prietes·
1907 1113 2155 1146 [Mauritaniae

1127 1180 1211 1202 suas
1237 1170 1372 1203 Gadeis
1397 1181 1506 1215 usquc
1533 1169 1780 1215 navigam'lum
1804 1169 1906 1204 Coro.
1940 1170 2051 1213 Cusus
2081 1178 2156 1203 tota

1127 1230 1308 1260 sententia
1338 1226 1406 1260 hoc
1425 1229 1461 1259 in
1484 1227 1559 1260 loco
1582 1225 1831 1259 subtrahenda
1849 1238 1919 1259 non
1939 1234 2000 1261 est.
2022 1228 2056 1261 A
2071 1240 2156 1273 pro-

1129 1287 1305 1319 montorio
1338 1285 1513 1318 Indorum
1524 1310 1534 1325 ‚
1564 1284 1662 1329 quod
1692 1292 1845 1317 vocatur
1863 1285 2078 1331 Lepteacra,
2110 1282 2157 1318 ab

1131 1343 1216 1376 aliis
1238 1343 1463 1388 Drepanum,
1487 1344 1660 1388 proponit
1679 1349 1774 1375 recto
1793 1354 1894 1375 cursu
1920 1350 2060 1388 praeter
2078 1343 2158 1375 Ee-

1130 1407 1261 1442 ustam‚
1276 1401 1328 1433 ad
1342 1399 1496 1433 Malclm
1511 1400 1665 1432 insulam
1677 1400 1883 1445 quindecies
1893 1407 2046 1433 centena
2061 1401 2155 1434 mill.

1126 1470 1298 1504 passuum
1328 1470 1415 1493 esse.
1442 1458 1533 1491 Inde
1552 1457 1604 1490 ad
1621 1458 1751 1499 locum,
1787 1469 1890 1503 quem
1920 1465 2056 1491 vocant
2072 1458 2159 1491 See-

1130 1528 1223 1558 12603,
1246 1516 1276 1551 C
1281 1516 1427 1550 CXXV
1439 1516 1496 1550 M.
1512 1515 1606 1549 Inde
1620 1515 1672 1548 ad
1681 1515 1839 1548 insulam
1854 1515 2001 1557 Adanu,
2018 1523 2156 1549 centum

1130 1577 1392 1621 quinquaginta
1417 1574 1507 1607 mill.
1534 1585 1717 1619 passuum.
1736 1572 1895 1617 Sicfieri
1925 1573 1978 1606 ad
1993 1581 2157 1619 apertum

1132 1644 1233 1666 mare
1255 1633 1374 1666 decies
1390 1634 1500 1665 octies
1515 1638 1667 1664 centena
1687 1631 1844 1663 LXXV
1858 1631 1947 1665 mill.
1965 1642 2154 1676 passuum.

1130 1691 1271 1736 Reliqui
1286 1702 1407 1723 omnes
1423 1696 1577 1735 propter
1589 1689 1672 1721 solis
1688 1688 1853 1721 ardorem
1873 1691 2041 1734 navigari
2052 1700 2159 1734 posse

1131 1760 1200 1781 non
1216 1755 1442 1794 putaverunt.
1468 1747 1564 1791 Quin
1585 1753 1620 1779 et
1638 1748 1852 1780 commercia
1881 1748 1961 1791 ipsa
1982 1743 2160 1789 infestant

1131 1818 1179 1840 ea:
1197 1807 1322 1840 insulis
1341 1803 1480 1839 Arabes
1496 1805 1630 1837 Ascitce
1651 1804 2028 1850 appellati,quoniam
2049 1804 2157 1837 bubu-

1133 1864 1184 1897 los
1203 1871 1297 1897 utros
1314 1863 1415 1896 binos
1437 1869 1632 1895 sternentes
1646 1868 1758 1907 ponte
1769 1864 1970 1907 piraticam
1989 1869 2158 1895 exercent

1130 1924 1272 1967 sagittis
1281 1922 1482 1954 venenatis.
1498 1919 1627 1952 Gentes
1644 1918 1812 1963 Troglod)
1820 1926 1942 1951 tarum
1954 1918 2047 1951 idem
2060 1918 2088 1950 J
2087 1918 2158 1951 uba

1133 1979 1246 2012 tradit
1273 1977 1494 2011 Therothoas
1511 1990 1534 2010 a
1550 1983 1687 2010 venatu
1706 1976 1833 2014 dictos,
1859 1978 1964 2009 miroe
1983 1976 2161 2008 velocita-

1130 2028 1178 2070 'tis
1198 2049 1209 2069 .·
1225 2039 1319 2069 sicut
1337 2034 1651 2081 Ichthyophagos,
1679 2041 1847 2067 natantes
1865 2045 1925 2067 seu
1946 2036 2058 2066 maris
2073 2035 2137 2065 ani
2147 2053 2160 2059 -

1132 2094 1248 2128 malia
1267 2106 1277 2126 .·
1295 2094 1498 2139 Bargenos,
1528 2093 1707 2139 Zageras,
1739 2090 1941 2135 Chalfbas,
1972 2090 2149 2132 Saxinas,

1132 2151 1298 2196 Syrecas,
1326 2151 1526 2192 Daremas,
1560 2150 1796 2183 Domozanes.
1830 2147 1927 2192 Quin
1954 2155 1991 2181 et
2016 2148 2160 2180 accolas

1132 2209 1211 2242 Nili
1227 2221 1251 2241 a
1274 2208 1392 2252 Syene
1410 2219 1480 2241 non
1507 2206 1715 2252 AEthiopum
1728 2206 1883 2252 populos
1904 2205 1970 2238 sed
1994 2202 2158 2238 Arabum

1132 2278 1207 2300 esse
1220 2267 1305 2300 dicit
1316 2277 1422 2311 usque
1433 2265 1597 2298 Meroen.
1614 2264 1709 2297 Solis
1720 2275 1856 2310 quoque.
1866 2263 2046 2309 oppidum,
2065 2263 2162 2308 quod

1132 2335 1202 2357 non
1209 2324 1337 2369 procul
1351 2321 1518 2368 Memphi
1531 2324 1567 2354 in
1581 2323 1731 2367 AEgrpti
1744 2323 1812 2353 situ
1827 2321 1993 2361 (linimus,
2014 2319 2048 2353 A
2053 2320 2161 2353 vabas

1132 2382 1332 2415 conditores
1359 2380 1506 2415 habere.
1534 2379 1628 2413 Sunt
1653 2386 1691 2412 et
1723 2381 1783 2424 qui
1810 2379 2012 2411 ulteriorem
2041 2381 2160 2423 ripam

1134 2437 1336 2484 AEthiopioe
1367 2435 1554 2482 auferant,
1592 2443 1857 2481 annectuntque
1878 2434 2037 2478 Africa25
2059 2438 2161 2481 ripas

1134 2503 1253 2529 autem
1274 2496 1429 2529 incolere
1445 2501 1596 2541 propter
1613 2505 1761 2539 aquam.
1790 2493 1866 2527 Nos
1892 2493 2014 2526 relicto
2033 2495 2162 2537 cuique

1136 2554 1368 2598 intelligendi
1391 2553 1556 2594 arbitrio,
1580 2552 1715 2598 oppida
1738 2563 1806 2597 quo
1823 2550 2014 2584 tradzuztur
2036 2550 2162 2583 ordine

1135 2614 1298 2657 utrinque
1314 2623 1503 2658 ponemus.

1188 2709 1369 2742 Recenset
1398 2707 1538 2740 Plinius
1574 2705 1685 2740 urbes
1715 2706 1753 2739 in
1783 2704 1926 2739 Arabiae
1969 2704 2083 2738 latere
2118 2715 2162 2737 ex

1138 2767 1267 2801 Bione.
1285 2765 1427 2800 Deinde
1446 2764 1567 2812 pergit
1590 2775 1598 2799 t

1186 2869 1284 2903 suba
1299 2870 1435 2902 aliter:
1455 2867 1638 2914 Oppidum
1656 2869 1692 2900 in
1709 2872 1828 2900 monte
1842 2864 2081 2911 Megatichos,
2106 2867 2163 2897 in-

1137 2933 1190 2959 ter
1202 2928 1397 2972 sEgrptum
1415 2933 1450 2959 et
1467 2924 1712 2971 AEthiopiam,
1740 2923 1839 2969 quod
1855 2922 1996 2955 Arabes
2015 2922 2163 2962 Myra-012

1140 2995 1320 3019 vocavere.
1334 2984 1476 3017 Deinde
1489 2984 1720 3029 Tacompson,
1745 2982 1935 3021 Aranium,
1956 2979 2154 3019 Sesanium,

1137 3042 1269 3083 Piden,
1289 3042 1486 3083 Mamuda,
1516 3041 1731 3081 Carambin,
1748 3042 1862 3083 juoeta
1877 3049 1958 3071 eum
1980 3037 2162 3070 bituminis·

1136 3097 1273 3139 fontem
1292 3111 1304 3131 :
1327 3099 1592 3139 Hammodara,
1614 3098 1775 3140 Prosda,
1801 3097 1979 3135 Parenta,
2008 3095 2153 3133 ffiIama,

1144 3157 1309 3195 Tessara,
1333 3157 1469 3198 Gallus,
1490 3157 1612 3198 Zoton,
1640 3156 1883 3194 Graucomen,
1905 3151 1940 3187 E
1943 3163 2072 3187 meum,
2098 3151 2161 3183 Pi-

1138 3215 1294 3256 dibotas,
1330 3215 1798 3253 Hebdomecontacometas,
1825 3209 2014 3244 Nomadas
2039 3211 2075 3240 in
2104 3214 2162 3240 ta-

1140 3269 1340 3305 bernaculis
1361 3274 1542 3306 viventes:
1571 3271 1723 3316 Cysten,
1751 3268 1958 3308 Pcmmam,
1983 3264 2159 3308 Gadaga-
