2289 3728
369 171 1115 261 ASCLEPIADES
1167 171 1877 262 MYRLEANUS.

116 623 214 656 Inter
237 621 434 667 scriptores
462 619 596 665 quibus
612 619 836 665 Asclepiadis
853 630 1008 661 nomen,
1029 631 1088 652 au·

63 679 285 726 tiquissimus
304 685 356 712 est
375 679 625 713 AscmzmnEs
643 677 894 713 'l'nonmstls
906 704 916 722 ‚
944 676 1093 725 Τραγῳ-

61 734 234 784 δουμένων
253 743 385 771 auctor
406 734 557 783 (Steph.
580 736 667 782 Byz.
690 747 727 771 v,
748 732 939 784 Τροίγιλος)
953 761 962 776 ,
985 745 1095 779 quem

62 796 158 829 inter
177 795 347 829 Isocratis
367 794 567 840 discipulos
588 800 780 828 recensent
806 792 1022 827 Plutarchus
1040 792 1095 825 De

60 854 97 888 X
117 859 230 887 oratt.
252 864 292 898 p.
317 850 390 886 838
407 858 442 886 et
459 852 611 886 Photius
626 851 721 885 Bibl.
739 849 825 885 cod.
848 849 937 884 262.
961 865 974 877 «ι
998 848 1096 882 AEtas

60 912 175 959 igitur
188 909 264 956 ejus
277 909 470 944 reserenda
486 910 556 943 erit
571 909 617 943 ad
632 909 779 954 Olymp.
799 911 864 949 104
886 906 1002 953 (364),
1020 918 1094 951 quo

62 977 230 1016 tempore
254 969 350 1002 inter
368 968 468 1001 viros
485 979 609 1001 rerum
630 967 791 1001 civilium
815 964 998 999 studiosos
1021 961 1094 996 flo-

60 1029 135 1064 ruit
154 1026 443 1074 Epaminondas.
473 1041 488 1056 »
519 1027 575 1060 Ita
605 1026 819 1060 WVEnrmzus
842 1022 1096 1071 (Asclepiadis

67 1088 293 1133 Tragilensis
313 1085 617 1131 Tragoclumendn
637 1085 814 1129 reliquise,
837 1083 876 1115 in
893 1084 990 1114 Actis
1007 1080 1092 1114 Plu·-

63 1147 127 1182 lol.
151 1146 302 1179 Monac.
326 1151 417 1177 tom.
439 1144 493 1186 II,
514 1155 553 1188 p.
577 1146 645 1188 !‚91
670 1153 749 1187 sqq.
765 1140 789 1185 ).
809 1139 900 1174 Mihi
921 1139 1025 1173 aliter
1041 1139 1094 1171 vi-

62 1203 184 1238 detur.
213 1203 319 1237 Circa
336 1213 473 1235 annum
501 1200 572 1240 36.ss
595 1200 656 1233 vix
676 1206 781 1233 natus
806 1197 936 1240 fuerit,
956 1196 1095 1230 nedum

61 1259 233 1295 floruerit
261 1258 507 1305 Asclepiades
530 1258 673 1299 Etenim
695 1255 908 1302 junioribus
930 1255 1097 1288 Isocratis

62 1319 251 1366 discipulis
267 1317 536 1353 accensendum
554 1327 627 1350 esse
639 1343 647 1358 ‚
667 1315 760 1349 adeo
776 1321 818 1348 ut
835 1326 910 1359 quo
928 1319 1096 1359 tempore

61 1384 231 1412 mortuus
247 1382 299 1411 est
312 1376 483 1422 magister
501 1374 595 1423 (338
616 1386 650 1409 a.
665 1372 727 1420 C.)
742 1400 751 1415 ‚
769 1373 865 1406 inter
881 1371 1094 1405 vicesimum

62 1442 98 1470 et
111 1436 340 1482 trigesimum
357 1434 469 1467 aetatis
483 1444 620 1467 annum
632 1430 865 1477 Asclepiades
875 1437 1094 1472 versaretur,

62 1493 147 1528 inde
176 1492 216 1527 fit
246 1492 465 1539 probabile,
494 1489 598 1536 quod
628 1490 666 1523 in
691 1489 807 1524 schol.
840 1488 1017 1523 Marciam.
1049 1487 1093 1521 ad

66 1553 194 1599 Eurip.
209 1551 355 1587 Hecub.
380 1563 394 1584 1
415 1554 423 1596 (
441 1549 499 1583 ed.
515 1547 658 1595 Cobet.)
675 1547 847 1582 laudatur
859 1543 1051 1594 Φιλόχορος
1063 1546 1096 1580 ἐν

63 1612 105 1659 τῇ
120 1608 203 1660 πρὸς
219 1606 477 1651 Ἀσκληπιάδην
493 1606 656 1655 ἐπιστολῇ
670 1605 728 1653 [de
740 1605 902 1639 Hecubae
912 1604 1096 1650 parente).

63 1668 308 1703 Philochorus
336 1678 425 1700 vero
451 1672 535 1711 post
563 1676 699 1698 annum
726 1662 799 1696 262
830 1662 867 1695 in
899 1660 1096 1695 scribendo

64 1726 186 1760 adhuc
207 1729 408 1771 occupatus
433 1730 524 1758 erat.
549 1721 659 1756 Unde
683 1720 851 1766 sequitur
871 1718 1008 1752 natales
1031 1720 1096 1753 As·

63 1784 237 1831 clepiadis
250 1795 328 1817 non
346 1781 503 1816 multum
518 1780 617 1814 ultra
637 1790 775 1813 annum
792 1775 864 1810 362
884 1788 991 1822 posse
1007 1789 1097 1822 pro-

63 1842 177 1877 babili
194 1841 310 1876 modo
328 1838 533 1881 removeri,
552 1850 667 1884 quum
682 1836 739 1870 vel
756 1835 806 1869 sic
823 1845 931 1868 senex
948 1833 1097 1867 demum

64 1899 297 1947 Asclepiades
324 1897 539 1933 Philochori
563 1895 708 1941 juvenis
735 1900 940 1927 coaetaneus
972 1892 1094 1926 fuerit.

64 1980 114 1984 —-
135 1955 191 1994 Τὰ
210 1952 498 2006 τραγῳδούμενα,
521 1955 595 1988 sive
624 1964 716 1999 opus
736 1951 782 1985 de
798 1951 980 1996 historiis,
999 1950 1099 1984 unde

63 2017 271 2052 fabularum
304 2015 531 2049 scenicarum
563 2017 780 2058 argumenta
815 2009 945 2055 tragici
980 2015 1099 2055 poetae

62 2076 311 2122 repetierunt,
328 2085 388 2107 sex
407 2070 749 2117 complectebantur
764 2067 898 2111 libros,
915 2073 1004 2101 teste
1018 2068 1096 2101 Ste-

63 2135 189 2180 phano
222 2134 309 2179 Byz.
345 2132 367 2167 l.
399 2131 423 2167 l.
455 2131 676 2177 Fragmenta
707 2127 857 2174 collegit
892 2126 1095 2161 VVerferus.

64 2193 139 2227 Nos
174 2191 303 2226 eadem
339 2200 565 2235 magnopere
603 2193 708 2221 aucta
740 2184 955 2232 appendicis
988 2185 1100 2220 instar

65 2250 287 2297 subjecimus
300 2276 309 2293 ‚
331 2247 434 2294 quod
455 2247 599 2293 antiqui
618 2253 653 2280 et
668 2244 769 2279 docti
788 2250 871 2278 sunt
888 2243 1097 2288 scriptoris,

65 2316 99 2343 et
122 2308 227 2355 quod
252 2307 357 2342 facile
386 2304 467 2340 fieri
492 2311 614 2351 potest
641 2311 682 2337 ut
715 2314 829 2336 unum
859 2301 915 2334 vel
942 2299 1098 2335 alterum

65 2366 267 2413 Tragilensi
301 2377 321 2399 a
349 2363 456 2397 nobis
485 2362 710 2407 adscriptum
740 2359 786 2394 ad
831 2359 940 2392 alium
976 2359 1098 2393 Ascle—

66 2423 215 2471 piadem
235 2422 431 2469 pertineat.

121 2481 278 2527 Propius
298 2479 345 2513 ad
370 2490 438 2512 nos
464 2477 627 2523 pertinet
654 2478 900 2509 AschuAnrs
924 2474 1098 2506 qum—

68 2550 157 2582 Nus,
179 2538 243 2585 qui
265 2539 319 2571 De
335 2536 446 2570 rebus
464 2534 642 2580 Bithyniae
660 2540 696 2567 et
716 2534 771 2567 De
791 2531 992 2566 Turditana
1013 2531 1097 2565 lbe—

69 2598 130 2632 riae
158 2596 310 2642 regione
339 2593 495 2640 scripsit.
521 2591 700 2638 Myrleani
731 2597 853 2624 autem
877 2588 1101 2635 Asclepiadae

70 2656 221 2693 suerunt
241 2654 336 2697 duo,
359 2664 452 2699 quos
470 2650 600 2685 Suidas
625 2650 718 2684 male
738 2647 946 2683 confundit.

122 2712 275 2748 Suidas:
296 2709 328 2745 ’A
341 2706 629 2753 σκληπιάδης,
648 2704 881 2753 Διοτίμου,
906 2703 1102 2754 Μυρλεανός

71 2768 192 2819 (πόλις
209 2768 235 2804 δ’
254 2766 324 2804 ἐστὶ
347 2766 527 2813 Βιθυνίας,
550 2768 570 2810 ἡ
590 2768 648 2801 νῦν
674 2763 844 2811 Ἀπάμεια
866 2760 1100 2811 καλουμένη)-

71 2827 110 2864 τὸ
124 2827 152 2863 δ’
170 2824 296 2861 ἄνωθεν
316 2823 409 2873 γένος
426 2817 466 2868 ἦν
488 2822 653 2868 Νικαεὺς,
667 2818 927 2872 γραμματικὸς,
949 2818 1103 2868 μαθητὴς

74 2881 313 2922 Ἀπολλωνίου.
338 2880 460 2930 Γέγονε
475 2883 504 2916 δ’
519 2880 575 2917 ἐπὶ
590 2883 648 2916 τοῦ
666 2878 828 2916 Ἀττάλου
846 2878 904 2913 καὶ
927 2877 1102 2925 Εὐμένους

73 2944 140 2978 τῶν
155 2942 188 2978 ἐν
203 2939 382 2990 Περγάμῳ
396 2938 577 2989 βασιλέων,
596 2937 756 2987 Ἔγραψε
774 2934 967 2986 φιλοσόφων
987 2934 1103 2983 βιῧλία

75 2997 290 3051 διορθωτικά.
309 2995 542 3047 (Ἔπαίδευσε
566 2996 600 3031 δὲ
621 2995 680 3031 καὶ
703 2997 748 3036 εἷς
764 2993 908 3042 Ἱ)ώμην
926 2993 981 3029 ἐπὶ
1006 2995 1104 3042 Πομ-

75 3057 177 3103 πηίου
205 3059 263 3092 τοῦ
285 3053 478 3104 μεγάλου.]
513 3053 580 3091 Καὶ
603 3055 634 3089 ἐν
658 3050 891 3103 Ἀλεξανδρείᾳ
920 3052 976 3087 ἐπὶ
996 3055 1053 3088 τοῦ
1075 3051 1103 3087 δ’

79 3112 297 3163 Πτολεμαίου
309 3111 377 3154 νέος
389 3111 566 3162 διέτριψεν.
576 3110 735 3161 Ἔγραψε
750 3109 875 3147 πολλά.
889 3111 944 3146 Cf.
962 3111 1103 3147 Eudoc.

79 3189 114 3222 p.
136 3175 199 3215 64.
221 3173 345 3219 Steph.
362 3173 450 3218 -Byz,
472 3184 480 3207 z
506 3169 739 3220 Μύρλεια...
765 3167 809 3205 ‘0
835 3166 974 3210 πολίτης
994 3168 1105 3216 Μυρ-

1156 616 1269 658 καιεὺς
1300 616 1358 652 καὶ
1394 615 1539 657 Νικαεὺς
1568 616 1685 666 διχῶς.
1720 615 1781 658 Ἐξ
1811 618 1914 662 αὐτῆς
1939 616 2100 667 Ἰσίγονος
2130 619 2188 656 καὶ

1156 673 1410 720 Ἀσκληπιάδης
1442 674 1500 711 καὶ
1535 673 1723 724 Παρθένιος
1755 673 1813 709 καὶ
1848 674 2098 726 Ἀπολλόδωρος
2130 677 2188 713 καὶ

1156 731 1365 782 Ἐπιθέρσης
1381 730 1636 782 γραμματικός.
1661 733 1899 780 (Parthenius
1918 747 2069 782 quoque
2089 736 2189 782 apud

1158 791 1309 826 Suidam
1330 791 1467 826 dicitur
1486 788 1671 834 Νικαεὺς-ἢ
1690 790 1923 840 Μυρλεανός.)

1209 849 1341 883 Strabo
1363 849 1440 891 ΙΙΙ,
1461 861 1500 895 p.
1529 847 1596 892 157
1620 860 1628 882 :
1652 845 1907 892 Ἀσκληπιάδης
1927 849 1944 884 ὃ
1965 848 2187 898 Μυρλεανὸς,

1160 903 1246 955 ἀνὴρ
1265 905 1297 940 ἐν
1315 906 1357 953 τῇ
1374 903 1605 955 Τουρδιτανία
1619 903 1806 946 παιδεύσας
1819 904 1861 941 τὰ
1875 905 2116 957 γραμματικά,
2133 907 2190 943 καὶ

1156 961 1360 1013 περιήγησίν
1383 977 1458 998 τινα
1476 964 1542 998 τῶν
1563 963 1665 999 ἐθνῶν
1685 961 1881 1006 ἐκδεδωκὼς
1898 965 1964 1000 τῶν
1984 963 2109 1009 ταύτῃ.

1208 1023 1310 1056 Patet
1326 1021 1425 1068 apud
1445 1021 1596 1056 Suidam
1615 1021 1709 1056 duos
1725 1022 1870 1056 misceri
1886 1022 2068 1067 homines,
2079 1008 2188 1070 ¹quo-

1157 1093 1238 1114 rum
1264 1080 1354 1114 alter
1371 1080 1526 1114 alterum
1544 1080 1668 1114 seculo
1688 1079 1764 1114 fere
1789 1081 1984 1127 superavit.
2002 1082 2110 1115 Prior
2125 1082 2190 1128 ju-

1156 1139 1257 1173 venis
1275 1139 1366 1172 vixit
1385 1138 1616 1173 Alexandriae
1640 1138 1707 1172 sub
1726 1139 1924 1174 Ptolemaeo
1949 1147 2081 1186 quarto
2094 1168 2104 1187 ,
2127 1142 2192 1188 qui

1159 1198 1326 1245 regnavit
1353 1197 1440 1231 inde
1460 1197 1506 1231 ab
1536 1209 1634 1231 anno
1657 1194 1729 1230 205
1759 1208 1794 1232 a.
1816 1197 1855 1232 C.
1890 1196 1973 1244 (Ol.
2007 1198 2100 1243 143,
2126 1199 2190 1246 4).

1158 1256 1286 1290 Paullo
1313 1262 1397 1290 ante
1424 1255 1500 1289 haec
1534 1262 1700 1301 tempora
1735 1255 1938 1300 Apollonio
1967 1256 2193 1302 Asclepiadis

1156 1315 1330 1362 magistro
1346 1313 1621 1348 bibliothecarii
1639 1326 1771 1348 munus
1787 1313 2018 1349 Alexandriae
2036 1314 2188 1350 deman-

1158 1373 1282 1407 datum
1312 1380 1410 1419 erat3
1437 1384 1510 1418 quo
1533 1379 1655 1406 tamen
1675 1384 1897 1419 perpaucos
1918 1379 2058 1406 tantum
2078 1385 2192 1407 annos

1158 1431 1304 1465 functus
1317 1438 1384 1477 est,
1399 1431 1428 1464 si
1443 1430 1592 1476 quidem
1607 1437 1706 1464 recte
1723 1431 1818 1464 circa
1833 1430 1980 1476 Olymp.
2002 1443 2014 1464 1
2025 1429 2071 1473 45
2090 1431 2188 1479 (200)

1158 1489 1255 1523 diem
1283 1489 1413 1523 obiisse
1432 1489 1602 1522 statuitur
1620 1486 1677 1533 (V.
1705 1488 1846 1524 Ritsch.
1868 1487 1938 1524 Die
1955 1489 2065 1523 Aleoe.
2088 1490 2188 1525 Bibl.

1157 1559 1196 1592 p,
1211 1559 1259 1594 90
1275 1544 1298 1594 ).
1314 1547 1433 1593 Igitur
1447 1558 1544 1580 anno
1561 1544 1633 1580 205
1651 1557 1681 1581 a.
1694 1546 1733 1581 C.
1751 1545 1986 1592 Asclepiades
2002 1547 2192 1593 antiquior

1158 1604 1218 1637 ille
1237 1604 1364 1651 viginti
1384 1603 1459 1637 sere
1477 1615 1592 1637 annos
1612 1611 1716 1637 natus
1733 1602 1853 1638 fuerit.
1877 1603 2024 1637 Floruit
2038 1604 2105 1638 sub
2125 1606 2190 1638 At-

1158 1662 1232 1696 talo
1246 1663 1263 1696 Ι
1278 1668 1313 1696 et
1328 1663 1491 1696 Eumene
1507 1663 1562 1706 ΙΙ,
1580 1674 1742 1708 quorum
1760 1662 1820 1695 ille
1835 1673 1949 1707 usque
1966 1661 2014 1696 ad
2027 1673 2086 1698 an.
2107 1674 2190 1708 197,

1159 1720 1217 1753 hic
1229 1719 1275 1753 ad
1288 1732 1346 1756 an.
1370 1732 1381 1752 1
1393 1718 1440 1765 59
1454 1720 1634 1766 regnavit.
1650 1718 1789 1764 Quodsi
1802 1719 1914 1765 igitur
1930 1718 2030 1765 apud
2041 1719 2191 1754 Suidam

1160 1777 1324 1824 legitur:
1350 1774 1681 1825 Ἀπολλόδωρος,
1711 1773 2053 1824 Ἀσκληπιάδου,
2074 1790 2190 1826 γραμ-

1161 1831 1322 1880 ματικός,
1351 1840 1562 1880 temporum
1583 1840 1681 1868 certe
1714 1834 1807 1868 ratio
1834 1833 1925 1867 nihil
1957 1833 2077 1868 obstat
2098 1835 2190 1880 quin

1160 1891 1411 1938 Asclepiades,
1430 1891 1655 1938 Apollodori
1673 1898 1778 1938 pater
1791 1918 1800 1935 ,
1830 1891 1909 1935 (vel
1937 1892 2128 1939 magister,
2150 1899 2192 1927 ut

1160 1950 1331 1984 nonnulli
1370 1950 1484 1984 verba
1522 1949 1675 1997 intelligi
1713 1949 1854 1982 malunt
1866 1948 1896 1996 ‚)
1942 1948 2042 1983 idem
2081 1948 2192 1984 fuerit

1160 2007 1394 2054 Asclepiades
1421 2008 1646 2054 MyrleanuS.
1684 2029 1727 2033 ——
1765 2007 1887 2042 Verba
1914 2004 2122 2042 Ἔπαίδευσε
2154 2006 2188 2043 δὲ

1160 2063 1218 2101 καὶ
1235 2066 1281 2105 εἷς
1295 2063 1437 2113 Ῥώμην
1449 2063 1504 2100 ἐπὶ
1516 2063 1704 2113 Πομπηίου
1718 2065 1882 2099 indicant
1891 2065 2046 2099 alterum
2063 2066 2187 2100 Ascle-

1160 2124 1307 2170 piadem
1323 2123 1530 2169 juniorem,
1544 2124 1591 2158 ad
1608 2122 1709 2168 cujus
1723 2130 1891 2169 tempora
1906 2123 2015 2157 etiam
2033 2135 2189 2169 sequen-

1161 2183 1209 2216 tia
1235 2181 1518 2216 accommodare
1538 2182 1729 2216 Reinesius
1748 2181 1886 2226 voluit,
1906 2179 2102 2214 scribendo
2134 2180 2190 2216 ἐπὶ

1160 2241 1219 2274 τοῦ
1241 2237 1268 2274 0'
1298 2237 1528 2285 Πτολεμαίου.

1213 2299 1293 2332 Jam
1314 2297 1418 2344 quod
1445 2309 1557 2344 opera
1591 2297 1720 2330 attinet
1755 2309 1835 2342 quae
1869 2287 2066 2342 Myrleanis
2093 2297 2191 2332 hisce

1161 2357 1427 2398 attribuuntur,
1466 2356 1586 2389 nullus
1615 2354 1746 2389 dubito
1781 2355 1871 2401 quin
1904 2355 2100 2401 Periegesis
2132 2368 2188 2390 re-

1162 2415 1280 2461 gionis
1300 2414 1510 2448 Turditanae
1531 2412 1578 2447 ad
1599 2412 1765 2458 Pompeji
1791 2412 1967 2458 aequalem
1987 2413 2188 2459 pertineat,

1163 2473 1339 2519 quoniam
1364 2471 1475 2505 Attali
1496 2478 1532 2505 et
1563 2471 1735 2504 Eumenis
1766 2469 1997 2516 temporibus
2023 2470 2190 2505 Graecum

1162 2530 1443 2575 grammaticum
1458 2530 1496 2562 in
1511 2526 1687 2574 Hispania
1704 2528 1866 2561 scholam
1879 2528 2060 2574 aperuisse
2071 2540 2089 2562 a
2101 2541 2189 2563 vero

1162 2588 1372 2623 abhorreat.
1406 2588 1542 2622 Contra
1559 2587 1781 2632 Bithyniacae
1807 2586 1964 2620 historiae
1979 2593 2108 2620 auctor
2127 2588 2189 2633 qui

1162 2647 1206 2680 sit
1220 2676 1229 2691 ‚
1248 2654 1373 2681 utrum
1405 2646 1527 2680 senior
1543 2658 1589 2679 an
1601 2644 1729 2690 junior
1745 2645 1972 2691 MyrleanuS,
1996 2656 2126 2690 parum
2145 2645 2190 2678 li—

1163 2712 1264 2751 quet.
1286 2704 1475 2739 Laudatur
1492 2715 1585 2750 opus
1603 2703 1831 2737 aI‘artbenio
1845 2729 1854 2745 ‚
1872 2702 1934 2748 qui
1948 2701 2106 2747 junioris
2117 2701 2191 2736 sere

1164 2769 1367 2796 coaetaneus
1385 2768 1475 2797 erat.
1496 2781 1547 2786 —-
1559 2757 1616 2796 Τὰ
1632 2759 1731 2809 φιλο
1744 2772 1763 2794 σ
1774 2756 1790 2794 ό
1802 2772 1860 2808 φο)
1872 2772 1887 2792 ν
1908 2755 2010 2807 βιὸλ
2022 2757 2062 2793 ία
2083 2758 2100 2792 δ
2111 2772 2189 2807 ιορ-

1164 2822 1241 2855 Οωτ
1255 2817 1321 2855 ικὰ
1343 2833 1425 2854 (rum
1448 2819 1624 2865 Myrleani
1643 2818 1802 2863 seriptis,
1823 2823 1915 2862 quot
1935 2829 2063 2851 eorum
2084 2818 2190 2850 novi-

1165 2891 1259 2922 mus,
1280 2880 1400 2912 minus
1419 2888 1583 2923 congrua
1613 2887 1686 2910 esse
1704 2875 1898 2917 vi‹lentur;
1923 2886 2037 2921 quare
2057 2886 2190 2908 vereor

1164 2949 1210 2970 ne
1233 2936 1457 2982 Asclepiadis
1475 2933 1684 2981 philosophi
1702 2933 1785 2974 sint,
1801 2945 1836 2966 v.
1857 2945 1888 2965 c.
1910 2932 2053 2966 Phliasii
2076 2932 2187 2973 illius,

1166 2994 1268 3039 cujus
1285 2994 1412 3027 Cicero
1430 2992 1576 3027 Tusrul.
1594 2993 1638 3034 V,
1658 2989 1705 3035 39
1725 2990 1906 3025 meminit.
1937 2989 2092 3035 Reliqua
2111 3001 2191 3035 quw

1166 3051 1264 3097 apud
1281 3057 1420 3084 veteres
1435 3049 1626 3095 Myrlcano
1644 3047 1737 3081 Asel.
1761 3046 1985 3089 tribuuntur,
2007 3058 2188 3093 gramma-

1168 3110 1227 3143 tici
1244 3109 1401 3142 maxime
1415 3105 1621 3154 argumenti
1635 3109 1732 3139 sunt.
1758 3104 1919 3137 Primum
1939 3103 2012 3136 hue
2033 3104 2192 3149 pertinet

1166 3168 1342 3213 scriptum
1362 3165 1394 3201 Π
1407 3178 1421 3199 ε
1433 3163 1469 3214 pl.
1488 3164 1535 3206 τῆ
1545 3178 1558 3202 ς
1579 3162 1610 3198 Ν
1621 3175 1633 3195 ε
1646 3174 1692 3195 στ
1703 3173 1719 3194 0
1729 3174 1746 3208 ρ
1759 3158 1768 3194 ί
1781 3159 1823 3194 δο
1834 3175 1848 3200 ς
1864 3161 1937 3194 sive
1958 3161 2014 3194 De
2030 3161 2193 3195 Nestoris

78 3230 214 3276 λεανὸς,
235 3231 278 3271 ὡς
305 3226 556 3273 Ἀσκληπιάδης
576 3229 592 3263 ὅ
625 3225 819 3276 Μυρλεανὸς
856 3225 1102 3274 ἀναγράφεται,
1135 3234 1141 3271 t
1159 3226 1294 3271 poculo
1312 3225 1501 3257 Homerico
1520 3220 1583 3269 (ll.
1601 3220 1654 3254 XI
1668 3246 1676 3261 ,
1700 3218 1791 3264 (532)
1806 3245 1814 3259 ‚
1837 3218 1939 3263 quod
1956 3230 2059 3263 paene
2074 3225 2189 3252 totum

83 3291 182 3326 ldem
224 3302 230 3324 :

277 3288 302 3324 Ν
318 3286 458 3334 ίκαια,
494 3285 588 3326 πόλις
615 3283 812 3324 Βιθυνίας...
837 3285 852 3318 ὅ
880 3282 1019 3326 πολίτης
1043 3284 1104 3317 N‘z-
1136 3281 1140 3313 l
1169 3281 1396 3327 exscripsisse
1415 3279 1558 3313 videtui·
1577 3277 1766 3311 Athona-us
1780 3288 1816 3321 p.
1842 3280 1922 3319 ἰχ-7,
1941 3277 1985 3314 l'›;
2006 3275 2189 3321 !.88-!,3‚l‚;
