2338 3765
724 140 919 179 CAEClLll
949 140 1214 178 CALACTlul
1245 142 1416 180 FRAGM
1426 143 1566 181 ENTA.

85 230 146 276 57.
170 231 345 266 Nonnulli
369 228 615 276 (Hermippus
631 229 798 273 Berytius
813 228 846 262 ἐν
866 227 915 276 τῷ
937 225 1023 276 Περὶ
1044 228 1111 262 τῶν

84 286 344 338 διαπρεψοίντων
360 288 392 323 ἐν
404 285 541 335 παιδείᾳ
557 283 683 320 δούλων
694 286 724 332 i‘)
744 298 763 320 e
774 286 884 320 servis
898 292 1022 319 natum
1039 297 1111 319 esse

83 346 330 381 tradiderunt.
359 345 470 390 Quod
497 345 525 378 si
550 356 679 377 verum
707 350 775 386 est,
806 342 962 387 majores
990 341 1065 386 ejus
1095 354 1112 376 e

83 405 186 450 Syria
202 403 351 438 oriundi
364 403 511 437 suerint.
529 403 682 448 Magnus
694 402 778 435 hinc
794 401 939 435 venitin
951 401 1111 434 Siciliam

82 473 274 495 servorum
295 471 488 501 numerus,
511 458 604 493 adeo
621 465 660 492 ut
677 458 898 491 rebellantes
915 457 982 491 sub
1005 459 1110 491 Euno

84 520 179 553 duce
206 521 385 565 Syrorum
405 529 542 551 nomen
570 516 840 561 assumpserint.
869 516 1001 549 (laecilii
1022 528 1110 549 vcro

81 585 223 623 patrem
235 589 254 611 e
266 577 367 623 Syria
376 575 545 609 Judaeum
558 573 664 607 fuisse
675 580 834 619 arguunt
844 572 1016 608 Suidiana
1029 573 1107 607 illa:

81 633 155 678 Τὴν
171 633 268 676 δόξαν
282 633 458 673 Ἰουδαῖος.
479 631 722 667 Addubitavit
736 631 808 665 hoc
826 632 901 677 ipse
913 630 1043 671 Suidas
1053 631 1111 665 vel

80 693 204 739 potins
219 693 247 726 is
261 692 323 737 qui
342 690 461 725 verbis
476 689 597 725 Suidae
617 689 787 734 appinxit
804 689 961 735 glossam
981 688 1082 721 illam
1100 699 1108 721 t

82 751 164 791 Πῶς
190 747 224 785 δὲ
244 748 405 789 Ἰουδαῖος
432 750 540 783 ταῦτα
569 745 747 793 θαυμάζω.
776 748 944 792 Itemque
963 746 1112 780 Vossius

84 808 93 858 (
110 810 155 843 H.
173 809 238 844 Gr.
257 821 294 854 p.
316 806 410 853 223)
427 813 462 840 et
477 805 664 851 Toupius(
681 804 739 840 ad.
762 804 922 851 Longin.
940 805 974 848 Ι,
992 816 1111 838 assen-

81 864 443 910 tienteBernhardyo
453 863 499 897 ad
507 860 715 910 Suid.),qui
728 874 811 896 cum
823 862 972 896 rhetore
983 869 1111 896 nostro

81 923 260 958 confundi
276 923 508 969 suspicantur
526 921 571 965 Q.
592 921 782 955 Coecilium
799 920 970 965 Nigrum,
989 920 1119 954 Verris*

79 982 119 1015 in
137 981 259 1016 Sicilia
278 986 517 1026 quaestorem‚
536 978 582 1012 de
597 990 672 1024 quo
688 978 817 1012 Cicero
834 984 965 1010 notum
985 977 1079 1012 illud
1101 989 1109 1011 ε

83 1040 184 1084 Quid
196 1039 327 1073 Jmloeo
342 1050 419 1071 cum
438 1038 549 1071 Verre
563 1035 572 1085 (
585 1036 632 1071 cf.
649 1036 837 1071 Plutarch.
858 1035 988 1070 Cicero
1002 1048 1034 1071 e.
1053 1036 1109 1082 7).

83 1099 220 1133 Contra
234 1097 452 1143 Kriigerus(
472 1095 553 1131 leb.
574 1095 639 1128 des
664 1093 824 1139 leucyd.
844 1105 882 1139 p.
905 1093 951 1134 34
967 1101 1044 1128 not.
1070 1106 1083 1127 1
1102 1098 1110 1138 )

79 1155 253 1190 idoneam
290 1155 377 1188 huic
408 1153 595 1188 sententiae
632 1164 777 1186 causam
807 1151 952 1185 subesse
987 1159 1110 1199 negat:

79 1214 169 1247 Mihi
186 1224 337 1259 quoque
357 1224 438 1258 quae
459 1211 505 1245 de
524 1209 655 1244 Judaeo
671 1209 816 1244 Caecilio
836 1208 1050 1253 traduntur,
1068 1222 1113 1244 ex

80 1271 212 1306 eodem
253 1271 354 1305 fonte
394 1268 539 1303 fluxisse
578 1267 753 1302 videntur
790 1279 835 1301 ex
874 1279 948 1313 quo
984 1269 1113 1303 servile

79 1341 193 1376 genus
213 1328 375 1373 ejusdem
399 1333 640 1361 memoratur.
663 1327 708 1359 Et
726 1326 754 1360 si
782 1325 853 1359 hoc
873 1327 1110 1370 concesseris,

81 1386 172 1419 nihil
186 1385 280 1420 adeo
297 1392 366 1428 est,
382 1397 449 1418 cur
463 1384 619 1418 alterum
639 1395 862 1420 recusemus,
883 1405 933 1408 —
953 1384 1112 1428 Quando

81 1450 187 1477 natus
230 1443 395 1478 Caecilius
434 1443 478 1476 sit
494 1468 503 1485 ‚
542 1448 717 1489 exputare
754 1454 832 1475 non
871 1441 969 1475 licet.
1016 1443 1112 1476 For-

85 1508 173 1535 tasse
186 1501 364 1547 puerulus
384 1513 403 1534 a
424 1500 570 1535 Caecilio
587 1500 737 1534 Metello
750 1526 759 1544 ,
780 1500 844 1545 qui
863 1506 1003 1546 praetor
1021 1500 1114 1534 Sici-

84 1559 140 1592 liae
162 1558 231 1593 fuit
258 1571 355 1592 anno
386 1557 433 1592 68
457 1570 489 1594 a.
520 1558 581 1601 C.,
612 1558 650 1591 in
678 1558 821 1592 Italiam
855 1557 1110 1601 transductus,

80 1616 208 1663 ibique
236 1629 257 1651 a
279 1617 436 1663 posteris
454 1616 595 1650 Metelli
619 1615 755 1650 deinde
774 1617 1016 1650 manumissus
1044 1624 1110 1652 est.

81 1675 226 1709 Floruit
241 1687 314 1710 una
334 1687 418 1710 cum
442 1674 622 1721 Dionysio
642 1673 958 1710 Halicarnassense
972 1702 981 1719 ,
1004 1675 1114 1711 fami-

83 1734 163 1768 liari
190 1746 256 1767 suo
280 1731 374 1779 (ἐμοὶ
394 1730 453 1767 καὶ
482 1733 530 1781 τῷ
560 1730 714 1782 φιλτάτῳ
737 1732 932 1783 Καικιλίῳ,
954 1735 1110 1780 Dionys.

83 1791 150 1836 Ep.
171 1790 219 1824 ad
239 1790 306 1826 Cn.
336 1791 465 1836 Pomp.
495 1802 528 1826 c,
553 1789 595 1832 3,
617 1802 654 1836 p.
678 1802 747 1834 771
771 1791 816 1827 R.
832 1788 841 1838 )
857 1817 865 1833 ‚
886 1803 962 1836 quo
985 1792 1113 1836 paullo

81 1848 262 1895 grandior
292 1855 379 1882 natu
400 1848 510 1882 fuerit
525 1873 536 1890 ‚
560 1847 627 1881 sub
649 1850 814 1894 Augusto
844 1849 962 1894 (eirca
992 1848 1039 1883 28
1056 1869 1075 1875 -
1096 1863 1109 1884 1

82 1918 114 1941 a.
138 1906 179 1942 C.
198 1905 223 1952 ).
247 1905 358 1951 Quod
378 1905 477 1952 apud
498 1905 647 1940 Suidam
671 1906 817 1953 legitur,
837 1904 897 1946 ἕως
917 1905 1091 1955 Ἀδριανοῦ
1104 1936 1112 1952 ,

83 1965 202 1998 errori
227 1964 355 1999 deberi
382 1965 420 1998 in
439 1965 565 2011 aprico
587 1971 641 1998 est
658 1965 861 2010 saepiusque
886 1974 1114 2000 monuerunt

83 2023 151 2056 viri
163 2022 275 2058 docti.
296 2023 441 2069 Toupio
462 2022 487 2058 l.
505 2023 531 2059 l.
549 2022 678 2056 suidas
696 2022 789 2057 duos
806 2023 980 2067 Caecilios,
998 2036 1113 2058 unum

82 2080 147 2113 sub
163 2081 339 2127 Augusto,
354 2081 510 2115 alterum
524 2079 590 2114 snb
609 2079 800 2114 Hadriano
820 2081 1005 2115 viventem
1023 2094 1108 2116 con-

82 2137 216 2172 fudisse
236 2137 392 2172 videtur.
415 2137 694 2183 Bernhardyus‚
718 2154 733 2167 «
757 2139 799 2172 In
827 2139 1007 2173 memoria
1034 2141 1113 2174 Ha-

82 2194 222 2238 driani,
240 2195 379 2241 inquit,
399 2194 500 2239 eujus
520 2195 749 2240 temporibus
766 2195 951 2230 Caecilium
970 2197 1112 2231 nullum

83 2252 206 2286 videas
229 2252 407 2295 adscribi,
438 2253 634 2296 haeremus,
656 2253 834 2299 istamque
864 2255 1113 2290 narrationem

83 2322 159 2343 non
179 2311 293 2357 magis
313 2311 493 2357 integram
514 2322 625 2356 quam
651 2311 882 2346 emendatam
903 2324 976 2347 esse
993 2314 1113 2360 suspi-

84 2379 222 2402 camur.
242 2369 424 2402 Nimirum
441 2369 549 2402 etiam
566 2369 740 2404 continua
757 2367 857 2405 Κατὰ
870 2370 1032 2418 Φρυγῶν,
1050 2385 1114 2405 cu-

80 2419 242 2464 jusmodi
262 2421 365 2454 loeus
385 2420 431 2454 ab
453 2427 669 2467 argumento
692 2422 880 2456 rhetorico
902 2423 971 2456 fuit
989 2423 1113 2469 sejun-

85 2479 278 2521 ctissimus,
312 2479 432 2513 labem
465 2486 619 2525 apparet
641 2480 805 2514 traxisse.
838 2496 851 2509 n
891 2481 981 2515 Mihi
1015 2490 1114 2517 recte

84 2536 248 2582 Toupius
262 2536 457 2581 conjecisse
474 2537 636 2573 videtur.
656 2539 818 2581 Etenim,
835 2540 873 2572 ni
888 2539 1009 2583 fallor,
1031 2541 1113 2575 Sui-

85 2592 148 2626 das
167 2594 225 2627 vel
249 2600 380 2627 auctor
400 2593 475 2639 ejus
507 2606 591 2628 cum
616 2602 744 2629 nostro
773 2597 919 2631 Caecilio
946 2598 1115 2633 confudit

83 2650 233 2684 Sextum
258 2651 449 2686 Caecilium
470 2650 533 2698 (Ἴ,
558 2652 661 2697 cnjus
690 2653 736 2687 de
757 2653 955 2689 duodecim
984 2656 1116 2691 tabulis

127 2786 171 2823 (*)
198 2785 284 2816 Alter
307 2786 460 2817 Coecilizcs
486 2788 533 2817 est
559 2788 720 2826 Epirota,
742 2788 835 2819 Siculi
859 2791 955 2820 nostri
972 2792 1112 2830 aequalis.

87 2831 256 2862 Suetonius
272 2834 316 2862 De
329 2832 441 2863 illustr.
463 2841 593 2871 gramm.
613 2842 640 2864 c.
660 2838 695 2864 16
712 2846 719 2864 :
740 2837 774 2870 Q.
797 2837 952 2867 Coecz'lius
971 2840 1115 2877 Epirota

93 2878 225 2908 Tusculi
241 2880 356 2913 natus,
372 2878 514 2910 libertus
525 2881 627 2910 Attice·
641 2882 748 2910 Salrii
763 2884 887 2920 equilis
906 2885 1057 2921 Romani,
1070 2885 1117 2916 (cd

86 2932 184 2962 quem
198 2927 281 2955 sunt
300 2926 466 2955 Ciceronis
481 2926 646 2965 epistolia
664 2927 890 2966 quumfile'am
901 2932 1039 2967 patroni
1053 2940 1115 2962 mt-

85 2972 180 3008 ptam
194 2972 239 3001 M.
255 2973 411 3010 Aqrzssppae
428 2972 576 3006 doceret,
592 2976 765 3011 suspectus
781 2976 816 3004 in-
833 2983 871 3004 ea
888 2978 920 3005 el
933 2976 975 3006 ab
990 2976 1049 3008 hoc
1062 2987 1115 3008 rc-

87 3018 197 3047 motus
215 3017 262 3048 ad
282 3019 476 3049 Cornelium
495 3019 629 3049 Gallum
646 3028 680 3050 sc
695 3021 858 3055 contulit,
876 3023 1028 3062 vixitque
1043 3032 1115 3055 una

79 3062 375 3102 familiarissima
388 3064 547 3104 quodipsi
559 3065 653 3096 Gallo
661 3067 749 3096 inter
759 3069 962 3104 qram'ssima
970 3065 1115 3100 crimina

87 3107 129 3137 ab
146 3110 295 3147 Auyusto
311 3110 480 3148 objicitur.
501 3113 579 3142 Post
604 3111 724 3142 deinde
750 3112 1006 3144 (lanmaiionem
1026 3123 1115 3145 mor·

92 3154 220 3192 temque
240 3156 331 3186 Galli
345 3156 495 3187 scholam
510 3159 648 3196 aperuit
657 3169 667 3195 ‚·
680 3157 738 3188 scd
750 3160 798 3188 ica
815 3161 851 3189 ut
863 3161 983 3198 paucis
997 3164 1028 3191 ec
1043 3163 1114 3192 tan-

93 3200 163 3229 tum
177 3199 442 3233 adolescentibus
451 3205 661 3243 priempere&
675 3207 879 3243 praetextato
894 3208 1033 3239 nemini,
1049 3210 1114 3238 nisi

90 3247 117 3273 ,η’
134 3246 228 3283 cujus
243 3249 379 3284 parenti
397 3248 456 3279 lioc
472 3249 623 3288 officium
644 3259 767 3288 ueqare
784 3259 847 3281 non
867 3255 1031 3291 posset.-
1048 3256 1115 3285 Cer-

88 3290 184 3321 cilius
208 3294 369 3330 firmetis,
394 3296 502 3333 poeta,
519 3296 691 3327 Halieutica
707 3296 755 3335 [et
777 3298 947 3338 I‘eriegesin
962 3300 1091 3330 Greeciae
1106 3301 1113 3339 j

2128 152 2193 184 331

1173 240 1256 261 cum
1271 229 1455 264 Favorino
1474 231 1700 277 philosopho
1722 230 2004 277 disputationem
2027 233 2133 267 affert
2153 237 2197 271 A.

1173 284 1310 318 Gellius
1331 287 1402 319 XX
1414 313 1422 328 ,
1448 300 1459 319 1
1484 299 1491 323 :
1511 289 1643 322 ,Sextus
1660 290 1828 323 Caecilius
1848 293 1885 323 in
1900 290 2094 337 disciplina
2105 295 2202 336 juris

1172 348 1281 387 atque
1313 343 1449 387 legibus
1468 346 1594 390 populi
1625 347 1780 380 Romani
1809 348 1998 382 noscendis
2027 352 2201 397 iuterpre-

1173 400 1379 445 tatzdisqtoe,
1392 404 1560 444 scientia,
1582 416 1645 437 usu
1660 408 1945 451 aiictm·ilateqioe
1965 408 2095 441 illustri
2109 407 2200 452 fitil-

1173 458 1238 490 Ad
1251 470 1330 491 eum
1337 456 1442 501 fimo
1453 463 1490 492 in
1507 472 1596 494 area
1609 463 1796 503 Palatina,
1821 477 1928 509 quum
1944 467 2201 502 salutationem

1175 516 1332 550 Cwsczris
1356 516 1425 562 (sc,
1449 517 1648 565 Hadriani)
1679 525 1934 565 opperirentur,
1962 523 2203 570 philosophus*

1176 575 1373 608 Favorinus
1391 578 1558 617 accessit,
1583 583 1652 611 cte.
1676 578 1844 612 Ceterum
1866 580 1929 613 iste
1955 580 2001 614 de
2021 583 2201 628 tempori-

1173 630 1242 665 bus
1261 631 1395 665 Caeeilii
1413 632 1525 665 Siculi
1543 644 1649 666 error
1666 635 1772 668 ctiam
1789 636 1898 669 alium
1915 649 2125 682 procreasse
2143 651 2201 673 er-

1172 700 1297 723 rorem
1316 689 1407 723 mihi
1428 689 1590 725 videtur.
1608 691 1789 725 Nimirum
1806 694 1872 727 sub
1896 706 1987 729 voce
2003 693 2203 744 Τιμαγένης

1173 746 1264 780 dicit
1282 747 1515 793 Timagenem
1536 748 1664 782 Romae
1679 752 1899 798 σοφιστεῦσαι
1917 752 1984 785 sub
2003 754 2201 800 Pompeio,

1173 801 1230 838 καὶ
1246 802 1319 851 μετ’
1338 802 1436 840 αὐτὸν
1459 803 1514 840 ἐπί
1531 818 1565 840 τε
1588 804 1760 855 Καίσαρος
1777 810 1835 842 τοῦ
1850 807 2046 856 Αὐγούστου
2067 810 2125 846 καὶ
2141 826 2202 859 με·

1173 859 1313 897 τέπειτα
1342 860 1416 910 ἅμα
1438 862 1604 913 Κεκιλίῳ.
1625 865 1743 912 Igitur
1769 866 1828 900 hic
1848 878 1998 913 quoque
2016 869 2201 905 Caecilium

1173 919 1349 955 habemus
1366 927 1451 967 post
1473 923 1679 968 Augustum
1702 921 1916 970 florentem3
1936 925 1999 959 sed
2024 939 2069 961 ne
2086 935 2198 973 pute-

1173 990 1253 1012 mus
1275 979 1375 1013 hunc
1395 991 1469 1014 esse
1496 980 1651 1014 alterum
1674 980 1860 1026 quendam
1880 994 1900 1016 a
1918 984 2052 1017 Nostro
2080 985 2202 1020 diver-

1173 1048 1264 1079 sum,
1274 1036 1482 1082 impediunt
1493 1049 1573 1083 quae
1588 1037 1634 1072 de
1645 1038 1851 1085 Timagenis
1862 1041 2089 1086 temporibus
2102 1055 2202 1076 eom·

1173 1101 1277 1141 perta
1306 1095 1497 1130 habemus.
1536 1097 1570 1130 Is
1603 1096 1701 1130 enim
1730 1108 1847 1142 quum
1882 1110 1979 1132 anno
2014 1097 2060 1132 55
2094 1112 2127 1135 a.
2160 1103 2201 1138 C.

1175 1153 1339 1198 captivus
1357 1154 1515 1187 Romam
1534 1153 1653 1195 venit,
1670 1154 1942 1200 nonagenarius
1961 1154 2034 1190 fere
2051 1167 2124 1190 esse
2139 1157 2204 1191 de—

1174 1209 1272 1253 buit,
1289 1223 1364 1256 quo
1381 1218 1546 1257 tempore
1565 1212 1750 1257 Augustus
1769 1211 1880 1255 obiit,
1896 1224 2017 1258 neque
2032 1221 2114 1259 post
2128 1216 2205 1248 Au*

1174 1275 1319 1314 gustum
1349 1267 1516 1302 floruisse
1543 1274 1664 1314 potest
1693 1281 1778 1303 cum
1809 1269 1974 1313 Caecilio,
2006 1270 2108 1316 cujus
2138 1273 2204 1306 sub

1173 1327 1339 1373 Augusto
1357 1333 1392 1360 et
1405 1334 1510 1361 antea
1527 1327 1679 1361 aemulus
1700 1333 1791 1361 erat.
1809 1328 1927 1374 Igitur
1943 1335 2105 1374 utroque
2120 1330 2204 1364 loco

1173 1383 1273 1418 idem
1290 1385 1434 1419 subesse
1450 1397 1556 1419 error
1571 1384 1731 1428 videtur,
1749 1385 1843 1420 adeo
1857 1392 1898 1420 ut
1912 1387 1951 1420 in
1968 1386 2124 1421 dubium
2137 1401 2185 1422 vo
2197 1410 2206 1414 -

1174 1443 1333 1477 caverim
1361 1443 1523 1477 Reinesii
1549 1443 1870 1487 emendationem,
1892 1445 1958 1490 qui
1977 1446 2093 1479 altero
2120 1447 2203 1481 loco

1173 1501 1283 1535 scribi
1296 1500 1400 1546 jussit
1419 1513 1427 1535 ε
1448 1498 1530 1536 Ἐπί
1547 1514 1582 1536 τε
1597 1499 1771 1550 Καίσαρος
1786 1496 1892 1537 Γαίου
1910 1500 2054 1538 Ἰουλίου
2067 1501 2124 1538 καὶ
2142 1518 2204 1550 μεκ

1173 1556 1314 1593 τέπειτα
1338 1556 1552 1607 Αὐγούστου.
1574 1562 1686 1594 Vacat
1708 1560 1765 1594 his
1785 1560 2058 1607 impedimentis
2078 1563 2205 1596 tertius

1174 1617 1295 1652 Suidae
1315 1617 1437 1664 locus,
1458 1618 1523 1652 ubi
1544 1618 1593 1652 sic
1612 1630 1620 1652 :
1641 1616 1862 1667 Ἑρμαγόρας
1880 1616 2022 1665 Τήμνου
2042 1621 2102 1663 τῆς
2120 1620 2205 1656 Αἰο-

1173 1672 1279 1718 λίδου,
1296 1675 1313 1710 ὁ
1328 1673 1520 1719 ἐπικληθεὶς
1537 1673 1690 1724 Καρίων,
1709 1674 1869 1726 ῥήτωρ...
1887 1673 2096 1712 Ἐπαίόευσε
2112 1672 2206 1713 3⁹05-

1174 1746 1228 1773 τος
1245 1731 1332 1780 μετὰ
1354 1731 1516 1769 Κεκιλίου
1536 1733 1569 1768 ἓν
1590 1732 1712 1783 Ῥώμῃ
1731 1733 1787 1769 ἐπὶ
1816 1731 1990 1783 Καίσαρος
2008 1734 2202 1783 Αὐγούστου

1173 1789 1232 1826 καὶ
1252 1791 1393 1841 τελευτᾷ
1413 1790 1530 1841 πόρρω
1546 1793 1606 1836 τῆς
1619 1791 1767 1836 ἡλικίας.

1226 1849 1338 1895 Quod
1362 1851 1497 1897 scripta
1526 1852 1654 1886 attinet
1677 1863 1696 1885 a
1725 1851 1838 1886 Suida
1865 1852 2062 1895 recensita,
2090 1851 2206 1887 libros

1175 1912 1267 1946 duos
1289 1913 1318 1948 K
1330 1910 1406 1947 ατὰ
1423 1912 1601 1962 Φρυγῶν
1624 1913 1671 1947 ad
1690 1913 1917 1948 Calactinum
1933 1921 2099 1948 nostrum
2118 1926 2204 1960 per-

1175 1971 1288 2005 tinere
1299 1971 1443 2005 dubitat
1454 1971 1723 2017 Bernhardyus,
1735 1972 1913 2017 quoniam
1926 1971 1971 2005 ab
1987 1979 2204 2017 argumento

1174 2029 1361 2062 rhetorico
1391 2029 1462 2062 sint
1479 2028 1743 2073 sejunctissimi.
1764 2030 1996 2075 Quamquam
2013 2029 2060 2063 de
2086 2042 2204 2076 argu-

1174 2093 1298 2119 mento
1319 2098 1448 2119 eorum
1471 2086 1624 2119 omnino
1648 2086 1739 2119 nihil
1760 2086 1889 2131 liquet.
1915 2087 2012 2121 Fieri
2026 2084 2149 2133 ‘potuit
2164 2094 2205 2121 ut

1173 2144 1350 2190 scriptum
1367 2156 1460 2190 opus
1473 2150 1563 2177 esset
1583 2150 1711 2177 contra
1728 2145 1881 2178 Asianos
1896 2145 2073 2180 rhetores,

1226 2201 1433 2236 Secundum
1457 2213 1563 2248 opus,
1583 2198 1816 2242 Ἀπόδειξις
1835 2201 1928 2245 κτλ.,
1945 2210 2156 2237 recensetur
2168 2203 2205 2236 in

1175 2259 1297 2293 indice
1311 2266 1505 2293 auctorum
1518 2272 1562 2293 ex
1574 2259 1708 2305 quibus
1724 2260 1940 2294 Suidianum
1958 2261 2097 2295 lexicon
2110 2274 2204 2294 con-

1174 2316 1302 2351 flatum
1326 2318 1370 2351 sit
1398 2329 1406 2353 ε
1443 2315 1600 2357 Κεκίλιος
1627 2314 1861 2364 Σικελιιίπης,
1895 2316 2061 2363 Ἐκλογῆν
2083 2317 2203 2360 λέξεων

1174 2372 1263 2410 κατὰ
1284 2379 1461 2423 στοιχεῖον.

1240 2431 1480 2482 Σύγκρισις
1509 2431 1810 2480 Δημοσθένους
1840 2431 1911 2468 καὶ
1949 2432 2203 2483 Κικέρωνος..

1178 2561 1337 2599 scripsisse
1353 2560 1469 2591 (licitur
1484 2560 1568 2600 apud
1587 2560 1759 2591 Eudociam
1778 2573 1784 2591 :
1803 2560 1959 2598 Κεκίλιος,
1977 2560 2100 2599 Ἀργεῖος
2113 2583 2120 2597 ,
2139 2561 2204 2591 ἐπο-

1175 2608 1278 2644 ποιὸς,
1305 2607 1472 2638 Ἁλιευτικὰ
1497 2607 1652 2647 γεγραφώς
1666 2615 1673 2622 ·
1692 2608 1744 2637 καὶ
1774 2607 1958 2646 Περιήγησιν
1987 2606 2126 2642 Ἑλλάδος
2154 2608 2207 2637 καὶ

1177 2654 1264 2683 ἄλλα.
1282 2653 1385 2684 Verba
1407 2654 1584 2688 Κεκίλιος...
1599 2654 1755 2693 γεγραφώς
1769 2653 1880 2684 eadem
1896 2652 1988 2684 habet
2004 2653 2130 2691 suidas,
2146 2653 2202 2692 qui

1175 2700 1288 2731 deinde
1302 2700 1436 2739 reliquos
1451 2699 1639 2731 Ἀλιευτικῶν
1657 2701 1765 2738 poetas
1783 2698 1959 2738 subjungit,
1973 2707 2051 2738 quos
2070 2700 2208 2730 recenset

1176 2747 1344 2778 Athenaeus
1358 2749 1382 2784 Ι,
1397 2755 1427 2785 Ι).
1445 2751 1492 2783 13,
1505 2749 1539 2783 Β,
1555 2746 1608 2776 ubi
1623 2745 1713 2776 codd.
1729 2745 1862 2781 Καίκλος
1873 2757 1881 2783 ;
1892 2746 1976 2785 quod
1991 2745 2206 2782 casaubonus,

1176 2793 1290 2823 collato
1306 2792 1400 2823 Suida
1411 2817 1418 2831 ,
1433 2793 1569 2823 mutavit
1583 2793 1612 2822 iu
1628 2793 1793 2827 Καικίλιος.
1809 2810 1849 2814 -
1865 2793 2022 2824 Coecilius
2035 2792 2204 2831 I’ytlzaqo-

1176 2848 1255 2870 reus
1285 2840 1479 2869 memoratur
1501 2839 1584 2878 apud
1605 2839 1677 2869 Joli.
1704 2839 1826 2878 Lydum
1846 2841 1890 2870 De
1912 2847 2011 2869 inens.
2035 2847 2065 2877 p,
2094 2843 2131 2869 56
2155 2838 2204 2869 ed,

1177 2886 1303 2916 Roetuer
1320 2898 1327 2916 ι
1345 2886 1444 2921 Φησὶν
1461 2886 1478 2915 ὁ
1495 2885 1696 2924 Πυθαγόρειος
1713 2886 1869 2921 Κεκίλιος·
1884 2888 1902 2922 ἡ
1919 2886 2000 2924 τριὰς
2015 2886 2120 2924 πρώτη
2135 2896 2205 2915 συν-

1177 2934 1303 2968 έστησεν
1317 2932 1424 2971 ἀρχὴν,
1447 2931 1600 2971 μεσότητα
1617 2933 1668 2962 καὶ
1684 2933 1836 2969 τελευτήν.
1862 2933 1921 2963 Ubi
1939 2933 2082 2963 Ὥκελὶον
2100 2932 2205 2970 reponi

1174 2978 1264 3016 jubet
1272 2979 1410 3009 [zimber.
1424 2980 1519 3008 Recte
1529 2978 1667 3009 fortassis
1677 2990 1684 3016 ;
1694 2987 1888 3018 quamquam
1902 2979 2041 3008 Κεκίλιον
2054 2978 2202 3007 exhibent

1176 3025 1270 3055 ctiam
1282 3023 1420 3055 eramen-i
1437 3024 1540 3055 Anccd
1573 3025 1668 3055 Paris.
1685 3027 1761 3055 tom.
1781 3027 1812 3062 l,
1829 3034 1858 3064 p.
1880 3027 1951 3063 317,
1978 3028 2015 3055 29
2032 3034 2039 3053 :
2059 3025 2115 3058 Ὣς
2132 3034 2204 3059 φησι

1178 3071 1315 3105 Κεκίλιος
1329 3071 1345 3099 ὁ
1362 3070 1563 3109 Πυθαγόρειος
1578 3071 1691 3110 ῥήμασι
1707 3072 1824 3106 τούτοις
1837 3079 1844 3086 “
1862 3084 1877 3097 «
1889 3072 1927 3102 ‘H
1937 3071 1994 3110 γὰρ
2007 3070 2088 3109 τριὰς
2100 3069 2205 3108 πρώτη

1176 3116 1353 3152 συνίστησιν
1382 3117 1447 3146 κτλ.
1470 3130 1484 3142 ν
1502 3134 1542 3138 --
1558 3117 1644 3147 Alius
1661 3117 1807 3148 Caecilius
1831 3117 1960 3157 quidam
1977 3117 2031 3155 qui
2057 3114 2203 3146 Hadriani

1176 3163 1370 3201 temporibus
1382 3163 1529 3202 assignari
1545 3165 1665 3201 potest,
1686 3164 1789 3193 nescio
1805 3172 1845 3193 an
1867 3163 1961 3194 lateat
1977 3162 2058 3201 apud
2076 3160 2204 3191 suidam

1176 3218 1206 3238 v.
1234 3209 1417 3249 Ἀλέξανδρος
1446 3211 1589 3248 Αἰγαῖος,
1610 3209 1663 3240 ubi
1692 3209 1868 3240 Alexander
1888 3209 1938 3239 hic
1964 3207 2201 3247 peripateticus,

1176 3255 1304 3286 Neronis
1316 3257 1499 3294 mmccptor,
1512 3256 1610 3286 tilium
1623 3256 1766 3286 habuisse
1780 3256 1905 3291 dicitur,
1918 3257 1942 3285 Κ
1953 3266 1970 3283 α.
1981 3255 1988 3283 ί
1999 3255 2013 3282 λ
2024 3265 2031 3282 ι
2041 3264 2077 3282 ον
2094 3260 2099 3282 ι
2117 3255 2140 3282 Κ
2151 3263 2169 3280 α
2179 3252 2201 3281 ίν-

1175 3302 1272 3332 λινον
1284 3301 1352 3332 cod.
1373 3306 1395 3332 A
1409 3305 1417 3339 )
1437 3302 1542 3340 ὄνομα.
1557 3302 1644 3338 Quod
1661 3303 1787 3332 tortasse
1802 3302 1855 3331 snil
1874 3301 2039 3331 Καίκίὶιον.
