2289 3728
96 150 168 179 28&

94 226 241 263 σταδίων
255 225 373 276 χιλίων
389 223 446 260 καί
465 221 691 267 ἑπτακοσίων,
710 223 753 263 ὡς
770 222 994 264 Ποσειδώνιος
1010 222 1123 273 εἴρηκε

93 282 250 333 προσθεὶς
278 281 336 318 καὶ
367 279 487 317 εἴκοσι.
517 281 596 316 Τῶν
631 279 660 314 δ’
684 277 796 315 ἄλλων
828 282 849 323 ἡ
884 280 941 316 ἐπὶ
966 280 1125 330 Πάχυνον

93 341 159 376 ἀπὸ
187 343 245 376 τοῦ
270 337 459 377 Λιλυὸαίου
489 337 611 386 μείζων
640 339 701 380 τῆς
730 335 865 387 ἑτέρας·
897 337 1063 388 ἐλαχίστη
1090 336 1124 374 δὲ

91 401 112 442 ἡ
135 399 183 448 τῷ
220 398 372 447 Πορθμῷ
400 395 460 432 καὶ
484 398 525 444 τῇ
554 394 688 445 Ἰταλίᾳ
711 394 903 446 προσεχὴς,
925 398 946 441 ἡ
973 395 1040 432 ἀπὸ
1067 398 1126 440 τῆς

92 454 313 504 Πελωριάδος
346 452 401 490 ἐπὶ
421 452 477 489 τὸν
508 452 686 503 Πάχυνον,
720 453 868 489 σταδίων
900 452 976 490 ὅσον
1004 452 1123 504 χιλίων

92 512 151 548 καὶ
168 510 289 548 ἑκατὸν
305 510 363 548 καὶ
380 510 578 562 τριάκοντα.
601 510 672 548 Τὸν
690 509 725 546 δὲ
748 511 933 562 περίπλουν
953 513 970 548 ὁ
996 513 1126 549 Ποσει-

92 568 206 611 δώνιος
224 568 371 605 σταδίων
387 567 665 618 τεσσαρακοσίων
683 566 739 604 ἐπὶ
755 570 823 610 τοῖς
839 567 1126 618 τετρακισχιλίοις

92 625 288 678 ἀποφαίνει.
322 625 382 663 Ἐν
406 625 440 662 δὲ
468 628 509 676 τῇ
541 625 765 677 χωρογραφίᾳ
798 626 902 674 μείζω
931 624 1065 675 λέγεται
1085 624 1127 661 τὰ

94 683 334 733 διαστήματα,
360 683 450 720 κατὰ
468 682 566 734 μέρος
587 683 776 735 διῃρημένα
797 685 1033 734 μιλιασμῷ...,
1056 684 1124 719 Πο-

93 741 265 784 σειδώνιός
284 757 319 778 τε
347 742 416 784 τοῖς
434 742 596 791 κλίμασιν
625 741 792 793 ἀφορίζων
819 740 880 786 τὴν
900 744 1001 786 νῆσον
1028 740 1124 790 (καὶ)

90 800 172 851 πρὸς
195 799 318 851 ἄρκτον
345 799 406 849 μὲν
434 800 496 845 τὴν
519 800 748 851 Πελωριάδα,
771 799 854 852 πρὸς
873 799 967 837 νότον
997 800 1031 837 δὲ
1063 803 1126 838 Λι-

89 857 244 904 λύὸαιον,
273 857 357 908 πρὸς
383 859 427 894 ἕω
453 858 488 894 δὲ
505 857 561 894 τὸν
594 858 758 909 Πάχυνον
775 858 916 904 τίθησιν.

143 1043 276 1079 Strabo
296 1044 364 1087 VI,
393 1056 430 1090 p.
455 1043 527 1088 273
563 1057 570 1078 ε
594 1042 691 1087 Φησὶ
719 1042 748 1079 δ’
776 1045 793 1079 ὁ
814 1041 1039 1084 Ποσειδώνιος
1058 1036 1125 1079 οἷον

92 1100 291 1150 ἀκροπόλεις
314 1100 371 1136 ἐπὶ
393 1101 561 1146 Θαλάττης
581 1100 638 1137 δύο
651 1100 710 1142 τὰς
727 1100 950 1151 Συρακούσας
969 1102 1125 1150 ἱδρῦσθαι

92 1157 150 1193 καὶ
175 1157 230 1194 τὸν
262 1155 417 1208 Ἔρυκα,
454 1157 559 1205 μέσην
590 1157 623 1194 δὲ
654 1159 779 1208 ἀμ’ροῒν
810 1159 1029 1208 ὑπερκεῖσθαι
1057 1160 1124 1194 τῶν

91 1215 208 1267 κύκλῳ
224 1216 348 1252 πεδίων
370 1214 429 1260 τὴν
453 1214 594 1253 Ἰἰνναν.
625 1219 711 1252 llaec
734 1230 884 1264 quoque
905 1217 1053 1252 sortasse
1079 1217 1125 1252 ad

95 1276 271 1310 Historias
286 1276 425 1310 referre
441 1282 598 1322 praestat.

580 1371 624 1414 84
633 1399 641 1407 .

145 1458 237 1495 Cum
252 1459 294 1492 iis
313 1470 393 1504 qnae
410 1457 456 1494 sr.
480 1457 564 1504 68§
586 1457 606 1491 8
628 1457 876 1504 disputantur,
900 1456 1125 1492 conferenda

93 1517 168 1550 haec
184 1516 283 1563 apud
299 1517 477 1551 Galenum
493 1518 547 1550 De
562 1516 687 1562 placit.
709 1517 890 1562 Hippocr.
913 1522 949 1549 et
967 1516 1127 1549 Platonis

93 1576 138 1621 V,
160 1586 200 1621 p.
225 1586 314 1621 290,
340 1580 383 1614 [31
412 1586 421 1607 .·
445 1571 618 1609 Συνάπτει
639 1572 666 1607 δ’
685 1571 821 1613 εἰκότως
840 1572 907 1613 τοῖς
924 1571 1033 1620 λόγοις
1052 1570 1127 1607 τού-

92 1645 161 1672 τοις
180 1632 197 1666 ὃ
219 1629 446 1672 Ποσειδώνιος
464 1629 506 1665 τὰ
532 1628 621 1666 κατὰ
644 1628 701 1665 τὸν
728 1628 988 1679 φυσιογνωμονα
1009 1627 1126 1678 φαινό·

96 1703 195 1736 μενα.
220 1687 286 1725 Καὶ
303 1687 369 1738 γὰρ
384 1689 450 1723 τῶν
469 1685 564 1737 ζῴων
585 1685 642 1722 καὶ
659 1688 725 1722 τῶν
750 1686 953 1736 ἀνθρώπων,
981 1684 1044 1722 ὅσα
1066 1684 1127 1733 μὲν

93 1745 299 1795 εὐρύστερνά
335 1760 371 1781 τε
416 1745 474 1781 καὶ
519 1743 725 1795 θερμότερα,
771 1744 987 1793 θυμικώτερα
1020 1743 1120 1779 πάντ’

93 1803 241 1853 ὑπάρχει
263 1802 377 1854 φύσει,
401 1802 463 1839 ὅσα
486 1802 521 1839 δὲ
540 1800 754 1851 πλατυίσχιά
770 1817 806 1838 τε
827 1801 885 1838 καὶ
913 1800 1126 1853 ψυχρότερα,

94 1861 287 1911 δειλότερα·
305 1860 363 1897 καὶ
384 1859 475 1897 κατὰ
494 1860 554 1902 τὰς
578 1858 695 1911 χώρας
714 1860 752 1896 οὗ
775 1862 909 1910 σμικρῷ
929 1875 994 1896 τινι
1014 1861 1126 1904 διενη-

93 1917 230 1968 νοχέναι
249 1923 318 1960 τοῖς
336 1917 433 1963 ἤθεσι
453 1917 531 1960 τοὺς
547 1916 746 1968 ἀνθρώπους
762 1919 807 1960 εἷς
828 1917 956 1954 δειλίαν
977 1917 1036 1954 καὶ
1055 1917 1126 1954 τόλ-

95 1992 177 2025 μαν,
193 1974 215 2021 ἢ
236 1976 274 2012 τὸ
291 1975 468 2028 φιλήδονόν
489 1991 524 2013 τε
543 1975 602 2013 καὶ
625 1974 818 2027 φιλόπονον,
836 1977 880 2017 ὡς
899 1977 966 2012 τῶν
983 1979 1127 2022 παθητι-

95 2037 164 2071 κῶν
186 2033 351 2079 κινήσεων
369 2036 429 2079 τ’ἧς
448 2035 559 2084 ψυχῆς
579 2033 754 2083 ἑπομένων
775 2033 826 2070 ἀεὶ
846 2036 886 2084 τῇ
905 2033 1052 2071 διαθέσει
1068 2037 1126 2071 τοῦ

94 2146 126 2175 et
142 2144 238 2174 ltaliae
264 2143 405 2182 adiacet,
429 2152 447 2173 a
465 2144 575 2174 Peloro
588 2143 627 2173 ad
643 2143 826 2182 Pachynum
841 2143 991 2182 tendens,
1009 2143 1127 2174 stadio·

94 2204 165 2226 rum
177 2195 300 2226 circiter
314 2195 399 2226 mille
415 2196 543 2226 6611111111
559 2196 591 2226 61
608 2195 745 2234 triginta.
762 2194 926 2225 Ambitum
940 2194 1050 2225 insulae
1066 2197 1127 2225 Po-

93 2247 232 2279 sidonius
247 2248 454 2287 pronunciat,
466 2247 640 2278 stadiorum
654 2249 766 2286 quater
776 2246 911 2277 millium
930 2248 962 2277 et
975 2246 1127 2285 quadrin-

94 2300 271 2335 gomorum.
288 2299 328 2329 At
341 2299 372 2328 in
384 2298 611 2338 chorographia
625 2298 745 2337 majora
755 2299 824 2329 haec
834 2298 999 2329 intervalla
1009 2307 1129 2337 ponun-

94 2350 158 2387 tur,
174 2348 320 2380 distincta
333 2358 387 2388 per
405 2351 509 2388 partes
528 2350 560 2380 in
578 2349 722 2380 miliaria.
744 2349 930 2380 Posidonius
950 2349 1129 2380 climatibus

94 2400 246 2431 deliniens
258 2401 404 2440 insulam,
419 2402 564 2432 Pelorum
580 2401 804 2441 septentrioni,
819 2401 994 2440 Lilybaeum
1008 2403 1128 2440 austro,

97 2452 282 2491 Pachynum
295 2453 380 2484 ortui
395 2453 470 2484 solis
483 2453 624 2493 opponit.

584 2514 642 2545 83.

142 2575 328 2606 Posidonius
344 2576 387 2606 ait
410 2576 549 2607 Siciliam
565 2577 663 2607 veluti
685 2585 774 2608 arces
798 2577 876 2608 duas
889 2577 926 2608 ad
953 2587 1040 2609 mare
1054 2586 1128 2609 eon—

97 2627 234 2657 structas
258 2626 373 2657 habere
399 2628 569 2666 Syracusas
594 2630 626 2658 et
652 2630 804 2667 Erycem,
827 2637 864 2659 ae
888 2628 1024 2659 mediani
1049 2630 1130 2661 inter

100 2678 269 2717 utramque
284 2679 406 2708 Ennam
424 2677 588 2709 imminere
602 2678 901 2718 circumjacentibus
914 2681 1042 2720 campis.

583 2740 643 2771 84.

140 2803 218 2841 Apte
229 2810 301 2832 cum
315 2801 363 2832 his
376 2804 538 2842 comparat
550 2803 735 2834 Posidonius
747 2812 820 2843 quae
831 2812 847 2834 a
862 2804 1129 2844 physiognomone

98 2852 317 2883 observantur.
334 2854 411 2883 Nam
431 2853 511 2884 inter
525 2854 672 2884 animalia
687 2864 816 2894 quoque
832 2855 1038 2895 hominesque
1051 2859 1130 2896 quot

99 2904 173 2934 sunt
188 2903 252 2933 lato
269 2904 395 2942 pectore
413 2905 443 2934 et
464 2904 631 2943 calidiora,
655 2914 691 2935 ea
705 2906 810 2935 onmia
827 2906 921 2936 etiam
939 2908 1129 2939 animosiora

99 2962 165 2984 esse
181 2954 301 2992 solent3
321 2955 400 2993 quot
414 2963 489 2984 vero
512 2955 582 2986 latis
600 2955 826 2987 coxendicibus
851 2957 1005 2988 instructa
1023 2967 1059 2989 ac
1074 2959 1128 2990 t'ri-

99 3004 217 3043 gidiora
231 3006 322 3043 sunt,
340 3013 374 3035 ea
391 3005 486 3036 etiam
510 3006 669 3044 ignaviora
685 3015 751 3037 esse
770 3007 882 3038 solent.
903 3010 1001 3039 Porro
1014 3018 1128 3040 secun-

99 3057 176 3087 dum
190 3058 349 3088 terrarum
365 3058 462 3089 situm
483 3058 564 3088 haud
583 3059 725 3098 paullum
736 3059 886 3090 differunt
899 3060 1009 3091 incolae
1023 3062 1072 3092 vel
1090 3063 1129 3093 ad

100 3108 255 3146 ignaviam
273 3109 322 3139 vel
336 3108 374 3139 ad
392 3109 556 3139 audaciam
576 3110 810 3149 propensiores,
824 3111 873 3141 vel
897 3112 1051 3151 voluptati
1079 3114 1130 3145 vel

101 3160 259 3190 laboribus
279 3160 483 3200 addictiores,
504 3162 652 3201 quoniam
669 3163 764 3193 animi
780 3162 912 3194 affectus
938 3164 1075 3202 pendent
1090 3174 1128 3195 ex

100 3219 268 3249 corporum
286 3211 401 3251 indole,
413 3221 485 3252 quae
502 3222 540 3244 ex
554 3213 717 3245 ambientis
730 3213 810 3245 aeris
824 3216 1035 3254 temperatura
1053 3217 1129 3247 mul·

102 3264 169 3292 tum
188 3262 336 3293 variatur.
1009 3268 1012 3272 '

868 136 1121 174 POSlDONll
1153 135 1431 174 APAMENSlS

1186 221 1362 269 σώματος,
1379 221 1420 266 ἢν
1437 221 1474 256 ἐκ
1497 223 1555 265 τῆς
1573 220 1661 256 κατὰ
1682 219 1718 256 τὸ
1740 219 1898 271 περιέχον
1915 219 2068 271 κράσεως
2083 220 2119 257 οὗ
2137 223 2217 258 κατ’

1187 279 1299 329 ὀλίγον
1318 280 1537 316 ἀλλοιοῦσθαι
1554 279 1628 314 κτλ.

1670 352 1732 389 85.

1240 448 1374 482 Strabo
1390 448 1419 490 Ι,
1437 459 1477 492 p.
1501 450 1520 486 4
1532 458 1545 479 1
1570 445 1777 492 (Quaeritur
1798 445 1949 490 quinam
1967 446 2037 479 sint
2054 447 2213 488 Erembi,

1191 517 1350 551 quorum
1370 503 1553 538 Menelaus
1568 503 1736 537 meminit
1756 515 1815 549 ap.
1840 504 1948 536 Hom.
1965 502 2036 539 Od.
2057 504 2117 547 IV,
2138 505 2184 546 84
2208 517 2216 541 ε

1189 560 1356 602 Αἰθίοπάς
1381 560 1408 596 0'
1435 559 1560 608 ἱκόμην
1585 559 1644 595 καὶ
1683 558 1856 600 Σιδονίους
1881 558 1939 595 καὶ
1967 558 2180 609 Ἰζρεμὸούς)
2210 573 2219 598 :

1188 617 1426 655 Πιθανώτατοι
1444 618 1479 653 δ’.
1494 615 1577 653 εἰσὶν
1596 618 1626 653 οἱ
1651 615 1842 664 νομίζοντες
1860 614 1937 658 τοὺς
1955 614 2107 665 Ἄραὸας
2122 617 2219 667 λέγε-

1188 680 1278 712 σθαι.
1298 674 1419 719 Ζήνων
1440 675 1469 710 δ’
1493 676 1510 710 ὃ
1532 672 1696 725 ἡμέτερος
1713 673 1771 709 καὶ
1784 672 1908 724 γράφει
1923 671 2047 715 οὕτως·

1269 760 1413 796 Αἰθίοπάς
1431 761 1455 791 θ’
1472 760 1582 800 ἱκόμην
1596 760 1647 790 καὶ
1665 759 1816 794 Σιδονίους
1830 759 1957 800 Ἄραῧάς
1973 771 2015 790 τε.

1185 825 1257 872 Τὴν
1273 824 1333 875 μὲν
1354 819 1410 862 οἶν
1424 824 1557 875 γραφὴν
1575 825 1636 861 οὐκ
1654 825 1787 872 ἀνάγκη
1799 825 1915 868 κινεῖν,
1933 822 2085 860 παλαιὰν
2095 817 2199 861 οὖσαν
2212 840 2220 848 ·

1186 887 1362 922 αἰτιᾶσθαι
1392 882 1427 920 δὲ
1456 882 1587 934 βέλτιον
1617 881 1678 928 τὴν
1707 885 1765 919 τοῖ)Ι
1794 882 1958 931 ὀνόματος
1987 882 2220 931 μετάπτωσιν,

1185 942 1315 986 πολλὴν
1336 941 1395 978 καὶ
1429 939 1635 978 ἐπιπολαίαν
1673 933 1777 977 οὖσαν
1806 941 1840 976 ἒν
1859 946 1944 977 πᾶσι
1974 945 2044 983 τοῖς
2073 939 2213 980 ἔθνεσιν.

1186 994 1320 1043 Ἀμέλει
1352 992 1385 1030 δὲ
1419 992 1477 1030 καὶ
1512 991 1649 1029 ποιοῦσί
1683 1007 1769 1034 τινες
1805 992 2214 1043 παραγραμματίζοντες,

1185 1050 1327 1102 Ἄριστα
1353 1052 1381 1087 δ’
1403 1050 1442 1088 ἂν
1460 1049 1582 1093 δόξειεν
1609 1050 1714 1086 εἰπεῖν
1739 1053 1756 1087 ὁ
1777 1049 2019 1096 Ποσειδώνιος,
2046 1054 2220 1088 κάνταῦθα

1186 1109 1252 1146 ἀπὸ
1269 1112 1328 1154 τῆς
1348 1111 1413 1145 τῶν
1429 1110 1530 1145 ἐθνῶν
1548 1107 1743 1157 συγγενείας
1763 1106 1822 1144 καὶ
1840 1107 2032 1153 κοινότητος
2050 1109 2221 1157 ἐτυμολο-

2101 1165 2221 1217 Σύρων

1185 1170 1269 1217 γῶν.
1304 1166 1356 1204 Τὸ
1376 1166 1441 1218 γὰρ
1461 1168 1528 1202 τῶν
1550 1165 1734 1217 Ἀρμενίων
1764 1164 1854 1207 ἔθνος
1869 1165 1929 1202 καὶ
1948 1164 1986 1202 τὸ
2010 1167 2076 1202 τῶν

1185 1225 1242 1262 καὶ
1262 1224 1415 1276 Ἀράὸων
1436 1224 1566 1269 πολλὴν
1588 1223 1777 1274 ὁμοφυλίαν
1803 1223 1961 1273 ἐμφαίνει
1989 1222 2077 1260 κατά
2105 1239 2140 1261 τε
2159 1225 2220 1270 τὴν

1186 1283 1361 1320 διάλεκτον
1376 1282 1434 1320 καὶ
1454 1282 1531 1324 τοὺς
1549 1281 1639 1333 βίους
1659 1281 1717 1318 καὶ
1734 1279 1810 1323 τοὺς
1825 1284 1892 1318 τῶν
1914 1279 2084 1329 σωμάτων
2104 1297 2220 1332 χαρα-

1185 1344 1331 1392 κτῆρας,
1353 1340 1411 1378 καὶ
1431 1340 1583 1390 μάλιστα
1606 1339 1690 1377 καθὸ
1706 1338 1942 1390 πλησιόχωροί
1962 1340 2041 1378 εἶσι.
2066 1341 2174 1385 Δηλοῖ
2191 1341 2221 1377 δ’

1186 1402 1206 1444 ἡ
1225 1398 1476 1447 Μεσοποταμία
1494 1398 1532 1434 ἐκ
1547 1400 1614 1434 τῶν
1630 1399 1730 1447 τριῶν
1746 1399 1944 1434 συνεστῶσα
1958 1396 2085 1433 τούτων
2105 1399 2219 1434 ἐθνῶν·

1187 1458 1337 1506 μάλιστα
1356 1456 1420 1507 γὰρ
1444 1458 1478 1493 ἐν
1504 1455 1634 1497 τούτοις
1650 1457 1671 1500 ἡ
1693 1454 1852 1503 ὁμοιότης
1879 1453 2105 1506 διαφαίνεται.
2126 1456 2168 1493 Εἰ
2187 1455 2223 1492 δέ

1185 1531 1233 1556 τις
1252 1515 1347 1565 παρὰ
1366 1515 1410 1551 τὰ
1426 1514 1578 1563 κλίματα
1596 1513 1726 1563 γίνεται
1743 1511 1888 1564 διαφορὰ
1908 1513 1977 1555 τοῖς
1997 1511 2222 1564 προσὸόρροις

1187 1572 1242 1608 ἐπὶ
1269 1571 1370 1608 πλέον
1399 1571 1482 1621 πρὸς
1508 1570 1584 1613 τοὺς
1619 1569 1873 1619 μεσημὸρινοὺς
1903 1569 1960 1606 καὶ
1989 1569 2117 1613 τούτοις
2139 1569 2223 1621 πρὸς

1187 1629 1308 1677 μέσους
1324 1629 1397 1670 τοὺς
1413 1629 1509 1680 ὅρους
1524 1658 1535 1677 ,
1556 1627 1630 1664 ἀλλ’
1652 1629 1829 1678 ἐπικρατεῖ
1848 1643 1886 1676 γε
1903 1627 1941 1663 τὸ
1961 1626 2083 1665 κοινόν.
2101 1627 2172 1665 Καὶ
2191 1630 2222 1665 οἵ

1188 1687 1359 1737 Ἀσσύριοι
1387 1686 1422 1723 δὲ
1442 1686 1500 1723 καὶ
1521 1688 1550 1722 οἱ
1571 1684 1719 1736 Ἀριανοὶ
1745 1683 1996 1734 παραπλησίως
2015 1700 2087 1727 πως
2107 1684 2224 1735 ἔχουσι

1187 1744 1244 1781 καὶ
1261 1745 1343 1793 πρὸς
1359 1743 1495 1786 τούτους
1515 1743 1572 1780 καὶ
1589 1743 1673 1793 πρὸς
1691 1744 1874 1788 ἀλλήλους.
1895 1742 2034 1786 Εἷκάζει
2050 1758 2088 1792 γε
2109 1743 2149 1789 δὴ
2164 1743 2222 1780 καὶ

1189 1801 1247 1844 τὰς
1263 1804 1329 1838 τῶν
1347 1803 1449 1839 ἐθνῶν
1469 1801 1596 1838 τούτων
1613 1800 1868 1849 κατονομασίας
1887 1800 2042 1851 ἐμφερεῖς
2059 1799 2224 1846 ἀλλήλαις

1188 1853 1287 1898 εἶναι.
1310 1858 1400 1902 Τοὺς
1417 1860 1483 1910 γὰρ
1500 1859 1553 1910 ὑφ’
1572 1861 1670 1907 ἡμῶν
1691 1857 1820 1909 Σύρους
1839 1857 2067 1906 καλουμένους
2083 1857 2140 1894 ὑπ’
2161 1860 2226 1895 αὖ-

1187 1921 1254 1955 τῶν
1271 1920 1337 1956 τῶν
1356 1917 1476 1970 Σύρων
1498 1916 1733 1968 (Ἀρμενίους,
1752 1915 1832 1967 καί)
1851 1915 2087 1967 Ἄραμμαίους
2103 1917 2221 1953 καλεῖ-

1188 1980 1286 2014 σθαι·
1298 1975 1407 2026 τούτῳ
1419 1976 1446 2012 δ’
1459 1975 1604 2021 ἐοικέναι
1615 1973 1690 2017 τοὺς
1704 1974 1897 2025 Ἀρμενίους
1911 1973 2058 2016 καὶτοὺς
2073 1971 2225 2025 Ἄραὸας

1188 2034 1246 2071 καὶ
1266 2033 1478 2085 ’[ζρεμὸοὺς,
1497 2033 1590 2084 τάχα
1615 2035 1682 2069 τῶν
1707 2033 1818 2069 πάλαι
1841 2031 2018 2076 Ἑλλήνων
2045 2031 2135 2069 οὕτω
2160 2047 2225 2069 κα-

1676 2146 1735 2177 85.

1230 2210 1381 2241 Omnium
1395 2210 1426 2241 hi
1441 2218 1515 2241 vero
1525 2209 1684 2241 simillima
1695 2210 1851 2247 statuunt,
1865 2207 1918 2247 qui
1930 2207 2047 2239 Arabes
2059 2208 2225 2247 significari

1190 2264 1315 2302 putant.
1333 2264 1372 2294 Et
1387 2265 1470 2293 Zeno
1490 2261 1619 2302 quidem
1634 2262 1741 2292 noster
1755 2261 1797 2291 ita
1809 2259 1918 2292 scribit
1933 2260 2136 2292 Homericum
2150 2269 2222 2292 ver-

1189 2322 1259 2344 sum
1279 2326 1286 2344 :

1262 2386 1409 2422 Aithiopes
1420 2385 1488 2417 adii,
1504 2387 1567 2413 tum
1578 2384 1714 2413 Sidonios
1724 2405 1731 2416 ,
1747 2384 1923 2420 Arabesque.

1190 2444 1247 2476 Sed
1268 2444 1457 2484 scripturam
1470 2444 1594 2474 mutare
1603 2467 1612 2482 ‚
1624 2451 1723 2482 quum
1736 2441 1776 2473 sit
1791 2443 1916 2473 vetusta
1925 2466 1934 2481 ,
1949 2450 2012 2472 non
2030 2442 2076 2473 est
2086 2450 2220 2474 necesse.

1190 2495 1353 2534 Culpanda
1367 2496 1413 2525 est
1427 2495 1532 2534 potius
1553 2493 1690 2524 nominis
1707 2493 1859 2531 mutatio,
1879 2502 1952 2532 qutss
1971 2492 2119 2531 frequens
2131 2494 2178 2524 est
2190 2495 2222 2525 et

1190 2547 1306 2580 usitata
1316 2548 1465 2578 omnibus
1481 2546 1626 2586 gentibus
1647 2558 1653 2576 :
1671 2545 1754 2585 quod
1769 2546 1800 2576 et
1813 2545 1943 2584 quidam
1961 2545 2099 2584 faciunt,
2117 2545 2171 2585 qui
2185 2545 2223 2576 li-

1189 2600 1272 2629 teras
1286 2599 1452 2629 nominum
1466 2599 1547 2628 111161
1558 2606 1590 2628 se
1605 2598 1800 2636 comparant.
1818 2596 1944 2635 Optime
1957 2596 2063 2626 autem
2080 2597 2222 2628 omnium

1189 2651 1336 2681 existimo
1358 2649 1561 2681 Posidonium
1577 2649 1627 2679 hic
1648 2657 1775 2688 quoque
1797 2657 1815 2678 a
1831 2647 1971 2687 gentium
1988 2647 2174 2686 cognatione
2192 2650 2224 2679 et

1190 2701 1419 2736 communitate
1434 2701 1586 2740 originem
1604 2708 1720 2730 vocum
1738 2699 1867 2730 ducere.
1883 2701 1960 2730 Nam
1982 2697 2221 2737 Armeniorum,

1190 2755 1341 2792 Syrorum
1362 2754 1394 2783 et
1408 2752 1547 2783 Arabum
1562 2751 1701 2781 multum
1713 2750 1908 2789 cognationis
1924 2757 1989 2789 prae
2004 2757 2037 2780 se
2050 2749 2154 2779 serunt
2165 2757 2222 2780 na-

1191 2805 1309 2842 tiones,
1325 2812 1469 2835 sermone
1481 2827 1490 2842 ,
1514 2803 1595 2841 vita,
1608 2810 1779 2841 corporum
1794 2800 1912 2838 forma,
1936 2801 2076 2831 maxime
2092 2799 2147 2831 ubi
2169 2799 2223 2831 de-

1189 2858 1267 2895 gunt
1282 2855 1313 2885 in
1329 2854 1444 2885 vicinia
1464 2866 1471 2884 :
1497 2854 1593 2893 idque
1608 2852 1745 2884 ostendit
1755 2852 1981 2890 Mesopotamia
1994 2859 2035 2882 ex
2047 2851 2151 2882 tribus
2175 2850 2223 2882 his

1191 2906 1326 2937 conflata
1343 2906 1489 2945 populis3
1517 2904 1656 2935 maxime
1677 2904 1763 2935 enim
1785 2903 1817 2934 in
1831 2903 1880 2934 his
1901 2903 2074 2934 similitudo
2087 2903 2221 2934 65111111-

1190 2960 1272 2990 stris⁴
1290 2957 1410 2994 Quodsi
1424 2966 1486 2997 qua
1502 2960 1550 2988 est
1568 2957 1704 2988 varietas
1729 2965 1785 2996 pro
1802 2964 1838 2987 eo
1851 2955 1937 2995 quod
1955 2955 2024 2987 aliae
2038 2956 2142 2995 partes
2154 2956 2223 2987 aliis

1193 3009 1291 3048 magis
1307 3009 1344 3040 ad
1360 3008 1605 3048 septentrionem
1622 3009 1678 3039 aut
1690 3006 1853 3038 meridiem
1867 3008 2020 3046 vergunt,
2037 3007 2093 3037 aut
2107 3006 2139 3037 in
2155 3015 2223 3038 me-

1192 3061 1270 3092 ridie
1286 3062 1360 3091 sunt
1373 3061 1441 3091 sitae
1466 3069 1473 3088 2
1489 3060 1693 3091 nihilominus
1716 3061 1821 3090 tamen
1845 3058 2023 3089 communis
2035 3058 2160 3089 affectio
2169 3058 2223 3089 ob-

1192 3113 1279 3144 tinet.
1300 3114 1404 3152 Atque
1417 3112 1531 3152 Assyrii
1548 3113 1580 3143 et
1601 3110 1707 3143 Ariani
1733 3111 1814 3141 inter
1832 3119 1866 3141 se
1885 3111 1980 3149 atque
1995 3109 2127 3140 istorum
2148 3113 2222 3141 sunt

1191 3164 1353 3195 assimiles.
1369 3164 1506 3202 conjicit
1519 3163 1633 3194 exinde
1649 3161 1851 3199 Posidonius,
1873 3161 1985 3191 harum
2008 3159 2147 3199 gentium
2169 3169 2222 3191 no·

1192 3216 1277 3247 mina
1293 3225 1422 3256 quoque
1436 3225 1502 3247 esse
1514 3215 1620 3246 affinia
1637 3228 1643 3246 ι
1659 3214 1713 3254 qui
1731 3214 1816 3244 enim
1831 3222 1849 3243 a
1865 3212 1954 3243 nobis
1971 3212 2039 3251 Syri
2055 3212 2218 3250 dicuntur,

1192 3268 1231 3298 ab
1246 3268 1320 3307 ipsis
1332 3268 1419 3306 Syris
1431 3270 1590 3299 Aramaeos
1607 3265 1729 3305 socari;
1751 3265 1845 3304 idque
1862 3264 2033 3303 Armeniis,
2051 3263 2221 3302 Arabibus‚
