2289 3728
96 198 143 229 96
901 186 946 223 L.
979 184 1127 223 CINCll

596 322 628 344 1.

149 408 201 442 De
222 405 365 451 origine
391 402 508 450 gentis
523 402 635 436 Rom.
656 413 690 437 c,
720 413 763 446 17
794 411 803 437 ε
825 403 1007 435 Ascanius
1030 412 1129 434 com-

91 466 201 511 pletis
229 468 266 497 in
296 461 448 498 Lavinio
477 463 631 507 triginta
651 463 762 494 annis
790 460 999 494 recordatus
1029 472 1132 494 nome

93 524 188 556 urbis
212 520 413 554 condendae
435 526 575 565 tempus
594 518 783 552 advenisse
801 530 850 552 ex
871 530 1019 552 numero
1039 530 1131 564 por-

92 592 212 614 corum
225 606 234 621 ‚
257 590 342 625 quos
356 584 556 624 pepererat
569 588 630 610 sus
653 576 742 610 alba
753 603 762 620 ‚
784 579 1052 623 circumspectis
1071 577 1129 609 di·

94 640 250 683 ligenter
256 637 435 683 finitimis
447 635 656 681 regionIbus
667 635 875 681 speculatus
885 642 1042 668 montem
1057 635 1131 668 edi-

93 704 185 737 tum,
213 698 274 741 qui
289 706 383 728 nunc
398 694 447 728 ab
467 705 512 728 ea
530 694 632 737 urbe,
665 705 749 740 quoe
766 696 802 726 in
821 704 862 726 eo
881 693 1031 727 condita
1055 700 1122 734 est,

92 753 257 786 Albanus
271 759 509 799 nuncupatur,
530 754 714 785 civitatem
731 753 929 785 communit
946 761 958 782 .·
977 761 1131 795 eamque

90 823 138 845 ex
146 809 294 855 forma,
322 811 422 857 quod
438 813 492 844 ita
521 813 558 844 in
579 811 725 857 longum
741 816 911 855 porrecta
931 815 998 850 est,
1026 808 1130 841 Lon-

87 881 193 915 gam,
221 882 269 904 ex
293 871 412 904 colore
429 871 506 903 suis
529 868 665 902 Albam
686 869 968 912 cognominavit.
988 865 1130 910 Quum—

89 940 160 974 que
176 928 263 962 illuc
275 927 475 961 simulacra
490 927 638 961 deorum
658 926 854 959 Penatium
873 924 1126 965 transtulisset,

82 986 265 1032 postridie
288 985 392 1032 apud
409 986 599 1020 Lavinium
628 989 880 1031 apparuerunt
900 994 914 1014 .·
941 993 1132 1028 rursusque

89 1046 210 1078 relata
222 1045 377 1086 Albam,
401 1046 648 1091 appositisque
661 1041 867 1075 custodibus
885 1042 1005 1073 nescio
1019 1052 1132 1087 quan-

89 1105 146 1145 tis,
163 1115 202 1136 se
217 1104 407 1137 Lavinium
421 1105 457 1135 in
470 1104 664 1148 pristinam
677 1100 799 1133 sedem
818 1099 1015 1132 identidem
1033 1111 1132 1133 rece-

85 1169 231 1208 perunt.
261 1163 394 1208 Itaque
414 1164 519 1195 tertio
540 1172 646 1194 nemo
672 1170 782 1192 ausus
799 1164 853 1191 est
878 1169 1044 1191 amovere
1063 1169 1123 1200 ea,

89 1228 130 1254 ut
143 1224 315 1267 scriptum
335 1226 390 1253 est
408 1221 445 1252 in
466 1218 605 1252 Annali
623 1216 843 1262 Pontificum
860 1217 923 1250 IV
944 1215 1010 1264 (Ρ)
1041 1217 1123 1259 lib.‚

91 1277 210 1312 Cincii
237 1285 272 1312 et
292 1277 451 1312 Ctesaris
476 1277 525 1309 II
530 1303 537 1317 ,
577 1275 774 1309 Tuberonis
801 1276 836 1308 I.
868 1273 922 1310 Cf.
950 1275 1129 1312 Klausen.

89 1338 244 1372 AE'neas.
264 1348 302 1382 p.
325 1333 414 1369 623.

593 1421 627 1443 2.

140 1505 238 1542 Ibid.
262 1517 296 1541 e.
320 1505 364 1539 18
385 1517 392 1538 :
411 1505 499 1539 Post
515 1515 596 1538 eum
616 1503 792 1549 (Silvium
813 1501 1053 1552 Postumum)
1077 1515 1132 1537 re-

89 1567 216 1612 gnavit
247 1564 411 1598 Tiberius
429 1563 563 1597 Silvius
581 1562 816 1609 Silviifilius.
838 1562 912 1608 Qui
929 1574 1038 1609 quum
1058 1562 1132 1595 ad-

90 1635 207 1658 versus
224 1623 402 1667 finitimos
418 1622 552 1656 bellum
573 1619 771 1666 inferentes
784 1624 911 1668 copias
929 1622 1129 1664 eduxisset,

91 1685 187 1716 inter
210 1682 429 1729 proeliantes
456 1680 629 1727 depulsus
651 1682 687 1713 in
711 1680 889 1714 Albulam
899 1678 1044 1725 flumen
1065 1679 1132 1713 de-

87 1745 201 1788 periit
218 1741 458 1786 imitandique
477 1742 636 1773 nominis
655 1741 796 1773 exstitit
818 1750 950 1780 causa,
975 1746 1016 1772 ut
1037 1741 1132 1773 scri—

90 1800 178 1834 bunt
194 1801 326 1834 Lucius
348 1799 495 1833 Cincius
514 1798 576 1832 Iib.
597 1799 635 1840 I,
662 1798 829 1832 Lutatius
845 1798 909 1831 lib.
929 1798 1012 1832 III.

141 1859 228 1892 Duo
245 1858 322 1891 haec
340 1856 543 1903 fragmenta
553 1868 645 1890 num
659 1867 746 1890 vere
762 1856 833 1890 sint
846 1856 891 1891 L.
913 1855 1030 1890 Cincii
1046 1867 1133 1901 pro-

86 1924 171 1964 pter
182 1916 295 1951 fidem
311 1915 473 1950 auctoris
486 1914 572 1949 libri
590 1915 646 1949 De
666 1920 766 1961 gent.
788 1915 901 1949 Rom.
921 1913 1055 1948 merito
1071 1926 1132 1948 su-

88 1981 251 2021 spectam
263 1973 427 2008 dubitari
437 1978 575 2019 potest.
589 1970 701 2018 Apud
714 1971 936 2006 Strabonem
946 1971 991 2013 V,
1003 1982 1042 2017 p.
1057 1970 1131 2005 230

88 2034 135 2076 D,
155 2032 220 2066 ubi
240 2029 401 2072 Κεκίλιος
417 2030 434 2065 ὃ
461 2029 528 2065 τῶν
549 2026 735 2077 Ῥωμαίων
754 2024 970 2078 συγγραφεὺς
999 2027 1132 2062 lauda-

89 2098 163 2135 tur,
183 2103 262 2125 non
283 2088 568 2137 intelligendum
597 2100 671 2123 esse
691 2088 861 2123 Cincium
879 2093 1070 2129 nostrum,
1090 2093 1132 2120 ut

90 2150 256 2196 Heynius
275 2148 323 2184 ad
343 2148 473 2195 virgil.
493 2148 577 2183 AEn.
596 2158 678 2183 exe.
700 2145 748 2181 ad
768 2146 834 2180 lib.
861 2146 929 2181 VII
951 2143 1129 2190 conjicie-

88 2208 171 2252 bat,
199 2207 263 2242 sed
284 2207 442 2243 Coelium
462 2206 714 2252 Antipatrum,
736 2211 838 2239 recte
857 2210 986 2238 monet
1013 2203 1131 2238 Lach-

88 2278 214 2303 mann.
235 2268 292 2301 De
324 2265 434 2302 fontt.
454 2265 537 2299 Liv.
570 2263 606 2307 Ι,
635 2274 673 2310 p.
704 2261 768 2297 30.
796 2261 852 2299 Cf.
888 2262 1013 2299 Hertz.
1044 2262 1068 2298 l.
1102 2262 1126 2297 l.

88 2336 126 2371 p.
148 2336 211 2362 21.

595 2396 630 2433 3.

145 2490 297 2537 Dionys.
311 2490 396 2526 Hal.
412 2490 442 2534 Ι,
460 2494 522 2535 74,
536 2501 568 2526 e.
593 2488 660 2535 187
679 2491 725 2527 R.
744 2502 752 2524 :
770 2487 913 2531 Λεύκιος
928 2487 962 2525 δὲ
979 2488 1129 2539 Κίγκιος,

92 2547 180 2598 ἀνὴρ
206 2549 274 2584 τῶν
293 2548 331 2584 ἐκ
350 2551 410 2584 τοῦ
438 2548 658 2598 βουλευτικοῦ
688 2547 881 2599 συνεδρίου,
908 2548 986 2599 περὶ
1014 2547 1052 2584 τὸ
1072 2547 1131 2584 τέ-

91 2621 215 2657 ταρτον
233 2605 304 2649 ἔτος
320 2609 379 2651 τῆς
397 2605 591 2650 δωδεκάτης
606 2605 817 2655 ὀλυμπιάδος
841 2608 1015 2655 (Romam
1037 2621 1127 2643 con-

90 2666 205 2701 ditam
221 2666 377 2714 statuit).
1037 2657 1042 2662 ¹

144 2723 283 2759 Eadem
309 2725 426 2759 Solin.
459 2736 491 2758 c.
521 2736 557 2767 2,
587 2724 722 2760 Euseb.
745 2724 883 2759 Chron.
903 2736 941 2770 p.
967 2723 1041 2758 208
1065 2724 1125 2759 ed.

91 2783 195 2826 Mai„
219 2782 380 2829 Syncell.
404 2795 444 2829 p.
470 2782 561 2829 193,
589 2784 635 2817 D.
657 2782 746 2828 Quae
768 2783 815 2817 de
834 2782 942 2828 hujus
961 2784 1127 2829 computi

92 2843 236 2876 ratione
253 2842 415 2889 disputat
439 2843 620 2880 Niebuhr.
642 2844 678 2888 I,
698 2855 787 2891 299.
809 2842 905 2886 286,
927 2855 1060 2878 vereor
1082 2856 1129 2878 ne

94 2901 261 2934 acutiora
275 2901 345 2935 sint
360 2913 470 2947 quam
488 2902 649 2938 veriora.

594 2997 630 3034 4.

147 3084 266 3123 Idem.
288 3084 325 3129 I,
349 3097 416 3132 79,
436 3098 476 3133 p.
497 3098 566 3121 201
588 3088 635 3123 R.
660 3086 707 3121 de
721 3087 796 3121 Iliae
811 3088 953 3124 sobole.
971 3088 1063 3123 Vide
1080 3088 1126 3134 Q.

93 3144 198 3180 Fabii
217 3145 373 3179 Pictoris
394 3144 439 3179 fr.
468 3158 499 3178 1.

136 3381 251 3412 Lucius
262 3381 400 3417 Cincius,
413 3381 460 3411 vii·
469 3390 506 3411 cx
519 3381 628 3411 ordino
640 3382 809 3419 senatorio,
821 3382 902 3412 circa
912 3390 1029 3412 annum
1041 3390 1127 3420 ‹niar-

1161 184 1238 221 AL!
1249 185 1408 223 MENTI

1698 308 1733 344 5.

1247 396 1351 430 Idem
1366 396 1415 439 11,
1434 395 1482 430 38
1497 403 1533 431 et
1549 396 1596 443 39
1611 396 1658 431 de
1669 396 1822 444 Tarpeia
1838 397 1969 432 urbem
1986 398 2129 433 Sabinis
2141 411 2233 446 pro-

1193 454 1317 492 dente.
1340 454 1430 490 Vide
1450 454 1581 502 sragm.
1601 459 1620 497 l,
1638 455 1744 490 Fabii
1764 456 1931 492 Pictoris.

1694 542 1732 580 6.

1244 621 1350 656 Idem
1368 622 1404 655 in
1419 623 1508 659 Exc.
1532 623 1712 658 Escorial.
1728 624 1784 658 De
1800 623 1908 659 insid.
1925 636 1957 660 c,
1979 635 2013 667 1,
2027 623 2091 657 ubi
2109 624 2234 670 Spurii

1193 680 1300 714 Maelii
1314 680 1467 714 historia
1482 692 1552 714 sec.
1570 681 1738 715 Cincium
1753 688 1789 715 et
1803 682 2046 727 Calpurnium
2064 682 2235 717 Pisonem

1193 739 1410 784 exponitur.
1439 738 1532 773 Vide
1552 739 1720 788 Dionysii
1738 741 1829 776 Exc.
1857 741 1983 777 Escor.
2014 741 2053 774 in
2069 747 2160 775 tom.
2183 741 2234 785 II,

1191 808 1231 843 p.
1251 808 1393 831 xxvm.

1697 872 1718 883 ,-

1702 883 1713 904 s
1727 890 1734 896 .

1245 940 1372 974 Livius
1385 940 1455 975 VII
1466 966 1475 984 ‚
1497 938 1516 973 3
1539 952 1546 974 :
1568 941 1647 974 Lex
1659 947 1805 974 vetusta
1819 948 1872 974 est
1879 944 2014 988 priscis
2031 943 2143 976 literis
2155 954 2239 977 ver-

1193 999 1317 1045 bisque
1331 1000 1482 1045 scripta,
1516 1005 1556 1031 ut
1572 1000 1635 1045 qui
1649 1006 1792 1045 proetor
1809 1003 1995 1034 maximus
2011 1003 2080 1043 sit,
2113 1001 2240 1035 Idibus

1193 1057 1460 1104 septembribus
1479 1057 1620 1090 clavum
1630 1064 1795 1104 pungat.
1815 1058 1850 1091 F
1849 1060 1930 1091 iac-us
1933 1056 2020 1102 fuit
2033 1059 2164 1094 deoetm
2180 1060 2238 1093 Ια-

1196 1119 1265 1150 teri
1277 1116 1370 1150 cedis
1379 1116 1480 1150 lovis
1489 1118 1617 1162 optimi
1627 1118 1786 1150 maximi
1797 1128 1845 1150 ex
1855 1129 1927 1163 qua
1937 1125 2046 1164 parte
2057 1117 2238 1151 illinet-vie

1195 1176 1369 1221 templum
1387 1181 1453 1209 est.
1475 1174 1568 1208 Eum
1589 1174 1747 1216 clavum,
1776 1177 1865 1220 quia
1883 1186 1981 1208 rara,2
1995 1187 2066 1221 per
2083 1187 2129 1209 ea
2149 1183 2237 1209 tem·

1191 1245 1287 1279 pora
1318 1233 1436 1266 literoe
1463 1239 1586 1274 erant,
1613 1239 1738 1266 uotam
1762 1235 1906 1266 numeri
1930 1245 2109 1267 annorum
2117 1231 2239 1278 fuisse

1187 1289 1318 1335 ferunt
1336 1304 1347 1324 :
1362 1303 1474 1338 eoque
1493 1291 1676 1326 Minervoe
1690 1291 1825 1338 templo
1838 1291 2002 1325 dicatam
2021 1293 2136 1340 legem
2153 1295 2238 1339 quia

1195 1361 1365 1384 numerus
1384 1349 1570 1383 illinervoe
1598 1351 1780 1383 inventum
1806 1352 1867 1383 sit.
1891 1350 2070 1384 Volsiniis
2096 1363 2240 1397 quoque

1194 1409 1315 1442 clavos
1329 1408 1469 1442 indices
1485 1410 1628 1441 numeri
1641 1419 1820 1442 annoruln
1830 1407 1930 1451 fixos
1943 1411 1979 1442 in
1997 1410 2133 1456 templo
2147 1410 2238 1444 Nor-

1194 1470 1258 1500 tioe
1277 1467 1307 1500 E
1309 1474 1440 1500 truscoe
1458 1467 1540 1500 dece
1556 1478 1767 1513 comparere
1782 1467 1942 1512 diligens
1963 1468 2093 1501 talium
2111 1479 2237 1502 monu-

1194 1533 1394 1560 mentorum
1425 1533 1553 1559 auctor
1584 1525 1734 1559 Cincius
1766 1523 1950 1571 affirmat.
1988 1525 2046 1562 Cf.
2086 1526 2235 1563 Muller.

1194 1584 1333 1620 EtrusC.
1352 1595 1392 1630 p.
1413 1581 1487 1631 329
1507 1595 1564 1630 sq.
1585 1583 1749 1618 Klausen
1768 1585 1908 1617 AEneas
1920 1595 1960 1631 p.
1988 1596 2101 1621 1010.

1699 1667 1735 1704 8.

1245 1757 1371 1792 Livius
1388 1757 1503 1804 XXI,
1527 1755 1574 1791 38
1595 1769 1603 1791 ε
1628 1756 1790 1802 Quantae
1808 1761 1927 1804 copioe
1953 1765 2178 1806 transgresso
2198 1762 2237 1793 in

1196 1817 1351 1850 Italiam
1371 1815 1580 1850 Hannibali
1593 1813 1759 1860 fuerint,
1793 1828 2024 1863 nequaquam
2046 1819 2139 1851 inter
2167 1830 2236 1852 au-

1193 1883 1306 1908 ctores
1319 1881 1469 1909 constat.
1489 1874 1561 1918 Qui
1570 1875 1790 1920 plurimum,
1819 1882 1960 1908 centum
1982 1875 2103 1908 millia
2117 1876 2234 1922 pedi-

1194 1940 1282 1975 tum,
1298 1935 1442 1980 viginta
1459 1935 1617 1979 equitum
1619 1929 1742 1977 fuisse
1754 1932 1931 1976 scribunt,
1949 1936 2014 1979 qui
2027 1936 2228 1977 minimum,

1193 1995 1327 2039 viginti
1338 1992 1458 2026 millia
1460 1992 1642 2040 peditum,
1663 2003 1730 2025 sex
1744 1994 1919 2038 equitum.
1937 1993 1976 2026 L.
1989 1992 2135 2027 Cincius
2149 1995 2185 2027 A
2189 1994 2236 2028 li-

1194 2058 1344 2092 mentus,
1361 2054 1574 2097 quicaptum
1584 2061 1624 2084 se
1636 2048 1685 2084 ab
1696 2050 1910 2084 Hannibale
1918 2051 2053 2093 scribit,
2070 2054 2237 2086 maxime

1193 2117 1321 2144 auctor
1350 2121 1407 2143 me
1439 2116 1609 2151 moveret,
1648 2111 1719 2142 nisi
1751 2106 1990 2153 confunderet
2021 2121 2231 2154 numerum,

1196 2169 1320 2203 Gallis
1384 2167 1646 2214 Liguribusque
1664 2167 1800 2201 additis
1819 2179 1832 2200 .·
1861 2178 1941 2201 cum
1965 2165 2022 2201 his
2047 2171 2234 2214 octoginta

1193 2227 1311 2260 millia
1317 2226 1504 2272 peditum,
1518 2225 1642 2258 elecem
1657 2227 1816 2271 equitum
1831 2225 1993 2259 adducta
2005 2228 2041 2259 in
2051 2227 2204 2261 Italiam
2221 2239 2232 2259 .-

1193 2283 1336 2333 (magis
1356 2282 1547 2329 affluxisse
1561 2283 1761 2317 verisimile
1778 2290 1850 2325 cst,
1868 2290 1904 2317 et
1924 2286 1976 2316 ita
1996 2283 2144 2329 quidam
2162 2296 2234 2318 au—

1190 2352 1303 2379 ctores
1329 2341 1436 2390 sunt)
1466 2355 1478 2376 :
1504 2353 1553 2376 ea:
1584 2344 1662 2388 ipso
1692 2348 1813 2376 autem
1833 2342 1979 2375 audisse
1998 2341 2228 2383 Hannibale,

1187 2410 1380 2449 postquam
1395 2399 1615 2435 Rhodanum
1637 2402 1840 2443 transierit,
1868 2402 2019 2447 triginta
2031 2411 2099 2434 sex
2114 2401 2233 2434 millia

1191 2460 1381 2494 hominum
1393 2485 1403 2502 ‚
1425 2461 1681 2504 ingentemque
1700 2469 1888 2492 numerum
1905 2470 2079 2504 equorum
2095 2465 2131 2493 et
2145 2459 2232 2492 alio·

1190 2531 1268 2552 rum
1280 2522 1529 2564 jumentorum
1544 2519 1710 2550 amisisse
1721 2543 1730 2560 ‚
1749 2519 1785 2550 in
1803 2517 1987 2558 Taurinis,
2012 2528 2097 2563 quoe
2113 2517 2234 2552 Gallis

1186 2579 1366 2623 prooeima
1381 2587 1473 2621 gens
1490 2582 1586 2617 erat,
1611 2577 1647 2608 in
1662 2575 1818 2608 Italiam
1837 2575 2061 2621 degressum.

1249 2651 1263 2665 «
1289 2634 1354 2670 Vel
1373 2633 1543 2668 consulto
1562 2633 1620 2667 vel
1637 2632 1684 2667 ab
1702 2632 1912 2667 Hannibale
1926 2632 2126 2679 deceptum
2145 2632 2232 2668 falsa

1190 2693 1243 2727 ibi
1261 2692 1405 2727 tradere
1424 2691 1592 2726 Cincium
1612 2690 1652 2724 in
1670 2690 1837 2724 animum
1864 2690 1935 2724 sibi
1955 2689 2105 2725 induxit
2126 2702 2229 2725 sum—

1189 2764 1270 2786 mus
1283 2750 1448 2787 Gibbon.
1462 2748 1770 2797 (illiscellaneous
1783 2748 1910 2791 works,
1926 2755 2017 2786 tom.
2033 2750 2084 2796 ΙΙ,
2095 2761 2134 2796 p.
2156 2747 2226 2784 186

1189 2821 1271 2856 sqq.
1289 2808 1324 2856 ),
1347 2807 1518 2843 laudatus
1537 2819 1558 2842 a
1578 2807 1820 2842 Lachmanno
1841 2807 1867 2844 l.
1891 2807 1916 2843 l.
1937 2808 1994 2851 11,
2018 2819 2058 2854 p.
2083 2806 2146 2852 16,
2165 2808 2229 2854 qui

1190 2866 1319 2902 contra
1349 2866 1638 2913 ingeniosissima
1665 2865 1916 2912 disputatione
1936 2865 2073 2900 evincit
2102 2877 2141 2912 p.
2164 2863 2228 2910 81,

1190 2938 1267 2960 non
1284 2925 1454 2960 Cincium
1467 2925 1528 2959 hic
1541 2935 1678 2959 errasse
1689 2952 1700 2971 ‚
1714 2923 1778 2959 sed
1796 2924 1940 2959 Livium
1957 2935 2083 2971 graecae
2097 2923 2230 2970 linguae

1190 2984 1377 3033 imperitia
1393 2982 1540 3029 Polybii
1560 2981 1675 3017 verba
1692 2982 1935 3016 inconsultius
1958 2992 2229 3027 nonnunquam

1190 3048 1409 3084 vertentem,
1422 3041 1460 3074 in
1471 3040 1587 3075 Cincii
1599 3051 1751 3087 quoque
1760 3039 1938 3074 sententia
1953 3037 2230 3085 interpretanda

1191 3100 1333 3146 lapsum
1351 3110 1438 3135 esse.
1464 3098 1566 3144 Quos
1586 3098 1685 3132 enim
1705 3096 1854 3134 Cincius
1880 3096 1949 3143 ipsi
1969 3096 2102 3131 tabulae
2118 3096 2229 3131 Laci-

1190 3158 1307 3193 niensi
1332 3157 1377 3192 ab
1408 3156 1616 3192 Hannibale
1637 3155 1853 3202 conscriptae
1874 3152 2028 3201 (Polyb.
2050 3154 2123 3196 III,
2152 3152 2226 3202 33)

1193 3217 1424 3251 consentiens
1444 3228 1489 3250 ex
1509 3214 1685 3261 Hispania
1701 3214 1740 3247 in
1757 3213 1898 3248 Italiam
1917 3212 2106 3259 profectos
2122 3211 2227 3247 dixe-

1189 3324 1258 3353 tum
1276 3321 1472 3361 Olympiadis
1488 3321 1683 3352 duodecimae
1703 3322 1835 3351 Romam
1855 3319 1967 3351 urbem
1984 3319 2143 3351 conditam
2160 3328 2226 3351 esse

1188 3373 1308 3404 statuit.
