2289 3728
936 161 1261 200 FRAGMENTA.

47 250 235 285 culiariter
251 249 347 283 dicta
367 257 403 283 et
422 250 637 296 sepulcralia
654 250 811 283 maxime
828 250 862 282 in
882 249 976 282 hauc
998 248 1076 282 col-

47 307 241 342 lectionem
272 314 421 353 recepta
449 307 576 353 suisse3
608 313 643 340 et
672 307 846 352 cogitavit
868 306 914 340 dc
947 306 1078 339 talibus

46 365 318 411 epigrammatis
341 366 450 398 etiam
477 364 622 399 Jacobs,
651 363 846 397 Animadv.
867 364 902 396 in
923 363 1074 397 Anthol.

47 422 149 468 praef.
177 423 257 459 init,
291 423 520 456 Exeitaverat
551 433 591 455 ea
616 421 765 454 Polemo
791 421 949 467 singulas
967 420 1077 454 urbes

47 479 242 523 obeundo,
266 487 300 514 ct
320 479 468 513 videtur
487 480 594 513 etiam
617 480 653 512 in
675 479 752 525 ipso
774 491 887 525 opere
908 476 997 513 κατὰ
1014 476 1075 513 πό-

46 538 112 578 λεις
132 550 173 572 ea
193 544 384 582 tractasse,
406 537 510 582 quod
534 537 718 571 indicatur
749 544 823 570 tum
844 538 924 583 ipso
946 537 1074 580 titulo,

48 604 122 630 tum
140 597 180 629 iis
195 595 492 641 quaefragmento
509 595 556 629 80
570 595 745 641 praefatur
763 595 959 630 Atlienaeus
975 606 983 630 :
1005 594 1074 630 llo-

46 652 159 701 λέμων
173 654 207 688 ἐν
222 654 269 702 τῷ
289 651 376 703 Περὶ
386 653 453 688 τῶν
468 651 557 687 κατὰ
568 652 682 694 πόλεις
694 651 966 701 ἐπιγραμμάτων
978 650 1076 701 περὶ

48 709 227 748 Ἠλείων
244 709 316 759 λέγ
329 725 380 746 ων
400 709 625 759 παρατίθεται
646 709 720 745 τόδε
737 708 774 745 τὸ
795 708 998 759 ἐπίγραμμα
1012 737 1020 753 ,
1042 710 1076 743 11.

46 783 78 804 e.
96 771 133 803 in
149 782 188 803 ea
204 776 309 816 parte
326 769 466 815 operis,
485 781 565 814 quae
579 776 657 802 erat
673 766 751 817 περὶ
769 768 834 803 τῶν
854 767 929 802 κατ’
948 763 1077 803 Ἤλιδα

47 825 331 876 ἐπιγραμμάτων.
354 828 408 861 De
429 834 648 873 argumento
673 839 801 860 eorum
815 853 823 868 ‚
847 837 927 871 quae
948 837 992 859 ex
1010 825 1078 859 hac

47 888 268 921 collectione
284 893 444 929 exstant,
467 887 772 932 epigrammatum
793 886 927 918 mirum
956 885 1079 918 omnia

47 946 180 980 versari
199 946 236 979 in
257 944 428 979 laudibus
443 951 659 990 potatorum
671 971 679 986 ‚
697 934 786 990 quas
806 943 979 978 affectare
999 943 1078 989 glo-

47 1003 185 1036 riosum
206 1014 247 1036 ea
272 1008 374 1035 aetate
404 1001 601 1035 videbatur
628 1014 704 1035 11011
732 1007 805 1035 tam
837 1001 923 1046 ipsis
948 1001 1081 1035 Graecis

50 1059 153 1105 (nam
181 1066 286 1093 erant
305 1059 343 1092 hi
371 1067 406 1093 et
426 1060 687 1106 ingeniosiores
716 1070 827 1104 quam
847 1058 911 1103 qui
939 1069 982 1092 ex
1009 1070 1079 1104 po-

49 1117 162 1151 tando
179 1117 372 1164 gloriolam
391 1117 459 1151 sibi
474 1124 697 1163 quaererent,
720 1124 756 1151 et
771 1117 848 1162 ipsa
860 1115 1080 1150 educatione

48 1175 328 1218 moderatiores,
349 1187 385 1209 v.
409 1174 596 1209 Welcker.
618 1174 665 1209 ad
684 1174 851 1221 Tlieogn.
874 1185 911 1220 p.
940 1174 983 1208 16
1005 1186 1078 1220 sq„

48 1233 158 1267 Raeh.
178 1232 224 1267 ad
245 1232 336 1269 Crit.
358 1245 395 1279 p.
418 1236 465 1273 40
483 1232 556 1280 sq.)
579 1245 688 1278 quam
702 1231 968 1266 Macedonibus
984 1233 1081 1266 aliis—

49 1303 142 1336 que,
163 1303 242 1336 quae
268 1303 351 1324 cum
375 1291 507 1325 Graecis
523 1291 646 1325 mixtae
667 1297 770 1325 erant
796 1289 1081 1336 dominiumque

49 1360 161 1394 penes
180 1360 241 1382 eos
258 1348 464 1391 habebant,
486 1349 698 1383 nationibus
711 1348 983 1383 semibarbaris.
1009 1364 1022 1378 υ

534 1430 595 1464 79·

102 1488 297 1522 Athenaeus
322 1489 358 1522 X
368 1500 431 1534 ‚.p
459 1488 545 1531 436,
560 1489 622 1522 D:
644 1484 803 1523 Ἔπινε
786 1485 819 1522 οὲ
836 1487 995 1522 πλεῖστον
1022 1486 1080 1523 καὶ

50 1543 234 1594 Αρκαδίων
255 1544 400 1594 (ἄδηλον
422 1544 449 1580 δ’
466 1544 494 1580 εἷ
512 1546 528 1580 ὁ
549 1543 724 1594 Φιλίππω
746 1543 1009 1594 διεχθρευσας),
1036 1546 1079 1586 ὡς

49 1600 86 1637 τὸ
107 1601 310 1652 ἐπίγραμμα
335 1603 448 1647 δηλοῖ,
469 1600 550 1652 ὅπερ
577 1602 748 1653 ἀνέγραψε
774 1603 943 1650 Πολέμων
971 1603 1002 1637 ἐν
1029 1606 1078 1639 τιΝ)

51 1658 137 1710 Περι
156 1662 223 1696 τιΝ1ν
244 1659 332 1696 κατὰ
350 1660 492 1702 πόλεις’
478 1675 639 1711 επι(ραυ
635 1673 763 1696 αατων·

131 1755 193 1784 Τοῦ
206 1754 426 1788 πολυκώθωνος
440 1753 521 1783 τοῦτ’
536 1754 619 1792 ἠρίον
638 1753 835 1793 Ἀρκαδίωνος

172 1801 279 1835 ἄστεος
297 1801 444 1839 ὤρθωσαν
461 1801 516 1840 τᾷδ
520 1801 619 1839 επαρ’
641 1801 798 1840 ἀτραπιτῷ

132 1849 214 1884 υἱῆες
227 1848 352 1887 Δόρκων
365 1848 417 1877 καὶ
433 1848 603 1886 Χαρμύὶος.
622 1847 781 1886 ’Έφθιτο’
757 1858 772 1877 ο
798 1847 876 1886 ὡνήρ
887 1871 894 1882 ,

173 1894 318 1933 ἄνθρωπ’,
339 1894 373 1924 ἐκ
386 1894 497 1932 χανδῆς
513 1896 696 1932 ζωροποτῶν
709 1893 841 1928 κύλικος.

52 1975 271 2027 Ἐρασίξενον
299 1975 332 2012 δέ
359 1991 432 2011 τινα
453 1974 648 2011 πεπωκέναι
676 1975 835 2012 πλεῖστόν
863 1992 943 2026 φησι
968 1977 1005 2013 τὸ
1026 1979 1079 2013 ἐπ’

52 2036 143 2085 αὐτῷ
163 2034 381 2085 ἐπίγραμμα·

134 2122 193 2152 Τὸν
215 2121 307 2160 βαθὺν
323 2121 483 2157 οἰνοπότην
500 2121 689 2160 Ἐρασίξενον
705 2123 723 2158 ἡ
741 2122 783 2156 δὶς
797 2122 896 2160 ἐφεξῆς

174 2168 307 2207 ἀκρήτου
324 2169 499 2208 προποθεῖσ’
519 2168 609 2208 ᾤχετ’
628 2168 746 2208 ἔχουσα
760 2170 853 2204 κύλιξ.

53 2244 212 2282 Ἔπινε
194 2243 229 2280 οὲ
249 2244 329 2280 πλεΝ
300 2259 408 2280 ειστον
425 2242 484 2280 καὶ
500 2242 688 2286 Ἀλκετας
676 2256 692 2279 ο
707 2243 958 2289 Μακεδι1ν,(ἷ’1ς
980 2260 1080 2293 φησιν

52 2301 275 2352 Αριστοςὸ
254 2300 545 2350 ...αλαμίνιος,και
559 2300 742 2349 Διότιμος
731 2317 747 2337 ο
763 2302 950 2347 Ἀθηναῖος
971 2306 1082 2345 Οὗτος

54 2361 87 2396 δὲ
109 2359 168 2396 καὶ
187 2358 291 2404 Χώνη
317 2360 533 2397 ἐπεκαλειτο·
557 2359 764 2408 ἐντιθέμενος
782 2376 846 2411 γαρ
870 2363 919 2397 τεΝ)
937 2361 1082 2409 στόματι

59 2473 265 2510 (istryectms.
283 2484 296 2497 ›·
322 2473 418 2501 Porro
444 2471 474 2501 in
503 2472 582 2510 regis
603 2480 764 2501 sacrorum
788 2472 908 2511 legibus
933 2473 1083 2512 scriptum

54 2524 100 2553 est
116 2536 122 2553 z
141 2521 334 2561 sacrificare
347 2521 493 2561 Apollini
512 2522 780 2553 Achai-neaman
792 2525 976 2562 parasitos.

54 2611 121 2647 DE
158 2609 548 2647 EPIGRAMMATIS
585 2610 921 2649 SINGULARUM
957 2612 1083 2649 CIVI—

472 2672 663 2710 TATUM.

540 2773 596 2804 79.

97 2850 179 2879 Vino
192 2850 286 2879 etiam
307 2848 431 2879 deditus
454 2850 554 2879 suerat
575 2850 731 2880 Arcadion
747 2851 756 2887 (
771 2850 926 2881 incertum
940 2859 980 2881 an
994 2851 1018 2881 is
1032 2852 1085 2890 qui

57 2900 215 2938 praecipuo
231 2899 303 2930 odio
322 2899 498 2939 Philippum
517 2901 701 2939 prosecutus
719 2901 832 2940 erat),
850 2902 884 2931 ut
894 2902 1086 2941 epigramma

56 2952 210 2990 declarat,
226 2953 309 2992 quod
329 2954 455 2983 Polemo
481 2954 675 2992 consignavit
696 2954 728 2983 in
750 2953 828 2983 libro
849 2957 893 2985 De
909 2954 1083 2994 inscriptio·
1114 2944 1117 2949 ἢ

57 3003 148 3034 nibus
160 3012 231 3042 quae
252 3005 366 3043 passim
382 3004 413 3034 in
427 3004 607 3034 civitatibus
623 3005 747 3034 exstant
762 3017 768 3034 z

128 3071 313 3105 compotoris
327 3070 384 3098 boc
397 3072 626 3098 monumentum
641 3070 812 3098 Arcadionis

161 3115 212 3142 bic
224 3115 259 3142 ad
273 3115 354 3142 urbis
367 3119 525 3143 erexerunt
539 3116 615 3143 viam

129 3160 179 3188 lilii
193 3163 310 3189 Dorcon
325 3163 355 3188 ct
368 3161 549 3193 Cbarmylus.
566 3162 645 3188 Obiit
659 3164 758 3188 autem
772 3161 819 3188 ille
831 3182 838 3194 ,

162 3214 180 3232 0
197 3205 302 3240 viator,
317 3207 462 3241 capaciori
476 3215 591 3234 merum
605 3207 742 3233 hauriens
755 3213 789 3234 ex
803 3207 901 3234 calice.

59 3270 137 3298 llem
169 3269 370 3299 Erasixenuni
397 3270 554 3308 quendam
580 3270 705 3308 plurimi
732 3271 823 3309 potus·
854 3271 946 3301 fuisse
971 3271 1085 3302 indicat

57 3320 265 3358 epigramma,
280 3321 362 3359 quod
380 3322 407 3350 in
427 3321 513 3351 illuni
529 3322 630 3352 exstat
648 3334 653 3350 2

2087 169 2157 202 139

1137 248 1250 297 χώνην
1272 250 1456 292 ἀπαύστως
1486 250 1595 287 ἔπινεν
1616 251 1841 301 ἐπιχεομένου
1873 250 1982 296 οἴνου,
2011 249 2083 287 ὅθεν
2109 251 2162 286 καὶ

1138 306 1241 349 Χώνη
1260 307 1451 353 ἐπεκλήθη,
1472 307 1516 350 ὥς
1535 324 1617 360 φησι
1640 308 1820 357 Πολέμων.

1193 367 1416 401 Postremum
1443 370 1667 414 epigramma
1697 370 1733 403 in
1762 369 1912 405 Anthol.
1937 367 2100 403 Palatina
2130 369 2166 412 l,

1137 436 1175 469 p.
1200 427 1272 464 444
1296 425 1472 458 tribuitur
1489 427 1734 470 Calli1uac1103
1756 427 1802 461 de
1821 428 1937 461 altero
1958 439 1993 462 ν.
2015 426 2164 461 Jacobs.

1138 483 1174 515 in
1194 482 1366 528 Appcnd.
1388 483 1586 530 Antholog.
1608 485 1681 520 vol.
1703 487 1756 527 11,
1780 498 1817 531 p,
1842 484 1929 529 874.

1621 575 1682 610 80.

1189 669 1292 703 Idem
1310 670 1346 703 X
1359 696 1368 712 ‚
1389 681 1426 715 p.
1447 674 1540 714 442,
1561 671 1590 704 Ε
1609 681 1617 706 :
1636 670 1805 718 Πολέμων
1828 671 1863 708 δὲ
1878 674 1911 708 ἐν
1925 674 1973 723 τῷ
1994 673 2078 722 Περὶ
2099 674 2169 708 τῶν

1138 723 1225 760 κατὰ
1243 723 1357 766 πόλεις
1375 724 1647 775 ἐπιγραμμάτων
1665 726 1742 776 περὶ
1760 727 1904 765 Ἠλείων
1930 727 2037 778 λέγων
2051 744 2169 781 παρα-

1137 781 1264 818 τίθεται
1280 782 1355 818 τόδε
1375 782 1413 819 τὸ
1430 781 1635 833 ἐπίγραμμα
1648 799 1656 806 ·

1222 878 1308 913 Ἦλις
1323 880 1373 909 καὶ
1389 879 1488 918 μεθύει
1503 881 1555 909 καί
1570 879 1729 918 ψεύδεται·
1745 880 1807 914 οἶος
1822 880 1951 911 ἑκάστου

1260 926 1355 962 οἶκος,
1370 926 1437 962 τοίη
1452 926 1487 962 δὴ
1502 927 1552 956 καὶ
1567 926 1732 956 συνάπασα
1748 926 1843 961 πόλις.

1139 1007 1190 1042 Cf.
1218 1007 1394 1054 Append.
1420 1008 1572 1044 Anthol.
1588 1009 1643 1051 ΙΙ,
1662 1020 1700 1055 p.
1725 1007 1820 1051 8203
1842 1009 1915 1042 vol.
1937 1010 2004 1052 ΙΙΙ,
2023 1022 2060 1055 p.
2082 1010 2170 1056 931.

1138 1067 1310 1100 Ceterum
1327 1066 1449 1113 colligi
1470 1078 1515 1100 ex
1534 1066 1573 1101 h.
1591 1065 1617 1102 l.
1639 1067 1771 1112 possit,
1792 1067 1901 1101 titulo
1918 1068 2045 1113 scripti
2067 1069 2173 1102 Pole-

1138 1124 1254 1157 monii
1273 1122 1470 1171 significari
1486 1125 1749 1171 epigrammata
1766 1125 1803 1157 in
1819 1125 1978 1171 singulas
1992 1126 2173 1171 civitates,

1140 1194 1221 1228 <111ae
1252 1181 1419 1215 indolem
1453 1193 1579 1216 earum
1615 1193 1812 1228 moresque
1843 1181 1970 1216 facetis
2002 1184 2175 1229 salsisque

1141 1240 1262 1275 verbis
1291 1240 1647 1286 complectebantur.

1140 1297 1306 1342 dederit,

1680 1241 1754 1274 Elis
1782 1241 1909 1275 vinosa
1943 1242 2174 1276 occasionem

1338 1298 1384 1332 de
1415 1299 1492 1333 aliis
1518 1299 1623 1334 claris
1652 1299 1889 1345 potatoribus
1907 1300 2054 1346 poetica
2074 1312 2175 1346 quae—

1143 1355 1227 1390 dam
1248 1355 1488 1403 congerendi.

1452 1447 1571 1484 ΠΕΡΙ
1604 1448 1864 1486 ΠΟΤΑΜΩΝ.

1194 1548 1281 1582 Pars
1300 1547 1408 1593 hujus
1426 1549 1550 1594 operis
1569 1549 1770 1584 laudatm:
1795 1548 1876 1598 Περὶ
1897 1564 1933 1584 τ(
1920 1551 1963 1584 ”iv
1980 1550 2012 1585 ἐν
2035 1548 2177 1586 Σικελία

1141 1605 1305 1651 ποταμῶν
1323 1605 1388 1653 (fr.
1412 1605 1504 1654 82),
1536 1613 1572 1641 et
1595 1607 1741 1653 plenius
1757 1607 1822 1655 (ᾗ.
1847 1607 1934 1655 83);
1956 1606 2042 1657 Περι
2060 1609 2125 1642 τ(Ν)ν
2144 1608 2178 1642 ἐν

1143 1661 1285 1713 Σικελίᾳ
1297 1663 1562 1711 θαυμαζομένων
1576 1666 1754 1712 ποταμῶν.
1775 1667 2001 1701 Continuisse
2017 1679 2054 1701 se
2071 1667 2177 1701 Pole-

1141 1734 1291 1756 monem
1307 1723 1346 1755 in
1368 1723 1411 1756 iis
1428 1722 1664 1758 recensendis
1688 1722 1826 1767 fluviis,
1853 1726 1915 1770 qui
1936 1725 2179 1759 memorabile

1141 1780 1282 1826 aliquid
1302 1788 1364 1815 aut
1382 1781 1552 1816 mirabile
1569 1781 1765 1827 baberent,
1789 1790 1888 1817 recte
1904 1796 2058 1818 monere
2074 1783 2178 1818 vide-

1143 1844 1204 1872 tur
1220 1839 1413 1873 Prellerus.

1629 1918 1688 1953 81.

1194 2015 1319 2051 Schol.
1345 2016 1475 2062 Eurip.
1508 2016 1606 2051 Med.
1635 2018 1723 2061 827.

1143 2072 1209 2120 (sc.
1229 2073 1425 2123 Κηψισσοῦ)
1441 2072 1658 2121 μνημονεύει.
1675 2071 1688 2084 ''

1755 2030 1762 2050 :
1793 2017 1865 2053 Νῦν
1895 2019 1953 2053 τοῦ
1982 2017 2016 2053 ἐν
2043 2015 2178 2067 Ἀττικῇ

1696 2075 1777 2110 Εστι
1787 2073 1918 2123 γὰρκαὶ
1928 2072 2177 2126 ἕτεροςὸμώνυ-

1144 2144 1202 2177 μος
1218 2131 1250 2166 ἐν
1269 2129 1429 2180 Βοιωτίᾳ.
1445 2129 1524 2168 Εἰσὶ
1542 2128 1576 2166 δὲ
1591 2131 1648 2167 καὶ
1665 2130 1790 2182 ἕτεροι,
1802 2131 1889 2168 καθά
1907 2146 1989 2183 φησι
2008 2132 2178 2182 Πολέμων

1143 2189 1176 2223 ἐν
1203 2189 1252 2239 τῷ
1272 2188 1359 2239 Περὶ
1387 2191 1566 2237 ποταμῶν,
1585 2189 1723 2240 γράφων
1745 2188 1865 2232 οὕτως·
1893 2209 1906 2221 κ
1935 2190 1995 2228 Ἔν
2020 2191 2179 2236 Ἀθήνησί

1143 2260 1179 2282 τε
1198 2246 1378 2297 Κηφισσὸς
1394 2246 1451 2282 καὶ
1467 2248 1500 2282 ἐν
1518 2249 1667 2285 Σικυῶνι
1684 2247 1742 2283 καὶ
1761 2249 1793 2283 ἐν
1807 2246 1974 2298 Ἄργειμ.
1993 2267 2007 2281 υ

1196 2306 1250 2341 Cf.
1274 2307 1406 2341 Strabo
1434 2308 1508 2350 IX,
1531 2320 1566 2354 p.
1592 2311 1664 2349 424
1695 2320 1703 2342 2
1725 2302 1831 2343 ’Έστι
1852 2306 1885 2342 δὲ
1911 2307 2086 2358 Κηφισσος
2103 2306 2121 2343 δ’
2142 2323 2177 2343 τε

1144 2362 1305 2404 Φωκικὸς
1323 2363 1380 2398 καὶ
1404 2365 1422 2399 ὁ
1455 2363 1614 2408 Ἀθήνησι
1635 2364 1692 2400 καὶ
1713 2366 1729 2399 ὁ
1748 2366 1780 2400 ἐν
1802 2365 1998 2413 Σαλαμῖνι·
2020 2365 2179 2415 τέταρτος

1215 2472 1402 2500 Profundum
1417 2474 1628 2508 vini—potorem
1644 2474 1833 2501 Erasixenum
1845 2474 1887 2501 bis
1901 2474 2039 2510 deinceps

1248 2518 1383 2545 baustum
1395 2519 1466 2546 meri
1481 2519 1619 2554 poculum
1630 2520 1779 2555 propalam
1793 2520 1930 2555 abripuit.

1145 2581 1319 2612 Plurimum
1335 2583 1428 2613 etiam
1444 2582 1570 2613 bibebat
1585 2583 1706 2613 Alcetas
1719 2584 1849 2614 Macedo
1860 2607 1868 2621 ,
1883 2586 1918 2614 ut
1932 2583 1975 2615 ait
1990 2586 2108 2615 Aristus
2123 2586 2178 2614 Sa-

1144 2639 1294 2670 laminius
1310 2652 1317 2669 2
1336 2640 1477 2679 itemque
1493 2640 1651 2670 Diotimus
1668 2640 1881 2678 Atheniensis,
1898 2641 1951 2680 qui
1965 2641 2176 2676 Infandum-

1145 2690 1217 2721 Ium
1232 2692 1278 2720 est
1294 2691 1551 2729 cognominatus3
1571 2691 1688 2721 inserto
1707 2692 1791 2722 enim
1814 2692 1861 2721 ori
1877 2692 2077 2722 infundibulo
2098 2693 2175 2722 assi-

1144 2740 1206 2771 due
1220 2741 1347 2772 bibebat
1360 2741 1497 2771 infusum
1514 2742 1621 2772 vinum
1637 2755 1643 2773 ι
1660 2741 1742 2772 unde
1754 2743 1781 2773 ei
1803 2742 1991 2773 lnfundilmli
2005 2751 2176 2782 cognomen

1146 2791 1346 2830 impositum,
1364 2794 1399 2822 ut
1414 2794 1455 2823 ait
1471 2793 1613 2823 Polemo.

1630 2847 1688 2877 80.

1187 2907 1315 2936 Polemo
1331 2907 1360 2936 in
1378 2906 1457 2936 libro
1477 2909 1520 2937 De
1540 2906 1794 2946 inscriptionibus
1813 2908 1930 2946 quaein
1952 2908 2081 2947 singulis
2097 2908 2174 2937 civi-

1146 2958 1262 2988 tatibus
1278 2959 1488 2997 reperiuntur,
1506 2958 1545 2988 de
1558 2959 1639 2989 Eleis
1654 2959 1748 2990 bocco
1761 2960 1906 2998 apposuit
1921 2960 2116 2999 Epigramma
2133 2973 2138 2989 :

1216 3025 1272 3052 Elis
1285 3025 1429 3052 mentitur
1439 3028 1468 3053 et
1481 3026 1554 3053 bibit
1568 3036 1575 3052 :
1590 3026 1683 3060 qualis
1696 3027 1838 3061 quusque

1252 3070 1373 3102 (lomus,
1391 3071 1453 3097 talis
1467 3078 1571 3106 nempe
1585 3074 1614 3099 et
1629 3074 1689 3099 tola
1702 3072 1811 3100 civitas.

1304 3140 1370 3176 DE
1399 3140 1599 3177 FLUVIIS
1631 3140 2014 3188 (MIRABILIBUS).

1631 3217 1690 3248 81.

1186 3274 1275 3302 Nunc
1292 3272 1359 3309 ejus
1384 3272 1540 3311 Cepbissi,
1566 3273 1619 3310 qui
1642 3271 1673 3301 in
1697 3272 1800 3302 Attica
1817 3272 1882 3309 est,
1907 3272 1996 3309 poeta
2020 3269 2169 3299 meminit.

1147 3325 1223 3353 Nam
1239 3325 1283 3353 cst
1301 3323 1394 3353 etiam
1415 3323 1445 3353 in
1464 3324 1581 3353 Boeotia
1599 3323 1783 3361 Crpliissus,
1805 3321 1920 3359 aliique
1940 3322 2011 3350 sunt
2031 3318 2171 3358 ejusdem
