2289 3728
880 151 1210 189 FRAGMENTA.

318 267 346 300 E
376 265 519 300 LIBRO
549 264 713 299 PRIMO.

484 342 545 378 56.

3 417 6 420 ’
57 416 250 450 Athenaeus
259 415 327 457 xl,
340 426 375 460 p.
391 413 480 459 462,
492 414 523 446 A
542 425 549 445 :
570 408 737 457 Πολέμων
749 406 783 444 δὲ
796 409 828 444 ἐν
846 407 1029 458 τῷπρώτῳ

1 474 68 509 τῶν
91 471 180 522 Πρὸς
200 471 330 508 Ἀδαῖον
351 468 409 506 καὶ
428 467 612 516 Ἀντίγονόν
635 481 737 518 φησιν
763 465 886 507 οὕτως·
919 484 932 498 ιι
955 467 1028 511 Τῆς

3 530 31 566 δ’
61 528 268 599 Ἡρακλείας
290 530 350 572 τῆς
372 525 437 562 ὑπὸ
460 525 522 570 τὴν
554 524 662 570 Οἴτην
695 539 752 561 και
782 525 941 575 Ἱραχῖνα
961 526 1027 560 τῶν

3 587 189 637 οἰκητόρων
210 585 280 633 μεθ’
306 583 515 634 Ἡρακλέους
528 582 613 625 τινὲς
627 582 824 633 ἀφικόμενοι
846 582 884 618 ἐκ
900 581 1029 623 Λυδίας

5 645 238 702 Κυλικρᾶνες,
254 642 327 680 οἶδ
347 641 557 711 Αθαμᾶνες,
584 641 640 691 ἀφ’
668 643 714 677 ὡν
734 641 764 676 οἱ
789 638 887 676 τόποι
908 639 1026 687 διαμέ-

2 716 131 739 νουσιν·
149 704 197 743 οῖς
212 699 287 737 ουδὲ
306 703 372 745 τῆς
381 697 555 740 πολιτείας
572 696 758 745 μετέδοσαν
778 698 808 734 οἱ
825 696 1029 748 Ἡρακλεῶ-

2 775 74 805 ται,
93 759 263 800 συνοίκους
283 756 491 807 ἀλλοφύλους
509 754 748 796 υπολαὸόντες.
772 756 980 805 Κυλικρᾶνες
997 753 1030 790 δὲ

3 816 172 867 λέγονται,
190 814 241 852 ὅτι
258 814 454 864 τουςῶμους
471 812 724 864 κεχαραγμένοι
743 812 885 854 κύλικας
896 807 997 857 ἦσαν.
1016 830 1030 844 υ

57 875 213 922 Hcs3.(h
230 887 266 911 v.
291 872 550 923 Κυλικράνωνε
572 870 741 918 Πολέμων
760 885 861 920 φησιν
889 885 940 906 οτι
956 885 1031 910 τους

6 930 119 977 ὤμους
145 928 398 980 κεχαραγμένοι
424 932 510 974 ἠσαν
531 927 689 970 κύλικας
710 943 739 964 οι
758 927 791 964 δὲ
808 943 884 969 τους
904 927 969 964 ὑπὸ
989 943 1030 977 τῃ

4 987 92 1037 Οἴτῃ
111 987 387 1038 Ἡρακλεώτας’
368 986 436 1023 από
454 1001 541 1027 τινος
554 985 658 1027 οὕτως
674 984 886 1033 ὠνομάσθαι.

54 1048 108 1082 De
115 1046 383 1092 Cyllicranibus
393 1046 503 1080 servis
510 1046 617 1091 plura
629 1057 663 1077 v.
674 1056 730 1090 ap.
743 1026 892 1081 bliiller.
902 1045 990 1080 Dor.
1004 1045 1019 1078 I

4 1117 41 1152 p.
65 1107 153 1151 427,
172 1105 267 1139 Min.
289 1116 327 1150 p.
354 1102 482 1146 253‚8.
503 1101 756 1137 WVachsinuth.
778 1101 873 1134 Hell.
904 1102 1031 1135 Aller—

6 1161 161 1196 duanae.
182 1162 212 1204 Ι,
237 1173 268 1205 1,
288 1173 327 1207 p.
355 1160 439 1207 169.

494 1227 553 1273 57.

58 1301 250 1336 Atlienaeus
273 1300 405 1345 X1,p.
434 1302 520 1345 497,
539 1296 588 1332 F:
608 1295 833 1338 Σελευκίς.
856 1296 940 1333 “Ort
961 1298 1030 1333 ἀπο

7 1356 173 1394 Σελεύκου
194 1358 251 1392 τοῦ
274 1353 439 1404 βασιλέως
459 1353 520 1399 τὴν
550 1352 782 1403 προσηγορίαν
813 1352 893 1402 ἔσχε
915 1353 952 1389 τὸ
972 1369 1031 1390 εκ-

3 1429 122 1462 πωμα,
139 1412 352 1464 προείρηται,
364 1413 573 1462 ἱστοροῦντος
584 1415 683 1448 τοῦτο
703 1410 761 1448 καὶ
779 1411 1033 1462 Ἀπολλοοώρου

5 1475 62 1508 τοῦ
80 1470 268 1516 Ἀθηναίου.
287 1469 453 1518 Πολέμων
467 1470 495 1505 δ’
510 1470 543 1506 ἐν
560 1469 687 1520 πρώτῳ
698 1471 767 1506 τῶν
783 1468 873 1519 Πρὸς
885 1469 1031 1507 Ἀοαῖον.

9 1547 22 1561 n
47 1528 202 1579 Ποτήρια
243 1527 380 1579 (φησὶ)
403 1525 632 1579 παραπλήσια
664 1526 843 1571 Σελευκὶς,
877 1526 1032 1571 Ῥοοιας,

6 1586 198 1636 Ἀντιγονίς.
226 1603 240 1619 »
261 1587 314 1623 Cf.
336 1587 468 1623 Athen,
490 1599 528 1633 p.
554 1585 642 1630 783,
661 1587 703 1622 E.
730 1586 860 1621 Pollux
878 1588 924 1622 VI
970 1587 1034 1633 96.

4 1645 121 1682 Clem.
144 1646 254 1681 Alex.
276 1645 375 1681 Paed.
394 1646 449 1688 II,
468 1657 505 1691 p.
532 1643 602 1678 188
621 1645 718 1680 Pott.

307 1728 336 1762 E
364 1726 510 1763 LIBRO
539 1727 727 1761 TERTIO.

491 1794 551 1833 58.

60 1867 254 1901 Athenaeus
276 1868 320 1910 V,
342 1877 379 1912 p.
410 1877 507 1907 210,
525 1868 556 1900 A
585 1878 592 1899 :
617 1862 678 1900 Ἐν
706 1863 834 1905 τούτοις
864 1866 881 1900 ὃ
909 1864 1037 1906 Λυσίας

7 1922 111 1959 εἷπων
128 1921 178 1959 ὅτι
195 1922 253 1958 καὶ
267 1923 381 1972 χαλκῆ
399 1916 439 1967 ἦν
455 1923 507 1966 ἡ
493 1937 531 1971 εγ
533 1920 682 1970 ιυΟηκη,
697 1924 812 1972 σαφῶς
829 1921 1035 1971 παρίστησιν

5 1983 52 2023 ὡς
69 1982 126 2018 καὶ
142 1984 158 2018 ὁ
181 1980 386 2024 Καλλίξενος
406 1979 518 2030 εἴρηκε
536 1979 691 2024 λεὸητων
710 1979 813 2022 αὐτὰς
831 1980 1037 2030 ὑποθηματα

9 2042 111 2075 εἶναι·
132 2038 237 2081 οὕτως
261 2054 326 2090 γαρ
347 2038 404 2075 καὶ
432 2037 601 2086 Πολέμων
621 2039 639 2074 ὃ
658 2037 866 2088 περιηγητὴς
893 2041 984 2074 εἶπεν
1005 2054 1039 2074 εν

8 2097 112 2147 τρίτιι)
134 2099 200 2133 τῶν
232 2096 325 2146 Προς
354 2097 486 2133 Ἀδαῖον
509 2097 568 2132 καὶ
593 2095 791 2144 Ἀντίγονον,
818 2095 1039 2145 εξηγούμενος

8 2154 155 2191 διαθεσιν
182 2155 216 2190 ἐν
243 2155 409 2192 Φλιουντι
434 2152 524 2190 κατὰ
552 2168 613 2198 την
645 2153 852 2223 Πολέμαρχε
858 2169 904 2190 ιον
937 2153 1038 2190 στοὰν

8 2210 251 2262 γεγραμμένην
275 2211 340 2248 ὑπὸ
369 2210 541 2253 Σίλλακος
561 2225 620 2248 του
649 2209 716 2256 εΡη
720 2211 831 2260 γίνου,
848 2227 885 2248 ου
908 2227 1039 2261 μνημο·

61 2323 322 2361 ADVERSUS
349 2323 547 2361 ADAEUM
576 2324 640 2360 ET
668 2324 991 2363 ANTIGONUM.

52 2437 179 2468 Polemo
196 2436 296 2476 primo
313 2436 392 2467 libro
414 2389 571 2468 Adveigiis
590 2436 721 2468 Adaeum
738 2438 770 2468 ot
788 2437 978 2477 Antigonum
1002 2439 1045 2470 ita

12 2489 121 2520 scribit
135 2501 143 2519 ε
160 2502 174 2515 «
192 2489 351 2520 Heracleae
363 2489 492 2528 incolae,
507 2498 578 2529 quae
596 2490 655 2520 sub
673 2491 749 2520 OEta
765 2491 796 2520 et
806 2491 960 2521 Trachine
976 2493 1040 2530 est,

13 2540 126 2578 partim
142 2540 320 2579 cylicranes
332 2542 406 2570 sunt
419 2540 548 2579 quidam
560 2564 568 2578 ,
582 2540 635 2579 qui
648 2549 721 2571 cum
739 2541 872 2571 Hercule
893 2550 932 2572 ex
947 2542 1042 2581 Lydia

12 2590 221 2628 advenerant,
245 2590 298 2621 alii
323 2591 514 2621 Athamanes
534 2600 551 2622 a
570 2591 686 2630 quibus
712 2591 854 2622 habitata
876 2594 1043 2631 supersunt

14 2642 84 2672 loca
98 2652 106 2672 ε
123 2650 196 2672 cum
211 2642 324 2681 quibus
335 2642 386 2679 jus
401 2641 657 2672 administrandae
673 2642 808 2673 civitatis
822 2651 884 2672 non
899 2651 1043 2673 commu-

14 2692 159 2723 nicarunt
173 2692 383 2729 Heracleotae,
396 2700 452 2730 pro
466 2692 636 2731 peregrinis
648 2693 799 2723 habentes
810 2693 865 2731 qui
884 2702 957 2724 euin
972 2694 1045 2733 ipsis

15 2743 201 2774 habitarent.
229 2743 408 2782 cylicranes
434 2744 539 2773 autem
562 2743 720 2782 dicuntur,
744 2743 829 2783 quod
855 2744 959 2775 calicis
980 2746 1044 2775 for·

15 2804 98 2826 mam
115 2795 254 2826 humeris
267 2795 404 2825 inustam
418 2794 543 2825 habent.
563 2810 576 2822 ι»

500 2851 557 2882 57.

57 2904 211 2934 Seleucz's.
229 2907 252 2935 A
268 2904 400 2935 Seleuco
415 2912 484 2943 rege
496 2913 611 2935 nomen
633 2904 787 2936 invenisse
800 2906 860 2936 hoc
875 2906 1023 2945 poculum
1035 2930 1044 2945 ‚

16 2954 243 2993 supradictum
265 2956 312 2985 est
334 2968 340 2986 ε
364 2955 448 2994 quod
470 2955 564 2985 etiam
587 2955 795 2994 Apollodorus
816 2956 924 2988 (locuit
948 2957 1045 2988 Athe-

18 3006 142 3036 niensis.
168 3007 295 3036 Polemo
316 3015 408 3044 vero,
428 3006 529 3046 primo
547 3007 698 3037 librorum
723 3007 878 3038 Adversus
897 3008 1044 3046 Adaeum,

16 3057 144 3088 scribit:
159 3070 173 3084 ιι
195 3057 310 3088 Pocula
332 3057 444 3088 similia
456 3082 465 3096 ,
479 3058 617 3089 seleucis
629 3083 636 3096 ,
660 3057 796 3089 Rhodias
808 3083 816 3097 ,
832 3059 1004 3097 Antigonis.
1026 3072 1043 3097 pa

500 3112 557 3142 58.

62 3165 115 3195 llis
132 3165 235 3195 verbis
254 3166 420 3204 postquam
444 3167 551 3204 Lysias
572 3165 652 3196 dixit
669 3174 790 3196 aeneam
808 3173 873 3196 esse
895 3166 1046 3205 engythe-

20 3225 107 3255 cam,
122 3217 205 3247 clare
226 3215 335 3254 docet,
359 3217 626 3256 quemadmodum
643 3219 673 3247 et
690 3218 870 3248 Callixenus
891 3217 1048 3249 indicave-

19 3268 77 3305 rat,
89 3276 154 3298 esse
165 3275 237 3298 vasa
250 3276 321 3306 quae
332 3267 485 3299 lebetibus
495 3270 720 3307 supponantur.
735 3270 812 3298 Nam
824 3268 867 3298 sic
879 3269 1006 3299 Polemo
1017 3271 1048 3299 et

19 3319 179 3357 l‘eriegeta
205 3318 280 3350 dicit
302 3319 395 3350 tertio
417 3319 497 3350 libro
520 3320 598 3351 Adv.
624 3319 754 3350 Adaeum
782 3321 811 3350 et
837 3320 1045 3359 Antigonum,

976 269 982 280 ¹

1023 1073 1032 1088 9

1014 1296 1021 1307 i

975 1353 990 1366 *tl

928 1412 942 1424 rs

927 1469 942 1481 <s

944 1527 958 1538 <s
979 1526 987 1539 x

931 1614 939 1629 2

1058 240 1061 267 Ι
1090 234 1239 271 νεύουσιν
1266 236 1479 285 Ἐπίχαρμος
1513 236 1570 272 καὶ

2041 156 2109 186 133

1609 234 1821 283 Σιμωνίδης,
1851 234 1961 283 λέγων
1990 233 2115 274 οὕτως·

1090 311 1103 325 «ι
1125 292 1322 341 Ἰέγγυθήκη
1336 293 1394 328 καὶ
1409 293 1460 329 ἐπ’
1478 294 1581 337 αὐτῆς
1592 292 1773 330 κύπελλον.
1793 310 1807 324 υ
1823 296 1876 328 De
1892 301 1968 327 stoa
1986 291 2064 328 πολ.
2085 300 2121 327 et.

1090 351 1137 385 dc
1163 352 1293 385 Sillace
1312 352 1461 385 aliunde
1491 364 1566 385 non
1593 359 1747 386 constat.
1777 353 1832 386 De
1859 348 2029 399 ἐγγυθήκη
2059 350 2119 385 adi

1090 409 1215 455 Steph.
1238 408 1343 444 Thes.
1365 409 1440 444 vol.
1464 410 1510 452 ll,
1528 421 1564 454 p.
1588 408 1649 452 37.

1394 488 1421 522 E
1449 489 1594 522 LIBRO
1623 490 1817 533 QUINTO.

1578 555 1638 603 59.

1144 626 1339 660 Athenaeus
1348 625 1417 669 IX,
1434 637 1472 671 p.
1486 625 1572 669 388,
1582 626 1608 659 C
1620 636 1628 661 ε
1640 624 1805 672 Πολέμων
1816 627 1842 660 δ’
1855 627 1888 661 ἐν
1897 625 2043 675 πέμπτῳ
2055 627 2119 661 τῶν

1094 681 1185 732 Πρὸς
1201 681 1386 730 Ἀντίγονον
1403 681 1462 717 καὶ
1474 681 1506 718 ’A
1514 682 1606 717 δαῖον
1620 681 1837 731 πορφυρίωνά
1855 698 1936 732 φησι
1949 686 2004 719 τὸν
2019 683 2119 734 ὄρνιν,

1092 737 1312 787 διαιτώμενον
1342 737 1431 774 κατὰ
1458 737 1518 780 τὰς
1540 737 1648 779 οἰκίας
1673 737 1732 779 τὰς
1757 739 1945 789 ὑπάνδρους
1971 743 2036 776 τῶν
2061 757 2120 790 γυ·

1092 799 1217 833 ναικῶν
1250 801 1364 846 τηρεῖν
1385 798 1533 846 πικρῶς,
1564 794 1621 831 καὶ
1655 794 1815 840 τοιαύτην
1845 796 1933 845 ἔχειν
1965 797 2120 842 αἴσθησιν

1092 855 1149 891 ἐπὶ
1180 857 1241 899 τῆς
1265 853 1531 905 μοιχευομένης,
1565 852 1666 898 ὥσθ’,
1695 851 1775 888 ὅταν
1810 856 1897 889 τοῦθ’
1930 856 2121 905 ὑπονοήσῃ,

1091 912 1321 962 προσημαίνει
1344 914 1392 963 τῷ
1420 910 1586 961 δεσπότῃ,
1607 909 1737 960 ἀγχόνῃ
1757 910 1794 946 τὸ
1813 912 1872 955 ζῆν
1899 914 2121 963 περιγράψας.

1095 989 1109 1003 «
1131 971 1184 1007 Οὐ
1204 968 1367 1019 πρότερόν
1386 984 1440 1015 τε,
1464 987 1478 1000 ιι
1494 983 1601 1019 φησι,
1625 986 1638 999 «
1639 969 2070 1038 γτρορηςυιεταλαμῧάνει
2096 974 2123 1006 εἰ

1094 1027 1140 1076 μὴ
1162 1042 1383 1076 περιπατηση
1406 1026 1508 1062 τόπον
1528 1025 1603 1062 τινὰ
1620 1024 1762 1074 ἐζευριιΝ
1784 1027 1894 1061 έαυτιΝι)
1919 1027 2038 1070 {mr-130
2042 1043 2122 1064 ειον·

1094 1086 1167 1134 μεθ’
1184 1083 1430 1132 ὃκονισοὶμενος
1450 1082 1607 1126 λουεται,
1626 1085 1698 1118 εἶτα
1716 1097 1772 1132 τρε
1779 1098 1888 1133 ρεται.
1914 1101 1927 1114 ι)
1952 1087 2044 1120 llinc
2062 1100 2122 1121 suu

1092 1143 1254 1177 Eustath.
1269 1155 1308 1189 p.
1335 1142 1430 1187 1467
1437 1141 1473 1185 ,5
1495 1149 1529 1176 et
1546 1142 1681 1177 AElian.
1700 1143 1746 1177 H.
1768 1144 1810 1179 A
1832 1143 1906 1183 ΙΙΙ,
1931 1147 1989 1185 42,
2010 1144 2072 1177 ubi
2090 1157 2121 1176 v.

1093 1200 1307 1236 Schneider.
1328 1200 1383 1235 Cf.
1414 1212 1495 1246 quae
1523 1205 1729 1245 sequuntur
1758 1212 1816 1245 ap.
1849 1200 2063 1235 Athenaeum
2084 1213 2125 1235 ex

1094 1258 1290 1293 Aristotele
1305 1264 1340 1292 et
1360 1258 1550 1304 Antigono
1572 1256 1751 1302 Carystio-

1581 1332 1644 1366 60.

1147 1402 1419 1445 AthenaeusXL
1432 1414 1470 1448 p.
1481 1400 1568 1444 484,
1579 1402 1626 1437 C:
1638 1398 1730 1436 Πολέ
1716 1399 1845 1447 μωνό
1858 1401 1890 1435 ἐν
1902 1415 2040 1436 πευιπτ
2034 1404 2126 1436 „mv

1097 1459 1188 1509 Προς
1206 1458 1338 1496 Ἀδαῖον
1362 1473 1420 1495 και
1440 1457 1637 1506 Ἀντίγονόν
1646 1470 1741 1508 φησι·
1764 1457 1955 1500 «Διόνυσος
1981 1458 2125 1501 τελειος,

1096 1515 1317 1564 καθήμενος
1304 1515 1360 1552 επὶ
1383 1530 1529 1586 wetpacr·
1551 1515 1584 1558 εξ
1605 1514 1788 1563 ευιι)νύμιι)ν
1815 1515 1842 1550 δ’
1863 1516 1966 1552 αὐτου
1987 1515 2129 1566 σάτυρος

1099 1572 1291 1624 φαλακρὸς,
1327 1574 1361 1610 ἐν
1395 1575 1437 1623 τῇ
1473 1572 1524 1609 35⁷
1495 1579 1565 1624 ςιᾶ
1596 1573 1739 1610 κώθωνα
1771 1572 1920 1622 μόνωτον
1952 1573 2127 1623 &afficeret

1096 1632 1247 1680 κρατῶν.
1272 1648 1286 1663 »

1150 1708 1162 1720 «
1186 1689 1370 1738 Μόνωτον]
1388 1687 1480 1740 μόνῳ
1496 1687 1552 1725 τόν
1569 1697 1604 1724 et
1621 1688 1722 1737 μόνον
1736 1687 1791 1724 τόν
1809 1690 1893 1724 libri
1908 1703 1916 1733 ;
1936 1703 2033 1726 corr.
2050 1691 2130 1725 val-

1097 1748 1203 1782 cken.
1226 1749 1384 1785 Diatrib.
1410 1748 1540 1794 Eurip.
1563 1760 1598 1794 p.
1623 1760 1711 1794 279.
1735 1769 1785 1773 -
1811 1764 1824 1777 «
1850 1751 2013 1794 Apparet
2032 1748 2130 1782 hunc

1096 1806 1220 1839 locum
1237 1817 1281 1840 ex
1301 1806 1549 1851 descriptione
1571 1806 1723 1851 picturae
1752 1805 2016 1851 depromptum
2036 1818 2129 1848 esse3

1097 1864 1289 1898 Athenaeus
1297 1863 1422 1898 laudat
1432 1875 1514 1898 eum
1525 1870 1679 1910 propter
1687 1876 1815 1898 vocem
1826 1861 1954 1898 κώθων.
1963 1864 2131 1910 Satyrum

1096 1921 1239 1955 Baccho
1265 1921 1443 1968 poculum
1469 1921 1741 1957 ministrantem,
1757 1921 1878 1966 pinxit
1908 1921 2129 1965 Praxiteles,

1099 1979 1251 2015 Pausan.
1273 1981 1308 2022 Ι,
1340 1991 1404 2026 20,
1431 1991 1462 2023 1,
1484 1986 1593 2024 atque
1615 1986 1692 2013 erat
1711 1979 1786 2012 liaec
1811 1979 2037 2012 usitatissima
2069 1991 2130 2012 re-

1097 2037 1353 2084 praesentatio,
1378 2049 1414 2073 v.
1435 2037 1579 2072 Muller.
1608 2036 1792 2072 Arclzceol.
1816 2035 1925 2083 §383
1945 2043 2023 2073 not.
2049 2036 2084 2070 8.
2114 2053 2126 2065 »

1099 2096 1281 2129 Panum.

1586 2147 1648 2184 61.

1152 2216 1348 2250 Athenaeus
1360 2216 1430 2259 XI,
1447 2228 1484 2263 p.
1503 2215 1591 2260 483,
1605 2216 1631 2251 C
1648 2227 1656 2252 ζ
1682 2214 1750 2252 Καὶ
1771 2213 1941 2263 Πολέμων
1955 2212 1983 2250 δ’
1998 2214 2031 2250 ἐν
2048 2216 2089 2264 τῇ
2113 2216 2130 2233 ³²

1102 2326 1155 2359 ubi
1178 2328 1400 2365 argumentum
1423 2328 1454 2357 et
1474 2321 1708 2365 dispositionem
1734 2324 1865 2363 picturae
1883 2323 2036 2362 explicat,
2060 2332 2132 2361 quae

1105 2377 1249 2409 Phliunte
1268 2379 1314 2409 est
1337 2378 1372 2408 iu
1395 2377 1669 2409 Polemarchorum
1694 2377 1814 2415 porticu
1829 2399 1838 2414 ‚
1861 2375 1980 2406 Sillacis
2003 2374 2131 2413 Rhegini

1102 2437 1182 2467 opus
1193 2453 1201 2468 ‚
1222 2428 1313 2468 cujus
1331 2431 1363 2459 et
1384 2427 1590 2467 Epicharmus
1605 2429 1637 2458 et
1651 2426 1827 2458 Simonides
1840 2426 2063 2456 meminerunt.
2080 2425 2128 2456 Ait

1103 2480 1186 2510 enim
1200 2492 1207 2510 :
1222 2493 1236 2507 «
1252 2479 1431 2519 Engytheca
1445 2481 1476 2510 et
1488 2488 1581 2519 super
1594 2487 1631 2509 ea
1643 2478 1812 2518 cupellum.
1832 2490 1846 2504 »ι

1365 2528 1369 2531 ’
1588 2533 1644 2564 59.

1144 2588 1293 2618 Polemon
1302 2587 1412 2626 quinto
1422 2586 1574 2617 librorum
1583 2585 1742 2616 Adversus
1752 2585 1940 2623 Antigonum
1948 2584 1979 2614 et
1987 2582 2131 2620 Adaeum,

1103 2639 1347 2679 porphyrionem
1365 2647 1474 2676 avem,
1494 2638 1553 2677 ait,
1569 2647 1669 2677 quum
1683 2637 1768 2668 domi
1790 2637 1897 2674 alitur,
1921 2636 2068 2666 mulieres
2088 2636 2130 2665 vi-

1104 2700 1189 2722 rosas
1202 2693 1291 2722 tanta
1309 2691 1475 2722 severitate
1488 2691 1654 2721 observare
1667 2714 1675 2728 ‚
1695 2691 1727 2720 et
1749 2690 1813 2720 tam
1831 2688 1966 2727 graviter
1991 2687 2075 2718 affici
2101 2688 2125 2718 si

1104 2751 1166 2782 qua
1183 2742 1330 2773 admittat
1343 2743 1554 2780 adulterium,
1570 2744 1623 2779 ut,
1638 2742 1669 2772 id
1684 2742 1735 2772 ubi
1749 2742 1862 2781 sensit,
1876 2741 2005 2771 domino
2019 2740 2133 2779 signiti-

1103 2796 1153 2825 cet
1172 2794 1270 2825 vitam
1298 2795 1543 2834 strangulatione
1567 2794 1688 2824 liniens.
1718 2794 1851 2831 Cibum,
1875 2793 1935 2831 ait,
1962 2801 2023 2823 non
2054 2793 2136 2830 capt

1104 2846 1191 2885 prius
1216 2854 1311 2884 quam
1340 2854 1395 2884 per
1426 2846 1548 2875 certum
1581 2844 1741 2884 quoddam
1775 2844 1929 2883 spatium,
1961 2844 2048 2882 quod
2075 2842 2133 2873 sibi

1106 2895 1310 2927 commodum
1342 2895 1475 2934 reperit,
1508 2895 1758 2925 deambulaverit
1788 2907 1795 2925 z
1819 2894 1890 2925 dein
1915 2894 2075 2925 volutatus
2102 2894 2132 2924 in

1104 2947 1233 2986 pulvere
1245 2946 1379 2985 lavatur,
1393 2954 1429 2977 ac
1443 2948 1512 2977 tum
1529 2946 1657 2976 demum
1672 2946 1820 2986 pascitur.

1220 2996 1226 3000 ’
1591 3000 1648 3031 60.

1143 3054 1271 3085 Polemo
1282 3055 1391 3093 quinto
1401 3054 1557 3086 Adversus
1570 3054 1701 3085 Adarum
1715 3055 1746 3084 et
1756 3053 1947 3091 Antigonum
1958 3052 2001 3083 ait
2014 3065 2020 3082 ι
2035 3066 2049 3077 ιι
2065 3053 2132 3082 Bac-

1105 3106 1183 3136 chus
1195 3106 1322 3138 adultus
1337 3107 1447 3137 sedens
1463 3107 1493 3137 in
1508 3115 1602 3146 rupe;
1616 3114 1634 3136 a
1653 3106 1776 3136 sinistra
1790 3107 1856 3145 ejus
1868 3106 1993 3144 satyrus
2007 3103 2114 3133 calvus
2124 3126 2131 3139 ‚

1105 3158 1216 3189 dextra
1229 3160 1339 3190 tenens
1352 3159 1518 3190 cothonem
1532 3158 1676 3189 sti-iatum
1691 3159 1721 3188 et
1736 3166 1798 3188 una
1811 3165 1888 3187 ansa
1901 3156 2098 3188 instructum.
2114 3166 2128 3179 »

1587 3214 1642 3245 61.

1147 3268 1309 3300 Fictilibus
1324 3270 1404 3299 vasis
1417 3278 1490 3299 usos
1506 3277 1571 3299 ess(¹
1593 3266 1863 3303 Lacedaemonios,
1880 3265 2007 3296 Polemo
2029 3262 2133 3293 scribit

1106 3319 1185 3350 libro
1203 3319 1340 3359 [quinto]
1356 3319 1510 3351 Advcisus
1524 3318 1653 3350 Acratum
1672 3319 1703 3349 et
1720 3318 1926 3356 Antigonum,
1946 3314 1992 3344 his
2012 3312 2130 3344 verbis.-
