2289 3728
83 169 152 202 192

78 252 150 285 suit
169 248 312 298 ἀνδρῶν,
336 246 439 294 quod
456 247 589 281 merito
607 247 745 292 respuit
773 247 919 281 Jonsius
941 245 1041 296 (Ser.
1062 248 1110 281 11.

82 309 173 343 Phil.
194 320 232 354 p.
253 320 324 350 207
340 306 350 354 )
364 333 373 348 ,
394 306 500 338 fuisse
515 305 724 350 suspicans:
747 302 833 353 Περὶ
854 302 1000 352 ἀνέμων,
1018 304 1112 339 adeo

78 374 119 401 ut
136 366 211 400 duo
228 369 484 398 memorentur
500 363 653 409 scripta,
672 363 829 397 alterum
851 364 906 398 De
926 363 1112 397 mirabili-

79 425 166 466 bus,
187 425 241 457 De
261 422 378 456 ventis
410 421 577 455 alterum.
601 421 771 468 Praestat,
793 428 884 468 puto
898 448 907 465 ‚
938 422 1112 456 WVester-

79 481 202 515 manni
223 479 423 528 (Paradox.
445 491 484 525 p.
507 477 639 526 XVII)
671 480 867 523 sententia,
891 480 955 526 qui
983 491 1113 513 vocem

78 535 211 585 ἀνέμων
228 550 272 571 ex
289 537 378 571 alius
394 536 580 580 vocabuli,
594 537 696 571 velut
712 535 939 583 ἀκουσμάτων
953 538 1011 572 vel
1029 536 1112 571 ἀνα-

77 593 302 642 γνωσμάτων,
322 594 547 641 compendio
563 601 682 629 ortam
699 607 774 630 esse
790 603 923 631 censet.
947 596 1114 629 Fortasse

78 653 277 700 legendum
294 652 391 697 ἐθῶν,
410 660 627 699 comparato
643 653 741 688 libro
751 654 896 689 Nicolai
910 655 1034 697 Dam„
1054 653 1113 687 cui

77 712 204 746 titulus
223 724 232 748 τ
254 708 436 760 συναγωγὴ
457 708 659 759 παραδόξων
678 711 776 748 ἐθῶν.
794 732 842 737 -
856 713 911 746 De
929 709 1114 758 Ἐκλογαῖς

76 770 233 818 ἱστοριῶν
254 770 375 805 dicere
394 770 486 803 nihil
505 770 640 806 habeo.
664 772 719 805 De
738 771 908 817 Epitome
926 770 986 812 τῆς
1006 767 1114 804 Ἀντι-

78 825 192 876 μάχου
211 824 325 872 Λύδης
339 828 386 865 cf.
404 828 538 863 Osann.
562 828 600 861 in
613 829 772 870 Hermes,
797 829 946 872 XXXI,
964 840 1002 874 p.
1025 839 1110 874 199.

437 924 747 962 ΕΥΡΩΠΙΑΚΑ.

393 1023 463 1062 Ἐν
485 1022 677 1074 βιὲλίοις
701 1021 778 1071 μθ’.

583 1135 616 1157 1.

393 1217 421 1250 Ε
450 1216 596 1251 LIBRO
625 1214 795 1249 SEXTO.

131 1296 420 1341 AthenaeusVIL
431 1308 469 1343 p.
485 1307 575 1342 297,
590 1297 623 1329 D
640 1308 647 1329 z
666 1291 764 1338 Φησὶ
774 1294 853 1342 γοῦν
867 1290 1115 1342 Ἀγαθαρχίδης

79 1354 113 1390 ἓν
133 1352 213 1404 ἕκτῃ
233 1354 471 1404 Εὐρωπιακῶν
488 1351 548 1394 τὰς
563 1353 743 1403 ὑπερφυεῖς
757 1352 823 1387 τῶν
844 1346 1039 1388 Κωπαΐδων
1058 1351 1115 1399 ἐγ-

78 1411 208 1462 χελέων
229 1411 359 1461 ἱερείων
380 1410 505 1461 τρόπον
525 1413 796 1461 στεφανοῦντας,
818 1409 877 1445 καὶ
896 1407 1115 1459 κατευχομέ-

78 1485 153 1512 νους
168 1469 268 1512 οὐλάς
287 1469 316 1506 τ’
340 1469 587 1511 ἐπιὸάλλοντας
607 1468 696 1505 θύειν
716 1473 785 1509 τοῖς
806 1471 890 1510 θεοῖς
906 1467 981 1510 τοὺς
1003 1470 1116 1505 Βοιω-

78 1528 154 1571 τούς
168 1543 175 1549 ·
192 1528 251 1565 καὶ
271 1528 353 1579 πρὸς
371 1527 428 1565 τὸν
446 1526 535 1571 ξένον
556 1527 612 1564 τὸν
633 1528 863 1578 διαποροῦντα
884 1525 922 1563 τὸ
943 1529 1002 1563 τοῦ
1024 1525 1115 1568 ἔθους

79 1586 271 1638 παράδοξον
292 1586 350 1623 καὶ
370 1584 635 1634 πυνθανόμενον,
660 1584 694 1621 ἓν
725 1585 826 1634 μόνον
859 1584 985 1621 εἰδέναι
1008 1587 1116 1635 φῆσαι

78 1643 136 1681 τὸν
164 1643 327 1690 Βοιωτὸν,
354 1643 497 1695 φάσκειν
518 1658 553 1680 τε
580 1642 631 1679 ὅτι
651 1643 702 1679 δεῖ
728 1648 841 1692 τηρεῖν
863 1641 906 1678 τὰ
927 1640 1115 1692 προγονικὰ

80 1703 227 1752 νόμιμα,
257 1702 315 1739 καὶ
346 1703 398 1739 ὅτι
420 1701 466 1751 μὴ
497 1701 639 1747 καθήκει
659 1701 727 1743 τοῖς
757 1700 871 1743 ἄλλοις
899 1701 984 1750 ὑπὲρ
1005 1701 1116 1736 αὐτῶν

81 1761 355 1812 ἀπολογίζεσθαι.

577 1832 612 1854 2.

345 1905 374 1938 E
402 1903 547 1938 LIBRO
567 1902 873 1938 DUODECIMO.

134 1990 238 2025 Idem
251 1991 340 2036 XII,
356 2003 394 2037 p.
415 1988 501 2034 527,
516 1990 544 2023 B
561 2002 568 2024 :
586 1986 836 2039 Ἀγαθαρχίδης
851 1986 926 2023 δ’ἶέν
942 1984 1116 2037 δωδεκάτῃ

83 2047 260 2097 Ἱστοριῶν
279 2065 294 2079 «ι
313 2046 462 2084 Αἰτωλοὶ
476 2045 601 2097 (φησὶ)
620 2045 774 2096 τοσούτῳ
794 2047 860 2081 τῶν
878 2046 1008 2081 λοιπῶν
1029 2045 1119 2080 {rot-

84 2105 226 2156 μότερον
244 2104 362 2155 ἔχουσι
380 2103 463 2155 πρὸς
482 2104 638 2149 θάνατον,
657 2103 793 2154 ὅσῳπερ
814 2101 872 2138 καὶ
893 2104 951 2146 ζῆν
970 2102 1119 2138 πολυτε-

83 2167 150 2206 λῶς
169 2164 228 2201 καὶ
246 2162 480 2213 ἐκτενέστερον
500 2165 639 2208 ζητοῦσι
656 2165 722 2199 τῶν
745 2162 870 2199 ἄλλων.
888 2179 901 2194 n
920 2162 973 2198 Cf.
994 2164 1120 2209 Droy—

84 2237 157 2259 sen.
176 2226 387 2260 Hellenism.
410 2224 470 2271 ΙΙ,
487 2235 525 2271 p.
545 2221 606 2268 87.

589 2309 625 2346 3.

295 2400 324 2433 F.
353 2398 501 2434 LIBRO
529 2397 714 2433 DECIMO
739 2395 911 2431 SEXTO.

140 2486 246 2521 Idem
262 2486 357 2532 XII,
374 2497 412 2532 p.
428 2483 515 2528 550,
530 2484 558 2520 B
576 2497 583 2518 :
602 2480 849 2532 Ἀγαθαρχίδης
862 2481 933 2517 δ’ἐν
949 2482 990 2531 τῇ
1006 2481 1124 2516 ἑκκαι-

89 2542 218 2591 δεκάτῆ
243 2543 494 2592 Εὐρωπιακῶν,
510 2540 640 2591 Μάγαν
659 2543 760 2592 φησὶ,
776 2539 833 2576 τὸν
851 2538 1010 2589 Κυρήνης
1029 2541 1127 2588 βασι-

167 2665 232 2703 DE
261 2664 419 2702 REBUS
449 2663 713 2702 EUROPAEIS
743 2663 877 2701 LIBRI
909 2662 1044 2699 XLIX.

597 2741 627 2771 1.

131 2801 248 2834 Scribit
276 2800 521 2841 Agatharchides
545 2801 635 2831 sexto
657 2799 905 2839 Europiacorum
919 2822 928 2837 ‚
947 2799 1071 2829 Bwotos
1086 2807 1126 2828 ex

91 2852 234 2892 anguillis
247 2851 436 2892 Copaidthus
458 2860 509 2881 cas
527 2860 598 2890 quae
614 2851 678 2881 sint
694 2850 820 2881 exiiniae
839 2848 1080 2889 magnitudinis,
1096 2849 1128 2879 in

92 2905 295 2935 victimarum
311 2903 440 2934 niodum
455 2904 638 2941 coronatas,
654 2903 793 2941 inspersa
807 2902 910 2940 mola,
926 2900 1006 2931 inter
1021 2909 1129 2940 preces

92 2956 152 2986 diis
178 2956 339 2986 immolare
365 2968 371 2985 ε
399 2956 430 2985 et
461 2954 621 2993 peregrino
644 2953 763 2983 homini
775 2977 784 2991 ‚
811 2952 936 2983 miranti
966 2952 1127 2983 insolitum

93 3007 237 3039 sacrificii
261 3016 374 3046 genus,
405 3007 534 3046 ejusque
564 3014 690 3036 causam
717 2996 905 3043 sciscitanti,
936 3003 1129 3044 respondisse

94 3061 240 3092 Boeotum
251 3083 260 3099 ,
275 3059 398 3090 nonnisi
418 3068 518 3089 111111111
535 3067 567 3089 se
586 3058 665 3089 scire
684 3058 851 3097 dicereque
863 3081 871 3096 ‚
892 3057 1047 3088 servanda
1062 3065 1129 3087 esse

94 3112 237 3143 instituta
250 3111 362 3151 patria,
375 3119 478 3150 neque
488 3110 599 3141 decere
613 3110 767 3141 rationem
785 3118 893 3140 eorum
908 3108 1037 3140 reddere
1051 3108 1128 3139 aliis.

593 3177 626 3206 2.

137 3219 393 3277 Agatharchides,
408 3235 596 3267 duodecimo
609 3235 817 3266 Historiarum
829 3235 919 3273 libro,
933 3235 992 3266 ait:
1009 3249 1022 3261 «ι
1034 3236 1128 3266 AEtoli

96 3291 165 3321 aliis
179 3290 359 3320 hominibus
373 3290 460 3320 tanto
475 3289 646 3328 paratiores
660 3289 733 3319 sunt
750 3287 789 3318 ad
805 3289 939 3318 mortem
951 3312 958 3326 ,
979 3297 1043 3327 quo
1061 3296 1127 3318 nia-

97 3343 141 3381 gis
158 3344 188 3373 vt
203 3341 389 3381 impensius,
401 3350 498 3380 quani
515 3340 585 3380 alii,
602 3341 786 3380 sumptuose
801 3340 906 3371 vivere
919 3340 1030 3372 solent.
1050 3354 1064 3367 »

831 157 1244 197 AGATHARCHIDIS
1273 158 1429 198 CNIDII

1173 244 1343 283 λεύσαντα
1364 246 1421 291 ἔτη
1441 246 1676 295 πεντήκοντα,
1700 247 1919 295 ἀπολέμητον
1940 248 2131 298 γενόμενον,
2148 249 2207 288 καὶ

1173 307 1374 355 τρυφῶντα,
1394 304 1613 355 κατάσαρκον
1633 304 1791 354 γενέσθαι
1817 306 1971 349 ἐκτόπως
2001 313 2069 350 τοῖς
2096 307 2208 358 ὄγκοις

1173 361 1262 398 κατὰ
1280 361 1335 398 τὸν
1353 361 1498 412 ἔσχατον
1519 362 1650 414 καιρὸν,
1673 362 1731 400 καὶ
1752 362 1817 400 ὑπὸ
1834 367 1892 400 τοῦ
1909 363 2041 415 πάχους
2061 367 2207 403 ἀποπνι·

1173 422 1294 469 γῆναι,
1310 419 1351 456 δι’
1366 419 1488 470 ἀργίαν
1509 420 1670 469 σώματος
1686 419 1744 457 καὶ
1763 420 1800 457 τὸ
1813 421 2066 473 προσφέρεσθαι
2079 425 2210 470 πλῆθος

1173 480 1311 528 τροφῆς.

1227 538 1388 572 Mortem
1400 538 1514 583 Magae
1527 537 1753 583 Cyrenarum
1765 539 1861 586 regis
1872 539 2162 586 Agatharchides
2173 542 2210 576 in

1174 593 1415 643 Εὖρωπιακοῒς
1429 596 1613 639 narravit,
1633 596 1809 642 quoniam
1832 609 1913 642 quae
1929 597 2124 633 subsecuta
2141 600 2211 645 Cy-

1174 654 1271 687 renis
1289 660 1374 688 sunt
1387 681 1397 701 ,
1427 653 1474 687 ad
1493 654 1602 700 regiae
1622 654 1660 687 in
1680 654 1899 689 Macedonia
1925 655 2071 690 familiae
2090 657 2212 691 histo--

1174 711 1266 745 riam
1285 712 1483 757 pertinent.
1507 710 1600 756 Quae
1635 711 1682 746 de
1702 712 1757 746 his
1790 719 1984 759 comperta
2009 714 2209 758 habemus,

1175 764 1348 810 leguntur
1362 776 1421 810 ap.
1442 764 1458 797 J
1465 764 1628 797 ustinum
1643 764 1786 808 XXVI,
1804 764 1823 798 3
1846 776 1854 800 z
1872 767 1947 800 Per
1961 767 2055 801 idem
2075 775 2214 814 tempus

1177 819 1188 868 (
1201 822 1297 856 circa
1320 820 1394 855 250
1409 834 1442 856 a.
1467 821 1508 858 C,
1527 820 1537 869 )
1553 834 1620 855 rex
1642 821 1869 867 Cyrenarum
1883 824 2025 869 fllagas
2043 825 2187 860 decedit
2200 839 2212 859 :

1174 882 1236 925 qui
1248 887 1332 913 ante
1344 879 1594 926 infirmitatem
1610 880 1809 914 Beronicen
1821 907 1832 922 ,
1854 884 1997 916 unicam
2002 883 2140 928 filium,
2164 885 2217 918 ad

1176 938 1344 974 finienda
1366 950 1445 972 cuin
1467 939 1669 972 Ptolemoeo
1676 935 1802 983 fratre
1821 943 2023 975 certamina
2036 942 2118 990 filio
2137 946 2215 988 ejus

1178 993 1397 1043 (Ptolemaeo
1431 997 1487 1030 III
1507 996 1722 1044 Evergetae)
1757 998 2013 1045 desponderat.
2042 999 2119 1034 Sed
2131 1009 2216 1047 post

1176 1062 1324 1088 mortem
1344 1058 1459 1101 regis,
1480 1063 1600 1093 mater
1614 1058 1778 1101 virginis
1793 1058 1967 1099 Arsinoe,
1991 1065 2029 1092 ut
2045 1061 2158 1092 invita
2176 1071 2216 1093 se

1178 1120 1401 1146 contractum
1428 1116 1701 1148 matrimonium
1721 1115 1926 1157 solveretur,
1951 1118 2052 1150 misit
2078 1120 2140 1163 qui
2165 1120 2218 1151 ad

1175 1174 1321 1217 nuptias
1347 1175 1525 1217 virginis,
1554 1183 1777 1219 regnumque
1807 1173 2047 1217 Cyrenarum,
2081 1176 2215 1210 Deme-

1177 1232 1302 1271 trium,
1315 1227 1479 1273 fratrem
1496 1233 1592 1275 regis
1608 1232 1789 1277 Antigoni
1808 1230 1998 1278 (Gonane,
2019 1239 2054 1267 et
2070 1240 2214 1280 patrem

1176 1287 1353 1334 Antigoni
1374 1289 1534 1322 Dosonis
1557 1300 1627 1323 sec.
1649 1288 1784 1323 Euseb.
1814 1289 1953 1327 Cliron.
1979 1303 2017 1337 p.
2053 1290 2120 1325 181
2150 1291 2212 1326 ed.

1176 1345 1262 1379 Mai.
1276 1345 1284 1392 )
1297 1373 1306 1388 ‚
1323 1358 1347 1379 a
1359 1346 1584 1380 illucedonia
1599 1354 1821 1381 arcesserent
1836 1361 1847 1381 .·
1862 1351 1924 1394 qui
1937 1356 1975 1382 et
1987 1352 2064 1395 ipse
2076 1350 2217 1396 exfilia

1176 1407 1371 1440 Ptolemoei
1379 1415 1596 1454 procreatus
1614 1416 1706 1444 erut.
1726 1408 1803 1442 Sed
1819 1421 1884 1443 nec
1908 1404 2114 1444 Demetrius
2136 1423 2217 1445 mo-

1178 1477 1259 1498 ram
1268 1463 1377 1509 fecit.
1397 1467 1529 1512 Itaque
1549 1478 1658 1511 quum
1672 1467 1894 1501 secundante
1919 1476 2030 1503 vento
2049 1470 2220 1503 celeriter

1180 1523 1339 1569 (ffrenas
1359 1525 1584 1567 advolasset,
1603 1525 1746 1569 fiducia
1764 1527 2043 1572 pulcritudinis,
2071 1540 2144 1574 qua
2158 1531 2216 1562 ni-

1178 1585 1244 1615 mis
1259 1583 1407 1628 placere
1423 1585 1539 1617 socrui
1556 1591 1734 1630 coeperat,
1766 1587 1887 1618 statim
1908 1597 1931 1619 (z
1957 1589 2140 1632 principio
2157 1598 2218 1620 su-

1173 1641 1307 1687 perbus
1318 1668 1327 1683 ,
1343 1639 1634 1688 regioefamilice
1657 1642 1903 1689 militibusque
1919 1647 2099 1691 impotens
2115 1652 2214 1686 erat,

1178 1700 1411 1745 studiumque
1428 1700 1604 1745 placendi
1620 1712 1643 1733 α
1661 1703 1809 1747 virgine
1825 1704 1862 1734 in
1883 1709 2034 1735 matrem
2055 1703 2219 1736 contule-

1178 1765 1249 1790 rat.
1273 1757 1366 1801 Quie
1382 1770 1438 1791 res
1457 1765 1622 1804 suspecta
1633 1761 1760 1805 primo
1775 1761 1933 1804 virgini,
1960 1760 2044 1793 dein
2060 1761 2220 1807 popula-

1178 1816 1275 1849 ribus
1289 1816 1534 1862 militibusque
1548 1818 1665 1849 invisa
1670 1814 1767 1860 fuit,
1783 1818 1918 1863 Itaque
1931 1821 2048 1852 versis
2059 1821 2219 1852 onmium

1180 1877 1314 1909 animis
1330 1877 1365 1907 in
1386 1874 1579 1908 Ptolemaei
1586 1874 1730 1921 filium,
1757 1877 1906 1910 insidiie
1924 1877 2110 1911 Demetrio
2126 1889 2220 1912 com-

1177 1940 1386 1979 parantur:
1409 1936 1469 1967 cui
1484 1945 1592 1979 quum
1615 1936 1652 1968 in
1676 1935 1805 1969 lectum
1825 1948 1945 1969 socrus
1963 1939 2215 1979 concessisset,-

1176 2002 1402 2038 percussores
1419 1994 1674 2037 immittuntur,
1698 1998 1769 2028 etc.

1685 2086 1720 2123 li.

1404 2170 1433 2203 F„
1462 2169 1608 2204 LIBRO
1633 2168 1820 2204 DECIMO
1848 2168 1995 2204 NONO.

1237 2248 1342 2283 Idem
1353 2249 1455 2296 XIV,
1471 2261 1505 2295 p.
1521 2248 1607 2292 650,
1618 2249 1666 2283 F:
1685 2245 1789 2288 Σίδας
1799 2245 1832 2282 δὲ
1843 2244 1893 2281 ὅτι
1904 2244 1964 2287 τὰς
1977 2244 2067 2296 ῥοιὰς
2078 2247 2222 2283 καλοῦσι

1187 2304 1349 2348 Βοιωτοὶ,
1373 2303 1623 2356 Ἀγαθαρχίδης
1643 2305 1676 2341 ἐν
1692 2307 1734 2354 τῇ
1756 2303 2044 2354 ἐννεακαιδεκάτῃ
2064 2298 2132 2340 τῶν
2150 2306 2222 2343 Εὐ-

1188 2365 1371 2414 ρωπιακῶν
1388 2362 1494 2405 οὕτως
1508 2362 1631 2414 γράφει
1644 2377 1651 2384 ·
1665 2379 1678 2394 «
1695 2361 2020 2413 Ἀμιρισὸητούντων
2037 2362 2221 2408 Ἀθηναίων

1187 2420 1270 2472 πρὸς
1300 2419 1468 2462 Βοιωτοὺς
1497 2420 1576 2471 περὶ
1608 2423 1668 2466 τῆς
1691 2419 1826 2471 χώρας,
1860 2419 1901 2465 ἢν
1923 2420 2066 2457 καλοῦσι
2097 2420 2221 2466 Σίδας,

1189 2477 1455 2528 Ἐπαμινώνδας
1477 2478 1813 2528 δικαιολογούμενος,
1831 2476 1986 2526 ἐξαίφνης
2007 2479 2044 2515 ἐκ
2063 2481 2123 2524 τ’ῆς
2143 2480 2222 2530 ἀρι-

1191 2542 1311 2587 στερᾶς
1326 2534 1530 2584 μεταλαδὼν
1547 2534 1785 2587 κεκρυμμένην
1801 2535 1897 2587 ῥόαν,
1910 2535 1968 2572 καὶ
1986 2535 2105 2582 δείξας,
2121 2536 2222 2588 ἤρετο

1685 2663 1718 2693 3.

1230 2715 1474 2755 Agatharchides
1490 2715 1569 2746 libro
1594 2715 1718 2746 decimo
1743 2716 1833 2746 sexto
1858 2717 1973 2746 Rerum
1994 2717 2221 2755 Europaearum

1186 2767 1295 2798 scribit
1311 2769 1432 2805 Magam
1445 2791 1452 2804 ,
1473 2767 1527 2806 qui
1541 2766 1670 2806 Cyrenis
1683 2775 1737 2805 per
1754 2774 1853 2797 annos
1866 2766 2093 2806 quinquaginta
2108 2775 2218 2806 regna-

1187 2819 1253 2858 vit,
1274 2827 1372 2857 quum
1390 2817 1478 2848 heltis
1494 2826 1557 2847 non
1576 2818 1784 2856 occuparetur
1806 2819 1837 2847 et
1855 2817 1933 2847 luxu
1957 2817 2134 2856 difflueret,
2157 2818 2218 2849 im-

1186 2878 1294 2900 mensa
1319 2869 1420 2899 carnis
1447 2868 1530 2899 inoie
1554 2869 1683 2899 auctum
1709 2867 1802 2899 tuisse
1830 2868 1888 2898 sub
1914 2870 2093 2899 extremuni
2120 2869 2222 2900 aetatis

1186 2923 1330 2961 teinpus3
1350 2920 1559 2960 tandemque,
1576 2929 1676 2960 quum
1701 2928 1816 2959 corpus
1834 2928 1995 2959 nunquam
2015 2920 2220 2960 exercitaret,

1187 2974 1218 3004 et
1232 2973 1376 3004 ciborum
1399 2972 1489 3013 copia
1512 2973 1657 3003 oneraret
1677 2973 1838 3011 ventrem,
1857 2972 1923 3012 ipsa
1947 2972 2134 3012 pinguedine
2155 2982 2221 3005 esse

1187 3024 1390 3055 suffocatum.

1687 3078 1723 3109 4.

1229 3133 1327 3165 sulas
1348 3141 1365 3163 a
1380 3132 1496 3164 Boeotis
1517 3132 1678 3163 nominata
1694 3140 1760 3163 esse
1776 3131 1859 3162 mala
1880 3130 1997 3162 Punica
2014 3130 2217 3170 Agatharchi-

1187 3186 1242 3216 des
1255 3186 1360 3223 docet,
1378 3185 1458 3215 libro
1475 3184 1598 3215 decimo
1612 3192 1695 3214 110110
1712 3185 1757 3214 De
1774 3183 1867 3214 rebus
1882 3182 2046 3222 Europaeis
2057 3206 2065 3220 ,
2085 3183 2128 3213 ita
2142 3183 2220 3213 scri·

1188 3238 1264 3268 bens
1280 3250 1286 3268 :
1304 3251 1318 3263 «ι
1338 3236 1592 3276 Disceptantibus
1613 3235 1855 3267 Atheniensibus
1868 3244 1941 3265 cum
1956 3235 2070 3267 Boeotis
2088 3234 2128 3266 de
2146 3244 2220 3274 agro

1188 3298 1281 3328 quein
1299 3289 1396 3320 Sidus
1412 3290 1544 3327 vocant,
1569 3287 1800 3327 Epaminondas
1819 3287 1890 3325 jura
1913 3289 2095 3318 Boeotorum
2113 3286 2219 3317 deten-

1189 3340 1283 3379 dens,
1304 3340 1408 3371 subito
1425 3340 1544 3370 inatiun
1564 3339 1735 3377 Punicum,
1753 3338 1837 3378 quod
1852 3338 1976 3369 sinistra
1996 3347 2090 3369 manu
2110 3337 2218 3369 occut-
