2338 3765
131 174 205 205 376

607 250 666 287 38.

172 348 260 380 Exc.
277 347 332 380 De
349 346 412 378 ins.
428 356 436 380 ε
454 340 539 380 ἅΟτι
553 341 711 391 Τήμενος
724 341 790 378 ὑπὸ
804 344 869 379 τῶν
883 344 1003 379 ἑαυτοῦ
1017 342 1149 379 παίδων

119 401 265 438 ἀπέθανε
278 402 320 438 δι’
337 399 448 437 αἰτίαν
464 398 611 438 τοιάνδε.
629 393 746 437 n”Herem
766 401 859 451 αὐτῷ
877 399 1035 452 τέτταρες
1049 401 1151 446 υἱεῖς,

121 462 242 500 Κεῖσος
258 459 299 508 (ι)
314 457 371 494 καὶ
387 457 533 503 Φάλκης
552 457 610 494 καὶ
627 457 778 508 Κερύνης
798 457 838 509 (2)
855 458 914 495 καὶ
934 458 1066 508 Ἀγαῖος
1085 459 1123 507 (3)
1138 486 1148 506 ,

118 516 268 566 θυγάτηρ
286 514 321 552 δὲ
338 514 488 564 τοῦνομα
500 514 659 566 Ἴ’ρνηθὼ
674 516 733 566 (4),
750 514 868 561 ἥντινα
885 515 991 553 ἔδωκε
1005 516 1148 564 γυναῖκα

118 574 292 626 Δηιφόντῃ
322 576 370 622 τῷ
391 572 597 623 Ἀντιμάχου
618 576 675 610 τοῦ
698 573 941 624 Θρασυάνορος
966 577 1026 610 τοῦ
1049 575 1148 618 Κτη-

119 632 246 669 σίππου
265 635 323 668 τοῦ
346 631 571 682 Ἡρακλέους.
596 630 756 682 Στέργων
776 626 832 668 οῧν
852 632 980 677 ταύτην
1009 631 1066 668 καὶ
1092 631 1148 668 τὸν

118 690 274 741 γαμὸρὸν
291 689 379 726 πολὺ
398 690 530 738 μᾶλλον
556 688 577 734 ἢ
599 691 639 739 (5)
661 689 736 732 τοὺς
754 692 833 732 υἱεῖς
855 690 913 727 καὶ
938 691 984 732 εἷς
1012 689 1148 726 ἅπαντα

117 747 292 799 χρώμενος
312 747 467 784 διετέλει.
487 746 569 785 Ἐπὶ
590 747 701 799 τούτῳ
720 750 760 798 (6)
779 749 809 785 οἱ
827 748 996 785 νεανίσκοι
1019 747 1150 798 βαρέως

117 806 291 858 φέροντες,
313 804 444 856 ἐξεῦρον
478 804 686 856 κακούργους
718 807 914 856 ἀνθρώπους
945 805 1001 847 οὒς
1021 807 1063 857 (7)
1093 805 1149 843 ἐπὶ

118 866 229 915 μισθῷ
250 863 389 900 ἔπεισαν
408 863 465 900 τὸν
483 863 641 912 Τήμενον
663 865 808 903 ἀνελεῖν.
829 864 960 914 Ἀγαῒος
979 863 1013 901 δὲ
1032 866 1048 900 ὁ
1065 863 1150 900 νεώ-

117 936 217 964 τατος
237 922 273 958 οὐ
296 923 432 972 μετεῖχε
451 924 508 959 τοῦ
528 921 769 972 βουλεύματος.
790 922 859 960 Καὶ
876 924 905 959 οἱ
924 920 984 971 μὲν
1010 921 1066 958 τὸν
1092 921 1150 958 ἄν·

118 982 251 1030 θρωπον
267 977 450 1027 λουόμενον
471 978 567 1030 παρὰ
586 979 643 1016 τὸν
664 982 819 1029 ποταμὸν
838 982 871 1017 ἐν
888 981 1015 1031 ἐρημίᾳ
1031 981 1151 1016 ἐπιπε-

118 1036 232 1078 σόντες
246 1035 304 1072 καὶ
317 1035 611 1088 κατατρώσαντες,
623 1038 776 1075 ἐκποδὼν
791 1038 961 1088 ἐγένοντο,
977 1036 1026 1073 ἔτι
1041 1038 1150 1080 ζῶντα

120 1094 186 1131 ὑπὸ
206 1094 348 1145 θορύὸου
368 1094 536 1137 λιπόντες.
557 1095 602 1134 ‘O
622 1095 656 1133 δὲ
672 1097 845 1145 κομισθεὶς
862 1097 908 1138 εἷς
932 1095 971 1133 τὸ
989 1094 1149 1146 στράτευ-

119 1168 186 1202 μα,
208 1154 337 1202 ἀγνοῶν
355 1151 430 1195 τοὺς
447 1153 567 1204 φονέας
587 1154 746 1202 θνήσκει,
773 1153 833 1199 τὴν
852 1153 960 1205 ἀρχὴν
991 1152 1153 1204 ’Υρνηθοῖ

119 1210 178 1248 καὶ
198 1209 372 1262 Δηιφόντῃ
400 1211 615 1257 καταλιπὼν,
637 1211 696 1248 καὶ
714 1211 756 1248 τὰ
782 1211 880 1262 λόγια
910 1211 1042 1263 φράσας
1061 1210 1150 1262 ἅπερ

118 1269 193 1320 ᾔδει
209 1272 268 1306 τοῦ
286 1267 437 1318 πολέμου
454 1268 545 1320 πέρι.
571 1269 669 1307 Μετὰ
689 1273 798 1306 ταῦτα
815 1268 849 1306 δὲ
868 1269 1074 1318 ζητουμένου
1091 1273 1148 1306 τοῦ

119 1327 238 1379 φόνου,
258 1326 296 1363 τὸ
317 1326 456 1375 σύμπαν
483 1320 654 1374 ἐγνώσθη,
676 1328 726 1364 ὅτι
747 1327 813 1365 ὑπὸ
839 1330 903 1364 τῶν
926 1327 1004 1379 περὶ
1025 1330 1149 1365 Κεῖσον

119 1384 348 1431 ἐπεὸουλεύθη
363 1386 402 1436 (8)
413 1415 422 1431 ,
434 1384 493 1421 καὶ
505 1384 579 1433 ἅμα
597 1386 651 1422 διὰ
663 1385 723 1431 τὴν
736 1385 898 1434 Τημένου
910 1385 1094 1436 ἐπίσκηψιν
1111 1387 1150 1435 (9)

118 1443 333 1488 ἐξεώσθησαν
357 1445 394 1480 ἐκ
417 1446 477 1488 τῆς
494 1446 615 1494 ἀρχῆς,
638 1444 831 1496 Δηιφόντης
848 1444 955 1481 δὲκαὶ
984 1446 1040 1491 (10)
1070 1443 1153 1495 ‘Yp-

118 1500 208 1546 νηθῶ
236 1500 434 1538 ἐδασίλευον
464 1500 518 1537 διά
539 1517 575 1538 τε
603 1505 710 1539 ταῦτα
730 1502 789 1539 καὶ
809 1501 860 1539 ὅτι
885 1502 929 1539 τὰ
955 1502 1053 1552 λόγια
1072 1502 1154 1553 ᾔδε-

119 1574 195 1606 σαν,
216 1561 249 1596 ἐν
267 1553 314 1602 οἷς
330 1562 391 1604 τῆς
410 1558 554 1596 καθόδου
573 1562 593 1605 ἡ
616 1559 713 1602 ἐλπὶς
728 1554 782 1606 ἦν.
803 1559 853 1598 Οἵ
879 1575 916 1609 γε
937 1559 1003 1609 μὴν
1035 1560 1154 1601 παῖδες

119 1617 251 1668 ἔξαρνοι
265 1612 352 1663 ἦσαν
369 1616 425 1653 τὸν
438 1616 534 1668 φόνον
550 1619 633 1654 κούκ
649 1618 714 1669 ἄρα
732 1619 792 1669 (11)
808 1618 951 1665 ἔμελλον
966 1620 1025 1663 τῆς
1042 1619 1153 1668 ἀρχῆς

126 1675 205 1726 πέρι
223 1674 442 1726 ἀτρεμήσειν.
502 1676 709 1712 Τοῦντεῧθεν
729 1676 921 1722 Δηιφόντης
939 1678 1072 1725 πρῶτον
1095 1676 1155 1723 μὲν

128 1733 332 1785 ὑποπέμψας
345 1732 504 1783 πρέσὸεις
520 1732 632 1784 κρύφα
652 1734 871 1785 Τροιζηνίους
891 1733 949 1771 καὶ
971 1733 1157 1774 Ἀσιναίους

126 1791 184 1828 καὶ
212 1790 405 1840 Ἑρμιονεῖς
435 1789 492 1826 καὶ
512 1790 642 1833 πάντας
669 1791 740 1827 ὅσοι
761 1792 840 1842 τῇδε
860 1789 1015 1841 Δρύοπες
1034 1790 1155 1842 ᾤκουν,

125 1850 288 1900 ἀφίστησι
308 1851 373 1885 τῶν
395 1847 553 1899 Ἀργείων
575 1848 749 1892 ἐθελοντὰς
779 1849 838 1886 καὶ
863 1848 1004 1894 αὐτοὺς,
1039 1847 1086 1895 μὴ
1106 1851 1155 1900 τῷ

125 1907 238 1959 χρόνῳ
256 1910 339 1956 ὁμοῦ
359 1906 477 1948 κείνοις
492 1906 557 1943 ὑπὸ
577 1907 737 1956 Δωριέων
760 1908 817 1958 (12)
841 1907 1076 1951 ἐξανασταῗεν.

611 2003 672 2049 39.

924 162 1123 200 NlCOLAl
1154 161 1440 200 DAMASCENI

1692 249 1750 281 38.

1252 349 1409 378 Temenus
1427 355 1445 377 a
1470 345 1539 376 filiis
1555 346 1619 377 suis
1635 345 1818 376 interfectus
1840 346 1888 376 est
1909 344 1951 376 ob
1978 353 2110 376 eausam
2131 344 2243 385 hujus-

1212 410 1308 441 modi.
1326 412 1486 447 Quattuor
1500 410 1527 440 ei
1545 409 1599 440 filii
1621 409 1728 449 erant,
1751 409 1862 448 Cisus‚
1885 409 2037 448 Phalces,
2055 411 2193 450 Cerynes
2214 413 2246 442 et

1212 478 1340 514 Agaeus;
1356 474 1417 504 siha
1431 474 1538 504 autem
1553 473 1727 512 Hyrnetho,
1742 481 1839 512 quam
1850 472 1883 504 in
1895 474 2134 504 matrimonium
2147 472 2245 505 dede-

1212 542 1259 568 rat
1277 537 1448 576 Deiphonti
1460 561 1468 576 ‚
1484 536 1662 568 Antimachi
1672 561 1681 576 ,
1695 536 1938 576 Thrasyanoris,
1953 536 2094 576 Ctesippi
2106 560 2115 575 ‚
2130 537 2247 568 Hercu—

1214 601 1260 632 lis.
1277 603 1366 632 Hanc
1379 601 1473 640 igitur
1489 602 1585 640 atque
1596 609 1746 640 generum
1765 609 1865 640 quum
1889 599 1960 631 siliis
1972 599 2036 630 suis
2058 599 2246 638 anteferret,

1213 666 1312 705 iisque
1325 665 1363 695 ad
1379 665 1485 695 omnia
1500 665 1592 696 sociis
1605 666 1636 696 et
1653 664 1836 695 consiliariis
1849 663 1896 695 uti
1912 664 2045 703 soleret,
2062 664 2198 703 graviter
2214 663 2244 694 id

1212 730 1345 760 serentes
1365 728 1498 768 juvenes
1526 729 1715 760 invenerunt
1739 728 1883 759 homines
1908 727 2064 767 quosdam
2088 727 2246 767 perditos,

1212 802 1291 832 quos
1304 793 1406 832 pretio
1425 792 1626 823 adduxerunt
1638 816 1647 831 ,
1661 795 1697 823 ut
1712 794 1887 823 Temenum
1908 791 1949 823 de
1962 791 2066 823 medio
2084 791 2245 822 tollerent.

1213 858 1322 896 [taque
1340 858 1518 887 Temenum
1537 856 1695 887 lavantem
1713 856 1751 886 ad
1771 855 1904 886 tluvium
1928 855 1960 886 in
1980 857 2105 895 regione
2126 855 2249 886 deserta

1212 920 1315 951 adorti
1331 921 1422 958 sunt,
1437 921 1618 959 vulnusque
1630 919 1771 951 inflixere
1785 943 1793 959 ,
1807 919 1862 951 sed
1875 919 2007 959 strepitu
2023 919 2127 950 territi
2140 919 2249 950 vivum

1213 984 1318 1016 adhuc
1333 983 1543 1023 relinquentes
1556 984 1757 1023 aufugerunt.
1776 983 1833 1014 Ille
1847 991 1921 1014 vero
1936 983 1967 1013 in
1988 983 2091 1013 castra
2105 982 2251 1022 deporta·

1214 1047 1284 1085 tus,
1309 1047 1459 1077 auctores
1477 1045 1572 1077 caedis
1594 1046 1740 1086 ignorans
1764 1045 1958 1085 exspiravit,
1972 1045 2140 1085 postquam
2166 1046 2250 1084 Hyr-

1215 1108 1385 1138 nethonem
1407 1109 1438 1138 et
1464 1108 1673 1147 Deiphontem
1700 1107 1785 1146 regni
1813 1115 2011 1138 successores
2034 1107 2252 1147 designaverat

1213 1171 1243 1200 et
1260 1170 1387 1200 oracula
1407 1169 1547 1208 dixerat,
1562 1179 1634 1210 quae
1651 1169 1690 1200 de
1712 1169 1794 1200 bello
1817 1170 1980 1209 comperta
2001 1169 2148 1201 habebat.
2175 1172 2251 1201 Post

1214 1232 1283 1263 haec
1296 1241 1371 1263 xero
1389 1241 1489 1271 quum
1514 1232 1553 1263 de
1575 1232 1661 1263 caede
1680 1231 1913 1271 inquirentibus
1929 1233 1997 1262 tota
2023 1240 2073 1263 res
2097 1233 2254 1272 patefacta

1216 1295 1314 1331 esset,
1341 1296 1468 1333 propter
1492 1293 1620 1325 insidias
1646 1294 1728 1333 patri
1752 1303 1771 1324 a
1795 1293 1868 1325 Ciso
1896 1293 2029 1334 ejusque
2053 1294 2145 1326 sociis
2173 1296 2253 1326 strn-

1215 1357 1281 1387 ctas
1291 1357 1322 1387 et
1335 1358 1463 1395 propter
1477 1356 1605 1387 Temeni
1619 1356 1782 1386 morientis
1797 1355 1946 1387 mandata
1960 1355 2004 1386 illi
2016 1356 2097 1396 pulsi
2107 1358 2182 1388 sunt
2197 1366 2250 1389 re—

1214 1427 1274 1457 guo
1287 1443 1294 1456 ‚
1311 1418 1393 1458 quod
1410 1419 1604 1458 Hyrnethoni
1622 1420 1653 1450 et
1670 1418 1837 1458 Deiphonti
1857 1419 2007 1450 traditum
2021 1421 2069 1450 est
2083 1420 2116 1451 et
2133 1420 2174 1451 ob
2188 1420 2255 1452 haec

1218 1482 1247 1510 et
1266 1480 1352 1519 quod
1370 1479 1511 1511 sciebant
1527 1480 1693 1511 oraculum
1713 1488 1800 1519 spem
1824 1480 1943 1512 reditus
1961 1480 2087 1513 faciens.
2117 1481 2177 1513 Sed
2201 1481 2254 1513 11111

1216 1543 1335 1574 creden]
1347 1552 1364 1573 a
1375 1552 1407 1574 se
1418 1543 1618 1574 commissam
1629 1543 1744 1574 infitias
1758 1543 1845 1574 ibant
1856 1545 1886 1574 et
1897 1543 1935 1574 de
1947 1552 2041 1583 regno
2051 1553 2254 1585 nequaquam

1224 1604 1441 1643 quiescebant.
1469 1605 1590 1636 Dehinc
1615 1605 1808 1644 Deiphontes
1838 1605 1976 1644 primum
2003 1606 2130 1645 quidem
2156 1608 2257 1639 missis

1219 1666 1399 1696 clanculum
1421 1666 1528 1706 legatis
1550 1668 1730 1697 Troezenios
1752 1668 1784 1697 et
1807 1666 1944 1697 Asinaeos
1961 1669 1992 1698 et
2014 1668 2256 1701 Hermionenses

1219 1730 1250 1759 et
1263 1729 1402 1768 reliquos
1418 1729 1471 1767 qui
1485 1728 1548 1759 illic
1562 1728 1746 1759 habitabant
1765 1730 1908 1768 Dryopes
1920 1729 2076 1767 adduxit,
2092 1732 2127 1761 ut
2146 1731 2186 1762 ab
2200 1734 2256 1762 Ar-

1220 1791 1299 1831 givis
1312 1791 1502 1829 delicerent,
1525 1791 1619 1830 idque
1633 1790 1715 1821 haud
1734 1790 1868 1830 invitm,
1887 1793 2065 1823 metuentes
2078 1793 2197 1824 scilicet
2218 1802 2257 1825 ne

1220 1854 1390 1893 aliquando
1405 1862 1468 1884 una
1485 1862 1558 1884 cum
1574 1853 1635 1884 illis
1651 1852 1778 1884 sedibus
1802 1853 1867 1884 suis
1890 1862 1909 1884 a
1924 1853 2129 1886 Doriensibus
2145 1857 2254 1896 expel-

1221 1917 1372 1948 lereniur.

1713 2004 1768 2036 39.

1265 2100 1474 2139 Cresphontes
1490 2099 1636 2131 omnibus
1652 2100 1810 2139 imperans
1826 2101 2019 2137 Messeniis,
2036 2109 2137 2140 quum
2158 2102 2256 2141 regio·

1225 2167 1297 2190 nem
1314 2159 1346 2189 in
1357 2158 1497 2198 quinque
1507 2157 1663 2189 divisisset
1676 2158 1839 2197 civitates,
1854 2166 1929 2189 mox
1943 2158 2117 2198 poenitebat
2132 2168 2205 2191 eum
2217 2169 2256 2191 ex

171 2095 315 2131 Ibidem
335 2108 342 2130 :
373 2092 456 2132 “Ort
478 2093 697 2145 Κρεσφόντης
720 2096 759 2143 (1)
783 2098 920 2131 πάντων
943 2094 1161 2132 ἐδασίλευσεν

119 2154 185 2189 τῶν
218 2154 435 2202 στρατιωτῶν
469 2154 508 2201 (2)
521 2168 528 2175 ·
557 2152 590 2194 ὃς
622 2152 740 2198 ἐπειδὴ
767 2152 898 2201 διένεμε
929 2152 990 2198 τὴν
1019 2156 1082 2203 γῆν
1117 2154 1162 2195 εἷς

124 2265 170 2293 19.
192 2264 441 2301 Repraeseiltasse
456 2263 631 2302 Apollinem
649 2265 809 2294 Carneum
823 2265 927 2294 censet
940 2264 1064 2294 Mulier.
1084 2267 1161 2294 Dor.
1180 2266 1214 2301 1,
1233 2273 1263 2303 p.
1283 2267 1353 2295 358.
1372 2266 1417 2294 De
1431 2263 1531 2302 Apoll.
1547 2263 1579 2293 in
1593 2264 1759 2294 Thornace
1773 2272 1803 2294 v.
1825 2263 2022 2303 Herodot.1,
2046 2267 2096 2295 69.
2113 2266 2253 2305 Hesych.

121 2316 150 2338 v.
171 2309 298 2348 Θόρναξ.
318 2310 367 2340 Cf.
382 2309 463 2339 idem
483 2322 490 2340 ι
509 2310 681 2349 Θοράτης
694 2311 730 2349 (9)
744 2334 752 2348 ,
779 2310 928 2341 Ἀπόλλων
944 2311 1027 2350 παρὰ
1047 2310 1199 2347 Λάκωσι,
1220 2319 1292 2349 quae
1305 2310 1409 2340 nescio
1425 2318 1465 2339 an
1480 2309 1542 2338 huc
1555 2309 1742 2348 pertineant.

163 2360 212 2387 38.
232 2355 308 2387 Cod.
326 2359 437 2387 Escor.
454 2357 512 2392 sol.
528 2360 565 2388 73
576 2381 584 2394 ,
600 2362 674 2388 5—25
690 2366 719 2388 ν.
736 2360 811 2389 Rem
826 2357 956 2388 eandem
969 2366 1007 2388 ex
1021 2358 1131 2387 eodem
1147 2358 1231 2387 sonte
1246 2358 1255 2395 (
1270 2357 1413 2396 Ephoro)
1426 2355 1551 2385 brevius
1565 2357 1670 2385 narrat
1684 2355 1838 2386 Diodorus
1850 2355 1880 2385 in
1897 2357 1971 2385 Exc.
1988 2358 2033 2386 De
2044 2356 2132 2387 insid.
2149 2357 2208 2395 (fr.
2223 2359 2254 2388 4.

126 2404 161 2431 V.
177 2405 255 2432 tom.
273 2404 310 2439 ΙΙ,
324 2411 354 2441 p.
367 2405 663 2441 Ν’111).-1.Κεῖσ
673 2404 730 2444 ος]
749 2404 888 2443 Κράσσος
900 2404 1011 2434 codex.
1028 2407 1073 2434 De
1086 2404 1179 2434 variis
1194 2405 1286 2441 hujiis
1297 2403 1431 2433 nominis
1443 2402 1550 2433 formis
1562 2402 1625 2432 vid.
1638 2404 1703 2432 not.
1717 2402 1756 2433 ad
1767 2402 1897 2433 Diodor.
1911 2402 1931 2433 l.
1946 2402 2016 2432 l.—
2027 2407 2054 2433 2.
2068 2406 2091 2434 Κ
2101 2403 2256 2444 ερύνης]

122 2449 166 2478 sic
185 2445 311 2479 Diodor.
329 2450 360 2479 et
379 2450 568 2489 Pausania83
585 2451 711 2489 κορύνης
728 2451 839 2481 codex.
858 2469 908 2480 -.
927 2455 956 2481 3.
974 2451 1120 2489 Ἀγαῖος
1133 2449 1143 2489 ]
1157 2451 1200 2480 sic
1216 2450 1311 2480 etiam
1327 2449 1439 2479 Strabo
1453 2450 1546 2485 Vlll,
1570 2457 1601 2487 p.
1618 2451 1677 2479 389
1694 2457 1733 2479 ex
1750 2448 1875 2487 Ephoro
1897 2448 1955 2486 (fr.
1973 2448 2045 2487 16).
2070 2451 2114 2480 De
2130 2449 2256 2481 diversa

124 2495 216 2533 huJus
234 2495 369 2525 nominis
387 2495 541 2534 scriptura
562 2505 593 2526 v.
611 2497 737 2526 Diodor.
758 2497 795 2527 fr.
817 2499 834 2527 4
857 2498 923 2527 not.
947 2501 975 2527 6.
991 2514 1028 2518 —
1050 2499 1077 2526 4.
1093 2496 1369 2536 Ἱ·ρνηοὼ]ὡρν.
1386 2495 1478 2535 cod.;
1496 2504 1570 2525 mox
1591 2495 1723 2533 ὃηιφόντι
1738 2495 1807 2525 cod.
1826 2496 2048 2534 Gcncalogiam
2068 2497 2255 2536 Deiphontis

124 2541 233 2572 codem
249 2541 343 2571 modo
357 2541 451 2572 tradit
472 2543 638 2572 Pausanias
653 2545 699 2581 11,
719 2548 753 2574 19
764 2567 772 2581 ,
791 2547 801 2573 1
817 2567 825 2581 ,
839 2544 929 2582 cujus
943 2543 1079 2573 narratio
1094 2543 1224 2573 omnino
1241 2551 1312 2572 cum
1331 2545 1436 2573 nostra
1451 2542 1664 2581 comparanda
1681 2543 1746 2578 est,
1757 2542 1830 2572 volt.
1847 2543 1873 2572 ll
1889 2566 1897 2580 ‚
1914 2546 1951 2573 25
1962 2566 1969 2578 ‚
1988 2546 2017 2573 3.
2028 2560 2069 2564 -
2083 2547 2110 2573 5.
2126 2542 2167 2583 ἢ]
2185 2553 2256 2583 sup-

125 2587 219 2626 plevi.
233 2604 274 2612 -
288 2592 317 2617 6.
344 2587 488 2627 τούτῳ]
513 2591 603 2618 τοῦτο
622 2588 734 2619 codex.
753 2592 884 2627 Agnetis,
902 2589 956 2628 qui
990 2598 1051 2619 non
1078 2589 1233 2628 particeps
1253 2589 1478 2627 conjurationis
1501 2589 1595 2619 t'uisse
1623 2588 1749 2624 dicitnr,
1767 2597 1830 2618 una
1854 2597 1929 2619 cum
1954 2589 2131 2628 Deiphonte
2152 2591 2255 2621 Acten

124 2635 190 2665 sive
209 2634 495 2673 septemtrionalem
515 2635 668 2673 Argolidis
691 2645 779 2666 oram
797 2636 1027 2675 (Epidaurum,
1044 2639 1244 2673 Trwzenem)
1264 2635 1437 2667 obtinebat.
1458 2635 1530 2665 Vid.
1549 2635 1661 2665 Strabo
1685 2637 1777 2672 Vlll,
1802 2643 1832 2673 p.
1851 2638 1933 2674 389;
1957 2635 2072 2674 Ephor.
2092 2635 2130 2666 fr.
2150 2640 2198 2667 16.
2215 2653 2257 2659 —

125 2681 155 2710 7.
174 2679 262 2720 οὓς]
278 2680 430 2718 supplevi.
447 2700 485 2705 —
503 2684 530 2711 8.
547 2682 564 2710 ὑ
575 2692 596 2710 π
609 2681 625 2711 ὸ
687 2683 903 2712 ἐπεὸου).εύ
915 2682 978 2721 οη]
996 2683 1056 2713 ὑπὸ
1074 2685 1125 2714 τὸν
1140 2694 1320 2723 περικισσον
1344 2682 1505 2717 {Coele-§on
1520 2681 1631 2712 codex.
1650 2681 1741 2712 Cisus
1759 2681 1894 2711 tiliorum
1909 2684 1973 2712 erat
1989 2683 2064 2712 natu
2083 2682 2254 2715 maximus.

129 2728 265 2756 Pausan.
288 2727 334 2763 ll,
357 2729 391 2757 19
405 2749 413 2762 ,
435 2730 464 2756 2.
479 2744 519 2749 ——
533 2731 562 2757 9.
587 2727 825 2767 ἐπίσκηψιν]
841 2729 1015 2759 ἐπισκίασιν
1033 2729 1143 2759 codex.
1173 2732 1217 2760 lie
1248 2738 1279 2759 re
1297 2729 1336 2759 cs.
1365 2728 1545 2768 Apollodor.
1566 2729 1594 2758 ll
1609 2751 1617 2765 ,
1643 2731 1678 2763 8,
1696 2732 1712 2758 5
1735 2737 1742 2757 z
1768 2729 1934 2766 Γενομένου
1954 2728 1984 2758 δὲ
2009 2731 2063 2758 τοῦ
2080 2728 2172 2767 φόνου
2190 2730 2254 2768 (sc.

126 2771 287 2810 Τημένου)
309 2773 362 2808 την
384 2773 541 2811 βασιλείαν
556 2774 571 2803 ὁ
591 2774 717 2813 στρατὸς
734 2774 814 2813 ἔχειν
836 2775 1015 2804 ἐδικαίωσεν
1029 2774 1166 2814 Ὑρνηθοῖ
1181 2777 1233 2806 καὶ
1251 2775 1415 2814 Δηιφόντῃ.
1434 2774 1556 2805 Bellum
1573 2773 1686 2805 deinde
1700 2775 1781 2804 inter
1797 2774 1983 2805 'semonidas
2000 2775 2030 2804 ct
2047 2774 2255 2813 Deiphontem

126 2818 298 2849 conflatum
317 2827 400 2856 esse,
421 2819 477 2849 nisi
504 2820 644 2858 Ephorus
668 2820 813 2859 tradidit,
832 2821 995 2860 Euripides
1011 2823 1096 2852 ‹zei-te
1119 2821 1244 2853 finxisse
1266 2822 1402 2858 videtur,
1426 2821 1449 2851 si
1464 2820 1540 2860 quid
1555 2820 1699 2860 colligere
1722 2821 1794 2851 licet
1818 2829 1856 2851 ex
1879 2821 2059 2859 fragmentis
2082 2830 2111 2860 p.
2131 2824 2190 2853 795>
2206 2830 2253 2862 sq.

129 2864 178 2894 ed.
196 2863 301 2894 Didot.
319 2881 358 2886 -
378 2869 423 2895 10.
442 2865 529 2904 καὶ]
544 2865 660 2895 addidi.
682 2868 758 2896 'Mox
779 2867 974 2907 ἐξαρνοίησαν
1001 2867 1114 2898 codex.
1139 2886 1179 2893 —
1200 2873 1248 2898 11.
1270 2867 1424 2906 κουρκάρα
1441 2867 1553 2897 codex.
1578 2884 1620 2889 —
1645 2871 1693 2897 12.
1716 2866 1915 2906 Δωριέων]
1944 2867 2091 2906 Δωριήων
2117 2867 2166 2897 vel
2183 2869 2253 2898 Δω-

127 2912 232 2952 ριε-’νων
258 2910 369 2941 codex.
387 2912 478 2941 Asine
497 2914 527 2942 et
547 2912 713 2942 liei-mione
738 2912 957 2943 incolebantur
983 2922 1000 2943 a
1030 2913 1209 2951 Dryopibus
1237 2913 1289 2952 qui
1315 2913 1551 2944 meridionalem
1577 2913 1733 2952 Argolidis
1758 2914 1878 2952 partem
1904 2913 2066 2944 tenebant.
2089 2914 2254 2946 Terminos

127 2956 251 2987 ditionis
276 2957 438 2996 Dryopiseae
462 2959 549 2988 notat
574 2959 742 2989 Pausanias
767 2961 810 2997 ΙΙ,
828 2963 883 2996 28,
904 2964 932 2989 2.
962 2964 1021 2996 36,
1047 2964 1074 2989 5.
1103 2959 1196 2990 Vides
1223 2969 1260 2990 cx
1287 2962 1394 2990 nostro
1411 2957 1488 2990 'loco
1515 2963 1655 2999 Dryopes
1676 2960 1747 2990 illos
1771 2968 1832 2990 see.
1854 2960 2016 2999 Ephorum
2042 2963 2107 2998 jam
2124 2959 2253 2992 Temeni

128 3003 323 3042 temporibus
339 3003 500 3041 sthcctos
521 3005 722 3035 Doriensihus
738 3005 839 3035 fuisse.
859 3008 893 3036 ln
918 3005 1100 3036 universum
1126 3005 1165 3036 de
1182 3007 1301 3037 ratione
1318 3016 1430 3046 parum
1453 3006 1623 3046 probabili,
1638 3015 1701 3046 qua
1713 3005 1752 3037 de
1774 3005 1821 3036 his
1834 3006 1980 3037 omnihus
1996 3006 2141 3045 Ephorus
2157 3014 2253 3046 expo·

127 3050 208 3085 snit,
232 3058 263 3078 v.
285 3049 406 3079 Mullor-
437 3052 511 3080 Dor.
535 3052 567 3087 1,
597 3059 626 3089 p.
653 3055 690 3081 63
715 3060 782 3090 sqq.

170 3094 325 3125 39--Cssd-
349 3095 511 3125 Est-orma.
529 3095 597 3131 sol.
623 3099 681 3133 78,
701 3101 739 3126 20
761 3099 901 3132 Γ-Ίὸ,
929 3100 1051 3129 211130.
1079 3116 1119 3123 —-
1142 3102 1167 3128 1.
1192 3092 1456 3139 Κρεσφόντης]
1479 3098 1639 3138 κρεφὸντης
1665 3097 1733 3128 cod.
1758 3115 1799 3120 —-
1821 3101 1852 3127 2.
1879 3097 2151 3137 στρατιωτῶν]
2181 3100 2252 3130 Vox

130 3141 237 3179 procul
266 3140 362 3171 dubio
388 3142 546 3179 corrupta.
579 3144 610 3171 111
636 3142 734 3180 prima
757 3143 919 3179 fragmenti
944 3142 1031 3181 parte
1061 3144 1199 3173 narratio
1222 3145 1338 3175 Nicolai
1367 3145 1500 3184 pessime
1522 3144 1684 3174 contracta
1711 3145 1767 3174 est.
1793 3145 1893 3174 Pauca
1920 3142 1990 3179 illa,
2009 3141 2123 3180 quibus
2146 3145 2253 3173 nostra

132 3188 198 3216 hzcc
223 3186 377 3217 illustrare
403 3195 585 3226 possumus,
605 3196 773 3227 apponam.
793 3189 941 3227 sequntur
966 3188 1114 3220 Nicolaus
1141 3190 1300 3229 Ephorum
1319 3191 1378 3230 (fr.
1405 3191 1478 3229 20),
1500 3199 1540 3220 ex
1556 3198 1619 3229 quo
1639 3190 1743 3219 haecce
1759 3189 1850 3219 affert
1866 3188 1978 3219 Strabo
2000 3190 2093 3225 Vlll,
2116 3197 2146 3227 p.
2166 3192 2221 3219 361
2243 3201 2250 3218 :

131 3232 258 3271 Ἔφορος
281 3233 312 3262 δὲ
341 3233 393 3267 τού
424 3233 632 3273 Κρεσφόντην,
649 3234 751 3270 ἐπειδὴ
777 3235 835 3264 εἷλε
854 3234 1033 3271 Μεσσήνην,
1052 3235 1157 3266 διελεῖν
1176 3248 1264 3275 φησιν
1294 3239 1334 3273 εἰς
1356 3238 1444 3268 πέντε
1470 3237 1570 3272 πόλεις
1591 3237 1703 3273 αὐτὴν,
1728 3237 1808 3266 ὥστε
1834 3235 2037 3274 Στενύκλαρον
2062 3235 2115 3274 μὲν
2145 3234 2175 3265 ἐν
2203 3238 2248 3274 τῷ

134 3278 218 3318 μέσῳ
235 3283 287 3315 τῆς
311 3278 424 3318 716in
446 3279 574 3319 ταύτης]
592 3280 753 3318 κειμένην,
777 3279 930 3315 ἆποδεῖξαι
954 3281 1106 3319 βασίλειον
1124 3284 1226 3322 αὑτῷ,
1251 3282 1313 3322 [εἷς
1338 3283 1369 3313 δὲ
1397 3284 1450 3317 τὰς
1477 3282 1588 3322 ἄλλας]
1613 3286 1665 3318 τῆς
1687 3282 1841 3321 βασιλείας
1869 3282 2008 3320 πέμψαι,
2027 3281 2055 3316 ἐς
2077 3282 2175 3312 Πύλον
2199 3283 2250 3311 καὶ

133 3323 213 3356 ‘Pio-a
237 3325 305 3365 [καὶ
326 3326 423 3357 Mami)
433 3337 466 3356 'm
489 3326 564 3366 καὶ]
585 3327 753 3366 ‘sapei-ssa,
776 3328 945 3363 ποιήσαντα.
972 3328 1130 3366 ἰσονόμους
1154 3330 1266 3364 πάντας
1292 3331 1352 3364 τοῖς
1376 3331 1523 3369 Δ(ι)ριεῦσι
1549 3329 1616 3364 τοὺς
1642 3328 1843 3365 Μεσσηνίους.
1868 3328 2128 3364 Ἀγανακτούντων
2146 3328 2175 3358 δὲ
2193 3331 2251 3357 τῶν
