2338 3765
919 151 1226 189 FRAGMENTA

18 244 122 286 Βίλιος
156 244 375 293 ἀπελεύθερος
413 240 600 291 Καρὸιλιόυ
631 242 689 276 τοῦ
719 238 854 289 πρώτου
886 236 1038 285 γαμετὴν

16 300 227 343 ἕκὸαλόντος.

505 396 558 433 14.

73 485 176 520 Idem
194 485 244 520 ib.
266 497 298 521 e.
331 483 376 528 78
402 495 410 519 ε
429 480 494 518 Διὰ
510 481 542 517 τί
567 483 632 517 τῶν
649 482 775 517 οἰωνῶν
801 481 817 514 ὁ
834 477 1041 524 καλούμενος

18 540 211 591 ἀριστερὸς,
233 538 404 584 αἴσιος;...
427 537 473 575 *ll
495 538 638 585 μᾶλλον,
657 540 700 579 ὡς
722 536 834 578 Ἰόὸας
856 535 956 586 φησὶ,
974 540 1041 576 τοῖς

17 597 99 650 πρὸς
119 597 177 640 τὰς
200 596 366 637 ἀνατολὰς
390 595 641 633 ἀποῧλέπουσιν
662 597 695 631 ἐν
728 598 890 645 ἀριστερᾷ
914 592 1042 641 γίνεται

17 655 55 692 τὸ
73 655 219 706 βόρειον;
247 654 264 691 ὃ
284 654 324 698 δὴ
353 657 411 690 τοῦ
440 653 570 702 κόσμου
592 652 696 696 δεξιὸν
720 652 799 689 ἔνιοι
818 651 965 688 τίθενται
984 650 1042 687 καὶ

17 712 278 763 καθυπέρτερον.

508 767 563 805 15.

303 863 331 896 Ε
359 862 506 897 LIBRO
535 860 771 898 SECUNDO.

69 950 193 996 steph.
214 951 299 995 Byz.
322 961 329 983 :
350 946 530 996 Νομαντία
543 975 553 994 ,
569 947 665 988 πόλις
682 945 850 996 ’[ὅηρίας.
874 943 987 986 ’Idem
1005 946 1038 981 ἐν

19 1006 164 1057 δευτέρῳ
185 1004 389 1054 (Ρωμαϊκῆς
409 1004 664 1056 ἀρχαιολογίας.

504 1099 561 1134 16.

71 1187 194 1233 steph.
227 1187 310 1232 Byz.
335 1198 342 1219 ε
365 1182 535 1234 Ἀρὸάκη,
566 1182 661 1224 πόλις
681 1184 714 1219 ἐν
740 1181 952 1232 Κελτιὲηρίᾳ
969 1211 978 1227 ,
1001 1183 1045 1224 ὡς

21 1242 145 1285 Ἰόὸας.
167 1242 217 1280 Τὸ
237 1241 363 1278 ἐθνικὸν
385 1241 600 1291 Ἀρὸακαῗος.

506 1348 562 1380 17.

77 1424 294 1459 Plutarchus
311 1423 441 1469 Comp.
464 1423 594 1469 Pelop.
618 1434 650 1456 c.
678 1422 843 1456 Marcell.
862 1434 893 1457 0.
921 1434 934 1455 1
955 1448 965 1469 ,

22 1480 175 1518 Ἀννίὸαν
198 1479 231 1516 δὲ
252 1479 475 1530 Μάρκελλος,
494 1480 539 1521 ὡς
566 1477 626 1527 μὲν
647 1479 676 1514 οἱ
697 1478 775 1529 περὶ
798 1476 967 1515 Πολύὸιον
986 1478 1048 1514 λέ-

21 1554 149 1588 γουσιν,
165 1538 234 1574 οὐδ’
255 1536 346 1579 ἅπαξ
361 1536 528 1582 ἐνίκησεν,
552 1537 626 1572 ἀλλ’
643 1535 809 1581 ἀήττητος
824 1537 841 1571 ὃ
856 1534 940 1586 ἀνὴρ
958 1536 1050 1572 δοκεῖ

22 1595 232 1646 διαγενέσθαι
244 1594 346 1646 μέχρι
358 1593 573 1642 Σκηπίωνος,
586 1594 683 1642 ἡμεῖς
698 1593 731 1630 δὲ
744 1592 868 1645 Λιὸίῳ,
885 1594 1049 1644 Καίσαρι,

22 1653 160 1692 Νέπωτι
176 1653 234 1690 καὶ
250 1655 317 1689 τῶν
334 1651 545 1697 Ἑλληνικῶν
562 1654 610 1702 τῷ
628 1652 761 1701 βασιλεῖ
782 1651 874 1701 Ἰόὸᾳ
891 1651 1051 1688 πιστεύο-

993 1420 1012 1455 5
1038 1435 1045 1456 ;

23 1727 96 1760 μεν,
116 1710 221 1756 ἥττας
240 1710 333 1752 τινὰς
352 1710 411 1747 καὶ
430 1709 558 1761 τροπὰς
586 1709 650 1746 ὑπὸ
671 1709 878 1760 Μαρκέλλου
899 1711 964 1745 τῶν
986 1708 1045 1746 σὺν

22 1768 157 1818 Ἀννίὲᾳ
183 1767 355 1818 γενέσθαι·
377 1768 530 1816 μεγάλην
561 1766 588 1803 δ’
622 1761 722 1803 αὗται
755 1766 859 1818 ῥοπὴν
886 1766 1046 1815 οὐδεμίαν

24 1826 204 1871 ἐποίησαν,
224 1826 300 1862 ἀλλ’
320 1824 405 1862 ἔοικε
427 1823 660 1876 ψευδόπτωμά
680 1839 711 1860 τι
725 1822 880 1873 γενέσθαι
899 1823 977 1875 περὶ
994 1825 1049 1860 τὸν

26 1883 133 1922 Λίὸυν
152 1885 184 1921 ἐν
201 1884 274 1925 ταῖς
292 1884 506 1931 συμπλοκαῖς
523 1881 677 1923 ἐκείναις.

508 1977 566 2012 18.

75 2065 261 2099 Plutarch.
285 2064 382 2099 Sulla
402 2076 432 2098 c.
456 2063 521 2111 16,
548 2075 591 2097 10
611 2076 617 2096 :
637 2060 737 2099 Ἐπεὶ
755 2061 788 2096 δὲ
810 2061 1051 2111 ἀποκρουσθεὶς

505 2175 560 2206 14.

67 2231 136 2261 Cur
151 2237 228 2260 aves
239 2228 391 2260 sinistroe
405 2236 482 2268 quae
502 2227 680 2262 dicuntur,
703 2229 736 2258 in
754 2228 903 2266 auspicio
924 2226 1049 2258 haben-

28 2282 85 2311 tur
105 2289 167 2320 pro
184 2279 481 2311 addicentibusae'...
502 2280 564 2309 Aut
591 2278 695 2318 potius
719 2286 828 2308 versus
851 2279 956 2308 ortum
978 2278 1050 2308 solis

25 2331 220 2362 intuentibus
249 2330 287 2361 ad
312 2330 423 2360 laevam
450 2330 496 2360 est
520 2329 771 2369 septentrionalis
802 2328 913 2359 mundi
944 2328 1050 2368 plaga,

26 2391 120 2421 quam
140 2382 281 2412 nonnulli
297 2381 441 2411 dextram
458 2382 489 2411 et
507 2380 698 2420 superiorem
721 2379 831 2410 mundi
852 2380 973 2419 partem
994 2387 1051 2419 ap·

27 2433 163 2472 pellant?
182 2435 256 2463 Haeo
271 2433 317 2463 est
335 2431 426 2462 Jubae
440 2431 555 2470 opinio.

521 2484 574 2517 15.

65 2547 255 2583 Numantia,
280 2546 354 2577 urbs
383 2546 504 2577 lberiae.
550 2545 633 2577 Juba
656 2545 793 2576 secundo
823 2545 966 2576 Historiae
990 2547 1051 2576 Ro-

26 2606 138 2629 nianae.

512 2652 565 2682 16.

67 2711 189 2743 Arbace
201 2735 210 2751 ‚
224 2711 300 2742 urbs
313 2710 489 2743 Celtiberiae
501 2734 509 2749 ,
529 2711 608 2741 teste
620 2711 714 2741 Juba.
734 2710 858 2742 Gentile
874 2711 1051 2742 Arbncoeus.

514 2771 572 2801 71.

68 2830 274 2862 Hannibalem
291 2829 438 2869 Polybius
451 2829 558 2860 scribit
577 2838 738 2869 nunquam
759 2839 776 2860 a
796 2830 941 2861 Marcello
961 2838 1053 2869 supe-

31 2883 132 2912 ratum
143 2906 151 2921 ,
163 2882 215 2913 sed
230 2890 329 2921 usque
341 2881 380 2912 ad
394 2881 569 2920 Scipionem
587 2881 741 2912 invictum
756 2882 972 2921 permansisse.
992 2883 1055 2912 Nos

30 2933 134 2971 Livio,
152 2933 266 2964 Caesari
277 2956 285 2970 ,
300 2932 427 2971 Nepoti,
441 2940 478 2962 ac
488 2931 526 2962 de
541 2932 660 2963 Graccis
672 2933 875 2971 scriptoribus
886 2932 947 2971 regi
962 2934 978 2963 J
983 2932 1054 2962 ubae

30 2983 200 3022 credimus,
216 2983 422 3013 Hannibalem
439 2982 604 3021 aliquoties
620 2991 638 3013 a
660 2983 807 3014 Marcello
829 2984 948 3014 victum
965 2983 1053 3021 suga-

30 3035 160 3074 tumque
171 3056 179 3071 ,
199 3043 271 3073 (11110
286 3035 392 3065 tamen
408 3034 547 3065 victoriae
563 3034 601 3064 ad
619 3043 776 3065 summam
793 3044 898 3065 rerum
916 3044 977 3065 non
994 3043 1055 3064 ma·

30 3093 123 3122 gnum
147 3085 270 3124 pondus
296 3084 478 3122 attulerint,
499 3087 533 3115 ut
558 3085 590 3115 in
616 3085 675 3116 illis
697 3086 895 3116 conflictibus
921 3086 1055 3115 illusisse

33 3136 144 3166 Pmnus
162 3135 258 3166 videri
278 3135 382 3173 possit.

518 3190 569 3220 18.

75 3250 280 3288 Posteaquam
311 3249 451 3288 repulsus
479 3250 648 3280 Archelaus
675 3249 824 3280 adrersus
851 3250 1054 3281 Clnrroneam

33 3308 64 3329 se
90 3301 260 3338 convertit,
278 3302 383 3340 sylla,
406 3302 566 3332 orantibus
587 3302 639 3341 qui
657 3302 687 3332 in
705 3303 811 3333 01151115
826 3304 911 3333 erant
930 3302 1052 3333 Chwro·

2046 160 2112 191 471

1101 237 1224 272 ἐκεῖθεν
1251 239 1267 272 ὁ
1299 236 1478 287 Ἀρχέλαος
1501 236 1660 287 ώρμησεν
1686 237 1741 273 ἐπὶ
1762 236 1820 282 τὴν
1845 236 2071 287 Χαιρώνειαν,
2094 240 2123 274 οἱ

1101 293 1434 344 συστρατευσάμενοι
1454 296 1518 330 τῶν
1553 294 1754 344 Χαιρωνέων
1775 294 1906 331 ἐδέοντο
1926 298 1983 331 τοῦ
2005 296 2123 332 ..ζόλλα

1102 349 1149 399 μὴ
1170 349 1333 401 προέσθαι
1354 350 1415 395 τὴν
1443 350 1553 397 πόλιν,
1583 351 1750 399 ἐκπέμπει
1771 354 1836 389 τῶν
1857 352 2045 403 χιλιάρχων
2065 353 2123 389 ἕνα

1103 407 1261 446 Γαὸίνιον
1274 407 1359 455 μετὰ
1370 407 1543 456 τάγματος
1555 409 1625 451 ἑνὸς
1636 409 1694 445 καὶ
1706 409 1780 451 τοὺς
1800 411 1987 460 Χαιρωνεῖς
2005 410 2125 461 ἀφίησι

1104 463 1328 515 βουληθέντας
1358 463 1430 512 μὲν,
1459 467 1495 502 οὐ
1529 465 1596 514 μὴν
1617 466 1814 511 δυνηθέντας
1835 470 1958 518 φθῆναι
1978 467 2033 504 τὸν
2055 470 2126 506 Γα-

1102 521 1220 559 ὅίνιον.
1241 520 1359 562 Οὕτως
1379 516 1418 566 ἦν
1441 523 1562 569 ἀγαθὸς
1580 524 1636 559 καὶ
1661 524 1907 574 προθυμότερος
1929 526 1973 564 εἷς
1995 524 2032 561 τὸ
2053 528 2124 561 σῶβ

1103 594 1160 615 σαι
1191 581 1256 615 τῶν
1277 581 1427 624 σωθῆναι
1448 579 1627 627 δεομένων.
1651 580 1694 619 Ὁ
1715 581 1748 617 δὲ
1770 581 1882 624 Ἰόῧας
1900 584 1935 619 οὔ
1968 583 2125 621 Γαὸίνιόν

1103 651 1185 687 φησι
1204 638 1423 686 πεμφθῆναι,
1445 635 1532 672 ἀλλὰ
1553 636 1716 688 Ἐρίκιον,
1795 639 1837 677 ἹΙ
1866 639 1925 687 μὲν
1956 634 2012 677 οὖν
2032 640 2127 681 πόλις

1102 696 1201 743 ἡμῶν
1220 693 1314 744 παρὰ
1334 697 1491 730 τοσοῦτον
1512 693 1647 745 ἐξέφυγε
1667 696 1722 732 τὸν
1743 696 1904 735 κίνδυνον.

1589 818 1645 852 19.

1158 909 1344 944 Plutarch.
1369 909 1510 943 Sertor.
1541 920 1571 942 0.
1594 921 1634 954 9,
1657 907 1676 941 5
1703 921 1712 942 z
1735 910 1917 944 Sertorius
1942 912 2131 946 Maurusiis

1106 971 1236 999 contra
1254 966 1420 999 Ascalim
1433 965 1636 1013 opitularis,
1656 962 1716 1008 τὴν
1737 963 1869 1013 Τίγγιν,
1894 967 1939 1007 εἷς
1958 966 1998 1011 ἢν
2017 969 2033 1002 ὃ
2050 966 2129 1004 Ἄσ-

1105 1023 1201 1063 καλις
1233 1020 1396 1072 συνέφυγε
1432 1020 1521 1069 μετὰ
1550 1023 1615 1057 τῶν
1637 1021 1804 1071 ἀδελφῶν,
1837 1021 2128 1073 ἐξεπολιόρκησεν,

1106 1079 1276 1117 Ἐνταῦθα
1291 1078 1348 1115 τὸν
1366 1079 1517 1116 Ἀνταῖον
1534 1080 1564 1115 οἳ
1583 1078 1705 1120 Λίδυες
1725 1081 1895 1129 ἱστοροῦσι
1913 1082 2056 1117 κεῖσθαι·
2073 1084 2131 1118 καὶ

1106 1136 1162 1173 τὸν
1186 1136 1291 1188 τάφον
1312 1137 1416 1173 αὐτοῦ
1438 1135 1627 1187 ...ερτώριος
1659 1135 1821 1187 διέσκαψε
1851 1140 1919 1179 τοῖς
1948 1139 2132 1189 βαρὸοίροις

1107 1196 1258 1231 ἀπιστῶν
1279 1193 1334 1230 διὰ
1363 1193 1512 1243 μέγεθος.
1533 1193 1710 1244 Ἔντυχὼν
1729 1193 1763 1230 δὲ
1784 1195 1832 1245 τῷ
1853 1193 1988 1243 σώματι
2010 1200 2131 1247 πηχῶν

1107 1252 1269 1298 ἑξήκοντα
1292 1254 1421 1301 μῆκος,
1446 1250 1490 1294 ὥς
1506 1267 1607 1302 φασι,
1628 1250 1829 1301 κατεπλάγη
1847 1252 1904 1288 καὶ
1924 1253 2066 1304 σφάγιον
2086 1256 2134 1290 ἐν·

1107 1309 1219 1359 τεμὼν
1241 1309 1413 1360 συνέχωσε
1433 1309 1470 1346 τὸ
1491 1313 1611 1358 μνῆμα
1640 1309 1699 1346 καὶ
1727 1309 1787 1354 τὴν
1814 1309 1891 1360 περὶ
1910 1312 2012 1347 αὐτοῦ
2030 1312 2131 1360 τιμήν

1112 1383 1149 1404 τε
1172 1367 1230 1404 καὶ
1252 1367 1369 1419 φήμην
1397 1367 1597 1414 συνηύξησε.
1619 1369 1808 1416 Τιγεννῖται
1836 1367 1869 1404 δὲ
1892 1370 2134 1416 μυθολογοῦσιν

1108 1425 1260 1464 Ἀνταίου
1281 1425 1545 1471 τελευτήσαντος
1571 1425 1632 1470 τὴν
1653 1431 1798 1474 γυναῖκα
1818 1425 1948 1476 Τίγγην
1969 1426 2137 1477 εΗρακλεῗ

1110 1485 1295 1530 συνελθεῖν,
1321 1483 1465 1535 Σόφακα
1491 1485 1518 1520 δ’
1545 1483 1578 1526 ἐξ
1599 1485 1707 1520 αὐτῶν
1731 1482 1908 1533 γενόμενον
1935 1486 2135 1535 βασιλεῦσαι

1108 1543 1166 1586 τ’ῆς
1185 1540 1301 1592 χώρας
1330 1542 1387 1578 καὶ
1408 1540 1505 1578 πόλιν
1527 1540 1703 1589 ἐπώνυμον
1721 1544 1781 1586 τῆς
1799 1541 1925 1592 μητρὸς
1943 1541 2135 1588 ἀποδεῖξαι,

1109 1598 1264 1649 Σόφακος
1293 1598 1327 1635 δὲ
1359 1599 1465 1635 παῖδα
1486 1598 1642 1648 γενέσθαι
1671 1597 1855 1649 Διόδωρον,
1888 1593 2048 1650 ᾧπολλὰ
2069 1602 2135 1636 τῶν

1110 1657 1269 1696 Λιῧυκῶν
1280 1659 1380 1694 ἐθνῶν
1392 1657 1582 1701 ὑπήκουσεν
1595 1656 1798 1701 (Ελληνικὸν
1811 1655 1924 1705 ἔχοντι
1938 1656 2136 1707 στράτευμα

1108 1718 1174 1752 τῶν
1206 1715 1318 1751 αὐτόθι
1346 1715 1610 1766 κατῳκισμένων
1631 1714 1685 1765 ὑφ’
1706 1712 1916 1763 ἹῙρακλεόυς
1943 1714 2135 1752 Ὀλὸιανῶν

1110 1773 1166 1810 καὶ
1190 1772 1414 1817 Μυκηναίων.
1440 1771 1541 1809 Ἀλλὰ
1561 1775 1669 1807 ταῦτα
1689 1770 1750 1818 μὲν
1770 1771 1959 1807 ἀνακείσθω
1980 1774 2021 1821 τῇ
2039 1771 2135 1809 Ἰόδα

1112 1831 1228 1882 χάριτι
1247 1833 1306 1866 τοῦ
1334 1830 1471 1866 πάντων
1500 1828 1764 1879 ἱστορικωτάτου
1797 1828 1965 1878 βασιλέων
1981 1843 1989 1851 ·
2010 1828 2135 1865 ἐκείνου

1110 1888 1177 1939 γὰρ
1196 1890 1367 1938 ἱστοροῦσι
1387 1886 1463 1928 τοὺς
1499 1886 1680 1937 προγόνους
1710 1886 1880 1936 Διοδώρου
1904 1886 1961 1922 καὶ
1982 1885 2137 1936 Σόφακος

1112 1945 1296 1994 ἀπογόνους
1315 1939 1412 1981 εἶναι.
1432 1948 1554 1992 Ι11511111
1574 1946 1707 1980 Jubam
1729 1945 1775 1979 de
1791 1946 1846 1979 his
1865 1945 2043 1979 monuisse
2063 1946 2137 1979 sive

1112 2007 1149 2039 in
1177 2007 1344 2040 'Romana
1372 2005 1503 2038 sivein
1531 2004 1668 2050 Libyca
1698 2004 1847 2037 historia
1878 2004 1966 2037 nihil
1992 2002 2136 2037 dubito.

1113 2062 1169 2098 Cf.
1192 2063 1284 2098 Plin.
1304 2063 1397 2097 Hist.
1420 2063 1504 2097 Nat.
1529 2063 1574 2107 V,
1602 2074 1631 2105 1,
1654 2074 1684 2097 1.

1110 2170 1257 2201 nensibus
1273 2178 1312 2200 ne
1328 2170 1439 2200 urbem
1462 2177 1550 2200 snam
1573 2169 1774 2207 destitueret,
1793 2168 1960 2200 Gabinium
1977 2167 2138 2199 tribunum

1110 2222 1246 2253 militum
1268 2231 1341 2253 011111
1366 2222 1485 2261 legione
1501 2230 1565 2252 una
1581 2230 1617 2252 eo
1635 2222 1749 2260 mittit,
1767 2221 1900 2252 dimissis
1921 2220 2017 2251 etiam
2046 2221 2138 2252 Chan-

1113 2273 1297 2304 ronensibus
1322 2272 1401 2304 :sed
1430 2273 1450 2303 ii
1472 2272 1617 2312 quamvis
1638 2272 1867 2310 minuerentur,
1884 2280 1947 2302 non
1969 2272 2140 2310 potuerunt

1111 2328 1215 2356 tamen
1241 2325 1409 2356 Gabinium
1437 2326 1636 2364 praevertere.
1671 2324 1756 2355 Adeo
1775 2325 1876 2354 bonus
1901 2323 1953 2354 illo
1983 2323 2028 2353 vir
2051 2324 2117 2353 erat
2131 2345 2138 2359 ,

1111 2379 1141 2408 et
1156 2377 1193 2408 ad
1212 2378 1344 2408 salutem
1363 2376 1522 2407 serendam
1542 2377 1577 2407 iis
1593 2376 1666 2415 ipsis
1685 2376 1738 2414 qui
1753 2384 1821 2406 eam
1840 2375 1986 2414 petebant
1999 2374 2139 2405 celerior.

1112 2428 1193 2458 Juba
1204 2437 1268 2458 non
1282 2427 1465 2466 Gabinium,
1481 2427 1533 2458 sed
1548 2427 1686 2458 Erieium
1698 2427 1825 2457 missum
1840 2426 1956 2457 scribit.
1971 2426 2140 2457 'l'antulum

1113 2478 1213 2509 abfuit
1230 2478 1305 2517 quin
1325 2478 1426 2517 patria
1440 2480 1547 2508 nostra
1562 2478 1594 2508 in
1611 2477 1785 2516 perieulum
1802 2476 1933 2507 veniret.

1604 2532 1655 2563 19.

1154 2585 1309 2617 Sertorius
1321 2585 1443 2624 Tingim
1458 2585 1581 2622 urbem,
1595 2585 1626 2615 in
1640 2593 1735 2624 quam
1748 2584 1865 2615 Ascalis
1876 2583 2058 2622 confugerat
2069 2592 2140 2613 011111

1114 2637 1262 2667 fratribus
1274 2660 1282 2675 ,
1297 2636 1500 2676 expugnavit.
1520 2636 1564 2667 lbi
1582 2638 1726 2667 Antaeum
1741 2635 1899 2675 sepultum
1915 2635 1977 2666 Afri
1991 2636 2119 2665 narrant
2133 2645 2141 2670 ;

1113 2690 1143 2719 et
1157 2688 1311 2719 Sertorius
1320 2696 1420 2726 ,quum
1432 2686 1572 2718 barbaris
1582 2688 1703 2717 tantam
1717 2686 1856 2725 corporis
1867 2685 1934 2724 eJus
1947 2685 2062 2716 molem
2074 2694 2141 2724 per-

1114 2739 1294 2770 hibentibus
1310 2739 1404 2769 fidem
1421 2747 1483 2769 non
1501 2738 1646 2775 haberet,
1674 2738 1787 2768 effosso
1804 2738 2009 2768 monumento
2029 2745 2142 2776 corpus

1113 2790 1290 2828 sexaginta,
1311 2790 1347 2820 ut
1365 2789 1472 2827 aiunt,
1489 2789 1668 2819 cubitorum
1687 2788 1866 2827 inveniens,
1884 2787 2062 2826 obstupuit,
2082 2787 2141 2817 ho-

1113 2842 1234 2880 stiaque
1248 2842 1384 2871 mactata
1392 2841 1571 2879 sepulcrum
1582 2840 1768 2871 instauravit
1781 2840 1977 2878 honoresque
1988 2841 2018 2870 et
2026 2840 2141 2870 samam

1115 2894 1214 2925 Antaei
1228 2894 1325 2923 auxit.
1343 2892 1511 2923 Perhibent
1524 2893 1714 2932 Tigennitae,
1734 2894 1843 2923 Antaeo
1860 2893 2003 2929 mortno,
2020 2893 2121 2922 Hercu
2132 2908 2139 2913 -

1116 2945 1176 2975 lem
1190 2952 1261 2974 011111
1276 2943 1364 2981 Tingi
1377 2952 1475 2973 uxore
1491 2943 1557 2981 ejus
1573 2943 1796 2981 concubuisse;
1815 2943 1885 2973 inde
1902 2943 2012 2973 natum
2027 2942 2141 2980 sopha-

1115 3003 1183 3025 cem
1198 3003 1301 3033 regem
1312 2993 1378 3032 ejus
1389 2994 1481 3025 fuisse
1496 2994 1629 3033 regionis
1645 2995 1676 3025 et
1692 2994 1802 3024 urbem
1816 2993 1909 3024 matri
1924 2992 2140 3032 cognominem

1116 3046 1308 3085 condidisse3
1328 3046 1462 3084 Sophaoi
1475 3046 1573 3076 filium
1591 3046 1683 3077 fuisse
1696 3045 1890 3083 Diodorum,
1905 3045 1958 3084 qui
1973 3043 2143 3075 exermis

1115 3106 1151 3128 eo
1165 3098 1204 3127 ab
1224 3097 1357 3128 Hercule
1372 3096 1514 3127 deductis
1531 3096 1672 3127 Olbianis
1685 3098 1716 3127 et
1731 3096 1897 3135 Mycenaeis
1916 3094 2054 3126 exercitu
2070 3101 2142 3122 con-

1116 3150 1236 3186 tracto,
1252 3149 1368 3179 multas
1380 3148 1489 3179 Africae
1504 3150 1610 3187 gentes
1624 3148 1789 3187 subegerit.
1804 3149 1882 3183 Qum
1899 3146 2024 3185 quidem
2035 3143 2141 3182 gratia:

1116 3199 1187 3229 (lata
1203 3200 1265 3230 sint
1287 3199 1396 3237 Juboe,
1421 3208 1482 3237 (1110
1502 3208 1594 3229 1101110
1624 3207 1729 3237 regum
1756 3198 1835 3228 alius
1866 3197 1923 3226 l‘uit
1943 3195 2139 3225 historiarum

1118 3250 1260 3288 peritior;
1286 3250 1378 3287 hujus
1397 3250 1479 3279 enini
1502 3250 1635 3287 majores
1651 3258 1666 3279 a
1687 3249 1819 3279 Diodoro
1842 3251 1870 3278 01
1888 3246 2026 3284 Sophaco
2047 3252 2141 3283 genus

1117 3301 1247 3332 traxisse
1267 3301 1450 3332 creduntur.
