2289 3728
479 141 959 231 DIOCLES
1019 144 1832 231 PEPARETHIUS.

147 447 339 480 Athenaeus
358 445 412 485 ll,
440 455 475 488 p.
500 446 564 488 44,
583 443 611 475 E
632 453 640 474 :
669 439 798 484 Διοκλῆ
818 437 874 475 τὸν
900 438 1121 489 Πεπαρήθιόν

93 518 176 554 φησι
192 500 386 548 Δημήτριος
403 501 420 534 ὃ
446 499 599 549 Σκήψιος
622 497 724 549 μέχρι
746 496 862 539 τέλους
881 497 1012 548 ψυχρὸν
1033 496 1122 548 ὕδωρ

92 559 302 597 πεπωκέναι.
320 560 389 593 Hic
403 559 550 594 Diocles
564 570 583 592 a
596 557 755 606 Τρωικοῦ
772 555 960 604 διακόσμου
975 563 1126 591 auctore

95 620 163 667 (de
184 619 284 664 cujus
312 623 415 651 aetate
435 629 471 653 v,
494 616 655 651 Clinton.
683 615 730 650 ad
750 627 808 652 an.
845 614 939 663 190)
959 627 1124 649 comme-

92 685 254 711 moratus
268 676 391 710 nescio
406 687 453 709 an
465 674 564 709 idem
584 675 630 709 sit
646 686 730 709 cum
742 674 872 708 Diocle
890 674 1124 719 Peparethio,

92 736 239 770 incertae
271 734 382 768 aetatis
404 733 604 780 scriptore,
628 733 692 779 qui
710 733 969 767 Romanorum
986 744 1005 765 a
1035 732 1127 765 Tro-

87 791 180 837 janis
213 790 462 826 oriundorum
500 791 789 836 antiquissimam
812 790 983 835 exposuit
1009 789 1127 822 histo-

90 851 183 884 riam
197 876 206 893 ,
231 848 344 895 idque
367 849 417 884 ita
437 848 609 895 quidem,
631 855 672 882 ut
692 848 832 894 primus
852 847 1002 880 summis
1024 846 1129 880 lineis

91 918 172 940 eam
186 905 426 941 adumbrat-et
436 907 701 948 narrationem,
719 917 829 950 quam
846 903 981 938 deinde
996 903 1129 938 Fabius

90 958 218 998 Pictor
234 965 370 1010 aliique
390 965 429 998 in
445 964 631 1010 plerisque
649 963 888 1008 adoptarunt.
908 961 1035 996 Refert
1050 973 1129 994 rein

91 1023 307 1057 Plutarchus
329 1022 391 1066 (fr.
415 1036 435 1057 2
459 1022 573 1069 init.).
596 1020 706 1066 Cujus
734 1020 986 1054 testimonium
1007 1031 1073 1052 cur
1092 1019 1130 1051 in

91 1080 248 1115 dubium
264 1080 674 1121 nonnullivocaverint,
698 1085 808 1124 atquc
824 1077 992 1111 Dioclem
1006 1077 1131 1122 potius

90 1151 154 1173 sua
179 1150 223 1173 ex
242 1139 357 1173 Fabio
377 1139 533 1172 hausisse
551 1143 764 1180 autument,
788 1147 933 1170 causam
957 1134 1130 1168 idoneam

93 1197 333 1244 protulerunt
358 1196 496 1230 nullam
523 1193 580 1242 (*).
604 1195 828 1239 Quanquam
858 1198 957 1225 recte
978 1190 1130 1224 sortasse

90 1254 316 1289 Niebuhrius
336 1253 528 1288 contendit
547 1251 787 1286 Plutarchum
807 1262 885 1283 non
901 1249 1019 1295 ipsum
1040 1249 1130 1283 Dio-

91 1313 185 1346 clem
205 1318 288 1346 ante
306 1312 433 1346 oculos
450 1311 618 1345 habuisse
630 1337 638 1353 ,
657 1309 721 1343 sed
733 1308 922 1353 juniorem
943 1305 1128 1353 quendam

90 1371 324 1417 scriptorem,
340 1369 404 1415 qui
419 1369 589 1415 priorum
604 1367 802 1402 sententias
815 1372 1009 1400 auctorum
1023 1365 1131 1398 simul

91 1428 267 1463 attulerit.
292 1428 397 1463 Certe
424 1427 611 1469 Dioclem,
632 1437 794 1472 graecum
818 1424 1027 1465 hominem,
1059 1429 1131 1456 tam

91 1486 237 1531 prolixa
260 1492 296 1518 et
316 1491 390 1518 tam
411 1491 580 1518 accurate
610 1483 657 1517 ad
681 1482 914 1528 antiquitates
947 1481 1131 1515 Romanas

92 1541 371 1576 accommodata
386 1542 599 1575 narratione
611 1568 622 1585 ,
645 1540 762 1586 qualis
783 1546 835 1574 est
848 1539 1032 1581 Fabiana,
1054 1539 1129 1572 ori-

92 1600 193 1646 gines
224 1599 328 1633 urbIs
352 1598 562 1641 tradidisse,
600 1610 677 1631 non
706 1597 911 1631 admodum
933 1596 1131 1630 verisimile

92 1664 157 1692 est.
186 1658 323 1692 Contra
351 1664 447 1690 totus
467 1668 512 1690 ex
539 1656 670 1690 Diocle
695 1656 828 1690 Faqus
858 1656 894 1688 in
922 1655 962 1688 iis
986 1666 1132 1700 pepen-

92 1714 208 1762 derit,
226 1715 359 1761 quibus
371 1716 547 1748 Romanae
568 1714 698 1747 fabulae
715 1726 799 1747 cum
816 1713 950 1748 Graecis
965 1713 1022 1746 vel
1036 1714 1130 1746 Tro-

88 1772 184 1817 janis
213 1772 504 1819 conjunguntur.
543 1772 587 1805 In
619 1772 673 1805 his
702 1783 792 1805 vero
827 1783 915 1804 num
948 1770 1130 1804 Hellanici

93 1831 326 1875 potissimum
361 1830 511 1876 vestigia
551 1829 698 1863 Diocles
736 1829 884 1875 legerit,
918 1834 960 1861 ut
1005 1832 1130 1861 censet

91 1887 344 1922 Dahlmannus
365 1886 666 1935 (Forsclzungen,
690 1887 744 1929 II,
765 1898 805 1932 p.
833 1884 925 1933 139)
940 1912 950 1931 ,
973 1897 1019 1919 an
1036 1885 1129 1919 alius

98 1946 300 1992 scriptoris,
318 1946 512 1983 nescimus.
535 1946 705 1979 Ceterum
720 1945 868 1978 titulum
884 1945 1006 1990 operis
1022 1943 1128 1977 fuisse

96 2003 262 2049 suspicor
279 2001 418 2043 Κτίσεις
436 2003 494 2037 vel
515 2002 675 2036 fortassis
702 1999 873 2037 Ἀποικίαι
894 2002 952 2048 (v.
983 2000 1028 2035 sr.
1066 2000 1085 2035 3
1101 2001 1127 2048 ).

94 2061 273 2096 Praeterea
294 2061 492 2096 laudantur
510 2061 650 2095 Dioclis
669 2057 826 2109 Περσικὰ
848 2067 883 2094 et
902 2057 988 2108 Περὶ
1007 2056 1128 2108 ἡρώων

93 2131 206 2165 opus,
232 2119 336 2165 quod
362 2118 550 2164 cujusnam
572 2119 711 2153 Dioclis
734 2119 846 2152 fuerit
876 2119 1024 2165 ignoro.
1052 2118 1127 2151 Ne-

94 2189 166 2222 que
208 2178 322 2224 magis
359 2176 479 2223 liquet
515 2177 562 2211 de
604 2176 806 2212 Αἰτωλικῶν
841 2176 944 2209 libris
982 2174 1129 2210 Dioclis

93 2234 230 2268 Rhodii
251 2234 328 2282 (μ).

137 2338 176 2374 (*)
196 2340 236 2367 lie
257 2338 360 2368 Diocle
376 2341 490 2377 praeter
504 2338 708 2369 Niebuhrium
724 2338 764 2367 rs.
779 2336 931 2375 Srhlcgel.
949 2337 979 2366 in
996 2335 1129 2366 Heidel-

97 2383 184 2422 bary.
203 2384 325 2415 Jahrb.
344 2387 420 2414 tom.
438 2387 499 2422 lx,
514 2394 543 2424 p.
563 2388 644 2421 878;
665 2384 770 2415 Blum.
783 2408 791 2422 ‚
814 2383 959 2421 Einleily
977 2384 1012 2413 in
1035 2384 1129 2412 amns

95 2430 157 2460 alc.
183 2430 292 2461 Gesclz.
309 2440 338 2469 p.
356 2434 413 2469 94;
430 2431 655 2463 Wachsmuth.
675 2434 712 2462 D.
731 2430 844 2461 cellere
862 2429 975 2461 Gesclz.
990 2428 1021 2459 cl.
1034 2436 1127 2458 ravin.

96 2477 212 2505 staats
233 2485 262 2515 p.
283 2481 337 2515 253
357 2480 488 2509 Heeren.
508 2481 553 2509 De
569 2477 662 2517 font.
687 2477 781 2508 Plut.
801 2485 831 2515 p.
856 2479 930 2513 138,
950 2484 968 2514 p
998 2478 1049 2505 (38.
1069 2477 1128 2511 733

97 2522 208 2552 lflrici.
239 2522 399 2555 Clzaract.
425 2524 458 2555 d.
484 2525 547 2555 all.
568 2525 766 2562 Historioyr.
792 2531 821 2561 p.
841 2525 878 2553 94
901 2531 964 2560 sq.;
989 2523 1129 2558 Krause,

101 2569 163 2598 Vit.
181 2568 297 2599 histor.
313 2579 396 2600 rom.
413 2580 443 2610 p.
458 2576 514 2609 333
528 2573 633 2601 Hertz.
652 2573 696 2601 De
712 2571 820 2601 Luc-iis
839 2571 962 2600 Cinciis
977 2567 1128 2605 (Berolin.

102 2616 197 2651 ¹842>
218 2623 247 2653 p.
277 2619 332 2653 153
365 2617 513 2647 Klausen.
536 2619 663 2648 AEneas
692 2625 727 2647 u.
754 2615 786 2646 d.
814 2617 967 2647 penaten
996 2623 1026 2653 p.
1056 2617 1126 2645 595.

98 2663 334 2692 Weslermann.
354 2663 385 2692 in
402 2664 529 2701 Paulys
544 2663 688 2693 Rcalenc.
704 2673 729 2694 s.
751 2671 782 2693 v.

141 2707 200 2746 (**)
221 2708 354 2738 Notandi
376 2711 525 2748 praeterea
550 2722 556 2740 ε
578 2709 705 2740 Diocles
723 2707 826 2739 nescio
848 2707 921 2746 qui,
939 2706 1066 2738 Homeri
1083 2707 1130 2736 in-

97 2754 234 2792 terpres,
254 2762 304 2793 ap.
330 2755 427 2785 schol.
453 2758 544 2786 Ilum.
571 2755 630 2786 Od.
655 2756 687 2791 ξ,
708 2759 827 2793 13ῒ),;τ,
851 2756 921 2785 457.
940 2773 980 2779 -
1004 2753 1133 2784 Diocles

100 2800 250 2837 ΜΠΩΠΡ-ἳ,
272 2800 361 2837 Cujus
375 2802 555 2840 Ἐπιδρομήν
569 2806 628 2831 τῶν
644 2801 814 2840 φιλοσόφον
830 2801 933 2831 laudat
951 2800 1038 2836 Dina.
1056 2801 1090 2830 L.
1108 2801 1131 2836 l,

100 2848 131 2881 8,
147 2849 218 2880 tfi2;
238 2847 276 2881 Χ,
295 2850 341 2876 11.
357 2846 442 2876 ldem
459 2849 621 2877 estauctor
635 2849 717 2878 Βίων
730 2847 900 2886 φιλοσόφων
915 2853 1131 2885 saepenumero

99 2899 147 2929 ap.
168 2891 253 2930 Diog.
270 2894 302 2922 L.
321 2893 443 2922 citatus.
459 2893 504 2923 Ad
524 2894 671 2923 Dioclem
685 2893 841 2932 quendam
857 2894 951 2923 libros
964 2892 1132 2922 nonnullos

1572 458 1834 509 (ΚΤΙΣΕιΣ.)

1688 567 1717 587 1.

1241 640 1366 674 Festus
1379 652 1417 686 p,
1438 638 1512 685 ²(29
1529 640 1588 674 ed.
1603 640 1751 676 Muller.
1773 652 1780 676 :
1797 658 1810 670 ‹-
1827 641 1974 675 Dioclcs
1984 641 2225 687 peparethius

1189 698 1239 730 ait
1254 698 1361 731 Iliam
1374 724 1384 743 ,
1404 698 1610 731 Numitoris
1627 698 1763 732 Albani
1782 699 1878 745 regis
1895 696 2028 741 filiam,
2048 698 2224 746 gemellos

1191 754 1368 798 edidisse,
1396 767 1489 800 quos
1519 758 1556 788 in
1577 757 1649 789 ima
1671 755 1814 790 Tiberis
1837 756 1936 802 ripa,
1960 755 2063 802 jussu
2085 756 2225 790 Amulii

1190 813 1359 858 tyranni,
1381 813 1585 858 expositos,
1601 824 1684 846 cum
1700 812 1805 858 juxta
1819 812 1932 847 ficum
1952 820 2078 860 postea
2096 814 2224 860 appel-

1190 869 1299 903 latam
1315 881 1334 903 a
1348 869 1505 904 Romulo
1519 870 1754 904 Ruminalem
1767 868 1958 917 jacerent,
1974 883 1994 905 a
2009 872 2094 917 lupa
2112 872 2223 906 lacta·

1191 934 1247 961 tos
1276 934 1312 961 et
1331 940 1350 962 a
1369 928 1454 974 pico
1473 928 1609 961 Martio
1630 928 1791 962 nutritos
1817 940 1891 963 esse
1918 940 1927 962 ε
1948 935 2032 975 post
2061 935 2225 976 repertos

1191 996 1209 1017 a
1230 986 1406 1019 Faustulo
1427 986 1560 1020 Accam
1577 987 1809 1029 Larentiam,
1832 986 1909 1032 ejus
1933 999 2109 1030 uxorem,
2131 987 2225 1022 edu-

1192 1055 1299 1079 casse.
1316 1045 1491 1090 Plerique
1505 1051 1625 1078 tamen
1644 1045 1791 1079 conscio
1806 1053 1842 1079 et
1855 1046 2027 1080 alimenta
2037 1046 2226 1092 praebente

1190 1102 1380 1136 lN‘umilore
1415 1104 1576 1137 nutritos
1608 1104 1729 1146 aiunt,
1759 1103 1863 1149 quod
1892 1103 1960 1137 Ilia
1979 1115 2024 1138 ex
2046 1103 2162 1137 Marte
2188 1114 2225 1137 se

1186 1161 1372 1206 peperisse
1398 1172 1460 1194 eos
1477 1161 1723 1204 asseverabat,
1742 1173 1782 1195 ac
1799 1167 1940 1195 secreto
1963 1161 2096 1203 literis,
2124 1161 2225 1194 omni

1191 1219 1349 1264 denique
1375 1219 1517 1253 liberali
1548 1218 1744 1265 disciplina
1777 1219 1887 1254 Gabis
1905 1219 2088 1253 institutos
2117 1225 2228 1264 atquc

1193 1277 1361 1310 excultos
1377 1289 1447 1311 csse
1480 1289 1488 1310 :
1514 1289 1552 1311 ae
1578 1289 1661 1311 cum
1679 1277 1717 1310 in
1740 1276 1949 1311 exercendo
1972 1288 2131 1323 corpore
2149 1277 2226 1322 pri-

1193 1347 1289 1368 mam
1307 1335 1506 1380 pueritiam
1518 1336 1761 1381 transigerent
1776 1341 1811 1369 et
1825 1335 1919 1368 inter
1933 1335 2089 1381 aequales
2103 1346 2227 1369 omnes

1191 1399 1405 1438 praestarent
1432 1393 1587 1436 robore,
1604 1393 1809 1426 Romulum
1836 1399 1871 1426 et
1898 1392 2087 1426 Rhomum
2104 1395 2227 1427 nomi-

1192 1458 1298 1485 natos
1318 1463 1402 1485 csse.
1429 1468 1442 1481 υ

1245 1510 1289 1542 In
1308 1508 1438 1542 codice
1458 1510 1554 1543 Festi
1575 1521 1614 1542 ea
1639 1515 1781 1542 tantum
1802 1508 1990 1554 leguntur,
2016 1520 2096 1554 quae
2115 1508 2228 1543 literis

1193 1567 1322 1601 italicis
1352 1568 1590 1601 exaravimus.
1610 1567 1769 1612 Reliqua
1788 1578 1831 1600 ex
1862 1566 2060 1601 Plutarcho
2093 1567 2223 1610 (Rom.

1193 1638 1225 1658 c.
1265 1624 1283 1658 3
1320 1638 1400 1671 sqq.
1419 1625 1428 1671 )
1464 1625 1731 1671 suppleverunt
1762 1625 1916 1658 Ursinus
1951 1631 1986 1658 ct
2024 1625 2202 1659 Miillerus
2215 1651 2225 1667 ,

1193 1695 1304 1729 quem
1324 1684 1421 1717 vide.

1691 1774 1726 1798 2.

1250 1851 1439 1886 Plutarch.
1468 1851 1580 1885 Rom.
1605 1862 1636 1884 c.
1661 1848 1679 1882 3
1708 1849 1805 1884 :Toc
1826 1846 1861 1883 δὲ
1881 1846 1993 1883 πίστιν
2019 1846 2152 1897 ἔχοντος
2171 1846 2229 1883 λό-

1191 1923 1250 1957 γου
1269 1907 1421 1955 μάλιστα
1436 1905 1494 1942 καὶ
1515 1905 1694 1947 πλείστους
1711 1905 1903 1955 μάρτυρας,
1921 1903 1971 1941 τὰ
1992 1904 2065 1954 μὲν
2083 1904 2225 1955 κυριώ·

1192 1980 1297 2001 τατα
1328 1967 1462 2015 πρῶτος
1494 1965 1538 2006 εἷς
1571 1962 1647 2005 τοὺς
1668 1961 1846 2008 ςἸῖλληνας
1876 1962 2017 2005 ἐξέδωκε
2047 1963 2227 2007 Διοκλῆς

1192 2026 1208 2059 ὃ
1233 2021 1526 2073 Πεπαρήθιος,
1556 2015 1582 2071 ᾧ
1616 2020 1674 2057 καὶ
1699 2020 1867 2062 ψοίὸιος
1897 2020 2067 2070 Πίκτωρ
2094 2022 2127 2057 ἐν
2157 2025 2228 2061 τοῖς

1191 2082 1362 2122 πλείστοις
1382 2080 1652 2125 ἐπηκολούθησε.
1684 2078 1850 2128 Γεγόνασι
1871 2078 1905 2115 δὲ
1925 2078 2079 2129 καὶπερὶ
2107 2081 2223 2115 τοῦτον

1193 2138 1305 2190 ἕτεραι
1335 2137 1514 2189 διαφοραί·
1544 2137 1641 2188 τύπῳ
1662 2136 1696 2173 δὲ
1718 2139 1822 2173 εἰπεῖν
1851 2136 2000 2178 τοιοῦτός
2026 2137 2112 2174 ἐστι.
2142 2137 2224 2174 Τῶν

1193 2201 1250 2233 ἀπ’
1269 2196 1401 2236 Αἰνείου
1423 2197 1607 2245 γεγονότων
1623 2196 1656 2231 ἐν
1672 2193 1781 2245 Ἄλὸῃ
1811 2194 1981 2244 βασιλέων
1996 2195 2042 2236 εἰς
2063 2192 2229 2246 ἀδελφοὺς

1192 2255 1272 2304 δύο,
1303 2254 1491 2306 Νομήτορα
1514 2253 1573 2290 καὶ
1605 2252 1802 2302 Ἄμούλιον,
1833 2256 1854 2297 ἡ
1887 2251 2029 2302 διαδοχὴ
2061 2255 2227 2298 καθῆκεν,

1192 2376 1314 2415 scripsit
1339 2375 1531 2414 Chrysippus
1545 2377 1579 2406 D.
1595 2376 1628 2404 L.
1648 2375 1717 2411 vu,
1733 2378 1805 2404 200.
1822 2392 1862 2398 —
1876 2373 2004 2404 Diocles
2018 2372 2084 2404 duo
2101 2372 2228 2412 Pytha-

1190 2425 1279 2462 9ot·ei
1294 2431 1344 2461 ap.
1362 2422 1523 2452 lamblich.
1539 2423 1578 2452 V.
1599 2423 1632 2451 P.
1647 2429 1675 2450 c.
1696 2425 1745 2451 35.
1764 2423 1814 2451 36.
1840 2423 1880 2451 D.
1908 2420 2045 2457 Είαῑια,
2066 2420 2227 2457 musicus,

1188 2478 1238 2508 ap.
1268 2468 1355 2498 suid.
1383 2486 1423 2493 —
1451 2470 1490 2498 l).
1523 2467 1717 2501 Phliasius,
1749 2466 1798 2496 vel
1831 2466 2059 2504 Atheniensis,
2089 2466 2230 2496 comicus

1191 2516 1240 2554 (v.
1253 2514 1385 2547 Meinek.
1399 2516 1490 2545 Com.
1505 2516 1530 2551 1,
1545 2522 1575 2553 p.
1593 2516 1647 2544 153
1660 2514 1679 2550 ).
1691 2530 1732 2534 -
1745 2513 1885 2549 Diocles,
1898 2514 2008 2542 auctor
2019 2512 2229 2551 ὀψαρτυτικῶν

1190 2572 1239 2601 ap.
1256 2561 1369 2593 Athen.
1392 2570 1421 2600 p.
1439 2564 1497 2591 51ss
1510 2562 1545 2590 C.
1559 2577 1597 2582 —
1616 2559 1743 2589 Diocles
1759 2560 1948 2596 Carystius,
1967 2557 2107 2588 medicus
2122 2557 2227 2596 sarpis·

1189 2609 1266 2638 sime
1280 2617 1297 2638 a
1312 2607 1452 2646 plurimis
1467 2605 1624 2636 laudatus.
1639 2624 1680 2629 —
1691 2604 1777 2635 Alius
1792 2603 1914 2633 Diocles
1930 2603 2107 2642 Carystius,
2123 2602 2230 2633 rhetor

1190 2655 1319 2694 Augusti
1336 2653 1531 2692 temporibus
1543 2677 1550 2690 ‚
1566 2660 1616 2692 ap.
1644 2654 1795 2682 Senecam
1821 2649 1853 2680 in
1876 2651 2027 2681 controv.
2046 2648 2172 2688 sapius.
2189 2666 2229 2671 —

1191 2702 1275 2733 Alios
1293 2699 1431 2740 ejusdcm
1446 2699 1590 2729 mominis
1603 2698 1687 2728 viros
1703 2705 1734 2727 v.
1753 2706 1801 2736 ap.
1815 2696 1973 2728 Theocrit.
1994 2697 2048 2727 Xll
2060 2719 2068 2733 ‚
2085 2698 2142 2734 29,
2161 2694 2227 2726 Ari—

1191 2748 1334 2787 stophan.
1362 2746 1496 2777 Acharu.
1518 2747 1576 2776 774
1590 2769 1598 2783 ,
1624 2743 1782 2775 Plutarch.
1801 2743 1894 2774 Thes.
1922 2747 1976 2780 10,
2002 2741 2168 2781 Polybium
2188 2742 2227 2778 V,

1195 2798 1227 2826 17
1243 2795 1262 2832 ‚l
1278 2796 1316 2832 V,
1347 2798 1397 2830 69,
1426 2798 1463 2831 5,
1490 2791 1650 2823 Plutarch.
1673 2790 1780 2821 Moral.
1807 2799 1836 2828 p.
1861 2793 1935 2821 1037
1961 2788 2073 2827 Didot;
2096 2787 2227 2827 Appian,

1192 2841 1332 2872 Mithrid.
1348 2848 1375 2870 c.
1391 2842 1442 2878 78,
1462 2838 1620 2869 Plutarch.
1638 2839 1722 2868 Arat.
1736 2846 1762 2867 e.
1783 2839 1830 2875 18,
1847 2836 1956 2867 liuseb.
1973 2835 2003 2865 iu
2017 2834 2232 2874 Olympionica

1193 2889 1243 2920 Ol.
1264 2891 1297 2918 13
1314 2889 1345 2917 ct
1371 2889 1438 2917 178.
1459 2886 1508 2916 Cf.
1529 2884 1624 2916 etiam
1643 2884 1749 2922 Steph.
1770 2883 1862 2914 Thes.
1881 2884 1936 2914 Gr.
1951 2890 1976 2913 s.
2002 2882 2033 2912 h.
2049 2890 2079 2911 v.

98 2943 2227 2959 Μ

300 2990 365 3027 DE
396 2991 593 3028 URBIUM
626 2992 933 3029 ORlGlNlBUS.

603 3073 636 3103 2.

146 3131 377 3169 Receptissimae
397 3131 534 3161 historiae
553 3132 584 3161 ct
607 3140 624 3161 a
648 3131 788 3170 plurimis
806 3131 987 3170 approbatae
1007 3133 1136 3169 Pepare-

104 3181 188 3212 lliius
205 3182 327 3213 Diocles
343 3182 501 3221 praecipua
517 3191 649 3220 quaeque
664 3182 782 3220 primus
791 3182 873 3220 apud
888 3184 1013 3212 Graieos
1027 3182 1134 3220 edidit,

103 3241 198 3271 quem
215 3232 246 3263 in
263 3233 417 3272 plerisque
430 3235 556 3264 secutus
573 3234 618 3263 est
635 3232 748 3263 Fabius
769 3233 880 3263 Pictor.
893 3234 931 3263 iet
951 3241 1133 3272 quanquam

104 3283 142 3314 de
156 3283 204 3314 his
214 3292 339 3323 quoque
349 3284 419 3314 aliae
434 3284 588 3315 habentur
596 3283 742 3314 narrandi
756 3283 933 3322 varietates,
950 3284 1136 3315 lincamenta

106 3341 199 3379 hnjiis
224 3342 382 3373 relationis
398 3344 471 3373 sunt
493 3341 682 3380 hujusmodi.
709 3344 753 3372 Ex
785 3344 889 3373 AEncac
914 3343 1063 3382 posteris,
1082 3343 1135 3381 qui

1196 2987 1286 3018 Albae
1301 2985 1473 3024 regnabant
1487 3010 1495 3023 ‚
1515 2984 1554 3013 ad
1569 2983 1647 3014 duos
1661 2984 1771 3013 fratres
1785 2991 1913 3021 regnum
1927 2980 2071 3018 devenit,
2087 2979 2228 3012 Numito-

1198 3046 1263 3068 rem
1278 3039 1309 3067 nt
1323 3036 1495 3067 Amulium.
1514 3035 1666 3065 Universo
1680 3033 1866 3073 patrimonio
1883 3033 1922 3063 ab
1937 3031 2062 3063 Amulio
2079 3031 2110 3061 in
2127 3031 2226 3061 sortes

1195 3088 1295 3118 diviso
1307 3087 1402 3125 duas,
1417 3087 1460 3116 ita
1474 3087 1509 3116 ut
1523 3086 1562 3116 ab
1575 3085 1673 3115 altera
1688 3085 1775 3123 parte
1792 3091 1934 3122 regnum,
1950 3083 1989 3113 ab
2003 3082 2100 3112 altera
2111 3089 2185 3121 opes
2197 3083 2230 3112 et

1197 3138 1366 3169 advectum
1390 3137 1482 3175 Tr0j3
1495 3145 1608 3167 aurum
1623 3138 1769 3174 poneret,
1783 3134 1915 3172 sumpsit
1929 3139 2059 3172 regnum
2074 3132 2228 3163 Numitor.

1198 3189 1313 3221 Amulii
1333 3188 1425 3227 igitur
1441 3197 1540 3228 quum
1569 3188 1649 3218 esset
1661 3195 1701 3218 ex
1715 3185 1834 3216 divitiis
1857 3193 1952 3224 quam
1974 3183 2148 3215 Numitoris
2169 3190 2226 3221 po-

1195 3241 1293 3272 tentia
1315 3241 1461 3280 amplior,
1479 3240 1570 3271 facile
1583 3248 1654 3270 eum
1671 3245 1765 3276 reguo
1784 3237 1870 3267 exuit
1888 3249 1894 3267 ε
1911 3236 2041 3275 ejusque
2058 3235 2174 3272 liliam,
2190 3243 2228 3265 ne

1197 3294 1315 3331 prolem
1332 3292 1460 3322 haberet
1486 3290 1625 3328 veritus,
1644 3291 1749 3320 Vestae
1771 3288 1963 3319 sacerdotem
1991 3286 2171 3323 constituit,
2195 3287 2228 3315 nt

1197 3345 1347 3381 perpetuo
1365 3342 1480 3372 coelebs
1495 3342 1527 3372 et
1541 3340 1626 3379 virgo
1650 3340 1767 3370 viveret
1784 3352 1789 3369 :
1811 3347 1904 3378 quam
1925 3338 2010 3368 lliam
2028 3337 2078 3367 alii
2097 3337 2226 3374 vocant,
