2338 3765
316 180 326 196 Ι

25 277 59 314 δὲ
81 275 118 312 τὸ
138 274 292 312 ναυτικὸν
315 272 531 310 ἀναλαέἱόντα
552 270 630 321 περὶ
647 269 704 306 τὸν
725 268 982 312 Ἑλλήσποντον
1001 268 1058 304 καὶ

25 335 85 379 τὴν
104 331 321 383 Προποντίδα
340 330 398 372 τὰς
413 329 467 366 ἐπὶ
487 328 626 379 Κρήτην
644 326 702 364 καὶ
717 325 872 376 ’temptem
891 327 1059 361 ἀπεσταλ-

26 391 128 440 μένας
174 387 375 439 Μιθριδατὲ
366 403 431 429 ιους
482 389 561 428 ναῦς
612 383 887 436 ὑποστρεφούσας
933 383 1055 432 λοχᾶν.

28 445 303 495 (2)Μιθριδάτης
337 444 371 480 δὲ
398 447 506 479 ταυτα
540 441 671 479 ἀκούων
698 440 973 491 παρεσκευάζετο
1002 439 1060 476 καὶ

27 504 140 554 διεπρε
127 501 244 539 εσὸεύε
232 516 285 538 το
305 501 388 552 πρός
410 516 445 537 τε
465 516 542 542 τους
564 501 706 537 Σκυθῶν
729 499 879 549 βασιλεῖς
899 497 958 534 καὶ
979 496 1060 548 πρὸς

26 559 80 596 τὸν
103 558 239 609 Πάρθον
255 557 313 594 καὶ
330 557 414 608 πρὸς
430 557 486 594 τὸν
504 557 660 608 γαμδρὸν
690 559 790 593 αὑτοῦ
812 554 985 606 Τιγράνην
1003 554 1059 591 τὸν

27 617 212 668 Ἀρμένιον.
236 616 326 654 Ἀλλ’
348 617 378 652 οἱ
400 614 460 664 μὲν
480 617 638 661 ἀπεῖπον,
658 614 831 664 Τιγράνης
854 613 888 650 δὲ
914 611 980 650 ὑπὸ
1002 616 1061 658 τῆς

29 673 238 725 Μιθριδάτου
259 673 420 724 θυγατρὸς
440 672 603 715 πολλάκις
620 672 812 723 ἐνοχληθεὶς
826 671 883 709 καὶ
904 670 1061 707 ἀναὸαλ-

27 733 166 780 λόμενος
182 731 273 780 ὅμως
293 730 423 777 ὑπέστη
441 730 502 775 τὴν
524 731 740 781 συμμαχίαν.
760 729 830 767 Καὶ
849 728 1061 780 Μιθριδάτης

28 788 204 840 διαφόρους
218 788 363 837 πέμπων
379 787 467 824 κατὰ
482 789 676 826 Λευκόλλου
693 786 919 837 στρατηγοὺς,
931 785 988 823 καὶ
1003 789 1062 831 τῆς

28 847 227 895 συμπλοκῆς
247 845 502 896 ἐπιγενομένης,
514 845 721 897 πολύτροποι
738 844 797 894 μὲν
814 844 1009 882 συνέὸαινον
1026 845 1060 880 αἱ

30 903 239 954 μεταὸολαὶ,
257 905 289 940 ἐν
307 904 374 946 τοῖς
393 902 563 945 πλείστοις
578 902 612 939 δὲ
628 902 670 939 τὰ
688 902 874 952 Ῥωμαίων
889 900 981 950 ὅμως
998 916 1062 938 κα-

27 962 170 1013 τώρθου.
188 960 232 1013 (3)
246 960 389 1010 Ἧθύμει
406 960 466 1010 μὲν
484 963 500 997 ὃ
517 960 693 1011 βασιλεύς·
709 960 868 1012 ἀθροίσας
885 961 913 996 δ’
932 954 988 997 οὖν
1002 974 1063 995 πε-

27 1023 93 1065 ζῶν
111 1020 172 1070 μὲν
192 1020 360 1071 τέσσαρας
378 1019 562 1070 μυριάδας,
579 1020 695 1062 ἱππεῖς
715 1018 749 1056 δὲ
767 1018 1041 1069 ὀκτακισχιλίους
1055 1047 1063 1063 ,

28 1078 196 1130 ἐξέπεμψε
217 1077 403 1129 Διόφαντον
427 1076 484 1114 καὶ
503 1077 678 1123 Ταξίλλην
700 1077 757 1114 ἐπὶ
779 1079 846 1119 τοῖς
869 1077 1064 1126 προεσταλ-

31 1137 156 1187 μένοις.
189 1138 269 1174 Των
304 1135 338 1172 δὲ
367 1151 435 1177 τοις
465 1135 676 1185 προλαὲουσι
707 1134 958 1187 συναφθέντων,
989 1133 1064 1170 κατ’

33 1194 143 1246 ἀρχὰς
169 1209 228 1243 μεν
260 1193 523 1245 ἀκροὸολισαοῖς
552 1193 710 1238 ἁλλ”ηλων
742 1206 772 1230 οι
801 1192 958 1241 πολέμιοι
988 1191 1064 1229 καθ’

31 1253 179 1298 ἑκάστην
201 1251 322 1302 σχεδὸν
353 1253 604 1302 ἀπεπειρωντο·
632 1254 704 1288 εἶτα
731 1250 945 1301 ἱππομαχίαι
966 1249 1065 1287 συνέ-

35 1326 164 1356 στησαν
183 1309 261 1356 δύο,
276 1313 322 1346 ὡν
342 1308 403 1354 τὴν
424 1309 485 1357 μὲν
506 1309 623 1346 ἐνίκων
646 1311 675 1345 οἱ
696 1309 887 1358 Ῥωμαῖοι,
908 1307 970 1353 τὴν
987 1308 1065 1344 δευ-

34 1383 69 1405 τε
61 1367 134 1419 ’ραν
157 1367 191 1404 δε
213 1383 242 1404 οι
264 1367 439 1405 Ποντικοί.
466 1367 506 1418 (4)
527 1366 743 1418 Τριέῗομένου
768 1366 802 1403 δὲ
819 1382 877 1403 του
897 1365 1065 1414 πολέμου,

34 1425 225 1468 Λεύκολλος
243 1424 368 1476 ἀγορὰν
391 1424 529 1468 ἄξοντας
546 1428 590 1466 εἰς
608 1423 859 1462 Καππαδοκίαν
878 1422 1066 1473 ἐκπέμπει,

32 1483 90 1520 καὶ
111 1481 228 1532 μαθὼν
245 1481 417 1528 Ταξίλλης
436 1483 493 1518 καὶ
511 1481 698 1534 Διόφαντος
714 1481 835 1526 πεζοὺς
852 1481 1067 1530 ἐκπέμπουσι

32 1540 322 1591 τετρακισχιλίους
337 1539 396 1576 καὶ
411 1541 524 1582 ἱππεῖς
539 1540 724 1591 δισχιλίους
736 1570 746 1589 ,
763 1542 813 1592 ἐφ’
831 1535 858 1592 ᾧ
878 1539 1067 1588 ἐπιθέμενοι

35 1598 280 1651 ἀφαιρήσονται
309 1597 387 1640 τοὺς
422 1598 692 1647 ἀποκομίζοντας
725 1597 785 1641 τὰς
823 1597 959 1649 ἀγοράς.
998 1597 1068 1635 Καὶ

35 1657 282 1706 συμὸαλόντων
316 1656 476 1701 ἀλλήλοις
510 1657 787 1707 ἐπικρατέστεροι
819 1656 999 1706 γεγόνασιν
1039 1657 1069 1692 οἱ

36 1715 219 1764 Ῥωμαῖοι.
243 1715 450 1766 Πέμψαντος
476 1714 510 1751 δὲ
530 1714 725 1753 Λευκόλλου
747 1714 906 1765 βοήθειαν
929 1715 997 1755 τοῖς
1018 1714 1070 1749 οἷ-

35 1773 158 1823 κείοις,
193 1773 302 1824 τροπὴ
331 1772 460 1822 γίνεται
484 1772 669 1824 βαρὸάρων
698 1772 900 1824 περιρανής.
927 1772 955 1821 (5
941 1773 970 1819 5)
999 1769 1070 1808 Και

37 1848 79 1881 τη
106 1833 194 1883 φυγῇ
215 1830 341 1868 τούτων
361 1833 382 1876 ἡ
404 1829 631 1879 Ρωμαίων
614 1831 756 1879 ούναμις
781 1829 994 1879 ὁδηγουμένη
1015 1827 1072 1865 επὶ

35 1889 74 1926 τὸ
94 1887 323 1938 στρατόπεδον
343 1888 381 1924 τὸ
399 1903 475 1940 περι
491 1887 680 1938 Διόφαντον
707 1902 765 1924 και
785 1886 960 1932 Ιαξίλλην
976 1889 1071 1932 ἧκον,

38 1947 95 1984 καὶ
115 1952 283 1997 καρτερᾶς
307 1946 390 1997 πρὸς
410 1946 531 1988 αὐτους
549 1963 609 1992 της
638 1945 753 2005 μάχης
781 1944 963 1994 γενομένης
977 1973 987 1993 ,
1018 1945 1071 1981 ἐπ

39 2004 151 2055 ὀλίγον
172 2003 233 2054 μὲν
256 2004 419 2054 ἀντέσχον
440 2006 469 2041 οἱ
491 2004 672 2049 Ποντικοὶ,
693 2006 765 2039 εἶτα
785 2005 853 2040 τῶν
872 2017 1072 2052 στρατηγων

37 2077 171 2113 πρωτον
191 2061 476 2113 ἀποχωρούντων,
495 2061 619 2103 πάντες
652 2076 702 2097 ενε
690 2059 836 2106 έκλ,ιναν
864 2075 923 2096 και
950 2062 1073 2110 Μιθρι-

41 2119 125 2171 δάτῃ
145 2123 204 2157 τοῦ
223 2119 439 2168 πταίσματος
455 2121 485 2156 οἳ
506 2118 693 2170 στρατηγοὶ
711 2118 915 2168 αὐτάγγελοι
932 2116 1075 2166 παρεγέ-

39 2192 154 2226 νοντο,
174 2176 231 2214 καὶ
252 2177 339 2214 πολὺ
360 2178 487 2222 πλῆθος
505 2175 579 2213 τότε
599 2179 666 2213 τῶν
688 2175 871 2226 βαρὲοίρων
900 2175 1071 2213 ἀπώλετο.

91 2236 230 2275 XLIV.
251 2234 355 2273 Ούτω
374 2235 569 2286 Μιθριδάτῃ
581 2236 648 2271 τῶν
658 2233 873 2285 πραγμάτων
885 2248 1076 2285 περιφανως

44 2291 336 2341 ἀποκεκλιμένων,
346 2309 414 2330 των
424 2308 459 2329 τε
477 2292 662 2343 βασιλίδων
678 2307 847 2341 γυναικων
865 2308 885 2337 η
907 2291 1077 2342 ἀναίρεσις

46 2351 250 2398 επεποίητό,
265 2366 323 2387 και
342 2350 474 2402 φεύγειν
495 2352 533 2387 ἐκ
550 2366 616 2387 των
636 2349 817 2405 Καὸείρων
836 2351 952 2401 αὐτω,
973 2352 1005 2387 ἐν
1030 2353 1078 2392 οἷς

44 2409 207 2460 διέτριὸε,
238 2409 349 2459 λάθρα
379 2425 445 2445 των
478 2408 591 2446 ἄλλων
627 2407 787 2453 υπηκόων
820 2406 908 2458 ὃρμη
943 2406 1074 2456 γέγονε.

46 2467 116 2505 Καὶ
135 2466 210 2512 ἥλω
227 2466 266 2504 ἂν
288 2468 321 2503 ἐν
341 2469 383 2518 τῇ
401 2470 514 2518 φυγῇ,
535 2468 601 2503 τῶν
622 2466 789 2504 Γαλατῶν
812 2465 1076 2511 ἐπιδιωκόντων,

44 2524 168 2576 καίπερ
187 2524 245 2562 τὸν
269 2524 436 2576 φεύγοντα
463 2524 689 2575 ἀγνοούντων,
712 2525 740 2560 εἰ
763 2522 810 2572 μὴ
839 2523 1079 2574 περιτυχόντες

45 2583 176 2633 ἡμιόνῳ
195 2582 321 2634 χρυσὸν
338 2582 396 2619 καὶ
416 2581 561 2633 ἄργυρον
577 2585 644 2619 τῶν
668 2581 918 2630 Μιθριδατείων
939 2581 1080 2632 χρημά-

46 2656 111 2677 των
141 2639 313 2691 φερούσῃ,
333 2639 410 2690 περὶ
432 2640 493 2685 τὴν
522 2639 682 2690 ἁρπαγὴν
711 2638 839 2675 τούτων
870 2639 1076 2689 ἐσχόλασαν,

49 2697 118 2736 Καὶ
136 2697 234 2740 αὐτὸς
254 2699 299 2739 εἷς
315 2697 493 2748 Ἀρμενίαν
511 2696 726 2740 διασώζεται.

100 2756 218 2793 XLV.
251 2753 472 2796 Λεύκολλος
454 2753 488 2790 οε
504 2754 559 2790 ε’πι
574 2754 634 2803 μὲν
645 2770 700 2791 τον
712 2755 926 2825 Μιθριδάτην
939 2754 1080 2802 Μάρκον

49 2812 233 2860 Πομπηιον
252 2813 405 2862 ἡγεμόνα
428 2811 629 2863 ἐξέπεμψεν,
648 2812 747 2855 αυτὸς
765 2813 799 2849 δε
819 2812 874 2849 ἐπὶ
893 2812 1074 2862 Καόείρων

51 2871 123 2920 μεθ’
140 2870 251 2917 ὅλης
234 2871 395 2920 ηπείγετο
415 2873 475 2916 τ’ῆς
496 2870 691 2919 δυνάμεως,
709 2870 768 2907 καὶ
783 2869 844 2915 τὴν
866 2870 963 2906 πόλιν
985 2885 1081 2919 περι-

50 2928 277 2977 καθισάμενος
294 2935 380 2980 σφᾶς
397 2927 516 2970 αὐτοὺς
537 2928 827 2978 παραδεδωκότας
849 2926 924 2969 τοὺς
943 2926 1082 2977 βαρὲά-

54 3001 127 3036 ρους
160 2986 389 3027 ὑποσπόνδους
422 2985 502 3036 ἔσχε
537 2985 595 3023 καὶ
627 2989 694 3023 τῶν
726 2988 847 3036 τειχῶν
878 2985 1082 3035 ἐκυρίευσεν.

55 3044 96 3094 (2)
116 3043 265 3081 Ἐκεῖθεν
294 3043 328 3080 δὲ
357 3043 440 3095 πρὸς
471 3044 532 3088 τὴν
563 3043 702 3092 Ἀμισὸν
733 3042 997 3094 παραγεγονὼς,
1027 3041 1084 3079 καὶ

921 184 978 219 Fu
988 184 1047 219 Au
1060 184 1091 218 M
1105 184 1245 220 EN'l‘A.

2072 193 2090 221 5
2107 194 2145 222 if)

1120 273 1182 302 rius
1196 274 1314 309 autem,
1328 275 1483 311 ussumpta
1501 274 1610 311 classe,
1628 274 1736 304 missus
1750 274 1778 303 in
1794 275 1918 303 (fri-isim
1934 275 1959 303 ct
1979 274 2153 312 llispnnuun

1120 337 1309 368 Mithridatis
1324 346 1418 367 unios
1431 339 1458 368 in
1475 339 1575 368 reditu
1591 339 1671 369 circu
1692 341 1926 379 {lellespontuin
1943 342 1971 370 et
1992 341 2153 379 Proponti-

1119 403 1190 433 dem
1209 403 1417 442 interciperet.
1451 406 1494 443 (52)
1515 405 1636 441 Quibus
1662 405 1856 435 Mithridates
1881 406 1995 435 auditis
2014 406 2042 435 in
2059 414 2156 435 noros

1120 467 1191 497 helii
1211 469 1380 507 apparatus
1395 469 1568 508 incumbit,
1583 472 1614 500 et
1630 471 1817 509 Scytharum
1837 480 1923 509 reges
1943 472 2156 510 l'urthumqin·

1120 536 1150 562 ct
1164 541 1313 570 {generum
1324 541 1416 563 suum
1425 534 1589 571 Tigranem
1604 536 1784 565 Armenium
1799 536 1956 566 sollicitat.
1972 537 2075 567 Ceteri
2088 537 2154 575 qui-

1120 599 1192 629 dem
1207 599 1362 638 denegant
1384 612 1390 630 2
1419 602 1451 630 at
1465 601 1613 639 'tigranes
1625 626 1633 640 ‚
1652 603 1723 633 lieet
1742 603 1795 632 diu
1813 606 2027 642 cunctaretur,
2043 604 2159 643 sinpinx

1120 666 1226 695 tumen
1249 672 1267 694 a
1294 664 1356 694 filia
1373 665 1562 695 Mithridatis
1585 674 1646 696 non
1663 667 1729 697 sine
1754 668 1897 698 molestia
1923 668 2155 707 interpellatus,

1121 732 1238 762 auxilia
1252 731 1379 762 tandem
1393 733 1544 771 promisit.
1563 734 1689 764 Interim
1704 734 1843 765 diversos
1860 737 1968 765 contra
1990 736 2154 766 Lucullum

1121 799 1317 829 Mithridates
1338 799 1504 838 pra‘sectos
1527 799 1674 838 dimittit,
1693 803 1723 832 ct
1737 802 1911 833 commissis
1928 803 2044 842 pru-liis
2061 802 2156 832 varin⁴

1122 864 1305 894 acciderunt
1319 864 1454 894 fortunae
1468 864 1551 895 vices
1565 877 1571 894 ε
1591 865 1620 895 in
1636 866 1789 905 plerisque
1804 868 1909 897 tamen
1932 875 2079 906 prospera
2095 867 2156 897 t'or-

1122 932 1198 961 tuna
1228 929 1360 960 Romani
1384 930 1431 960 usi
1464 932 1548 960 sunt.
1578 934 1658 960 Tum
1692 932 1888 963 Mithridates
1901 957 1908 971 ,
1937 933 1990 971 qui
2019 933 2159 963 animuin

1121 999 1187 1036 jam
1201 996 1395 1036 despondere
1419 996 1532 1036 coepit,
1547 998 1717 1028 contractis
1739 998 1946 1037 quadraginta
1975 999 2113 1038 peditum
2132 1003 2162 1030 vt.

1124 1066 1196 1096 octo
1210 1064 1354 1104 equitum
1365 1064 1504 1095 millibus
1516 1088 1525 1102 ,
1543 1064 1756 1103 Diophantum
1772 1067 1802 1096 et
1820 1067 1967 1105 Taxilen,
1987 1067 2068 1097 ultra
2084 1067 2158 1096 mis-

1124 1140 1174 1161 sos
1190 1132 1262 1161 ante
1275 1153 1283 1168 ,
1300 1129 1442 1160 dimittit.
1462 1129 1522 1166 Qui
1538 1139 1637 1169 quum
1661 1130 1700 1160 ad
1713 1132 1924 1161 antecessores
1947 1132 2160 1169 accessissent,

1126 1199 1277 1238 principio
1290 1198 1528 1229 velitationibus
1546 1198 1609 1229 sere
1623 1199 1755 1229 assiduis
1773 1200 1899 1230 hostiles
1914 1201 2069 1231 exercitus
2085 1201 2164 1231 inivi·

1125 1276 1157 1298 se
1173 1267 1252 1298 vires
1268 1266 1486 1306 explorabant.
1505 1268 1616 1297 Postea
1635 1266 1674 1297 ad
1691 1267 1769 1298 duas
1796 1276 1914 1306 pugnas
1931 1269 2092 1307 equestres
2109 1268 2163 1297 de-

1126 1334 1258 1363 ventum
1269 1336 1316 1364 est
1327 1357 1335 1372 ,
1350 1341 1487 1372 quarum
1499 1332 1595 1363 altera
1613 1333 1765 1371 Romani,
1781 1324 1878 1363 altera
1900 1333 2020 1362 Pontici
2032 1332 2167 1362 victores

1126 1398 1239 1430 abiere.
1255 1398 1297 1438 (4)
1319 1400 1466 1437 Dumque
1478 1398 1521 1429 ita
1539 1398 1656 1429 bellum
1671 1397 1812 1435 ducitur,
1827 1398 1978 1429 Lucullus
1992 1397 2022 1427 in
2043 1399 2164 1437 Cappa-

1127 1464 1268 1502 dociam,
1287 1464 1340 1504 qui
1360 1466 1575 1495 commeatum
1599 1464 1672 1494 inde
1697 1463 1878 1501 adferrent,
1905 1463 2000 1494 misit.
2028 1467 2098 1500 Quo
2115 1465 2166 1494 oh-

1128 1531 1272 1568 servato,
1295 1530 1421 1561 Taxiles
1443 1531 1473 1560 et
1503 1529 1699 1568 Diophantus
1723 1531 1874 1568 quattuor
1889 1530 2029 1569 peditum
2050 1531 2081 1560 et
2106 1529 2168 1559 duo

1131 1595 1229 1626 miliia
1242 1595 1385 1634 equitum
1400 1596 1509 1626 contra
1525 1596 1667 1633 mittunt,
1685 1596 1731 1632 ut,
1747 1594 1864 1625 insidiis
1880 1595 1912 1625 in
1929 1595 2032 1626 medio
2047 1595 2168 1634 positis,

1132 1660 1358 1700 impedimenta
1372 1659 1603 1691 revertentibus
1622 1659 1807 1690 adimerent.
1828 1659 1887 1690 Ubi
1907 1660 1947 1690 ad
1967 1669 2079 1691 manus
2091 1669 2168 1690 ven-

1131 1729 1200 1757 tum
1212 1751 1221 1765 ,
1235 1729 1384 1766 superant
1404 1727 1558 1763 Romani,
1575 1729 1606 1757 et
1625 1725 1770 1756 subsidiis
1786 1734 1804 1756 a
1820 1726 1953 1757 Lucullo
1973 1726 2084 1764 missis,
2100 1727 2170 1765 suga

1132 1793 1338 1824 barbarorum
1354 1792 1480 1832 insignis
1500 1792 1722 1823 committitur.
1742 1792 1784 1830 (5)
1805 1793 1947 1828 Quorum
1965 1792 2105 1831 vestigiis
2121 1793 2168 1823 in-

1131 1860 1276 1891 sistentes
1292 1858 1423 1891 Romani
1438 1883 1446 1897 ,
1460 1858 1500 1889 ad
1524 1859 1590 1898 ipsa
1609 1858 1776 1898 Diophanti
1800 1860 1831 1889 et
1847 1858 1965 1889 Taxilis
1981 1862 2083 1889 castra
2098 1868 2169 1898 pro-

1132 1927 1302 1958 vehuntur.
1317 1925 1379 1956 Ubi
1394 1925 1498 1956 valido
1514 1925 1686 1956 certamme
1703 1925 1792 1962 inito,
1806 1925 1845 1955 ad
1862 1925 1958 1956 breve
1974 1927 2098 1965 tempus
2118 1926 2170 1956 ob·

1133 1990 1241 2020 sistere
1258 1988 1401 2027 Pontici;
1432 1997 1507 2019 mox
1532 1988 1586 2018 ubi
1603 1987 1695 2028 primi
1718 1988 1937 2019 abscesserunt
1960 1988 2075 2025 duces,
2106 1990 2172 2019 tota

1134 2051 1282 2083 inclinata
1295 2053 1342 2082 est
1358 2051 1439 2082 acies
1456 2064 1462 2081 :
1481 2052 1512 2082 et
1531 2050 1587 2090 ipsi
1604 2050 1767 2089 copiarum
1784 2049 1934 2080 ductores
1954 2050 2055 2080 nuntii
2072 2050 2170 2080 cladis

1135 2116 1289 2146 venerunt
1316 2114 1500 2146 Mithridati.

1137 2176 1241 2208 turba.

1535 2114 1693 2145 Occubuit
1723 2115 1799 2144 tunc
1823 2114 1930 2153 ingens
1963 2114 2169 2145 barbarorum

1181 2240 1292 2269 XLIV.
1318 2240 1411 2269 Hunc
1435 2238 1475 2268 ad
1503 2237 1632 2268 modum
1664 2238 1788 2267 t'ortuna
1818 2236 2004 2267 Mithridatis
2032 2237 2063 2267 in
2086 2238 2173 2276 pejus·

1137 2313 1342 2351 devergente,
1369 2315 1401 2343 et
1429 2313 1520 2351 regiae
1538 2321 1652 2342 uxores
1677 2314 1814 2349 necatae,
1840 2314 1871 2342 et
1897 2321 1935 2342 ex
1952 2312 2090 2350 Cabiris,
2118 2313 2171 2343 ubi

1138 2391 1318 2431 aliquandiu
1335 2400 1368 2422 se
1390 2392 1608 2429 continuerat,
1632 2391 1712 2421 ciam
1727 2391 1791 2421 suis
1808 2399 1863 2421 rex
1892 2391 1995 2429 sugam
2010 2390 2139 2430 arripuit
2165 2404 2169 2420 :

1140 2470 1169 2499 in
1186 2478 1248 2508 qua
1264 2469 1358 2500 etiam
1372 2469 1484 2508 captus
1499 2469 1596 2505 esset,
1615 2468 1841 2499 insectantibus
1863 2468 1978 2507 Gallis,
2003 2469 2056 2508 qui
2070 2470 2174 2499 tamen

1141 2550 1245 2581 regem
1261 2540 1465 2580 ignorabant,
1486 2540 1544 2570 nisi
1565 2540 1651 2570 mula
1667 2540 1793 2570 obviam
1812 2541 1893 2570 facta
1906 2564 1914 2578 ,
1933 2540 2029 2579 (quae
2054 2540 2174 2571 Mithri·

1140 2615 1221 2646 datis
1230 2614 1342 2654 opibus
1352 2638 1360 2653 ,
1371 2615 1498 2654 argento
1507 2622 1648 2653 auroque
1654 2615 1766 2644 onusta
1775 2614 1858 2653 erat)
1869 2613 2042 2653 diripiendo
2055 2622 2175 2644 moram

1142 2688 1333 2719 uexuissent.
1358 2689 1468 2726 Itaque
1485 2695 1540 2717 rex
1558 2687 1589 2717 in
1609 2687 1786 2717 Armeniam
1804 2686 1949 2717 elabitur.

1182 2759 1273 2788 XLV.
1293 2757 1445 2788 Lucullus
1472 2758 1578 2787 autem
1601 2755 1751 2786 adversus
1777 2755 1989 2786 Mithridatem
2018 2757 2058 2785 M.
2082 2757 2173 2786 Poin-

1143 2829 1247 2869 peium
1257 2829 1351 2860 mittit
1363 2828 1474 2860 ducem
1487 2852 1495 2867 ‚
1508 2829 1636 2868 ipseque
1648 2837 1721 2858 cum
1732 2828 1885 2859 universis
1893 2828 1990 2866 copiis
2004 2828 2034 2858 in
2046 2827 2178 2873 Qahiros

1143 2903 1271 2939 movet,
1296 2900 1435 2939 urbeque
1457 2902 1679 2938 circumsessa,
1694 2900 1770 2931 dum
1787 2900 1908 2931 barbari
1929 2901 2013 2932 certo
2038 2909 2070 2931 se
2087 2902 2176 2939 pacto

1144 2975 1171 3005 ei
1188 2974 1394 3013 permittunt,
1411 2975 1443 3004 et
1460 2973 1542 3012 ipsos
1557 2974 1588 3003 in
1602 2972 1695 3004 fidem
1711 2973 1841 3012 accipit,
1858 2975 1888 3004 et
1902 2973 2028 3003 castello
2047 2972 2173 3011 potitur.

1145 3048 1189 3086 (2)
1211 3047 1290 3078 Hinc
1308 3047 1448 3077 Amisum
1466 3046 1642 3085 profectus,
1660 3048 1692 3077 et
1708 3046 1746 3077 ad
1761 3046 1950 3077 deditionem
1968 3045 2050 3075 cives
2064 3044 2173 3074 eohor-

55 3154 184 3185 torium.
198 3139 277 3185 Vide
289 3154 450 3185 Plutarch.
466 3154 588 3185 Lucull.
603 3162 630 3184 c.
645 3157 674 3184 8.
687 3170 726 3174 —
741 3157 756 3183 2
773 3150 1031 3191 ἁναὸαλλόμενος]
1045 3163 1059 3177 (ι
1080 3150 1224 3186 Rectius,
1242 3150 1365 3188 opinor,
1381 3149 1616 3188 ἀναὸαλόμενος,
1633 3162 1647 3175 n
1665 3149 1828 3187 Sclesefer.
1846 3167 1879 3173 -
1900 3148 2080 3185 πολύτροποι
2090 3145 2100 3183 ¹]
2112 3146 2175 3174 ἐπεὶ

56 3200 126 3229 πολ.
146 3199 246 3230 voluit
263 3200 451 3238 Stephanus.
468 3216 509 3222 --
524 3200 562 3229 τὰ
583 3197 768 3237 Ρωμαίων]
787 3199 825 3228 τὰ
846 3201 906 3227 τῶν
922 3198 967 3227 ‘P.
988 3197 1039 3227 alii
1056 3196 1139 3227 libri
1156 3215 1196 3221 --
1211 3198 1239 3226 4
1259 3195 1498 3235 σνμῧαλόντων]
1524 3195 1760 3235 συμῧαλλόντων
1782 3195 1844 3224 ulii.
1867 3212 1904 3215 -—
1920 3199 1947 3223 ἴ).
1971 3191 2175 3229 ὁδηγουμ.ένϊ,)

59 3248 101 3284 Α;
117 3246 304 3285 βοηθουμένη
319 3246 402 3284 vulg
419 3264 457 3267 —
470 3256 578 3285 ‘Melon
566 3246 630 3281 ’νςη
642 3244 715 3284 ]ed.
734 3246 786 3275 st<
790 3244 882 3283 pliani
900 3245 930 3274 et
946 3242 1051 3273 codd.-
1045 3267 1052 3281 ‚
1067 3253 1212 3282 γεγενεημ
1200 3243 1265 3278 νἠς
1287 3242 1369 3281 vulg

100 3292 209 3321 XLlV.
234 3302 319 3330 γυναι
324 3302 385 3321 κων
403 3293 421 3327 ἡ
445 3292 513 3322 ἀναν.
507 3291 547 3331 ἐρ
535 3290 617 3330 εσις]
637 3290 713 3321 Vide
734 3290 864 3329 Appian.
891 3300 918 3319 c
949 3292 1006 3326 823

62 3336 209 3376 Καὸἠρων
224 3338 311 3372 αὐτὸς
328 3337 405 3368 libri.

1036 3289 1194 3320 Plutarch.
1216 3290 1337 3320 [uuili
1366 3294 1468 3319 c.18
1490 3308 1528 3314 --
1550 3286 1920 3327 l{0.655s.‹1›vw)rq›]c‹··.›ii
1925 3294 1962 3313 x
1997 3282 2138 3314 thu-mini
2167 3293 2173 3319 ;
