2338 3765
958 159 1287 198 FRAGMENTA.

70 243 295 281 ἐπανελθόντα
311 245 355 285 ὥς
373 243 519 293 τάχιστα
536 259 542 265 ·
561 243 645 291 μόνη
663 244 727 294 γὰρ
749 244 804 292 (si-2)
823 241 908 289 αὕτη
929 245 1097 294 ἀσφάλεια

70 301 109 338 ἂν
127 301 193 347 εἴη.
219 302 287 339 Καὶ
304 304 321 338 ὃ
341 300 527 351 Ἀστυάγης
548 301 839 352 ἀποπεμψάμενος
859 301 915 337 τὸν
936 302 1095 339 iheum)-

69 374 136 396 νιον
157 359 287 407 μᾶλλόν
304 374 336 396 τι
355 360 545 407 ἐνεθυμεῖτο
561 357 636 400 τοὺς
653 357 769 406 λόγους
785 359 900 396 αὐτοῦ.
924 360 984 399 Εἷς
999 358 1098 395 ἑσπέ-

71 432 131 467 ραν
146 418 181 453 δὲ
198 416 304 453 πίνων
320 417 462 453 ἐκάλεσε
481 416 540 458 τὰς
560 417 774 458 παλλακίδας
797 415 1028 467 ὀρχηστρίδας
1045 416 1099 452 οὔ·

70 489 132 516 σας
151 473 210 510 καὶ
230 473 498 524 κιθαριστρίδας.
520 473 591 511 Καί
623 489 671 515 τις
692 475 804 509 αὐτῶν
825 473 952 524 ᾄδουσα
972 475 1100 510 τοιαῦτ’

69 530 195 580 ἔλεγεν·
224 549 239 563 «
266 530 310 569 ‘O
341 531 426 568 λέων
456 530 513 580 (43)
544 531 600 567 τὸν
625 530 754 581 κάπρον
787 530 979 580 ὑποχείριον
1011 530 1100 581 ἔχων

70 592 216 638 μεθῆκεν
243 589 288 631 εἷς
315 588 374 631 τὰς
392 589 525 639 λόχμας
544 588 603 630 τὰς
632 590 775 634 ἑαυτοῦ,
808 590 841 625 ἐν
867 582 920 631 αἷς
940 588 1101 639 κρείττων

68 646 244 696 γενόμενος
272 646 378 683 πολὺν
405 647 506 683 πόνον
536 647 629 697 αὐτῷ
662 645 812 697 παρέξει,
847 645 905 683 καὶ
937 648 1103 683 τελευτῶν

71 704 307 755 ἀσθενέστερος
326 703 372 740 ὢν
392 703 448 740 τὸν
467 704 684 754 ἰσχυρότερον
707 703 925 755 χειρώσεται.
949 722 965 737 »
982 706 1102 741 Ταῦτα

70 762 216 814 ᾀδούσης
231 761 372 811 ε’νΟύμια
391 767 539 798 ποιεῖται
553 761 741 811 Ἀστυάγης
756 765 800 804 ὡς
817 762 967 799 τείνοντα
982 763 1027 804 εἷς
1041 762 1103 798 αὐ-

69 820 141 858 τόν.
164 822 393 872 Παραχρῆμα
421 819 461 864 δὴ
482 819 612 868 πέμπει
637 819 666 856 τ’
687 820 802 862 ἱππεῖς
829 819 885 856 ἐπὶ
905 821 1033 870 Κῦρον,
1056 812 1104 861 οἷς

70 878 244 915 ἐκέλευσεν
269 877 370 914 αὐτὸν
390 879 508 914 καλεῖν
527 877 657 914 ὀπίσω·
678 877 734 914 ἐὰν
751 877 785 914 δὲ
804 876 851 926 μὴ
871 876 1016 925 ἕπηται,
1037 875 1099 921 τὴν

70 934 221 987 κεφαλὴν
253 934 488 984 ἀποτεμόντας
508 934 633 986 φέρειν.
657 937 702 973 Οἱ
723 934 757 972 δὲ
776 934 924 985 ᾤχοντο,
946 933 1005 971 καὶ
1031 934 1103 970 ἐπεὶ

70 987 154 1037 ἧκον
171 992 267 1043 παρὰ
286 994 414 1044 Κῦρον,
436 992 588 1044 ἔφρασαν
615 992 658 1029 τὰ
675 993 756 1042 παρ’
778 991 994 1042 Ἀστυάγους.
1026 993 1105 1029 Κά-

70 1056 194 1109 κεῖνος,
220 1046 273 1087 οἷα
300 1050 477 1101 ἀγχίνους,
506 1050 574 1087 εἴτε
603 1050 660 1086 καὶ
681 1049 821 1101 Οἰὸάρα
841 1053 1103 1101 παραινοῦντος,

70 1112 164 1145 εἰπε·
185 1126 200 1140 «
222 1110 304 1151 Πῶς
328 1109 358 1145 δ’
380 1109 417 1144 οὐ
439 1108 554 1156 μέλλω
574 1108 680 1154 ἰέναι,
707 1107 889 1150 καλοῦντός
911 1123 953 1157 με
975 1111 1033 1145 τοῦ
1055 1109 1104 1144 δε-

71 1166 221 1215 σπότου,
238 1165 328 1203 ἀλλὰ
350 1169 408 1202 νῦν
430 1165 657 1214 δειπνήσατε,
674 1162 764 1216 πρωῒ
781 1164 815 1202 δὲ
830 1168 998 1216 χωρῶμεν
1019 1168 1101 1215 παρ’

72 1223 187 1262 αὐτόν.
202 1242 215 1256 ¹·
232 1225 277 1262 Οἱ
299 1223 332 1260 δὲ
351 1226 447 1260 ταῦτ’
464 1223 673 1275 ἐπῄνουν.(0
691 1223 726 1260 δὲ
748 1226 926 1274 Περσικῶς
937 1223 1026 1260 ὀπτὰ
1040 1239 1102 1261 κα·

70 1281 224 1332 τακόψας
241 1281 347 1332 ἱερεῖα
368 1279 482 1318 πολλὰ
502 1282 560 1319 καὶ
582 1285 684 1331 βοῦς,
703 1281 813 1318 εἱστία
831 1297 867 1318 τε
885 1280 960 1324 τοὺς
979 1282 1105 1323 ἱππέας

73 1338 132 1376 καὶ
163 1337 340 1388 μεθύσκει·
361 1339 626 1389 προαπέσταλτο
646 1340 674 1376 δ’
704 1340 797 1389 αὐτῷ
817 1338 958 1388 ἅγγελος
975 1338 1030 1375 ἐπὶ
1049 1338 1104 1376 τὸν

71 1397 205 1448 πατέρα
234 1396 364 1448 χιλίους
391 1398 507 1437 ἱππεῖς
537 1396 685 1434 κελεύων
715 1397 773 1433 καὶ
804 1396 1105 1447 πεντακισχιλίους

71 1454 191 1498 πεζοὺς
218 1455 274 1492 ἐπὶ
309 1453 447 1506 “’Υρ6αν
488 1454 605 1506 ἑτέραν
638 1455 695 1506 (44)
723 1456 822 1492 πόλιν
858 1454 1008 1503 πέμπειν
1039 1455 1105 1506 πρὸ

73 1513 149 1549 ὁδοῦ
169 1510 346 1561 κειμένην,
372 1510 449 1554 τοὺς
471 1510 506 1548 δὲ
528 1511 649 1554 ἄλλους
672 1511 811 1562 Πέρσας
837 1512 986 1556 ὁπλίζειν
1004 1512 1105 1549 αὐτὸν

72 1569 221 1620 τάχιστα
232 1599 243 1616 ,
258 1571 304 1612 ὡς
325 1569 493 1621 βασιλέως
509 1569 781 1621 προστάττοντος
793 1585 801 1592 ·
817 1570 853 1606 οὐ
871 1569 937 1621 γὰρ
955 1570 1104 1615 ἐδήλωσε

72 1627 127 1664 τὸν
144 1627 225 1665 ὄντα
238 1627 349 1677 λόγον.
367 1626 467 1665 Μετὰ
482 1627 516 1664 δὲ
530 1625 592 1673 τὴν
611 1627 762 1664 ἑστίασιν
779 1626 944 1670 εἷςῖῧπνον
957 1643 1104 1679 τετραμ-

74 1684 185 1733 μένων
211 1687 278 1722 τῶν
305 1684 449 1727 ἱππέων,
481 1683 580 1727 αὐτός
598 1700 636 1721 τε
664 1684 724 1721 καὶ
755 1684 913 1738 Οἷὸάρας
941 1687 986 1735 ᾡς
1015 1680 1105 1736 εἶχον

73 1742 263 1785 ἀναὸάντες
275 1742 330 1779 ἐπὶ
345 1742 419 1783 τοὺς
433 1741 577 1787 ἵππους,
595 1741 847 1788 ἀπελαύνουσι,
868 1742 926 1780 καὶ
945 1738 1028 1788 ἧκον
1049 1744 1105 1779 ἐπὶ

74 1799 138 1845 τὴν
151 1798 290 1851 ε’Υρὸαν
309 1799 359 1836 ἔτι
373 1799 492 1842 νυκτὸς
508 1799 623 1847 οὔσης,
644 1799 703 1837 καὶ
721 1800 849 1844 ὁπλίζει
866 1803 883 1837 ὁ
901 1802 1012 1852 Κῦρος
1030 1799 1106 1842 τοὺς

76 1857 272 1908 ἀνθρώπους
284 1873 292 1881 ·
313 1857 371 1895 καὶ
391 1857 569 1894 συντάττει
583 1856 659 1900 τοὺς
675 1856 769 1908 παρὰ
786 1861 844 1894 τοῦ
861 1857 988 1908 πατρὸς
1005 1857 1104 1902 ἥκον-

76 1930 136 1957 τας
164 1917 209 1957 ὡς
229 1916 274 1958 εἷς
301 1915 436 1966 μάχην·
458 1915 515 1952 καὶ
543 1915 642 1958 αὐτὸς
670 1915 731 1965 μὲν
762 1917 795 1952 ἐν
813 1917 862 1966 τῷ
893 1915 990 1967 δεξιῷ
1008 1914 1107 1952 ἵστα-

75 1987 144 2018 ται,
170 1972 230 2010 καὶ
253 1972 408 2024 Οἰὸάρας
423 1974 456 2010 ἐν
481 1974 530 2024 τῷ
559 1972 735 2024 εὐωνύμῳ.
752 1972 825 2011 Καὶ
847 1975 864 2010 ὃ
893 1968 977 2016 οἶνος
1004 1975 1107 2019 ἀνῆκε

77 2030 154 2073 τοὺς
184 2030 280 2083 παρὰ
309 2031 513 2080 Ἀστυάγους
535 2030 624 2082 πρωὶ
650 2030 863 2082 οἰχομένους,
884 2031 943 2068 καὶ
973 2031 1107 2080 γνόντες

80 2089 191 2139 Κῦρον
213 2088 384 2128 διώκουσι.
406 2089 475 2127 Καὶ
490 2084 574 2134 ἧκον
591 2088 646 2126 ἐπὶ
659 2089 720 2134 τὴν
737 2087 891 2140 “’Υρδαν,
912 2088 970 2126 καὶ
989 2089 1106 2139 εὑρόν-

77 2161 129 2188 τες
149 2147 394 2196 εἶκτεταγμένον
423 2146 679 2195 συμὸάλλουσιν
706 2148 750 2189 ὡς
771 2148 816 2189 εἷς
846 2146 975 2197 μάχην.
996 2143 1106 2184 ’ΈνΟα

76 2205 117 2249 δὴ
137 2206 272 2255 πρῶτον
290 2203 421 2250 πολλὴν
449 2203 605 2255 ἀνδρείαν
634 2203 690 2253 (45)
712 2206 824 2254 Κῦρος
845 2203 1108 2252 ἀποδειξάμενος

75 2260 136 2298 σὺν
154 2261 242 2313 τρισὶ
265 2261 415 2313 Πέρσαις
431 2262 554 2298 κτείνει
571 2262 648 2312 περὶ
668 2262 698 2298 σ’
718 2261 776 2298 καὶ
796 2262 824 2298 ν’
841 2263 972 2304 ἱππεῖς·
989 2264 1018 2298 οἱ
1040 2264 1107 2298 λοι-

77 2319 135 2356 ποὶ
162 2320 197 2356 δὲ
218 2318 379 2371 φεύγουσι
403 2318 500 2370 παρὰ
525 2318 668 2369 βασιλέα
690 2318 749 2355 καὶ
765 2318 859 2355 ταῦτ’
879 2318 1106 2369 ἀπήγγειλαν.

77 2376 149 2414 Καὶ
162 2376 196 2418 ὃς
208 2376 334 2419 παίσας
349 2376 404 2414 τὸν
421 2375 528 2426 μηρὸν
543 2370 647 2413 εἶπεν·
657 2394 671 2409 «
682 2376 729 2415 Οἴ
741 2391 797 2425 μοι
812 2378 855 2418 ὡς
870 2375 1034 2418 πολλάκις
1048 2377 1104 2426 (46)

76 2434 170 2485 γνοὺς
188 2433 239 2471 ὅτι
256 2435 292 2471 οὐ
309 2433 377 2486 χρὴ
393 2433 518 2476 κακοὺς
533 2428 570 2470 εὖ
578 2436 701 2482 ποιεῖν,
718 2432 811 2482 ὅμως
827 2433 1108 2485 ἁλίσκομαιχρη-

79 2498 168 2535 στοῖς
195 2492 327 2542 λόγοις,
348 2491 383 2535 ὃς
411 2492 469 2529 καὶ
491 2494 605 2542 Κῦρον
632 2491 845 2542 παραλαὸὼν
876 2492 1012 2528 πολλῶν
1045 2506 1109 2528 κα-

77 2552 145 2588 κῶν
163 2551 236 2600 (47),
251 2549 390 2602 Μάρδον
401 2549 505 2600 γένος,
518 2549 654 2600 ὄλεθρον
665 2550 863 2596 τηλικοῦτον
879 2548 1022 2594 ἐποίησα
1033 2549 1109 2585 κατ’

78 2609 228 2657 ἐμαυτοῦ
243 2608 320 2658 (48)·
339 2607 427 2645 ἀλλὰ
441 2608 500 2645 καὶ
513 2610 570 2644 ν’ὖν
585 2608 623 2644 οὐ
642 2606 804 2658 χαιρήσει
823 2600 872 2649 οἷς
892 2606 981 2643 θέλει
1002 2607 1075 2655 (49).
1094 2624 1107 2639 »

78 2665 151 2704 Καὶ
183 2668 401 2718 παραχρῆμα
440 2663 589 2707 καλέσας
632 2664 709 2706 τοὺς
753 2662 961 2715 στρατηγοὺς
999 2663 1109 2714 ἀθροί-

79 2725 145 2766 ζειν
176 2723 237 2768 τὴν
258 2723 401 2772 δύναμιν
425 2722 569 2760 κελεύει.
589 2721 654 2764 εΩς
679 2721 713 2758 δὲ
741 2720 902 2772 ἠθροίσθη
926 2723 972 2763 εἷς
993 2720 1019 2771 ρ’
1048 2720 1109 2769 μὲν

79 2783 188 2824 πεζῶν
200 2780 379 2831 μυριάδας,
392 2779 499 2818 εἴκοσι
514 2779 548 2816 δὲ
561 2778 707 2825 ἱππέων,
719 2778 892 2830 τρισχίλια
904 2777 938 2815 δὲ
952 2777 1107 2829 ἅρματα,

81 2838 213 2874 ἐλαύνει
234 2837 274 2883 δὴ
300 2837 359 2888 (50)
386 2837 444 2874 ἐπὶ
466 2836 616 2887 Πέρσας.
647 2835 740 2881 Ἤδη
766 2834 802 2872 δὲ
830 2834 983 2871 ὥπλιστο
1010 2834 1111 2870 κάκεῖ

79 2897 100 2940 ἡ
120 2893 264 2946 στρατιὰ
281 2894 346 2931 ὑπὸ
366 2893 557 2945 Ἀτραδάτα
574 2893 687 2930 πάντα
705 2891 830 2935 εἰδότος
846 2892 907 2942 (51)
919 2906 926 2914 ·
945 2890 1003 2927 καὶ
1020 2885 1108 2936 ἦσαν

79 2953 110 2989 λ’
126 2952 187 3002 μὲν
214 2951 375 3002 μυριάδες
401 2952 623 2996 πελταστῶν,
650 2949 675 2986 ε’
696 2950 731 2986 δὲ
759 2948 890 2986 ἱππέων
920 2948 997 2998 (52),
1025 2947 1052 2998 ρ’
1073 2946 1108 2984 δὲ

2112 172 2185 203 403

1162 255 1259 284 solnm
1283 254 1361 284 lianc
1379 255 1442 285 sore
1471 257 1681 287 securitatem.
1712 258 1842 288 Dimisso
1866 257 1977 289 deiude
1998 257 2189 297 Babylonio,

1161 323 1300 351 curatius
1316 323 1459 361 Astyages
1470 333 1629 355 sermones
1641 326 1708 363 ejus
1722 327 1891 365 reputavit,
1908 328 1938 357 et
1955 327 2014 357 sub
2028 335 2189 366 vesperam

1163 389 1273 428 potans
1301 390 1424 420 voravit
1451 391 1575 429 pellices
1600 393 1772 423 saltatrices
1797 394 1828 423 et
1854 393 2079 432 cilliaristrias;
2109 403 2189 432 qua-

1164 466 1234 487 rum
1253 466 1313 487 una
1328 466 1442 488 (iauens
1462 459 1541 489 dixit
1561 460 1621 490 tale
1635 460 1709 498 quid
1734 474 1739 491 ι
1767 474 1780 487 «
1806 463 1867 491 Leo
1884 470 2016 500 aprum,
2039 470 2139 500 quum
2161 462 2190 491 in

1164 526 1317 564 potestate
1331 525 1471 564 liaberet,
1483 526 1600 556 dimisit
1611 527 1639 556 in
1652 527 1781 558 latibula
1795 536 1863 566 sua,
1879 528 1931 558 ubi
1944 528 2064 559 viribus
2080 530 2193 559 auctus

1164 592 1299 622 multum
1311 592 1337 623 ei
1349 591 1463 622 laboris
1473 592 1625 631 praebebit
1635 603 1642 630 ;
1654 594 1684 623 et
1696 595 1863 633 postremo,
1874 603 1972 633 quum
1985 595 2103 626 viribus
2114 594 2192 626 inse-

1165 660 1227 691 rior
1243 659 1301 698 sit,
1323 661 1429 690 tamen
1452 659 1612 691 fortiorem
1629 660 1762 700 subiget.
1792 675 1806 689 n
1827 664 1902 693 Haec
1919 663 1970 693 illa
1995 664 2147 701 canente,
2163 663 2193 694 in

1164 730 1305 759 animum
1326 729 1471 768 induxit,
1488 730 1524 760 ut
1540 738 1612 768 quae
1626 729 1665 759 ad
1679 730 1780 769 ipsum
1798 732 2002 770 pertinerent.
2020 731 2193 762 Confestim

1165 797 1258 837 igitur
1271 798 1391 837 equites
1410 798 1568 828 trecentos
1593 797 1631 828 ad
1656 799 1773 836 Cyrum
1800 799 1900 837 misit,
1927 799 1981 839 qui
2011 800 2195 831 revocarent

1165 876 1256 906 eum,
1273 868 1305 898 et
1318 867 1342 898 si
1362 876 1424 898 non
1439 868 1635 907 sequeretur,
1653 868 1748 907 caput
1773 867 1839 906 ejus
1856 868 2028 899 abscissum
2052 868 2195 907 reporta-

1166 938 1245 967 rent.
1259 936 1296 967 Hi
1308 936 1439 976 profecti
1453 936 1506 967 ubi
1525 936 1564 967 ad
1578 937 1698 975 Cyrum
1712 938 1877 975 venerunt,
1893 936 2039 967 mandata
2055 937 2197 976 Astyagis

1166 1004 1323 1035 nuntiant.
1338 1004 1396 1035 Ille
1412 1013 1468 1044 pro
1478 1012 1534 1034 sua
1547 1003 1701 1042 sollertia,
1716 1003 1765 1034 vel
1780 1003 1874 1034 etiam
1889 1003 2039 1035 suadente
2052 1003 2172 1034 OEbare
2186 1027 2195 1041 ,

1167 1071 1333 1112 respondet
1348 1083 1356 1102 :
1378 1084 1393 1098 κ
1411 1070 1527 1108 Quidni
1542 1071 1699 1102 rediturus
1714 1079 1831 1109 essem,
1850 1071 1983 1101 vocante
2003 1078 2053 1101 me
2069 1069 2197 1100 domino

1166 1140 1258 1170 meo?
1276 1138 1335 1170 Sed
1350 1147 1434 1169 nunc
1453 1137 1639 1178 epulemini;
1657 1145 1725 1167 cras
1739 1144 1831 1167 mane
1845 1135 1884 1166 ad
1904 1143 2007 1175 regem
2021 1134 2196 1174 proficisce-

1166 1210 1249 1232 mur.
1269 1213 1284 1227 n
1304 1199 1397 1237 Quod
1410 1200 1470 1231 illis
1482 1198 1707 1239 probantibus,
1723 1200 1824 1237 Cyrus
1837 1206 1924 1228 more
1941 1197 2065 1228 Persico
2082 1197 2198 1228 assatas

1167 1264 1324 1295 dissecans
1334 1263 1451 1294 hostias
1465 1263 1644 1302 multasque
1653 1261 1763 1299 boves,
1778 1260 1926 1291 convivio
1940 1259 2064 1300 excepit
2077 1261 2200 1300 equites

1167 1328 1198 1357 et
1211 1324 1389 1357 inebriavit.
1407 1325 1508 1356 Antea
1519 1332 1596 1355 vero
1612 1323 1760 1354 nuntium
1779 1321 1818 1353 ad
1841 1323 1963 1361 patrem
1979 1321 2177 1361 ablegaverat
2191 1346 2197 1359 ‚

1165 1388 1277 1428 jubens
1304 1396 1379 1419 eum
1403 1387 1523 1426 equites
1548 1385 1634 1417 mille
1661 1385 1849 1425 quingentos
1868 1385 1899 1415 et
1921 1383 2088 1424 quinquies
2115 1384 2199 1415 mille

1168 1451 1287 1491 pedites
1309 1449 1346 1481 ad
1362 1449 1503 1489 Hyrbam
1518 1473 1526 1487 ‚
1550 1447 1661 1479 urbem
1677 1447 1833 1478 munitam
1845 1465 1853 1480 ‚
1878 1447 1909 1477 in
1923 1446 1975 1477 via
1997 1446 2054 1486 ipsi
2074 1455 2201 1486 percur-

1169 1514 1266 1546 renda
1282 1514 1392 1551 sitam,
1416 1512 1562 1550 mittere,
1582 1511 1719 1551 reliquos
1733 1511 1841 1542 autem
1865 1512 1974 1542 Persas
1990 1511 2085 1541 armis
2104 1518 2200 1550 quam

1168 1579 1330 1611 celerrime
1344 1578 1499 1608 instruere
1510 1601 1518 1615 ‚
1536 1575 1626 1616 quasi
1643 1583 1713 1614 rege
1729 1575 1773 1605 ita
1788 1574 1959 1606 mandante
1979 1584 1987 1605 z
2004 1583 2076 1605 nam
2093 1583 2201 1606 veram

1168 1641 1211 1672 rei
1231 1641 1388 1672 rationem
1405 1648 1467 1670 non
1492 1638 1623 1678 aperuit.
1650 1639 1799 1669 Ceterum
1824 1637 1895 1676 post
1911 1636 2091 1667 convivium
2111 1637 2201 1676 equi-

1168 1702 1251 1734 tibus
1264 1710 1374 1733 somno
1388 1710 1420 1732 se
1435 1699 1600 1738 dantibus,
1615 1701 1715 1739 Cyrus
1729 1699 1760 1729 et
1776 1698 1909 1730 OEbares
1919 1722 1927 1737 ,
1944 1698 1989 1728 uti
2004 1699 2113 1737 erant,
2129 1706 2202 1729 con-

1167 1767 1284 1799 scensis
1299 1766 1400 1806 equis,
1417 1774 1450 1797 se
1463 1764 1653 1805 proripiunt,
1669 1764 1700 1794 et
1712 1762 1855 1794 nondum
1871 1763 1942 1793 orto
1960 1761 2100 1793 diluculo
2118 1764 2197 1802 Hyr-

1168 1831 1241 1862 bam
1266 1830 1418 1868 veniunt,
1447 1828 1503 1859 ubi
1531 1827 1647 1858 incolas
1673 1829 1774 1866 Cyrus
1808 1826 1911 1856 armat
1939 1825 1969 1856 et
1995 1833 2068 1855 cum
2101 1824 2202 1856 Persis

1168 1904 1186 1926 a
1202 1895 1290 1934 patre
1306 1892 1407 1924 missis
1420 1892 1451 1923 in
1465 1892 1564 1922 aciem
1579 1890 1750 1930 componit.
1772 1891 1840 1929 Ipse
1856 1889 1887 1919 in
1901 1897 1998 1919 cornu
2020 1888 2133 1919 dextro
2146 1912 2154 1927 ‚
2169 1888 2200 1919 in

1168 1956 1292 1987 sinistro
1310 1954 1444 1986 OEbares
1460 1953 1644 1984 collocatur.
1659 1951 1789 1983 Interim
1812 1960 1911 1991 quum
1924 1951 1982 1991 qui
2009 1951 2049 1982 ab
2068 1952 2202 1990 Astyage

1168 2020 1336 2056 venerant,
1369 2015 1531 2055 crapulam
1560 2014 1800 2045 edormivissent
1811 2038 1819 2052 ,
1845 2022 1879 2044 re
1907 2013 2050 2052 cognita,
2078 2015 2198 2052 Cyrum

1169 2082 1412 2122 persequuntur,
1427 2081 1459 2111 et
1475 2080 1530 2110 ubi
1548 2078 1688 2119 Hyrbam
1705 2080 1875 2115 venerunt,
1899 2078 1997 2108 aciem
2013 2077 2199 2107 instructam

1171 2144 1361 2184 reperientes
1389 2142 1596 2173 committunt
1621 2141 1779 2181 proelium.
1816 2142 1905 2171 Tunc
1930 2139 2068 2179 primum
2100 2140 2202 2178 Cyrus

1169 2207 1298 2247 egregiae
1315 2205 1508 2237 fortitudinis
1531 2204 1758 2235 documentum
1775 2202 1887 2241 edens,
1915 2211 1989 2232 cum
2014 2201 2114 2232 Persis
2137 2201 2202 2231 suis

1171 2270 1252 2301 circa
1265 2269 1417 2300 ducentos
1431 2269 1461 2298 et
1478 2266 1707 2306 quinquaginta
1723 2264 1844 2304 equites
1865 2263 1990 2294 occidit.
2013 2262 2135 2302 Reliqui
2150 2262 2199 2294 fu-

1171 2341 1241 2372 gam
1255 2331 1410 2371 arripiunt
1424 2332 1455 2361 et
1469 2329 1589 2360 cladem
1604 2330 1666 2367 regi
1681 2327 1838 2358 nuntiant.
1852 2327 1997 2365 Astyages
2010 2333 2086 2355 vero
2099 2325 2201 2358 femur

1172 2395 1285 2426 seriens
1304 2407 1310 2425 2
1326 2406 1339 2419 «
1357 2396 1459 2428 Quam
1477 2400 1570 2431 saepe,
1585 2390 1699 2430 inquit,
1712 2398 1767 2429 ego
1781 2388 1929 2427 expertus
1942 2395 2004 2417 non
2022 2394 2087 2417 esse
2100 2385 2202 2416 malos

1171 2456 1330 2488 beneficiis
1347 2454 1545 2492 afficiendos,
1563 2451 1767 2483 nibilominus
1782 2451 1889 2480 tamen
1911 2446 2134 2479 circumveniri
2150 2456 2201 2477 me

1170 2520 1293 2552 blandis
1308 2519 1412 2550 verbis
1429 2518 1543 2558 patior,
1557 2516 1611 2556 qui
1625 2517 1742 2555 Cyrum
1756 2523 1793 2545 ex
1809 2512 1937 2546 misellis
1951 2510 2100 2551 caprariis
2118 2510 2201 2541 exci-

1171 2583 1275 2623 piens,
1298 2581 1445 2612 mardum
1461 2587 1593 2618 genere,
1615 2577 1736 2608 tantam
1761 2575 1839 2606 mibi
1864 2575 1982 2614 pestem
2008 2571 2199 2611 comparavi.

1172 2645 1234 2677 Sed
1247 2645 1341 2675 etiarn
1355 2650 1440 2673 nunc
1454 2649 1517 2672 non
1532 2638 1680 2679 gaudebit
1701 2637 1737 2668 iis
1749 2645 1820 2676 quae
1837 2635 1977 2666 molitur.
1998 2647 2013 2661 ν
2032 2635 2075 2667 Ac
2095 2632 2200 2663 statim

1170 2706 1341 2738 advocatos
1353 2704 1449 2735 duces
1463 2701 1636 2734 exercitum
1650 2705 1836 2738 congregare
1846 2696 1948 2736 jubet.
1976 2696 2014 2726 Et
2029 2702 2128 2736 quum
2146 2692 2200 2724 de-

1170 2769 1233 2800 cies
1249 2769 1375 2800 centum
1392 2765 1491 2797 millia
1506 2763 1647 2804 peditum
1663 2763 1695 2793 et
1717 2761 1853 2792 ducenta
1869 2758 1967 2790 millia
1988 2757 2129 2797 equitum
2141 2779 2150 2794 ‚
2169 2756 2201 2786 et

1170 2841 1320 2864 curruum
1334 2830 1394 2861 tria
1407 2828 1505 2860 millia
1516 2827 1647 2859 collecta
1657 2825 1776 2863 essent,
1791 2823 1899 2857 contra
1913 2824 2022 2853 Persas
2035 2818 2200 2860 proticisci-

1169 2896 1233 2926 tur.
1257 2896 1378 2924 interea
1401 2898 1477 2921 vero
1505 2889 1567 2920 illic
1593 2895 1721 2927 quoque
1746 2884 1904 2916 exercitus
1932 2882 1971 2913 ab
1988 2880 2135 2913 Atradate
2162 2878 2200 2909 de

1170 2956 1242 2996 Cyri
1269 2953 1405 2985 consiliis
1418 2952 1484 2991 Jam
1506 2950 1618 2982 edocto
1646 2948 1818 2979 instructus
1838 2946 1922 2982 erat,
1942 2944 2082 2974 trecenta
2104 2939 2199 2970 millia

92 3000 2189 3032 Μ

82 3062 130 3093 42.
147 3062 235 3102 γὰρ]
260 3072 315 3101 περ
343 3060 413 3092 cod.
438 3073 478 3081 -·
503 3063 554 3092 43.
586 3059 704 3091 Eadem
734 3058 839 3097 paullo
867 3057 957 3088 aliter
987 3055 1140 3086 adornata
1156 3063 1173 3084 e
1190 3051 1319 3083 Dinonis
1332 3048 1534 3087 Persicis(fr.
1555 3048 1590 3084 7)
1611 3046 1719 3076 narrat
1747 3044 1916 3093 Athenaeus
1929 3042 2030 3092 ¹XIV,
2051 3047 2088 3090 p.
2119 3039 2197 3071 633,

81 3108 119 3139 C.
135 3127 175 3133 —
190 3109 239 3138 44.
253 3106 409 3148 Ὕρὸαν]
425 3106 507 3137 Urbs
520 3105 636 3145 ignota,
652 3107 809 3144 quantum
826 3103 934 3134 sciam.
951 3101 1035 3139 Quid
1050 3109 1112 3131 vox
1131 3100 1249 3138 ἑτέραν,
1265 3098 1290 3128 si
1306 3097 1440 3137 genuina
1461 3097 1524 3132 est,
1538 3093 1596 3124 sibi
1612 3092 1709 3128 velit,
1726 3099 1790 3141 non
1804 3096 1968 3128 perspifflo.
1991 3081 2198 3138 scribendum

83 3153 157 3192 911ῒο
170 3153 309 3193 ἑταίραν,
325 3152 374 3183 vel
387 3151 497 3191 ἐχυρὰν
514 3150 600 3190 quod
613 3151 667 3181 lat.
686 3149 833 3189 expressi.
847 3167 885 3171 —-
901 3151 951 3179 45.
972 3145 1167 3186 ἀνδρείαν]
1187 3145 1318 3184 ἀνδρεῖον
1336 3142 1403 3173 cod.
1419 3140 1536 3172 Deinde
1550 3147 1612 3168 vox
1625 3137 1702 3177 τρισὶ
1717 3145 1770 3165 Vix
1787 3138 1871 3165 recte
1892 3133 1994 3163 babet.
2019 3133 2101 3161 Num
2113 3137 2191 3177 τοις.

82 3218 119 3223 -
134 3201 183 3230 46·
198 3198 344 3234 παλλάκις
358 3198 428 3229 cod.
441 3214 482 3219 —
495 3199 546 3229 47-
561 3198 711 3227 πολλῶν
729 3199 858 3226 κακῶν
881 3195 946 3226 κτλ.
961 3193 971 3233 ]
989 3192 1068 3223 Male
1091 3192 1159 3221 liaeo
1177 3191 1361 3230 procedunt.
1388 3188 1501 3218 Durius
1515 3188 1661 3224 ,iungeres
1684 3183 1804 3213 πολλῶν
1821 3183 1926 3210 κακῶν
1944 3178 2073 3216 ὄλεθρον.
2092 3175 2197 3229 Fuisse

84 3247 158 3284 puto
171 3246 354 3285 παραλαὸὼν
368 3244 395 3278 ἐξ
416 3244 551 3275 αἰπόλων
565 3247 681 3274 κακῶν.
695 3261 733 3264 -
748 3245 800 3273 48.
821 3240 974 3282 ἐμαυτοῦ]
993 3238 1122 3279 ἐμαυτὸν
1134 3237 1201 3268 cod.
1216 3240 1296 3268 Cum
1313 3243 1400 3274 seqq.
1414 3233 1491 3263 ἀλλὰ
1502 3233 1553 3262 καὶ
1567 3234 1618 3260 νῦν
1633 3230 1668 3260 οὐ
1682 3229 1819 3277 χαιρήσει
1834 3226 1938 3279 confer
1951 3222 2045 3276 vtiba
2060 3220 2197 3256 Astyagis

83 3299 133 3330 ⁵¹1)-
153 3292 346 3323 Herodotum
365 3293 394 3329 l,
418 3294 472 3322 128
499 3290 598 3321 εἈλλ’
626 3290 686 3320 οὐδ’
702 3291 741 3324 ὣς
761 3290 777 3318 ὁ
794 3288 890 3328 Κῦρός
907 3298 941 3326 γε
958 3286 1109 3326 χαιρήσει.
1138 3304 1174 3309 -
1200 3284 1247 3312 49.
1274 3280 1393 3319 θέλει]
1416 3280 1484 3313 Θελη
1510 3277 1580 3307 cod.
1599 3295 1637 3300 -
1660 3280 1708 3305 50.
1737 3274 1850 3303 ἐλαύνει
1872 3268 1925 3306 οη]
1949 3269 1990 3297 εὶ..
2009 3276 2039 3296 οε
2062 3263 2130 3294 cod.
2157 3277 2196 3282 —

85 3340 133 3368 51.
156 3338 264 3372 εἰδότες
289 3337 359 3368 cod.
377 3357 418 3363 —
440 3341 488 3367 52.
508 3335 642 3374 ἱππέων]
659 3336 702 3366 Sic
715 3343 852 3373 margo.;
867 3334 898 3364 in
914 3335 1000 3363 textu
1016 3332 1049 3346 **
1061 3343 1114 3361 ων.

2010 3366 2056 3389 26,
