2289 3728
910 171 1038 212 FRAG
1048 171 1081 208 M
1091 172 1235 209 ENTA.

496 286 558 324 53.

67 397 198 433 Strabo
221 396 273 430 ΙΙΙ
288 422 297 438 ,
323 407 360 441 p.
389 391 457 427 165
481 403 489 428 2
508 391 623 426 Iberis
641 396 717 423 tum
744 388 812 421 alia
833 385 1041 420 communia

15 463 98 491 sunt
116 467 198 490 cuin
214 453 341 495 Celtis,
357 450 578 491 Thracibus,
594 447 753 494 Scythis,
768 452 846 478 tum
862 441 1043 477 fortitudo

14 526 90 547 nou
98 524 153 547 vu
156 523 264 546 orum
275 507 593 553 modo‚sedetiam
604 505 733 540 mullei
735 515 818 537 um
831 502 857 538 l
860 502 1043 549 εωργουσιν

17 572 134 614 αὗται,
153 565 312 604 τεκοἺσαί
331 580 366 601 τε
390 565 584 600 διακονουσι
604 566 675 603 τοῖς
700 558 876 609 ἀνδράσιν,
899 555 1046 597 ἐκείνους

18 628 89 663 ἀνθ’
108 627 238 662 ἑαυτῶν
257 621 524 660 κατακλίνασαι·
541 619 574 656 ἔν
601 634 638 656 τε
655 619 722 660 τοῖς
747 616 854 667 ἔργοις
882 613 1047 655 πολλάκις

17 683 167 721 τίκτουσι
197 697 255 719 και
274 679 411 717 λούουσι
435 678 494 715 καὶ
525 690 792 727 σπαργανουσιν,
819 671 1048 710 ἀποκλίνασαι

17 740 100 811 πρός
121 755 152 776 τι
169 741 204 789 ῥε
191 741 311 789 ..ῖθρον.
329 735 389 774 Ἐν
418 736 453 772 δὲ
472 737 512 785 τῇ
533 735 722 783 Λιγυστικῇ
744 746 845 784 φησιν
874 732 891 766 ὃ
922 731 1047 767 Ποσει-

19 798 134 839 δώνιος
152 795 380 844 διηγήσασθαι
395 793 449 830 τὸν
467 792 587 836 ξένον“
574 793 686 842 εαυτῷ
701 789 929 840 Χαρμόλεων,
950 788 1048 824 Μασ-

19 854 191 900 σαλιώτην
223 853 352 903 ἄνδρα,
384 850 436 888 ὅτι
471 849 682 897 μισθώσαιτο
712 847 836 898 ἄνδρας
873 848 958 895 ὁμοῦ
990 860 1048 881 και

19 913 180 979 γυναῖκας
196 911 253 948 ἐπὶ
272 909 460 961 σκαφητὸν,
479 908 632 945 ὠδίνασα
656 905 691 943 δὲ
710 905 772 955 μία
791 907 858 941 τΓι>ν
880 904 1049 953 γυναικῶν

21 970 84 1005 ἀπε
72 969 160 1006 Ελθοι
180 968 247 1005 ἀπὸ
266 970 324 1005 τοῦ
344 966 445 1018 ἔργου
471 965 629 1011 πλησίον,
661 966 807 1000 τεκοῦσα
827 963 856 998 δ’
874 959 1050 998 ἐπανέλθοι

21 1028 77 1063 ἐπὶ
95 1031 236 1077 τοῦργον
263 1025 405 1070 αὐτίκα,
424 1023 514 1065 ὅπως
541 1021 589 1071 μὴ
622 1020 800 1058 ἀπολέσειε
829 1019 885 1056 τὸν
915 1018 1048 1066 μισθόν·

21 1084 120 1127 αυτὸς
149 1084 184 1121 δὲ
213 1083 380 1124 ἐπιπόνως
399 1080 477 1118 ἴδιον
498 1080 744 1131 ἐργαζομένην,
775 1079 836 1115 οὐκ
867 1076 963 1117 εἷδιιις
990 1074 1052 1119 τὴν

23 1141 136 1181 αἰτίαν
153 1141 317 1192 πρότερον
334 1139 394 1191 ὀψὲ
413 1138 514 1188 μαΟοι
534 1137 593 1175 καὶ
614 1136 734 1187 ἀφείη,
755 1136 828 1178 δοὺς
847 1134 902 1171 τὸν
922 1133 1050 1182 μισθόν·

22 1204 43 1247 ἡ
65 1201 92 1237 δ’
115 1198 330 1236 ἐκκομίσασα
349 1197 388 1234 τὸ
403 1197 523 1242 νήπιον
543 1195 626 1266 πρός
654 1211 686 1231 τι
717 1194 866 1245 κρηνίον,
897 1191 1051 1228 λούσασα

23 1274 81 1296 και
102 1271 385 1308 σπαργανι)σασα
403 1259 450 1298 οἷς
469 1258 539 1304 εἶχε
560 1253 707 1290 ’ὀιασώσῑ
713 1268 758 1289 ιεν
777 1251 906 1289 οἴκαδε

75 1317 239 1352 Eandem
257 1316 581 1350 hisloiiainnarrat
602 1312 790 1348 Diodoms
805 1313 868 1358 IV,
887 1323 953 1353 20,
972 1310 1050 1344 fon-

25 1383 97 1410 tem
117 1375 248 1410 celans.

503 1465 568 1506 54,

77 1582 210 1617 Strabo
222 1583 263 1623 V,
277 1593 316 1627 p.
338 1580 411 1615 218
431 1591 439 1616 :
461 1576 611 1627 Δευτέρα
622 1576 658 1614 δὲ
670 1575 820 1626 λεγέσθω
832 1579 852 1621 ἡ
866 1574 1054 1625 Αιγυστικὴ

25 1642 46 1684 ἠ
63 1639 98 1675 ἐν
115 1637 226 1679 αὐτοῖς
245 1642 312 1679 τοῖς
330 1635 531 1678 Ἀπεννίνοις
547 1635 660 1687 ὄρεσι,
677 1634 804 1683 μεταξὺ
821 1634 982 1684 ἱδρυμένη
999 1636 1057 1678 τ’ἧς

25 1699 81 1732 νῦν
114 1695 291 1746 λεχθείσης
330 1696 499 1740 Κελτικῆς
535 1694 594 1731 καὶ
624 1697 685 1739 τῆς
721 1691 932 1744 Τυρρηνίας,
962 1691 1057 1728 οὐδὲν

25 1753 154 1803 ἔχουσα
174 1752 410 1804 περιηγήσεως
438 1752 540 1798 ἄξιον,
569 1752 658 1797 πλὴν
686 1751 737 1788 ὅτι
763 1751 923 1800 κωμηδον
953 1752 1056 1799 ζῶσι,

25 1816 189 1870 τραχεῖαν
210 1826 273 1861 γην
295 1812 451 1862 ἀρουντες
471 1825 529 1846 και
549 1810 774 1854 σκάπτοντες,
794 1808 958 1857 μᾶλλον
941 1807 976 1844 05
994 1810 1057 1844 λα-

25 1882 224 1917 τομουντες,
240 1867 284 1910 ὥς
302 1883 384 1919 φησι
407 1867 646 1908 Ποσειδώνιος.

79 1927 269 1962 Posidonii
289 1927 401 1962 velba
421 1927 557 1973 premit
585 1926 773 1961 Diodorus
804 1928 846 1968 V,
882 1938 930 1971 ας)
957 1923 1058 1967 :Ti-,v

26 1985 90 2032 γ’ῆν
111 1983 330 2034 ἐργαζόμενοι
362 1982 399 2019 τὸ
418 1984 535 2019 πλεῖον
555 1983 680 2032 πέτρας
700 1983 887 2030 λατομοῦσι
917 1980 972 2019 διὰ
998 1980 1059 2025 τὴν

29 2041 222 2092 ὑπερὸολῆν
243 2043 300 2086 τῆς
320 2039 545 2091 τραχύτητος.

512 2207 570 2239 53.

68 2272 218 2303 vMulieres
233 2271 398 2303 lberorum
411 2280 501 2312 agros
517 2273 644 2311 colunt,
658 2273 689 2303 et
702 2281 802 2312 quum
824 2280 971 2312 peperere
984 2297 991 2311 ,
1006 2281 1063 2303 suo

33 2322 103 2354 loco
126 2323 209 2354 viros
224 2323 553 2362 decumberejubent‚
571 2324 670 2363 iisque
686 2323 865 2355 ministrant
885 2333 892 2354 ι
917 2324 1061 2363 interque

31 2374 225 2414 operandum
241 2383 457 2414 saepenumero
476 2376 622 2415 pariunt,
645 2377 677 2407 et
698 2376 831 2407 infantes
844 2376 952 2407 lavant
971 2378 1003 2407 et
1018 2377 1061 2406 in-

3 2425 6 2427 ’
33 2426 168 2457 volvunt
179 2425 220 2456 ad
234 2427 363 2457 alveum
384 2427 516 2466 alicujus
537 2427 638 2458 amnis
651 2427 853 2458 acclinantes.
875 2427 1061 2458 Posidonius

30 2478 186 2518 scriptum
207 2479 351 2518 reliquit,
367 2479 426 2510 sibi
441 2479 473 2509 in
492 2479 616 2518 Liguria
632 2479 786 2518 hospitem
803 2487 897 2510 suum
914 2479 1063 2511 Charmo-

34 2528 120 2559 laum
133 2537 276 2560 narrasse
286 2530 511 2561 Massiliensem
527 2542 534 2561 :
550 2530 645 2561 fuisse
666 2538 684 2561 a
702 2539 735 2561 se
748 2530 786 2560 ad
804 2530 970 2561 fossionem
991 2539 1062 2561 con-

2 2625 4 2627 ·
32 2580 144 2612 ductos
154 2581 238 2612 viros
247 2581 341 2613 simul
351 2583 382 2613 et
393 2582 561 2621 mulieres;
575 2582 656 2613 inter
666 2582 722 2614 lias
732 2582 889 2622 quandam
902 2582 1064 2614 doloribus

33 2632 142 2671 partus
155 2634 333 2672 correptam
351 2641 414 2663 non
428 2633 520 2673 longe
533 2633 573 2664 ab
586 2642 679 2673 opere
693 2634 861 2673 digressam
871 2658 879 2673 ,
894 2634 977 2665 edito
989 2634 1063 2665 foetu

33 2682 73 2713 ad
87 2692 164 2722 opus
177 2683 320 2723 rediisse,
336 2693 376 2716 ne
391 2685 566 2716 mercedem
580 2686 738 2717 amitteret
754 2699 760 2717 :
777 2695 874 2726 quam
887 2686 951 2726 ipse
965 2695 1063 2726 quum

34 2733 156 2765 videret
169 2743 250 2774 aegre
263 2744 342 2775 opus
355 2735 456 2767 facere
465 2759 474 2774 ,
487 2736 653 2776 primoque
665 2745 793 2768 causam
807 2737 982 2776 ignoraret,
999 2739 1066 2767 tan·

35 2783 107 2815 dem
121 2793 154 2816 re
167 2785 292 2825 cognita
307 2786 452 2817 mercede
465 2786 539 2817 data
552 2787 705 2818 dimiserit
721 2800 727 2818 :
749 2788 915 2819 mulierem
939 2788 977 2818 ad
998 2788 1066 2818 son-

36 2835 171 2868 ticulum
187 2837 345 2877 quendam
362 2838 510 2870 extulisse
526 2839 696 2878 infantem,
716 2839 882 2879 lotumque
903 2841 934 2871 et
952 2841 1066 2879 quibus

37 2886 176 2919 hahebat
188 2889 299 2928 pannis
312 2889 490 2921 involutum
501 2914 510 2929 ‚
524 2890 714 2922 incolumem
728 2890 857 2921 domum
871 2891 1044 2930 pertulisse.

521 2950 578 2982 54.

81 3008 227 3040 Secunda
245 3018 317 3049 pars
335 3010 508 3050 explicetur
532 3011 655 3050 Liguria
678 3010 798 3050 [qroece
823 3011 1006 3051 Ligystice]‚
1036 3012 1066 3042 in

38 3061 111 3100 ipsis
127 3060 296 3099 Apenninis
308 3062 470 3093 montibus
484 3062 565 3093 inter
579 3061 712 3093 Galliam
729 3070 814 3092 nunc
828 3061 944 3093 dietam
961 3062 1021 3093 sita
1036 3065 1068 3093 ct

39 3110 196 3143 Etruriam
214 3124 221 3141 :
239 3120 311 3150 quoe
324 3112 402 3143 nihil
419 3113 521 3144 relatu
543 3112 673 3152 dignum
698 3113 810 3151 habet,
828 3112 886 3144 nisi
905 3112 989 3152 quod
1013 3121 1067 3151 pcr

39 3171 133 3202 pagos
146 3162 285 3202 dissipati
302 3163 414 3195 vivunt
431 3164 559 3204 Ligures
571 3186 579 3200 ,
598 3172 740 3203 asperam
755 3165 871 3194 terrain
890 3164 1015 3194 arantes
1031 3173 1067 3194 ac

40 3213 207 3252 fodientes,
221 3215 276 3245 aut
290 3215 392 3253 potius
405 3223 478 3246 saxa
491 3215 665 3252 exedentes,
680 3216 715 3245 ut
731 3215 774 3245 ait
791 3214 984 3245 Posidonius.

519 3270 578 3300 55.

80 3323 116 3352 ln
140 3321 204 3360 ipso
238 3321 348 3352 intimo
379 3322 463 3352 sinus
490 3322 639 3353 Adriatici
666 3330 786 3353 recessu
807 3323 973 3352 Timavum
1004 3324 1066 3360 cst,

2055 170 2125 200 255

1586 273 1630 307 55

1163 366 1262 401 idem
1296 369 1336 406 Y,
1371 379 1407 412 p.
1447 365 1518 399 ¹113
1555 378 1561 399 t
1593 364 1654 400 'itu
1688 365 1781 414 αὐτῷ
1805 363 1837 399 δὲ
1863 364 1911 413 τῷ
1947 364 2046 412 μυχῷ
2076 365 2134 398 τοῦ

1109 423 1238 473 Ἀδρίου
1260 422 1318 458 καὶ
1336 423 1424 471 ἱερὸν
1453 425 1510 458 τοῦ
1541 422 1728 469 Διομήδους
1754 422 1844 458 ἐστὶν
1863 420 1952 464 ἄξιον
1974 421 2109 469 μνήμης
2124 450 2134 466 ,

1106 481 1144 518 τὸ
1163 481 1333 529 Τι’μαυον·
1353 479 1473 527 λιμένα
1494 478 1559 528 γὰρ
1586 479 1657 528 ἔχει
1686 480 1744 515 καὶ
1765 480 1865 521 ἄλσος
1893 479 2057 529 ἐκπρεπὲς
2078 480 2136 515 καὶ

1108 538 1220 589 πηγὰς
1241 536 1329 574 ἑπτὰ
1358 535 1529 585 ποταμίου
1549 535 1667 578 ὕδατος
1689 536 1783 578 εὐθὺς
1805 538 1849 578 εἰς
1877 536 1938 581 τὴν
1959 537 2136 573 Θάλασσαν

1109 595 1350 639 ἐκπίπτοντος,
1382 596 1506 630 πλατεῖ
1535 594 1592 630 καὶ
1624 594 1720 643 βαθεῖ
1758 594 1918 644 ποταμῷ.
1969 594 2137 636 Πολύῧιος

1110 654 1138 691 δ’
1166 653 1280 704 εἴρηκε
1312 651 1404 697 πλὴν
1435 656 1514 700 μιᾶς
1533 650 1592 693 τὰς
1616 652 1721 692 ἄλλοις
1747 651 1899 703 ἁλμυροῦ
1919 652 2057 696 ὕδατος,
2080 653 2137 688 καὶ

1110 711 1151 757 δὴ
1168 709 1313 752 καὶτοὺς
1329 709 1531 759 ἐπιχωρίους
1541 707 1653 757 πηγὴν
1670 708 1728 744 καὶ
1744 708 1875 758 μητέρα
1892 712 1949 755 τῆς
1967 710 2138 754 θαλάττης

1110 769 1286 818 ὀνομάζειν
1306 767 1363 804 τὸν
1382 767 1498 804 τόπον.
1521 765 1746 808 Ποσειδώνιος
1763 766 1796 802 δέ
1814 782 1895 817 φησι
1913 767 2067 816 ποταμὸν
2084 768 2140 803 τὸν

1110 827 1265 876 Τίμαυον
1297 827 1334 862 ἐκ
1361 827 1426 862 τῶν
1447 826 1533 876 ὀρῶν
1562 823 1745 875 φερόμενον
1765 825 1990 861 καταπίπτειν
2018 827 2062 868 εἷς
2084 826 2140 875 [έ-

1113 889 1240 936 ρεθρον,
1276 877 1334 919 εἷθ’
1368 882 1434 919 ὑπὸ
1471 885 1532 931 γῆς
1575 881 1753 932 ἐνεχθέντα
1801 883 1878 931 περὶ
1927 883 2045 919 ἑκατὸν
2084 883 2141 919 καὶ

1111 943 1295 994 τριάκοντα
1336 941 1490 982 σταδίους
1529 940 1583 976 ἐπὶ
1618 943 1659 990 τῇ
1702 939 1854 988 Θαλάττῃ
1895 939 1955 983 τὴν
1996 940 2141 985 ἐκὸολὴν

1113 1002 1295 1039 ποιεῖσθαι.

1604 1085 1662 1121 56.

1168 1177 1362 1212 Athenaeus
1393 1175 1467 1216 IX,
1496 1186 1535 1220 p.
1573 1178 1641 1215 401
1658 1199 1667 1214 ,
1701 1173 1731 1205 A
1756 1182 1764 1207 ξ
1790 1168 1960 1211 Πολύδιος
1986 1170 2013 1204 δ’
2040 1170 2073 1205 ἐν
2105 1173 2145 1219 τῆ

1116 1233 1289 1283 δωδεκάτη
1310 1235 1376 1269 τών
1402 1231 1574 1280 Ἱστοριιιὶν
1593 1227 1764 1279 γίγνεσθαί
1794 1242 1876 1278 φησι
1894 1226 2080 1276 παρόμοιον
2100 1230 2148 1264 τΓ)

1115 1293 1208 1328 λα““
1162 1308 1211 1343 γιι)
1229 1294 1329 1342 ζῶον,
1347 1290 1403 1327 τὸν
1421 1287 1558 1326 κούνικ)
1562 1303 1597 1324 ον
1618 1285 1841 1334 καλούμενον,
1859 1284 1924 1335 γροῖ
1928 1300 1998 1336 ρων
2028 1285 2148 1327 ούτ(ι)ς·

1118 1369 1131 1383 ι
1151 1350 1225 1387 Ο
1209 1358 1243 1386 οῖ
1259 1349 1432 1390 κούνικλος
1449 1345 1673 1395 καλούμενος,
1689 1344 1841 1395 πορρωθε
1845 1358 1862 1380 ν
1884 1342 1944 1391 μὲν
1961 1343 2148 1394 ὁρώμενος,

1116 1412 1202 1444 εἰναι
1221 1409 1312 1444 οοκει
1338 1408 1394 1442 λα
1386 1421 1452 1454 (ως
1483 1402 1619 1454 μικρός·
1637 1401 1716 1439 ὅταν
1739 1401 1766 1438 δ’
1784 1403 1829 1444 εἷς
1849 1400 1909 1444 τὰς
1924 1406 2040 1453 χεῖρας
2058 1401 2149 1450 λάοῃ

1117 1481 1182 1511 τις,
1201 1465 1354 1514 μεγάλην
1375 1463 1445 1514 ἔχει
1468 1460 1645 1512 διαφορὰν,
1672 1460 1730 1497 καὶ
1750 1459 1839 1496 κατὰ
1866 1459 1927 1505 τὴν
1952 1459 2151 1510 ἐπιφάνειαν

1118 1524 1176 1560 καὶ
1192 1524 1280 1561 κατὰ
1301 1522 1360 1568 τὴν
1388 1524 1525 1573 βρῶσιν.
1543 1520 1678 1558 Γίνεται
1695 1517 1730 1555 δὲ
1748 1518 1785 1555 τὸ
1806 1519 1921 1555 πλεῖον
1939 1517 2028 1554 κατὰ
2043 1521 2116 1567 γῆς.
2137 1536 2150 1550 υ

1121 1579 1336 1629 Μνημονεύει
1362 1578 1396 1615 δὲ
1423 1579 1536 1614 αὐτῶν
1561 1577 1619 1613 καὶ
1641 1575 1867 1618 Ποσειδώνιος
1889 1578 1907 1612 ὃ
1923 1576 2102 1627 φιλόσοφος
2119 1577 2151 1612 ἐν

1119 1643 1160 1688 τῇ
1175 1637 1338 1688 Ἱστορίᾳ.
1355 1641 1409 1673 De
1431 1638 1587 1673 Com'icoe
1607 1637 1731 1670 insulae
1752 1636 1930 1670 cuniculis
1948 1641 2078 1670 contra
2089 1636 2151 1669 Ti-

1120 1711 1251 1733 maeum
1270 1698 1432 1744 disputat
1451 1696 1625 1742 Polybius
1643 1695 1737 1738 XII,
1765 1694 1798 1729 3.

1609 1781 1668 1825 57.

1173 1866 1367 1899 Athenaeus
1381 1864 1437 1905 Il,
1455 1874 1491 1908 p.
1512 1866 1558 1902 [ιο
1571 1888 1580 1903 ,
1598 1861 1624 1895 F
1645 1873 1651 1894 z
1669 1860 1721 1896 Οὐ
1743 1859 1793 1894 δεῖ
1809 1858 1842 1895 δὲ
1863 1858 2051 1908 προπίνειν,
2066 1855 2154 1894 καθὰ

1121 1935 1196 1962 τους
1215 1918 1421 1970 Καραάνους
1440 1916 1524 1967 φησὶ
1544 1915 1784 1958 Ποσειδώνιος·
1802 1915 1937 1957 τούτους
1954 1915 2072 1988 γὰρ,
2059 1917 2154 1952 σιλο-

1123 1978 1391 2029 φρονουμένους-
1377 1991 1409 2013 5v
1423 1976 1490 2017 τοῖς
1501 1974 1720 2023 συμποσίοις,
1734 1973 1792 2010 λύε
1798 1990 1824 2010 ιν
1842 1973 1902 2016 τὰς
1916 1975 1971 2010 ἐπι
1985 1976 2033 2010 τΓι)
2048 1989 2152 2025 προσ-

1123 2035 1207 2085 ιίιιπι)
1237 2036 1297 2084 qne
1286 2033 1384 2080 ‘602<,
1408 2048 1467 2069 και
1487 2048 1524 2069 το
1549 2030 1737 2082 καταρρέον
1768 2035 1855 2081 αἱμα
1887 2031 2067 2081 μιγνύντας
2101 2033 2150 2067 τΓι»

1123 2092 1264 2128 πώματι
1303 2106 1432 2142 προσρε
1419 2091 1571 2141 ἔρεσθαι,
1605 2089 1697 2131 τέλος
1736 2089 1848 2140 φιλίας
1887 2088 2083 2137 νομίζοντας
2118 2089 2156 2125 τὸ

1126 2203 1287 2234 Diomedis
1311 2203 1465 2242 templum
1483 2201 1704 2239 memorabile3
1736 2201 1829 2231 habet
1856 2201 1939 2231 enim
1958 2203 2103 2240 portum,
2125 2202 2157 2230 ct

1125 2253 1323 2294 splendidum
1341 2254 1466 2291 lucum,
1489 2254 1519 2284 et
1544 2254 1663 2292 septem
1680 2252 1813 2282 fluvialis
1838 2260 1930 2290 aquae
1957 2252 2073 2288 fontes,
2101 2252 2155 2290 qui

1124 2314 1186 2336 uno
1199 2314 1300 2344 eoque
1313 2305 1377 2336 lato
1393 2313 1429 2335 ac
1443 2304 1599 2343 profundo
1613 2303 1704 2334 alveo
1719 2302 1824 2333 statim
1838 2302 1870 2332 in
1891 2311 1976 2333 marc
1989 2302 2155 2333 effundun-

1122 2359 1185 2388 tur.
1231 2356 1379 2395 Polybius
1393 2357 1501 2386 contra
1514 2354 1650 2385 affirmat
1662 2362 1772 2384 omnes
1785 2363 1848 2384 uno
1862 2354 1994 2393 excepto
2010 2361 2076 2384 esse
2090 2353 2152 2383 sal-

1122 2416 1190 2446 sos,
1208 2408 1239 2438 et
1264 2408 1428 2446 propterea
1451 2406 1570 2436 incolas
1590 2405 1675 2435 hunc
1692 2405 1796 2435 locum
1819 2405 1938 2435 sontem
1958 2406 2155 2443 matremque

1123 2459 1218 2490 maris
1233 2458 1400 2497 appellare.
1420 2456 1604 2488 Posidonius
1628 2465 1704 2486 vero
1725 2456 1823 2486 tradit
1845 2455 1963 2486 flumen
1987 2455 2155 2486 Timavum

1123 2518 1140 2540 e
1154 2509 1312 2540 montibus
1330 2509 1470 2539 delatum
1495 2507 1644 2546 voragine
1670 2508 1764 2537 terrae
1788 2506 1967 2545 absorberi,
1992 2506 2051 2537 suh
2072 2515 2133 2545 qua
2148 2530 2156 2544 ‚

1124 2561 1177 2592 ubi
1199 2570 1253 2600 per
1269 2562 1395 2592 centum
1412 2564 1442 2590 ct
1458 2560 1587 2598 triginta
1607 2558 1707 2590 stadia
1720 2558 1912 2596 decurrerit,
1928 2568 2000 2590 eum
2025 2559 2055 2589 in
2070 2567 2157 2590 mare

1123 2613 1180 2644 sibi
1197 2613 1314 2645 ostium
1330 2620 1448 2652 parare.

1610 2665 1668 2697 56.

1166 2730 1314 2770 Polybius
1328 2729 1516 2760 duodecimo
1531 2729 1611 2760 libro
1626 2729 1835 2760 Historiarum
1853 2737 1918 2759 esse
1933 2728 1977 2759 ait
1993 2728 2094 2758 simile
2108 2728 2154 2758 le-

1125 2781 1192 2820 pori
1214 2781 1329 2812 animal
1352 2772 1437 2820 quod
1459 2780 1642 2811 cuniculum
1667 2781 1794 2810 vocant.
1814 2781 1859 2810 De
1874 2788 1937 2818 quo
1959 2779 2002 2810 ita
2023 2779 2152 2810 scribit:

1127 2847 1141 2859 «
1162 2833 1336 2864 Cuniculus
1348 2833 1402 2873 qui
1420 2834 1563 2871 vocatur,
1578 2832 1688 2872 procul
1712 2831 1908 2862 intuentibus
1926 2840 2042 2870 parvus
2067 2832 2156 2870 lepus

1125 2895 1191 2916 esse
1206 2886 1333 2916 videtur
1349 2898 1356 2916 ι
1372 2885 1425 2916 uhi
1439 2894 1515 2915 vero
1531 2885 1563 2915 in
1583 2892 1713 2915 manum
1729 2884 1903 2923 acceperis,
1921 2884 2057 2914 multum
2082 2891 2157 2914 sanc

1125 2936 1298 2975 discrepat,
1312 2937 1382 2967 tum
1399 2936 1501 2975 specie
1514 2937 1582 2966 tum
1600 2935 1631 2966 in
1647 2935 1730 2966 cibo.
1748 2935 1833 2966 Vivit
1846 2936 1952 2965 autem
1972 2935 2157 2974 plerumque

1126 2986 1186 3016 sub
1205 2987 1299 3016 terra.
1320 2998 1335 3012 u
1354 2985 1498 3017 Meminit
1513 2985 1628 3016 horum
1644 2986 1739 3016 etiam
1759 2975 1943 3016 Posidonius
1958 2985 1990 3015 in
2010 2984 2155 3015 Historia.

1612 3053 1668 3084 57.

1168 3118 1232 3147 Nec
1246 3125 1319 3147 vcro
1332 3116 1375 3147 ita
1389 3116 1619 3156 propinandum
1633 3117 1680 3147 est
1690 3141 1698 3154 ‚
1713 3117 1748 3146 ut
1763 3117 1934 3147 Carmanos
1951 3115 2051 3145 facere
2067 3115 2150 3145 Posi·

1127 3167 1240 3198 donius
1252 3168 1315 3198 ait:
1333 3167 1362 3198 lii
1380 3168 1462 3199 enim
1474 3191 1482 3206 ,
1504 3168 1534 3198 in
1553 3167 1705 3198 conviviis
1722 3168 1841 3197 mutuae
1855 3165 2082 3196 benevolentiae
2100 3165 2153 3194 «lua

1127 3219 1312 3249 cumentum
1335 3219 1392 3249 sibi
1413 3218 1547 3249 invicem
1565 3218 1688 3257 (laturi,
1713 3218 1805 3249 sectis
1825 3217 1855 3247 in
1878 3217 1978 3247 fronte
1997 3217 2082 3246 venis
2099 3215 2153 3245 dc—

1129 3270 1276 3301 fluentem
1294 3271 1474 3310 sanguinem
1490 3271 1576 3310 potui
1600 3270 1750 3308 miscent,
1778 3269 1969 3307 bibuntque;
1994 3276 2152 3297 summum

1129 3322 1187 3352 hoc
1200 3323 1229 3352 et
1244 3323 1421 3353 extremum
1434 3322 1463 3352 in
1478 3321 1616 3352 amicitia
1629 3322 1862 3357 existiiiiaiitrs,
1875 3321 1898 3351 si
1913 3328 2004 3349 suum
2020 3318 2151 3348 invios-m

2019 3393 2062 3413 1³5.
