2289 3728
971 148 1293 186 FRAGMENTA.

96 237 300 287 Δοίριδνα,
325 235 420 276 πόλις
444 233 703 284 Παφλαγονίας,
726 235 770 275 ὡς
800 232 1010 282 Ἀλέξανδρος
1033 234 1066 268 ἐν

43 297 91 345 τῷ
109 294 184 345 περὶ
203 295 317 338 αὐτῆς.

364 389 480 425 ΠΕΡΙ
511 388 749 424 ΦΡΥΓΙΑΣ.

344 495 371 527 Ε
402 493 548 527 LIBRO
578 492 765 527 TERTIO.

490 592 624 636 45-47.

100 687 199 721 ldem
226 699 232 719 :
257 683 405 731 Ἀκμόν
420 697 479 730 ια,
499 682 595 723 πόλις
620 680 776 732 Φρυγίας
793 681 837 722 ὡς
859 680 926 718 Ἀλ.
954 683 970 717 ὃ
993 681 1065 717 Πο-

45 741 191 792 λυΐστωρ
220 743 253 777 ἐν
280 740 384 790 τρίτῳ
419 739 503 790 Περὶ
531 738 699 788 Φρυγίας.
741 738 866 775 Κτίσαι
898 739 926 774 δ’
964 737 1069 783 αὐτὴν

44 798 195 846 Ἄκμονα
215 797 271 834 τὸν
294 797 450 838 Μανέως,

97 859 217 906 Φαρν
230 870 250 890 α
264 854 331 890 κία
344 883 353 899 ,
370 853 468 904 χώρα
489 853 547 890 καὶ
563 852 659 895 πόλις
677 852 875 898 Ποντικὴ...
892 851 995 890 Ἔστι
1015 851 1072 888 καὶ

44 913 198 965 Φρυγίας
219 912 431 962 Φαρνάκιον,
445 914 489 953 ὡς
503 911 573 950 Ἀλ.
595 910 683 961 Περὶ
701 911 857 960 Φρυγίας
874 910 991 961 τρίτῳ.

98 972 278 1016 Γάλλος,
293 969 445 1017 ποταμὸς
469 967 639 1019 Φρυγίας.
658 970 703 1006 Οἱ
722 968 887 1019 περίοικοι
902 967 991 1004 κατὰ
1012 966 1073 1016 μὲν

44 1029 211 1078 Τιμόθεον
230 1028 537 1076 Ποταμογαλλῖται
552 1055 561 1072 ,
583 1026 672 1062 κατὰ
693 1026 727 1062 δὲ
751 1025 975 1076 Προμαθίδαν
999 1027 1074 1062 llo-

43 1085 322 1136 ταμογαλληνοὶ,
349 1084 404 1126 οὒς
432 1084 657 1134 παρατίθεται
684 1086 702 1120 ὃ
730 1080 936 1133 Πολυίστωρ
960 1083 994 1118 ἐν
1023 1084 1070 1132 τῷ

48 1143 135 1194 Περὶ
151 1142 310 1192 Φρυγίας
321 1141 435 1193 τρίτῳ·
453 1141 510 1178 καὶ
528 1139 577 1177 ὅτι
593 1140 651 1177 τὸν
669 1141 802 1178 Γάλλον
820 1140 877 1176 καὶ
891 1139 946 1176 τὸν
961 1138 1074 1177 Ἄττιν

45 1200 218 1251 ἀποκόψαι
242 1198 285 1236 τὰ
314 1200 451 1248 αἰδοῖα,
480 1198 537 1235 καὶ
562 1197 620 1235 τὸν
646 1198 708 1247 μὲν
735 1197 868 1235 Γάλλον
892 1199 997 1234 ἐλθεῖν
1018 1196 1074 1233 ἐπὶ

44 1259 100 1294 τὸν
118 1258 236 1308 Τύραν
262 1256 417 1306 ποταμὸν
431 1257 489 1293 καὶ
505 1258 642 1302 οἰκῆσαι
658 1256 717 1292 καὶ
732 1255 787 1292 τὸν
802 1254 959 1304 ποταμὸν
980 1254 1071 1293 Γάλ-

45 1316 102 1352 λον
121 1317 281 1352 καλέσαι·
298 1313 365 1350 ἀπὸ
382 1313 586 1364 ἐκείνουγὰρ
605 1316 651 1364 (l.
670 1313 744 1364 καὶ)
760 1312 835 1355 τοὺς
851 1312 1074 1362 τεμνομένους

49 1372 89 1410 τὰ
110 1374 221 1410 αἰδοῖα
242 1372 395 1414 Γάλλους
414 1372 570 1409 καλοῦσι.

528 1475 590 1518 48.

98 1576 313 1609 Plutarchus
332 1577 386 1610 De
407 1573 495 1611 fluv.
514 1587 547 1610 c.
572 1587 639 1618 10,
667 1587 681 1608 1
707 1586 714 1607 :
736 1571 905 1623 Μαρσύας
925 1569 1077 1618 ποταμός

48 1633 119 1668 ἐστι
136 1634 195 1676 τῆς
212 1631 389 1682 Φρυγίας,
412 1629 501 1667 κατὰ
518 1630 616 1666 πόλιν
641 1629 812 1671 Κελαινὰς
828 1628 998 1676 κείμενος·
1019 1643 1078 1664 κα-

47 1689 247 1740 τηγορεύετο
263 1688 296 1726 δὲ
314 1689 478 1740 πρότερον
494 1687 588 1737 πηγὴ
610 1686 721 1725 Μίδου
734 1716 744 1736 ,
766 1688 809 1723 δι’
826 1686 939 1722 αἰτίαν
961 1683 1076 1722 τοιαύ-

47 1762 124 1793 την·
140 1748 261 1792 Μίδας,
279 1745 436 1797 βασιλεὺς
451 1747 614 1796 Φρυγῶν,
629 1744 811 1795 ἐρχόμενος
827 1744 870 1779 τὰ
884 1742 1077 1794 ἐρημότερα

46 1809 106 1850 τῆς
131 1805 263 1855 χώρας,
283 1804 341 1840 καὶ
362 1803 501 1855 ἀνυδρίαι
522 1802 762 1853 συνεχόμενος,
779 1801 892 1852 ἥψατο
913 1803 974 1846 τῆς
993 1803 1074 1849 γῆς,

47 1863 106 1900 καὶ
131 1866 261 1913 χρυσῆν
283 1861 430 1898 ἀνέδωκε
450 1860 582 1911 πηγὴν,
602 1863 661 1897 τοῦ
683 1859 803 1901 ὕδατος
830 1862 957 1909 χρυσοῦ
984 1872 1078 1907 γενο-

48 1921 149 1970 μένου
162 1936 169 1943 ·
190 1920 249 1957 καὶ
266 1919 425 1970 ὒπόδιψος
443 1917 504 1968 ὢν,
526 1918 584 1955 καὶ
605 1920 672 1955 τῶν
695 1915 980 1965 ὑποτεταγμένων
1000 1917 1075 1952 θλι-

51 1976 223 2026 ὅομένων,
241 1976 472 2012 ἀνεκαλέσατο
488 1976 544 2011 τὸν
562 1974 739 2012 Διόνυσον.
756 1974 939 2021 Γενόμενος
956 1974 984 2008 δ’
1002 1971 1078 2017 ἐπή-

2080 151 2153 182 233

1129 245 1203 272 κοος
1223 233 1239 267 ὃ
1260 231 1349 275 θεὸς,
1380 231 1518 281 δαψιλὲς
1547 231 1636 281 ὕδωρ
1661 230 1824 271 ἀνέτειλε,
1858 228 2093 281 Κορεσθέντων
2119 228 2153 264 δὲ

1131 290 1195 323 τῶν
1226 290 1391 337 (Ι)ρυγῶν,
1415 288 1525 329 Μίδας
1551 288 1607 324 τὸν
1633 290 1670 324 ἐκ
1697 291 1756 333 τῆς
1771 287 1896 338 κρήνης
1922 286 2154 337 καταρρέοντα

1132 344 1285 392 ποταμὸν
1303 344 1412 381 Μίδου
1428 345 1541 394 πηγὴν
1557 345 1711 381 ἐκάλεσε.
1733 345 1991 393 Μετωνομάσθη
2007 344 2041 380 δὲ
2060 345 2156 394 Μαρ-

1134 403 1215 443 σύας
1245 402 1300 437 διὰ
1319 401 1479 446 τοιαύτην
1501 403 1625 440 αἰτίαν.
1647 402 1851 447 Νικηθέντος
1872 402 1928 438 ὑπ’
1948 401 2158 442 ’Λπόλλωνος

1133 457 1300 509 Μαρσύου
1325 458 1383 494 καὶ
1414 459 1632 508 ἐκδαρέντος,
1657 461 1694 496 ἐκ
1719 463 1777 496 τοῦ
1803 460 1983 510 ῥεύσαντος
2014 457 2158 507 αἵματος

1133 515 1360 566 ἐγεννήθησαν
1379 514 1528 566 Σάτυροί
1542 531 1577 551 τε
1598 515 1656 551 καὶ
1672 516 1825 565 ποταμὸς
1839 515 2016 565 ὁμώνυμος
2030 545 2040 564 ,
2060 517 2158 565 Μαρ-

1133 573 1214 615 σύας
1235 572 1443 620 καλούμενος
1455 587 1462 594 ·
1476 573 1585 613 καθὼς
1599 574 1726 622 ἱστορεῖ
1741 573 1952 623 Ἀλέξανδρος
1972 571 2157 623 Κορνήλιος

1133 633 1166 667 ἐν
1188 631 1218 680 γ’
1237 632 1464 681 Φρυγιακῶν.

1412 725 1439 758 E
1470 724 1624 758 LIBRIS
1653 724 1881 758 INCERTIS.

1582 814 1673 861 49-{3
1684 827 1696 848 1
1709 843 1716 850 .

1189 909 1314 955 Stcph.
1336 910 1363 942 Β
1387 921 1394 941 :
1417 905 1456 943 Ἄ
1472 904 1556 954 oea
1570 920 1655 951 σον,
1677 904 1886 953 μητρόπολις
1911 906 1976 940 τῶν
1997 907 2159 955 Φρυγῶν,

1141 965 1185 1003 Ὁ
1203 963 1346 1010 πολίτης
1365 964 1600 1013 'Aegaeis-qq,
1633 965 1677 1005 ὡς
1700 959 1903 1013 Πολυΐστωρ
1932 963 2160 1012 Ἀλέξανδρος.

1188 1022 1489 1072 Μητρόπολις,
1515 1020 1612 1062 πόλις
1639 1019 1818 1070 Φρυγίας,
1848 1020 1916 1055 ἀπὸ
1947 1023 2006 1064 τῆς
2038 1021 2164 1069 μητρὸς

1135 1081 1201 1116 τῶν
1216 1081 1298 1116 θεῶν
1309 1079 1509 1124 οἰκισθεῖσα,
1521 1079 1565 1120 ὡς
1578 1078 1647 1115 Ἀλ.
1662 1079 1696 1114 ἐν
1713 1080 1761 1128 τῷ
1775 1076 1861 1128 Περὶ
1877 1077 2045 1129 Φρυγίας.
2061 1073 2164 1114 'liora

1135 1136 1193 1172 καὶ
1215 1136 1302 1180 ἄλλη
1322 1134 1492 1185 Φρυγίας.

1189 1192 1444 1240 Μανήσιον,
1483 1186 1584 1234 πόλις
1621 1191 1797 1242 Φρυγίας·
1832 1191 2065 1242 Ἀλέξανδρος·
2099 1192 2166 1228 ἀπὸ

1137 1250 1258 1289 Μάνου
1275 1282 1283 1296 ,
1305 1249 1435 1301 σφόδρα
1456 1250 1600 1301 εὐπόρου
1617 1251 1768 1286 κτίστου.

1189 1311 1225 1346 Μ
1240 1309 1436 1352 άνταλος,
1457 1308 1554 1349 πόλις
1571 1307 1746 1358 Φρυγίας,
1761 1309 1806 1348 ὡς
1822 1309 1838 1343 ὁ
1854 1304 2057 1358 Πολυΐστωρ
2076 1306 2165 1344 Ἀλέ-

1140 1366 1297 1416 ξανδρος,
1319 1365 1387 1402 ἀπὸ
1408 1364 1593 1403 Μαντοίλου
1614 1364 1751 1402 κτίστου
1768 1366 1886 1410 αὐτῆς.

1626 1457 1686 1494 52.

1191 1552 1379 1586 Plutarch.
1397 1553 1451 1586 De
1468 1564 1561 1588 mus.
1584 1564 1616 1588 c.
1640 1550 1659 1585 5
1681 1563 1719 1596 p.
1744 1563 1756 1584 1
1770 1550 1838 1584 132
1853 1579 1861 1595 ,
1882 1551 1908 1585 F
1927 1563 1934 1584 :
1955 1547 2168 1598 Ἀλέξανδρος

1140 1608 1172 1645 δ’
1197 1610 1230 1644 ἐν
1261 1611 1303 1658 τῇ
1337 1610 1528 1656 Συναγωγῇ
1561 1609 1628 1643 τῶν
1658 1607 1744 1653 Περὶ
1775 1606 1952 1657 Φρυγίας,
1987 1605 2164 1656 κρούματα

1141 1664 1325 1713 Ὄλυμπον
1343 1664 1405 1716 ἔφη
1427 1667 1562 1714 πρῶτον
1581 1666 1626 1705 εἷς
1640 1663 1715 1705 τοὺς
1735 1663 1912 1709 Ἵίλληνας
1937 1663 2099 1711 κομίσαι,
2123 1663 2169 1699 ἔτι

1140 1722 1173 1758 δὲ
1202 1722 1260 1759 καὶ
1283 1721 1360 1763 τοὺς
1389 1722 1535 1763 Ἰδαίους
1561 1721 1768 1762 Δακτύλους.
1791 1720 1939 1770 ”1”αγνιν
1968 1718 2002 1757 δὲ
2030 1722 2165 1770 πρῶτον

1141 1781 1310 1825 αὐλῆσαι,
1324 1774 1396 1816 εἶτα
1407 1779 1462 1816 τὸν
1476 1778 1595 1816 τούτου
1610 1778 1679 1815 υἱὸν
1693 1779 1875 1828 Μαρσύαν,
1888 1773 1947 1815 εἶτ’
1963 1777 2148 1825 ’Όλυμπον
2159 1806 2170 1826 ,

1141 1836 1349 1881 ἐζηλωκέναι
1369 1836 1403 1873 δὲ
1429 1835 1485 1874 τὸν
1512 1836 1734 1888 Τέρπανδρον
1761 1835 1919 1886 εΟμήρου
1941 1835 2001 1884 μὲν
2022 1835 2065 1872 τὰ
2083 1835 2168 1880 ἔπη,

1142 1894 1296 1946 Ὀρφέως
1316 1895 1350 1931 δὲ
1370 1894 1414 1931 τὰ
1435 1894 1537 1944 μέλη.

47 2087 279 2125 opportunum,
294 2086 404 2116 urbem
417 2084 572 2123 condidit,
587 2086 618 2115 et
631 2086 788 2124 Gangram
802 2083 981 2123 appellavit,
995 2082 1079 2122 quod
1110 2085 1113 2091 “

50 2137 108 2167 hoc
122 2146 237 2168 nomen
253 2138 320 2168 erat
333 2144 447 2175 caprae.

95 2187 272 2222 Dam‘dna,
301 2186 376 2217 urbs
390 2185 607 2225 Paphlagoniae
619 2209 628 2225 ,
651 2186 686 2216 ut
701 2184 877 2217 Alexander
900 2185 928 2215 in
947 2184 1025 2214 libro
1043 2183 1081 2214 de

50 2239 268 2279 Paphlagonia.

391 2323 455 2361 DE
485 2323 731 2361 PHRYGlA.

479 2412 650 2443 45—47.

94 2492 269 2524 Acmonia,
285 2489 360 2520 urbs
379 2488 539 2528 Phrygiae,
555 2489 590 2519 ut
606 2488 692 2519 Alex.
709 2487 776 2518 Pol.
799 2489 844 2517 De
859 2486 991 2525 Phrygia
1004 2485 1083 2515 libro

52 2542 158 2574 tertio.
176 2541 360 2572 condidisse
376 2549 445 2571 eam
458 2540 535 2570 dicit
547 2543 719 2571 Acmonem
733 2538 833 2569 Manei
848 2537 958 2567 lilium.

95 2594 313 2628 Pharnacia,
330 2593 413 2631 regio
428 2593 460 2623 et
476 2592 550 2623 urbs
572 2591 741 2622 Pontica...
758 2592 814 2621 Est
829 2590 923 2621 etiam
944 2589 1084 2628 Phrygiae

54 2643 278 2681 Pharnacium,
292 2644 328 2674 ut
340 2643 388 2674 Al.
409 2645 452 2674 De
465 2642 597 2682 Phrygia
610 2642 690 2673 libro
705 2642 808 2672 tertio.

100 2695 236 2730 Gallus,
258 2694 373 2725 fluvius
385 2694 542 2733 Phrygiae.
557 2694 681 2725 Accolae
694 2693 866 2724 seeundum
882 2693 1083 2723 Timotheum

54 2745 320 2784 Potamoganitae,
338 2744 512 2775 secundum
526 2744 757 2775 Promathidam
774 2744 1018 2782 Potamogalleni
1032 2752 1084 2773 no-

57 2797 236 2833 minantur-3
258 2795 403 2825 auctores
424 2795 493 2825 illos
517 2795 593 2825 citat
618 2794 795 2833 Polyhistor
821 2793 900 2824 libro
922 2795 1014 2826 tertio
1039 2797 1086 2825 De

59 2847 202 2886 Phrygia.
222 2846 307 2877 ldem
322 2847 429 2876 narrat
444 2845 569 2876 Gallum
584 2846 615 2876 et
632 2846 717 2876 Attin
735 2845 878 2884 pudenda
893 2845 1084 2884 praecidisse,

57 2906 95 2929 ac
115 2898 241 2929 Gallum
262 2897 381 2927 venisse
398 2896 437 2926 ad
459 2898 575 2935 Tyram
593 2896 726 2926 fluvium
737 2919 745 2933 ,
762 2895 866 2934 ibique
882 2895 970 2925 sedes
984 2895 1087 2926 fixisse

58 2949 241 2988 flumenque
266 2949 392 2979 Gallum
409 2947 597 2979 nominasse.
624 2947 672 2979 Ab
697 2947 806 2978 eodem
823 2947 917 2978 etiam
934 2948 1087 2978 castratos

60 3001 166 3031 Gallos
179 3002 306 3031 vocant.

541 3064 599 3094 48.

102 3129 276 3165 Marsyas,
302 3126 415 3157 fluvius
427 3128 473 3157 est
490 3126 649 3165 Phrygia),
667 3125 758 3164 juxta
772 3125 932 3155 civitatem
947 3125 1090 3156 Celaenas

62 3177 162 3207 fluens
172 3200 180 3214 ‚
194 3185 290 3216 quem
304 3177 389 3216 prius
402 3177 519 3207 sontem
534 3176 627 3207 Midae
640 3176 786 3206 dicebant
800 3176 881 3206 hanc
893 3177 934 3206 ob
948 3185 1084 3207 causam.

64 3227 180 3266 Midas,
202 3228 358 3267 Phrygum
375 3238 429 3258 rex
440 3252 448 3266 ,
463 3237 563 3267 quum
580 3228 611 3257 in
627 3228 795 3258 desertiora
813 3227 944 3266 regionis
959 3228 1024 3258 loca
1039 3237 1088 3258 ve-

65 3279 177 3317 nisset,
192 3279 223 3309 et
239 3288 329 3319 aqum
343 3280 474 3320 penuria
494 3279 668 3317 laboraret,
685 3279 818 3317 [nilsavit
840 3283 972 3317 terram,
992 3289 1008 3307 ο
1029 3287 1089 3318 qua

1151 2083 1282 2112 exortus
1317 2083 1364 2112 est
1400 2089 1514 2111 aureus
1527 2081 1621 2110 latex.
1655 2082 1774 2110 Verum
1801 2088 1901 2119 quum
1940 2087 2036 2109 aurea
2068 2078 2166 2108 fluere

1142 2141 1224 2171 aqua
1234 2156 1242 2170 ,
1256 2133 1287 2163 et
1299 2132 1349 2162 siti
1364 2134 1575 2171 premeretur,
1594 2130 1717 2161 afflictis
1730 2130 1882 2161 militibus
1892 2153 1900 2168 ,
1915 2129 2072 2161 Bacchum
2087 2129 2172 2159 invo-

1144 2184 1247 2221 cavit,
1264 2183 1316 2222 qni
1327 2206 1335 2221 ,
1351 2182 1505 2213 exauditis
1525 2182 1592 2220 ejus
1606 2181 1767 2220 precibus,
1782 2190 1873 2220 aquae
1886 2181 2006 2220 copiam
2020 2179 2174 2220 profluere

1143 2234 1257 2265 effecit.
1273 2235 1427 2265 saturatis
1438 2236 1545 2265 autem
1562 2234 1752 2273 Phrygibus,
1772 2234 1873 2264 Midas
1892 2233 2042 2271 fluvium,
2057 2233 2112 2272 qui
2134 2241 2173 2262 ex

1144 2286 1204 2315 hoc
1218 2286 1303 2315 sonte
1319 2284 1512 2324 profluebat,
1528 2284 1622 2315 Midae
1638 2285 1756 2315 sontem
1771 2284 1907 2314 vocavit.
1928 2285 2037 2314 Postea
2050 2284 2173 2313 mutato

1144 2336 1270 2366 nomine
1288 2338 1427 2375 Marsyas
1451 2336 1625 2374 appellatus
1640 2336 1698 2365 est.
1718 2335 1843 2365 Scilicet
1865 2335 1950 2365 vieto
1967 2336 1998 2365 et
2014 2334 2173 2365 excoriato

1146 2390 1286 2426 Marsya,
1308 2396 1326 2417 e
1344 2386 1519 2425 profluente
1541 2386 1690 2425 sanguine
1705 2386 1768 2416 orti
1784 2386 1857 2416 sunt
1871 2385 1991 2424 Satyri,
2009 2386 2039 2415 et
2060 2384 2175 2415 fluvius

1145 2439 1337 2478 cognominis
1361 2440 1520 2476 Marsyas,
1538 2438 1574 2468 ut
1595 2437 1701 2468 narrat
1721 2436 1896 2468 Alexander
1914 2436 2076 2467 Cornelius
2096 2435 2175 2467 libro

1145 2490 1238 2521 tertio
1253 2492 1300 2521 De
1313 2489 1406 2520 rebus
1420 2488 1574 2527 Phrygiae.

1575 2559 1731 2590 49-51

1187 2632 1368 2663 Ambasum
1379 2652 1388 2664 ,
1405 2630 1586 2669 metropolis
1608 2630 1767 2668 Phrygum
1778 2653 1786 2667 ,
1806 2638 1823 2659 a
1838 2630 1939 2660 Matre
1953 2628 2084 2658 deorum
2099 2636 2176 2658 con-

1145 2683 1209 2713 dita
1229 2684 1264 2713 ut
1284 2683 1330 2713 ΑΙ.
1352 2684 1398 2712 De
1427 2681 1570 2721 Phrygia.
1604 2682 1657 2712 Est
1675 2680 1769 2711 etiam
1792 2680 1853 2710 alia
1879 2680 2020 2718 ejusdem
2042 2678 2177 2709 nominis

1147 2735 1222 2765 urbs
1239 2733 1391 2772 Phrygiae.

1187 2784 1399 2823 Meli-opalis,
1419 2783 1494 2813 urbs
1511 2782 1653 2821 Phrygiae
1663 2806 1672 2821 ,
1687 2790 1705 2812 a
1718 2784 1811 2812 Mane
1827 2781 1989 2812 conditore
2005 2780 2176 2811 admodum

1146 2837 1243 2867 divite
1257 2836 1392 2866 condita.
1410 2834 1597 2865 Alexander.

1193 2887 1386 2921 alandalus,
1401 2885 1476 2916 urbs
1490 2885 1641 2924 Phrygiae,
1656 2893 1674 2915 a
1688 2885 1827 2916 Mantalo
1840 2884 1976 2915 condita.
1990 2882 2175 2914 Alexander.

1655 2957 1710 2987 52.

1190 3022 1364 3054 Alexander
1377 3023 1407 3053 in
1421 3022 1627 3053 collectaneis
1646 3025 1688 3053 De
1706 3022 1837 3061 Phrygia
1855 3020 1991 3059 primum
2008 3019 2176 3057 Olympum

1148 3076 1258 3106 asserit
1280 3075 1312 3104 in
1332 3074 1488 3104 Graeciam
1508 3073 1715 3112 pulsationem
1733 3073 1841 3103 fidium
1856 3071 2015 3107 intulisse,
2035 3078 2092 3099 nec
2116 3077 2177 3098 non

1149 3126 1249 3156 ldaeos
1272 3125 1444 3163 Dactylos:
1464 3124 1657 3163 Hyagnidem
1675 3124 1812 3163 primum
1828 3122 1902 3153 tibia
1923 3119 2085 3155 cecinisse3
2109 3119 2178 3157 post

1149 3185 1222 3208 cum
1239 3178 1393 3214 Marsyam
1411 3175 1505 3213 liujus
1524 3174 1622 3205 mium
1635 3199 1643 3212 ,
1661 3174 1733 3204 inde
1746 3174 1916 3212 Olympum
1936 3180 1944 3201 :
1963 3168 2176 3207 Terpandrum

1150 3236 1242 3267 porro
1258 3227 1444 3258 aemulatum
1460 3235 1525 3257 esse
1544 3226 1669 3257 Homeri
1684 3226 1788 3264 epicos
1808 3231 1934 3259 versus,
1949 3219 2065 3259 Orphei
2079 3218 2177 3249 canti-

1152 3281 1244 3311 lenas.
