2338 3765
499 158 1048 244 DEXIPPUS
1106 155 1880 248 ATHENIENSIS.

181 508 269 553 Quae
304 504 351 540 de
389 504 560 550 Dexippo
594 501 807 545 traduntur,
845 502 972 547 paucis
1011 503 1165 548 exponit

126 565 355 601 Niebuhrius
375 563 385 610 (
404 561 550 596 Praefat.
581 560 626 595 ad
659 561 744 594 Exc.
772 560 950 606 DexIplii,
983 561 1020 594 in
1049 561 1162 607 Corp.

126 625 260 670 Script.
280 623 371 657 Hist.
390 622 473 667 Byz.
490 620 565 655 vol.
590 620 618 663 l,
636 631 675 665 p.
694 619 782 653 XVI
799 621 807 665 >
825 619 923 652 hunc
938 618 1162 653 inmodum:

182 699 196 712 «
248 681 395 715 Publius
437 680 641 713 Herennius
688 677 880 723 Dexippus
925 673 993 725 (1),
1042 677 1165 710 Ptole-

126 741 205 774 nizei
228 739 252 773 s.
268 738 314 785 (2)
330 737 574 778 Atheniensis,
591 747 687 782 pago
706 735 932 778 Hermen-sis,
951 747 968 767 e
984 733 1164 779 Ceryrum

126 805 234 846 gente
257 794 302 844 (3)
322 824 331 840 ,
350 806 513 830 summos
533 795 571 827 in
588 794 735 827 civitate
753 793 914 826 honores
931 791 1086 838 adeptus
1100 799 1164 833 est,

128 867 192 889 rex
207 861 349 888 creatus
365 860 476 899 atque
492 852 634 886 archon
651 861 879 897 eponymus;
894 849 1165 896 splendideque

129 913 363 960 agonothetae
389 921 544 945 munere
565 909 819 944 Panathenaeis
847 908 1016 950 functus,
1047 908 1165 941 clarus

129 978 258 1006 orator
287 977 398 1016 atque
418 969 659 1003 historiarum
679 968 861 1014 scriptor3
890 973 1048 1013 propter
1077 978 1168 1011 quas

127 1030 286 1065 fortunae
302 1029 409 1063 simul
427 1035 538 1074 atque
554 1027 743 1061 industriae
760 1026 865 1060 dotes
878 1033 1005 1059 statuae
1024 1025 1168 1058 honore

130 1096 281 1123 ornatus
295 1094 361 1133 est,
376 1085 479 1132 cujus
491 1086 584 1120 basis
602 1098 686 1119 eum
705 1085 812 1119 titulo
826 1091 953 1119 exstat.
968 1082 1041 1117 Sed
1059 1083 1168 1129 longe

128 1148 405 1194 praeclariorem
424 1145 721 1190 saeculorumque
736 1143 915 1177 memoria
933 1141 1087 1189 dignum
1106 1141 1167 1174 ho·

128 1217 260 1240 norem
295 1204 365 1239 sibi
397 1203 626 1249 comparavit
657 1214 732 1248 quo
764 1208 951 1247 tempore,
984 1199 1106 1234 effusis
1134 1199 1170 1232 in

129 1264 309 1299 Graeciam
326 1274 393 1309 per
415 1260 653 1308 Propontidis
675 1261 830 1294 claustra
854 1259 1021 1300 Herulis,
1039 1258 1169 1304 captis-

131 1334 204 1368 que
227 1321 380 1356 Athenis
393 1348 401 1364 ,
428 1321 524 1354 cives
540 1331 663 1353 seeum
683 1319 717 1351 in
738 1318 851 1351 saltus
870 1317 988 1350 invios
1006 1328 1049 1350 ex’
1069 1316 1171 1349 urbis

132 1380 237 1415 clade
269 1379 450 1426 profugos
489 1377 744 1420 eontirinavit3
774 1377 938 1421 bellique
965 1374 1010 1408 ab
1032 1375 1073 1408 iis
1094 1374 1169 1408 dux

132 1439 365 1479 constitutus,
380 1436 542 1471 advectae
555 1437 592 1469 in
609 1436 736 1470 Attieae
749 1446 853 1468 oram
867 1435 1045 1468 Romanae
1058 1433 1172 1476 classi,

133 1498 191 1531 cui
212 1496 433 1531 Cleodamus
458 1501 636 1541 praeerat,
660 1493 898 1538 conjunctus,
921 1491 1103 1525 ultionem
1125 1491 1171 1525 de

132 1554 302 1590 barbaris
316 1555 477 1600 aliquam
494 1553 648 1599 sumpsit
660 1580 668 1595 ,
687 1552 805 1585 tribus
821 1550 985 1584 millibus
999 1561 1043 1583 ex
1062 1550 1169 1595 ipso—

133 1625 216 1648 rum
237 1625 392 1647 numero
421 1624 488 1658 per
516 1611 750 1645 occasionem
772 1607 977 1642 intersectis
1001 1606 1067 1653 (4).
1089 1607 1173 1651 Quo

133 1672 230 1706 sacto
251 1672 308 1705 vir
323 1671 477 1705 eximius
491 1676 575 1715 post
594 1669 818 1715 quingentos
835 1677 952 1700 annos
970 1665 1173 1700 Athenien-

134 1742 188 1764 ses
209 1729 320 1763 armis
351 1728 523 1762 desuetos
543 1726 590 1761 ad
610 1739 687 1760 rem
710 1725 944 1772 gloriamque
977 1723 1175 1757 militarem

135 1788 325 1822 revocavit
344 1798 351 1822 :
371 1785 625 1820 Mithridatico
644 1785 742 1818 enim
760 1783 857 1817 bello
877 1794 955 1816 non
972 1793 1037 1815 sua
1054 1793 1177 1827 neque

137 1853 268 1892 sponte
292 1857 393 1879 arma
419 1850 588 1878 moverat
607 1842 734 1876 infelix
754 1842 894 1876 civitas,
917 1839 1042 1885 Quum
1063 1839 1177 1886 igitur

138 1905 268 1939 dehac
289 1903 445 1949 Dexippi
464 1902 583 1949 gloria
611 1901 736 1935 titulus
758 1906 883 1933 statuae
913 1898 1015 1932 sileat
1029 1924 1038 1940 ‚
1058 1896 1179 1932 eredi-

138 1970 215 1997 tum
240 1970 291 1997 est
310 1962 413 2008 prius
433 1961 591 2008 positam
609 1971 683 1993 esse
704 1971 816 2004 quam
834 1958 933 1991 illam
951 1956 1174 2002 adipiscere-

138 2028 230 2057 tur:
259 2022 318 2055 cui
349 2020 519 2066 opinioni
549 2019 655 2053 facile
687 2017 905 2052 accederem
923 2043 932 2059 ,
967 2016 993 2049 si
1022 2016 1176 2050 historia

137 2084 201 2114 aevi
214 2107 222 2123 ‚
252 2096 265 2110 «
297 2092 408 2125 quam
425 2079 561 2124 partim
585 2090 628 2112 ex
647 2077 750 2110 libris
764 2104 774 2122 ,
795 2076 932 2123 partim
955 2086 975 2109 e
992 2075 1067 2108 vita
1085 2076 1179 2109 hau-

138 2139 225 2173 serit
243 2165 252 2181 ,
277 2154 291 2168 »
317 2145 357 2171 ut
374 2138 603 2183 epigramma
620 2135 815 2182 praedicat,
837 2134 978 2168 diversa
996 2145 1071 2167 esse
1090 2145 1179 2179 pos-

138 2204 191 2231 set
211 2197 256 2231 ab
286 2197 346 2230 illa
369 2196 487 2229 omnis
511 2195 598 2239 aevi,
621 2194 724 2239 eujus
743 2193 912 2227 notitiam
944 2205 987 2226 ex
1008 2192 1177 2237 Eunapio

142 2262 178 2289 et
200 2253 337 2289 Photio
367 2254 556 2289 habemus.
580 2254 629 2287 Ea
650 2254 685 2286 in
707 2253 830 2298 primo
851 2250 997 2286 Claudii
1030 2250 1179 2285 Gothiei

140 2312 593 2359 Aug.am1‹›dcsi1mbat;
625 2312 855 2345 Athenarum
884 2316 1008 2343 antem
1037 2309 1180 2343 cladem

141 2372 348 2418 Sym-ellus,
368 2371 430 2415 qni
448 2371 520 2404 ho(¹
535 2370 695 2415 Dexippi
719 2381 813 2415 opus
835 2368 994 2413 legebat,
1012 2367 1080 2400 sub
1098 2367 1181 2401 Gal-

142 2429 237 2462 lieno
253 2429 445 2473 contigisse
461 2428 572 2461 refert
588 2438 595 2462 :
619 2439 740 2472 neque
753 2427 779 2459 si
796 2438 871 2460 eam
888 2437 970 2459 cum
987 2425 1180 2458 continua-

143 2494 224 2520 tore
252 2487 379 2520 Dionis
401 2484 449 2533 (5)
467 2512 475 2528 ,
505 2498 613 2530 quem
637 2486 798 2518 Zonaras
824 2484 1006 2528 sequitur,
1028 2482 1180 2516 biennio

143 2546 258 2578 serius·
287 2543 460 2577 accidisse
489 2549 690 2576 statuamus
709 2570 718 2583 ,
758 2549 797 2574 nt
831 2542 893 2574 illo
927 2542 1006 2587 ipso
1038 2540 1182 2576 Claudii

146 2614 243 2636 anno
264 2602 408 2647 prium,
438 2601 534 2645 ¹265),
554 2599 749 2641 acciderit,
769 2598 966 2632 difficultas
984 2598 1183 2644 expedire,—

145 2666 219 2693 tur.
249 2660 303 2692 lta
322 2666 384 2691 aut
404 2657 617 2703 tingendum
641 2658 709 2690 erit
729 2658 893 2702 priorem
912 2656 1082 2689 exstitisse
1105 2655 1183 2689 cdi-

146 2718 286 2751 tionem
302 2743 310 2758 ,
332 2715 377 2749 de
396 2728 467 2761 qua
486 2728 592 2749 nemo
610 2716 809 2760 quiequam
827 2714 998 2755 tradidit,
1016 2721 1076 2747 aut
1093 2726 1185 2747 eon-

148 2773 372 2814 cedendum,
386 2773 510 2806 laevam
528 2773 721 2806 hominnm
738 2773 772 2805 in
788 2772 996 2805 honoribus
1010 2772 1187 2806 :estiman-

149 2832 205 2866 dis
222 2838 378 2865 mentem
397 2843 477 2863 eum
492 2858 500 2874 ,
526 2843 601 2876 quo
623 2830 668 2864 ad
690 2830 872 2874 majorum
893 2830 1049 2875 gloriam
1072 2830 1187 2863 elatus

150 2896 201 2924 est
215 2916 224 2933 ‚
243 2895 438 2936 propterea
455 2888 669 2933 neglexisse,
685 2888 787 2933 quia,
809 2888 1044 2921 tumultuarie
1062 2900 1080 2921 a
1096 2900 1186 2920 con—

197 3028 221 3055 1.
234 3037 247 3050 «
259 3025 378 3054 Nomen
394 3022 548 3060 integrum
560 3021 684 3052 exhibet
695 3021 785 3051 inser.
798 3024 856 3051 380
872 3023 964 3060 Corp.
976 3022 1073 3050 inseri·
1094 3029 1186 3059 grece.

153 3088 190 3093 -—
210 3075 238 3102 2.
259 3070 310 3100 Sic
325 3068 483 3107 inscriptio
501 3080 506 3097 :
525 3076 596 3097 nam
613 3066 725 3096 suidas
739 3077 762 3096 s.
779 3076 808 3097 v.
825 3068 972 3102 Δέξιππος
986 3091 993 3102 ,
1010 3067 1188 3106 Dexippnm

154 3119 273 3156 patrem
293 3116 335 3146 illi
350 3115 471 3145 tribuit.
488 3130 529 3135 —
544 3118 573 3144 3.
589 3113 659 3142 vid.
682 3113 811 3143 aun-tl..
830 3114 867 3143 ad
890 3116 984 3144 inser.
1000 3131 1040 3135 —-
1055 3117 1083 3144 si.
1103 3116 1189 3144 lianc

156 3163 198 3192 rei
213 3163 307 3201 gestae
325 3161 456 3199 seriem,
473 3160 637 3199 paululum
649 3160 688 3189 ab
702 3160 753 3189 illa
766 3160 920 3190 diversam
934 3185 941 3198 ‚
956 3170 1050 3199 qnam
1069 3161 1188 3191 (1111110-

155 3217 232 3245 nus,
247 3217 411 3246 nunquam
429 3208 495 3237 sine
510 3206 636 3236 honoris
654 3206 836 3244 pra—{atione
854 3207 1082 3243 nominamlns,
1099 3216 1189 3236 exeo·

155 3255 266 3291 gitavit
279 3279 286 3292 ‚
303 3263 387 3284 nnnc
400 3254 529 3283 demum
544 3276 551 3289 ,
571 3253 662 3282 editis
679 3253 717 3281 ah
738 3253 779 3282 ill.
799 3253 882 3282 Maio
895 3254 1051 3292 excerptis
1065 3253 1103 3283 (le
1117 3262 1188 3283 sen-

157 3300 261 3331 tentiis
279 3301 338 3337 (sr.
356 3304 392 3330 23
410 3301 418 3337 )
437 3298 733 3329 constituerelieet„
745 3312 757 3323 ν
773 3313 812 3319 -
828 3304 855 3329 Ξ).
875 3302 906 3329 111
924 3300 1037 3336 eclogis
1050 3308 1128 3337 (uias
1145 3299 1188 3329 ill.

158 3347 389 3385 natust-uidit,
403 3346 480 3377 Coll.
498 3347 567 3376 Vat.
584 3348 620 3383 ΙΙ,
635 3355 652 3384 p
681 3347 748 3376 220.
768 3364 776 3366 ψ
791 3364 802 3366 -ν
815 3350 843 3376 ὓ.
861 3346 1019 3384 tinnapins
1035 3347 1102 3376 Vita
1119 3348 1191 3376 l'or-

1195 3407 1246 3427 ono

1226 512 1375 551 gregata
1397 504 1637 538 multitudine
1658 506 1814 540 collatus
1829 533 1837 549 ‚
1857 507 2001 540 nullum
2020 507 2059 540 in
2081 507 2178 543 fastis
2200 521 2267 543 ur-

1226 562 1329 595 banis
1352 563 1476 596 loeum
1488 562 1642 596 haberet
1665 573 1672 597 :
1693 562 1876 597 librorum
1906 563 2040 599 famam
2071 565 2241 601 extulisse
2256 556 2270 610 ,¹
2312 607 2315 610 Α

1228 632 1281 653 res
1304 620 1449 654 fortiter
1481 626 1598 667 gestas
1627 621 1769 654 silentio
1792 623 2028 657 transmisisse
2049 636 2055 657 :
2092 644 2141 649 —
2168 636 2241 658 rem
2257 653 2265 668 ,

1228 685 1383 725 propter
1404 677 1479 723 ejus
1501 679 1567 712 aevi
1596 679 1838 724 pravitatem,
1867 680 1976 726 plane
1998 693 2075 714 uon
2104 681 2268 716 iucrediu

1229 737 1354 772 bilem.

1283 812 1295 824 u
1319 796 1439 829 Vitam
1457 807 1572 840 usque
1590 795 1637 829 ad
1658 795 1773 829 Probi
1792 797 2047 843 principatum
2063 798 2244 844 perduxit
2258 826 2267 842 ‚
2299 840 2302 843 Ι

1229 864 1346 898 quum
1365 852 1442 898 jam
1462 853 1529 887 sub
1558 854 1754 888 Valeriano
1776 855 1966 889 claruisset
1988 855 2053 903 (6).

1286 933 1300 948 «
1324 918 1483 964 Dexippi
1498 930 1612 964 opera
1625 945 1634 961 ‚
1652 930 1732 964 quae
1747 918 1795 953 ad
1809 919 2001 954 historiam
2012 921 2265 966 pertinebant,

1230 976 1297 1009 tria
1318 976 1406 1023 legit
1424 976 1577 1010 Photius
1596 975 1605 1024 (
1622 975 1656 1023 7)
1674 988 1682 1010 :
1703 975 1749 1010 de
1766 977 1901 1023 quibus
1918 978 2068 1026 singulis
2083 979 2271 1026 agendum

1229 1040 1295 1068 est.
1803 1030 1813 1039 ’

1291 1107 1305 1121 «
1331 1092 1362 1128 I.
1391 1089 1455 1127 Τὰ
1477 1096 1554 1138 μετ’
1568 1090 1588 1126 ὰ
1622 1089 1655 1127 Ἀ
1669 1089 1738 1134 λέξ
1751 1106 1796 1128 αν
1812 1093 1857 1142 δρ
1869 1107 1924 1137 ον,
1959 1093 2065 1128 libris
2097 1102 2274 1141 quattuor

1231 1151 1520 1198 comprehensa3
1543 1163 1587 1185 ex
1615 1152 1751 1197 quibus
1779 1153 2007 1187 notissimam
2027 1154 2269 1200 satrapiaruni

1232 1209 1451 1244 divisionem
1472 1210 1601 1244 recitat
1622 1210 1796 1254 Photius3
1819 1211 2116 1257 scriptoremque
2137 1212 2175 1245 in
2191 1213 2272 1246 uni-

1231 1279 1376 1302 versum
1390 1281 1474 1302 cum
1487 1269 1646 1303 Arriano
1660 1269 1869 1303 consentire
1883 1269 2005 1304 docet.
2019 1269 2075 1305 Ad
2090 1270 2184 1304 hanc
2196 1271 2275 1305 Ma—

1233 1326 1451 1361 cedonicam
1472 1327 1665 1361 historiam
1681 1326 1876 1362 reserenda
1898 1340 1972 1362 esse
1993 1340 2073 1373 quae
2089 1328 2138 1361 ill.
2157 1329 2276 1362 Maius

1234 1384 1381 1419 inventa
1402 1386 1439 1419 in
1455 1385 1594 1420 codicis
1606 1386 1830 1432 palimpsesti
1848 1387 1992 1433 paginis
2010 1385 2073 1421 81.
2096 1386 2158 1421 82.
2186 1398 2272 1423 100.

1239 1455 1305 1476 101
1340 1443 1479 1487 edidit,
1509 1456 1586 1478 uno
1616 1444 1733 1478 verbo
1754 1445 1942 1478 monuisse
1967 1444 2014 1479 ad
2033 1444 2275 1491 probandu1n

1234 1499 1388 1535 sufficit:
1408 1501 1595 1547 siquidem
1608 1502 1728 1535 oratio
1748 1501 1968 1547 Hyperidis,
1991 1502 2066 1536 sive
2083 1502 2276 1549 adsumpta

1235 1559 1309 1593 sive
1329 1558 1436 1606 ficta,
1456 1559 1545 1594 belli
1560 1560 1723 1594 Lamiaci
1743 1566 1886 1606 tempus
1901 1567 2055 1606 spectat.

1291 1633 1305 1647 «r
1322 1617 1369 1652 ll.
1386 1617 1416 1654 X
1428 1615 1600 1666 ρονικὴν
1614 1615 1822 1666 ἱστορίαν,
1834 1619 1908 1652 sive
1924 1619 2072 1652 annales
2085 1617 2147 1668 (ὃ),
2161 1631 2274 1664 quam

1236 1675 1389 1709 Photius
1404 1673 1570 1722 σύντομον
1588 1673 1758 1723 ἱστορικὸν
1782 1682 1912 1718 vocat,
1933 1687 2002 1722 per
2022 1675 2275 1722 Olympiades,

1236 1734 1536 1780 areliontumque
1555 1740 1591 1768 et
1606 1734 1802 1767 consulum
1819 1733 1928 1767 fastos
1953 1733 1999 1768 ab
2019 1733 2181 1768 historiae
2203 1734 2273 1768 ini-

1238 1791 1294 1825 tiis
1306 1819 1314 1833 ‚
1335 1792 1476 1826 omissis
1493 1799 1617 1826 tamen
1636 1790 1812 1826 fabulosis
1828 1790 2046 1838 primordiis
2060 1818 2069 1835 ‚
2091 1804 2207 1837 usque
2230 1792 2277 1826 ad

1237 1850 1381 1884 Claudii
1396 1850 1546 1885 Gothici
1560 1862 1698 1885 annum
1714 1850 1879 1896 primum
1898 1849 2065 1891 deducti,
2088 1851 2279 1898 praecipua

1240 1908 1335 1942 cirea
1361 1915 1574 1956 temporum
1601 1909 1784 1942 rationem
1811 1920 1899 1942 cura
1928 1907 2104 1942 adhibita.
2132 1909 2279 1943 Horum

1239 1965 1485 2001 duodecimus
1505 1967 1600 2001 liber
1618 1979 1638 2001 a
1652 1966 1842 2013 Stephano
1865 1965 2160 2012 ethnicographo
2185 1967 2277 2000 cita—

1240 2031 1301 2059 tur
1328 2024 1398 2071 (9),
1422 2025 1487 2059 ubi
1522 2025 1750 2059 Herulorum
1781 2024 1922 2059 mentio
1950 2025 2149 2058 certissime
2177 2036 2281 2058 com—

1238 2085 1376 2131 probat
1396 2085 1521 2119 locum
1541 2084 1588 2119 de
1611 2096 1687 2130 quo
1708 2085 1830 2131 agitur
1851 2096 1928 2117 non
1944 2084 2101 2118 multum
2121 2084 2165 2118 ab
2184 2096 2269 2131 ope-

1240 2144 1286 2177 ri,
1302 2142 1375 2177 fine
1396 2143 1525 2178 afuisse
1546 2154 1553 2178 :
1572 2150 1716 2177 constat
1739 2144 1852 2190 igitur
1870 2143 2089 2189 scriptorem
2109 2143 2165 2177 his
2184 2142 2282 2176 duo--

1242 2196 1363 2229 decim
1380 2213 1393 2226 «
1415 2197 1548 2230 chartis
1573 2208 1683 2230 omne
1700 2208 1820 2232 aevum
1834 2195 2061 2242 explicuisse.
2083 2210 2097 2226 »
2115 2196 2165 2229 Ex
2184 2195 2283 2230 hisee

1242 2254 1435 2288 annalibus
1455 2255 1667 2300 Syncellum
1692 2265 1923 2300 quaecunque
1943 2265 1962 2287 e
1980 2254 2152 2300 Dexippo
2170 2252 2282 2287 habet

1241 2313 1386 2358 petiisse
1410 2313 1573 2346 arbitror
1603 2325 1610 2346 :
1639 2319 1675 2346 at
1698 2312 2000 2347 Constantiniana
2020 2317 2194 2358 excerpta
2214 2311 2284 2345 illis

1241 2383 1394 2417 prorsus
1415 2371 1533 2404 aliena
1553 2378 1637 2404 sunt
1665 2383 1672 2404 :
1700 2382 1822 2415 neque
1843 2370 1940 2403 enim
1959 2370 2124 2416 prolixas
2143 2369 2282 2403 oratio-

1243 2440 1306 2461 nes
1323 2439 1456 2474 capere
1474 2428 1653 2474 potuisset
1669 2427 1934 2472 breviloquens
1953 2427 2141 2460 annalium
2160 2427 2256 2460 ratio
2271 2452 2281 2468 ‚

1245 2487 1306 2531 qui
1325 2486 1399 2520 fere
1413 2486 1562 2531 singulis
1579 2486 1682 2519 libris
1699 2486 1871 2519 saeculum
1893 2484 2281 2531 eomprehendebant3

1245 2545 1346 2578 unde
1367 2545 1572 2578 Trebellius
1593 2545 1713 2577 Pollio
1734 2544 1810 2590 (10)
1834 2544 2049 2591 Dexippum
2065 2546 2191 2577 onmia
2211 2543 2283 2577 bre·

1247 2607 1336 2636 vitet·
1358 2611 1585 2649 persecutum
1606 2615 1683 2636 esse
1712 2603 1871 2649 scripsit.

1305 2678 1318 2690 «
1348 2663 1418 2697 ΙΙΙ.
1444 2662 1561 2708 Igitur
1589 2661 1735 2707 eclogas
1755 2660 1801 2695 de
1830 2660 2076 2707 legationibus
2104 2659 2151 2694 ad
2189 2658 2283 2694 Σκυ-
2322 2647 2324 2652 ⁷

1249 2717 1324 2754 Οικὰ
1343 2720 1533 2767 pertinere
1546 2719 1620 2765 jam
1638 2720 1784 2754 Vossius
1798 2719 1990 2766 perspexit
2012 2717 2085 2764 (11)
2109 2728 2116 2753 :
2136 2717 2285 2751 eadem—

1249 2790 1321 2823 que
1342 2790 1468 2812 earum
1498 2779 1592 2812 ratio
1619 2786 1671 2812 est
1694 2789 1784 2824 quas
1812 2789 1856 2811 ex
1887 2777 1995 2811 titulo
2022 2776 2069 2810 de
2100 2766 2286 2809 sententiis
2320 2797 2323 2809 .

1248 2835 1363 2869 edidit
1381 2836 1431 2869 ill.
1453 2836 1583 2871 Maius.
1602 2832 1756 2871 Σκυθικὰ
1768 2862 1777 2878 ,
1791 2835 1946 2869 debello
1959 2833 2128 2880 berthico
2142 2839 2285 2867 vertere

1251 2894 1457 2936 debebam;
1483 2895 1659 2939 quoniam
1683 2893 1776 2927 illud
1800 2890 2034 2939 intelligitur,
2057 2891 2181 2937 quod,
2208 2902 2284 2924 coe-

1250 2959 1353 2998 ptum
1367 2953 1433 2986 sub
1449 2953 1577 2996 Decio,
1595 2964 1710 2999 nsque
1726 2951 1772 2986 ad
1782 2951 1967 2986 Aureliani
1982 2962 2105 2997 pacem
2123 2948 2281 2984 duravit.

1309 3027 1321 3039 «
1348 3011 1563 3044 Orationem
1590 3010 1749 3057 Dexippi
1765 3036 1774 3053 ,
1798 3008 2060 3054 scribendique
2082 3019 2207 3055 genus,
2230 3006 2286 3039 in-
2318 3047 2319 3051 Ἰ

1251 3069 1349 3115 genti
1379 3068 1488 3103 laude
1514 3068 1622 3103 essert
1642 3068 1813 3111 Photius‘,
1837 3079 1881 3101 eo
1902 3077 2017 3111 usque
2035 3071 2076 3098 ut
2107 3063 2284 3110 leuqrdi-
2317 3062 2338 3164 ΙΞ

1252 3207 1352 3245 11111111
1368 3206 1398 3236 111
1415 3205 1434 3236 s.
1451 3223 1491 3228 —
1504 3208 1534 3235 7.
1550 3205 1628 3236 Cod.
1644 3208 1694 3236 82.
1708 3222 1749 3227 —
1764 3201 2014 3242 s.E11napiusin
2034 3201 2114 3232 Hist.
2135 3200 2183 3237 (v.
2204 3198 2282 3230 intra
2317 3206 2320 3232 ι

1253 3264 1281 3292 p.
1299 3255 1388 3289 (371).
1406 3253 1491 3283 ldem
1505 3253 1578 3283 Vita
1602 3252 1715 3291 i‘orph.
1737 3252 1756 3282 Ι.
1775 3253 1797 3282 1.
1814 3269 1851 3275 —
1866 3253 1897 3281 9.
1915 3259 1940 3280 s.
1957 3257 1987 3279 v.
2004 3248 2158 3287 Ἔλουροι.
2177 3263 2217 3268 -
2238 3247 2284 3275 10.
2316 3246 2322 3278 Γ

1252 3300 1401 3330 Gordian.
1420 3304 1449 3329 2.
1470 3319 1509 3324 —
1530 3304 1576 3329 11.
1605 3300 1649 3329 De
1665 3299 1774 3328 histor.
1791 3299 1892 3328 Gra‘e.
1912 3305 1941 3335 p.
1969 3297 2039 3326 2¹12.
2067 3311 2105 3315 —
2130 3297 2174 3324 12.
2195 3290 2284 3323 rra-t.
2315 3286 2324 3334 lj

1252 3347 1290 3376 ad
1309 3347 1380 3376 con.
1401 3346 1500 3376 Vatis.
1525 3348 1561 3375 ΙΙ.
1580 3354 1608 3384 p.
1630 3346 1773 3375 xxvm.
