2338 3765
962 171 1288 211 FRAGMENTA.

72 259 186 305 τυχεῖν
207 254 476 305 ἀκατηγόρητον,
496 256 533 292 οὗ
555 254 620 306 γὰρ
641 256 707 292 δεῖν
728 256 802 299 τοὺς
824 258 980 306 ἐγκαλεῖν
1001 257 1098 306 ἔχον-

73 328 131 355 τκς
162 312 218 349 ἐπὶ
244 312 393 363 μετρίοις
418 313 476 349 καὶ
504 313 598 363 παρὰ
629 316 749 357 ζῶντος
777 314 944 364 τιμωρίαν
977 314 1096 351 λαὸεῒν

72 371 275 418 δυναμένους
304 370 361 407 ἐπὶ
387 373 497 423 νεκρῷ
529 365 736 423 κατηγορίαν
768 371 976 421 συντιθέναι,
998 371 1039 408 τὰ
1063 372 1097 409 δὲ

71 431 128 465 ὑπ’
149 428 333 479 Ἀρχελάου
353 428 549 480 πραχθέντα
570 428 664 481 ὕὲρει
692 432 733 480 τῇ
755 429 890 466 ἐκείνων
911 429 1073 466 ἀντετίθει
1087 459 1096 477 ,

69 486 100 522 οἲ
131 485 349 536 ὀριγνώμενοι
384 486 598 536 πραγμάτων
633 486 727 538 παρὰ
761 486 837 529 τοὺς
868 486 1006 536 νόμους,
1039 487 1098 523 καὶ

69 547 201 595 σφαγῆς
218 543 378 595 ἄρξαντες
394 546 460 580 τῶν
480 544 622 581 κωλύειν
641 544 838 596 ὑδρίζοντας
855 544 1095 597 προμηθουμέ-

69 617 148 651 ιων,
169 601 299 651 ἀμύνης
316 601 499 651 γενομένης
519 604 705 652 ἐγκαλοῖεν.
727 603 904 641 Ἔνεκοίλει
925 603 958 640 δὲ
975 619 1097 640 νεωτε-

69 659 221 711 ροποιίας
241 661 355 702 αὐτοῖς
370 660 428 697 καὶ
445 676 502 697 του
525 661 751 705 στασιάζειν’
734 661 857 707 ηδονὴν
873 661 1097 698 ἀπαιδευσίαν

67 734 102 754 τε
118 722 177 756 τοῦ
195 716 335 756 ἕπεσθαι
353 717 428 770 δίκῃ
443 734 501 755 και
515 718 640 768 νόμοις,
656 719 720 756 ὑπὸ
733 723 789 757 του
807 721 912 757 θέλειν
929 720 972 756 τὰ
985 720 1096 757 ποίντα

67 781 177 814 νικᾶν.
203 777 325 813 Ιαυτα
347 774 407 825 μὲν
428 779 484 812 οὖν
505 776 685 819 Νικόλαος.

307 895 364 930 ΕΚ
398 893 600 931 ΒΙΒΛΙΩΝ
629 894 851 931 ΑΔΗᾹΩΝ.

547 1012 610 1046 97-

117 1103 297 1149 Josephus
317 1105 403 1139 Ant.
431 1102 518 1138 Jud.
538 1104 574 1145 Ι,
598 1103 618 1138 3
642 1113 650 1138 ε
676 1099 832 1142 Ἡσίοδός
850 1115 886 1137 τε
907 1100 966 1136 καὶ
984 1099 1094 1137 Ἑκα-

65 1161 158 1201 ταῖος
177 1158 235 1196 καὶ
256 1158 459 1201 Ἑλλάνικος
476 1158 534 1196 καὶ
554 1158 770 1200 Ἀκουσίλαος
790 1158 849 1195 καὶ
866 1158 948 1209 πρὸς
967 1159 1097 1201 τούτοις

63 1215 211 1269 ’Ἔφορος
235 1217 294 1254 καὶ
313 1218 485 1260 Νικόλαος
501 1219 673 1268 ἱστοροῦσι
693 1216 769 1260 τοὺς
790 1216 950 1268 ἀρχαίους
970 1216 1095 1263 ζήσαν-

63 1292 123 1319 τας
143 1275 200 1322 ἔτη
217 1276 325 1327 χίλια.
349 1277 487 1314 Eadem
502 1278 661 1324 Syncell.
682 1290 717 1325 p.
743 1278 806 1323 43,
826 1279 873 1313 A.

549 1369 611 1417 98.

115 1457 272 1494 Bekker.
294 1457 433 1493 Anecd.
454 1458 518 1493 Gr.
541 1470 579 1504 p.
604 1456 689 1502 367,
711 1462 757 1500 24
777 1470 785 1492 ε
806 1455 987 1493 Ἀκολασία
1005 1458 1095 1494 Θου-

62 1513 200 1560 κυδίδης
220 1513 281 1566 ἔφη
294 1543 305 1563 ‚
334 1513 525 1552 ἄκολαστία
544 1513 578 1551 δὲ
598 1512 749 1561 Ἄλεξις,
778 1514 1039 1552 ἀκολαστότατα
1061 1514 1093 1551 δὲ

62 1572 316 1623 Ἀριστοτέλης,
335 1572 394 1610 καὶ
415 1572 671 1624 ἀκολαστότερα
689 1571 868 1614 Νικόλαος.

278 1811 441 1862 ΒΙΟΣ
502 1811 870 1860 ΚΑΙΣΑΡΟΣ.

548 1968 609 2003 ειο-

188 2064 310 2101 nem
344 2065 445 2101 'ruz
476 2064 731 2101 KAIEAPOE
760 2063 971 2101 ΑΓΩΓιιΣ.

111 2174 199 2207 Exc.
215 2174 271 2207 De
284 2173 368 2206 virt.
391 2170 491 2209 :UO-ti
506 2172 551 2212 εἷς
567 2172 667 2219 τιμῆς
682 2168 817 2212 ἀξίωσιν
833 2168 921 2205 οὕτω
937 2170 973 2218 (ι)
987 2184 1091 2220 προσ-

60 2230 154 2265 εῖπον
181 2231 210 2265 οἱ
238 2229 427 2279 ἅνθρωποι,
447 2232 540 2271 ναοῖς
564 2243 600 2264 τε
625 2227 684 2264 καὶ
708 2227 837 2269 θυσίαις
865 2226 1091 2278 γεραίρουσιν,

60 2286 125 2323 ἀνά
143 2302 180 2323 τε
197 2300 319 2331 νησους
332 2286 390 2323 καὶ
410 2286 569 2338 ἠπείρους
590 2284 807 2336 διῃρημένοι,
838 2300 896 2321 και
913 2284 1001 2321 κατὰ
1024 2285 1091 2321 πό-

58 2344 126 2386 λεις
144 2343 203 2380 καὶ
222 2343 318 2390 ἔθνη,
337 2343 375 2380 τό
396 2359 430 2380 τε
452 2343 589 2393 μέγεθος
609 2345 711 2380 αὐτοῦ
733 2345 773 2379 τῗ
769 2360 793 2388 ς
811 2344 932 2393 αρετῆς
951 2358 1009 2379 και
1030 2358 1091 2389 την

59 2403 104 2444 εἷς
132 2417 217 2453 σφας
240 2401 435 2453 ευεργεσίαν
465 2401 700 2451 ἀμειὸόιιενοι.
730 2401 867 2449 Δυνάμε
872 2417 915 2443 ως
943 2400 1009 2451 γὰρ
1033 2417 1090 2438 και

58 2459 251 2511 φρονήσεως
272 2461 317 2502 εἷς
336 2459 379 2496 τὰ
399 2462 519 2510 πρῶτα
541 2458 688 2496 ἀνελθὼν
712 2453 805 2501 οὗτος
825 2461 841 2495 ὅ
860 2457 966 2509 ἀνὴρ,
989 2459 1090 2495 πλεί-

58 2533 145 2554 στων
167 2516 228 2566 μὲν
247 2513 344 2569 ἦρξεν
363 2517 550 2569 ἀνθρώπων
567 2520 633 2554 τῶν
656 2517 710 2554 διὰ
733 2517 890 2565 μνήμης,
910 2517 1089 2568 μακροτά-

57 2590 132 2618 τους
147 2591 184 2613 τε
204 2575 300 2626 ὅρους
321 2576 508 2621 ἐποιήσατο
528 2579 588 2621 τ’ἧς
605 2575 790 2624 Ῥωμαίων
812 2575 1026 2621 δυναστείας,
1045 2575 1091 2617 εἴς

56 2648 95 2670 τε
116 2633 155 2670 τὸ
172 2632 393 2683 βεὸαιότατον
412 2634 448 2669 οὐ
466 2633 508 2670 τὰ
526 2635 615 2683 φῦλα
637 2633 738 2681 μόνον
758 2631 817 2669 καὶ
837 2631 1015 2676 <Ελλήνων
1031 2632 1089 2668 καὶ

60 2690 255 2743 βαρὸάρων,
273 2690 362 2727 ἀλλὰ
380 2691 439 2728 καὶ
459 2690 562 2733 αὐτὰς
582 2690 641 2733 τὰς
663 2690 810 2732 διανοίας
825 2690 1062 2734 κατεστήσατο
1076 2719 1086 2738 ,

56 2749 94 2786 τὸ
123 2748 184 2798 μὲν
211 2764 345 2800 πρωτον
372 2748 432 2786 σὺν
459 2748 595 2795 ὅπλοις,
619 2748 705 2797 μετὰ
729 2747 763 2785 δὲ
784 2763 894 2784 ταυτα
922 2747 980 2784 καὶ
1010 2747 1088 2784 ἄνευ

57 2806 186 2855 οπλων,
203 2806 411 2850 ἐθελουσίους
429 2823 465 2844 τε
493 2807 747 2857 προσαγόμενος
765 2805 819 2842 διὰ
839 2805 876 2842 τὸ
896 2807 935 2855 (2)
958 2806 1088 2854 μαλλον

57 2865 106 2902 ἔτι
134 2838 270 2911 ἔνδηλος
287 2864 440 2921 γίνεσθαι
460 2881 501 2914 τῃ
528 2863 783 2928 φιλανθρωπίᾳ,
805 2863 937 2900 ἔπεισεν
967 2866 1087 2900 ἑαυτου

56 2918 265 2968 ἀκροᾶσθαι,
283 2923 329 2956 ὧν
331 2916 430 2963 δὴ3
403 2918 430 2966 (3
432 2919 441 2966 )
464 2917 624 2968 πρότερον
642 2915 717 2953 οὐδὲ
731 2915 883 2965 ὀνόματα
898 2914 1088 2960 ἠπίσταντο

55 2976 86 3011 οι
107 2974 295 3026 ἄνθρωποι,
314 2974 390 3013 οὐδέ
410 2990 497 3017 τινος
514 2989 658 3017 υπηκοοι
678 2989 731 3023 εγε
719 2973 831 3010 ’νοντο
853 2972 908 3009 διὰ
930 2972 1084 3022 μνήμης,

54 3033 323 3083 ἡμερωσάμενος
345 3034 409 3085 (4),
438 3032 556 3070 ὁπόσοι
588 3031 677 3074 ἐντὸς
699 3032 740 3080 (5)
774 3030 899 3075 Ῥήνου
928 3033 1085 3078 ποταμοῦ

2112 187 2184 218 427

1157 274 1258 304 neque
1274 267 1317 296 sas
1335 276 1400 297 esse
1421 270 1453 298 ut
1479 269 1532 307 qui
1556 270 1637 307 apud
1655 279 1762 309 arquos
1778 279 1882 301 rerum
1903 270 2023 309 judices
2038 280 2187 303 accusare

1156 324 1187 352 et
1206 323 1244 353 ιιι
1263 325 1385 354 mitent«
1400 334 1448 364 pu
1452 334 1480 355 ιι
1482 336 1522 355 ιιιι
1539 336 1662 357 sumere
1677 329 1852 368 potuerint,
1874 331 1999 361 inortuo
2017 330 2186 362 accusatio

1157 389 1228 410 nem
1243 382 1434 413 (ιι-ι·ιιιιίιιιιιιι
1427 394 1525 423 ,qu-'u
1542 394 1615 415 ιιι-ιι
1631 386 1670 415 ιιι)
1688 387 1838 417 Archelao
1851 390 1920 418 ιιιιιιι
1938 390 2056 428 essent,
2070 388 2108 419 ad
2123 389 2186 419 illo·

1159 447 1228 468 rum
1251 439 1482 478 ιἰιηιιοιιιῐιιιοιιι
1513 443 1703 482 injuriasque
1730 446 1904 484 ι(ί“οιιι,οι)ιι
1931 447 1985 485 qui
2007 456 2109 486 quum
2140 456 2188 477 ies

1158 498 1266 527 contra
1281 497 1363 536 leges
1376 498 1589 537 affectassent,
1603 503 1632 531 et
1644 502 1768 532 illorum
1780 503 1880 533 caedes
1895 504 1994 535 facere
2008 505 2186 544 cavissent,

1158 554 1274 593 quibus
1290 564 1374 586 curae
1392 558 1458 587 erat
1473 557 1540 588 illos
1554 559 1592 588 ab
1607 559 1727 598 injuriis
1743 561 1926 599 prohibere,
1944 570 2029 592 nunc
2045 562 2084 593 dc
2105 562 2188 600 inju-

1159 613 1211 643 riis
1230 613 1396 644 vindicatis
1420 617 1637 653 quererentur.
1663 617 1766 656 lisque
1781 619 1895 657 objecit
1909 628 2012 650 rerum
2032 628 2187 650 novarum

1156 671 1313 710 studium,
1329 672 1476 711 quodque
1498 673 1702 705 seditionibus
1715 676 1958 717 delectarentur,
1974 679 2076 717 utqui
2094 678 2185 716 justi*

1157 729 1232 759 tiam
1248 730 1349 760 colere
1367 730 1548 770 legibusque
1571 740 1677 771 parere
1694 735 1865 772 nescirent,
1882 735 1967 774 quod
1991 736 2020 766 in
2040 736 2187 767 omnibus

1156 787 1282 818 vincere
1303 789 1429 819 vellent.
1450 790 1488 820 Et
1505 789 1572 820 liaec
1587 790 1714 829 quidem
1731 792 1886 823 Nicolaus.

1421 901 1449 937 E
1481 901 1647 939 LlBRIS
1677 902 1921 940 lNCERTIS.

1643 1016 1702 1046 97.

1198 1109 1367 1148 Hesiodus,
1395 1112 1576 1149 Hecataeus,
1607 1111 1806 1148 Hellanicus,
1832 1111 2014 1149 Acus-ilaus,
2038 1120 2094 1142 nec
2125 1121 2187 1142 nou

1158 1167 1300 1206 Ephorus
1324 1176 1361 1198 ac
1385 1168 1533 1199 Nicolaus
1553 1170 1673 1200 veteres
1698 1168 1772 1199 olim
1796 1168 1834 1199 ad
1862 1169 1947 1199 mille
1971 1178 2068 1200 anuos
2093 1169 2187 1199 vitam

1155 1225 1341 1264 produxisse
1358 1228 1458 1258 aiunt.

1643 1377 1702 1408 98.

1196 1464 1358 1495 Ἀκολασία
1392 1464 1589 1504 Thucydides
1619 1464 1717 1502 dixit,
1751 1465 1920 1495 ἀκολαστιά
1957 1473 2030 1495 vero
2063 1465 2167 1496 Alexis
2180 1490 2188 1503 ‚

1155 1523 1392 1554 ἀκολαστότατα
1413 1523 1613 1562 Aristoteles,
1631 1525 1662 1554 et
1679 1523 1906 1563 ἀκολαστότεραι
1921 1522 2002 1562 apud
2021 1523 2184 1554 Nicolaum

1154 1574 1276 1612 legitur.

1400 1819 1572 1875 VITA
1604 1818 1936 1875 CAESARIS-

1637 1962 1695 1993 99.

1310 2057 1374 2092 DF.
1404 2055 1629 2093 CAESARlS
1659 2054 1981 2093 INSTITUTION
1990 2056 2028 2091 E.

1197 2180 1279 2210 Huic
1304 2179 1371 2209 viro
1398 2188 1569 2217 cognomen
1596 2180 1738 2218 Auqzcsti
1768 2177 1799 2208 in
1822 2178 1948 2208 honoris
1970 2178 2184 2208 testiinonium

1153 2238 1390 2276 imposuerunt,
1411 2237 1598 2275 templisque
1621 2246 1691 2267 eum
1708 2239 1738 2267 et
1753 2235 1913 2266 sacrificiis
1930 2237 2119 2266 venerantur
2132 2244 2186 2274 per

1153 2296 1269 2326 insulas
1283 2294 1542 2334 continentesque
1555 2295 1681 2333 dispersi
1694 2295 1807 2333 ‚populi
1826 2295 1921 2333 atque
1936 2294 2090 2330 civitates,
2108 2294 2185 2324 utet

1152 2353 1288 2383 virtutes
1303 2353 1397 2392 ipsius
1412 2353 1565 2383 maximas
1581 2354 1611 2382 et
1623 2353 1737 2382 collata
1750 2353 1781 2382 in
1792 2361 1825 2382 se
1837 2351 1987 2382 benefitia
2002 2351 2183 2390 rependant.

1152 2412 1209 2442 Hic
1226 2412 1309 2441 enim
1334 2411 1384 2442 ille
1398 2413 1463 2450 est,
1482 2411 1536 2450 qui
1553 2411 1592 2441 ad
1613 2419 1775 2441 sumnum
1797 2412 1863 2441 tam
1889 2409 2064 2449 prudentiae
2089 2418 2184 2448 quarn

1152 2473 1300 2513 potentiae
1321 2473 1447 2504 culmen
1474 2474 1620 2512 evectus,
1637 2472 1777 2503 omnium
1791 2480 1870 2511 quos
1884 2472 2035 2502 memoria
2051 2471 2185 2510 comple—

1149 2536 1423 2566 ctiturliominum
1449 2535 1599 2565 latissime
1624 2534 1764 2574 regnavit
1786 2535 1818 2564 et
1839 2533 2026 2573 longissimis
2042 2532 2185 2563 terminis

1148 2601 1325 2630 Romanum
1341 2598 1435 2637 sepsit
1448 2598 1633 2636 imperium,
1651 2605 1687 2626 ac
1704 2595 1880 2626 firmissime
1904 2598 2088 2626 Graecorum
2109 2595 2183 2625 bar-

1148 2662 1363 2701 barorumque
1377 2670 1440 2691 non
1454 2661 1586 2700 populos
1603 2661 1725 2690 tantum
1740 2658 1794 2690 sed
1810 2658 1932 2689 animos
1948 2657 2043 2688 etiam
2057 2656 2114 2687 sibi
2127 2655 2183 2686 ad-

1145 2725 1273 2764 junxit,
1287 2724 1426 2763 primum
1441 2723 1569 2763 quidem
1584 2723 1695 2759 armis,
1714 2730 1789 2752 mox
1804 2729 1880 2751 vero
1895 2719 1989 2750 etiam
2003 2718 2089 2749 nulla
2108 2726 2184 2748 usus

1147 2786 1196 2824 vi,
1216 2785 1269 2816 sed
1284 2786 1426 2816 volentes
1438 2785 1646 2823 iubentesque
1664 2783 1702 2814 ιιι]
1719 2792 1752 2814 se
1766 2782 1925 2822 pelliciens
1936 2805 1945 2821 ,
1961 2789 2060 2820 quum
2072 2780 2182 2810 liuma-

1146 2849 1245 2879 nitate
1258 2847 1355 2886 magis
1372 2847 1465 2878 etiam
1481 2856 1576 2886 quam
1592 2846 1712 2876 viribus
1729 2845 1944 2882 inclaruisset,
1970 2843 2019 2874 vel
2039 2843 2076 2873 ils
2088 2842 2180 2873 obse-

1146 2912 1257 2950 quium
1270 2910 1446 2950 persuasit,
1463 2919 1600 2949 quorum
1615 2911 1707 2940 antea
1730 2917 1769 2939 ne
1789 2908 1915 2939 nomina
1932 2906 2059 2946 quidem
2082 2913 2180 2935 nove-

1148 2982 1274 3012 ramus,
1292 2973 1409 3013 quique
1431 2973 1548 3003 nullius
1572 2980 1712 3011 unquam
1732 2980 1786 3010 per
1811 2971 1973 3001 hominum
1995 2967 2179 2999 memoriam

1147 3033 1278 3073 imperio
1297 3031 1414 3063 subditi
1435 3031 1561 3062 fuerant
1579 3039 1585 3060 ε
1604 3038 1678 3060 narn
1695 3029 1773 3068 quot
1797 3027 1905 3067 populi
1925 3028 2010 3057 trans
2034 3026 2179 3056 Rhenum
2211 3026 2213 3029 '

54 3092 2177 3113 ffl—ffl———ffl-——ss

95 3146 145 3174 99.
175 3143 253 3174 Cod.
277 3145 354 3174 Tur.
366 3142 434 3182 sol.
460 3146 535 3180 160,
564 3146 630 3172 tr.
648 3144 779 3179 -162,

807 3143 844 3171 32
868 3149 900 3170 v.
921 3157 961 3164 —
982 3142 1018 3177 Ι,
1042 3142 1068 3169 1.
1093 3137 1211 3176 οὕτω]
1232 3146 1275 3168 sc.
1300 3135 1466 3167 Σεὸαστὸν.
1488 3137 1531 3166 V
1551 3137 1682 3166 Sueton.
1703 3135 1815 3164 Octav.
1837 3136 1876 3170 7;
1899 3131 1957 3162 Dio
1979 3132 2063 3161 Cass.
2090 3130 2176 3165 Llll

57 3192 106 3218 16.
129 3193 182 3228 18;
202 3191 293 3220 Oros.
311 3191 372 3228 vl,
393 3193 454 3228 20;
472 3188 636 3220 Censorin.
655 3189 693 3218 D.
710 3188 748 3217 N.
768 3191 826 3224 213
845 3186 938 3216 Ovid.
958 3187 1041 3216 Fast.
1060 3187 1091 3223 I,
1109 3187 1187 3221 587;
1206 3182 1334 3214 calend
1356 3183 1506 3213 praenest.
1524 3190 1573 3220 ap
1591 3181 1686 3211 Oiell.
1703 3182 1798 3211 insci.
1816 3181 1865 3216 ll,
1881 3188 1911 3217 p.
1932 3180 2004 3208 346.
2022 3179 2101 3211 3823
2117 3176 2173 3204 Fc-

55 3235 130 3266 riale
146 3237 325 3266 cumanum
346 3236 377 3266 in
390 3236 497 3265 Museo
513 3235 656 3265 Rlienan.
674 3235 752 3264 tom.
772 3234 834 3270 lV,
849 3241 879 3271 p.
896 3236 974 3270 6303
997 3232 1140 3262 Μοιιιιιιι.
1161 3234 1273 3269 Ancyr.
1290 3230 1350 3261 col.
1378 3233 1425 3260 18.
1441 3246 1481 3251 -
1502 3232 1530 3258 2.
1553 3228 1617 3258 διὰ
1637 3229 1678 3258 τὸ
1696 3227 1836 3266 μᾶὶλον
1857 3223 1932 3262 ἔτι]
1950 3223 1998 3253 διὰ
2016 3220 2127 3262 μᾶλλον
2144 3230 2172 3248 τι

54 3280 164 3311 codex.
179 3280 355 3312 Articulum
368 3280 487 3311 addidit
504 3281 664 3319 Valesius,
680 3291 706 3310 τι
721 3279 751 3309 ιιι
767 3280 809 3309 ἔτι
828 3279 992 3308 mutarunt
1008 3278 1143 3309 Orellius
1156 3281 1187 3308 et
1209 3279 1369 3316 commis,
1384 3276 1439 3315 qui
1456 3276 1499 3306 ita
1513 3274 1621 3305 dedit.
1636 3272 1814 3311 ποοσαγόμε
1816 3282 1874 3302 =m.-
1894 3271 1943 3300 διὰ
1960 3269 1991 3298 δὲ
2004 3268 2038 3297 τὸ
2060 3266 2171 3305 μᾶλλο

55 3326 96 3356 ἔτι
113 3328 175 3357 κτ).
198 3329 257 3358 Pro
270 3327 388 3364 ἔνδηλος
405 3327 534 3358 tortasse
552 3327 675 3363 ἔκδηλος
694 3326 785 3357 fuisse
802 3325 885 3357 idem
899 3325 1073 3363 suspicatur
1087 3326 1239 3354 Coimus
1255 3342 1294 3348 -
1309 3327 1336 3353 3
1354 3334 1395 3358 οη
1408 3322 1416 3361 l
1434 3324 1546 3359 (ξονον.
1558 3345 1565 3358 ,
1582 3321 1612 3351 δὲ
1629 3319 1736 3351 codex.
1758 3335 1799 3340 -
1812 3319 1841 3347 4.
1861 3318 1909 3355 ἣν
1917 3312 2066 3353 ερωσάμ
2074 3320 2174 3345 ενοι.
2173 3330 2174 3334 =
