2338 3765
999 127 1322 166 FRAGMENTA.

63 216 93 251 0’
111 212 262 281 ἱστορίας
277 212 377 249 αὐτον
397 210 429 262 [ἔ
431 226 494 262 ρι9;
496 211 509 260 ]
531 210 571 260 (3)
587 208 751 260 ε’λαὸεν,
737 223 853 259 επαινε
858 221 978 249 σαντος
993 209 1097 245 Νικο-

64 273 150 312 λάου
172 271 211 308 τὸ
241 276 386 324 πρᾶγμα
420 270 479 306 καὶ
510 266 783 304 πολιτικώτατον
809 269 896 302 εἰναι
923 264 1096 315 λέγοντος,

18 336 23 338 ’
66 344 239 382 χρησιμον
265 328 299 365 δὲ
321 328 379 365 καὶ
405 328 558 377 βασιλεῖ,
579 328 626 368 ὡς
654 325 696 362 τὰ
723 340 790 361 των
816 322 990 375 προτέρων
1013 322 1098 375 ἔργα

68 386 128 425 καὶ
153 385 321 438 πράξεις“
310 384 477 437 ιστοροίη.
502 382 644 422 Καιέπι
663 385 763 419 τοῦτο
789 380 965 432 ὃρμησας,
994 379 1100 431 προῦ-

67 447 169 497 τρεψε
182 443 242 481 καὶ
258 442 431 481 Νικόλαον
447 443 757 513 πραγματευθῆναι
774 455 818 476 τα
834 438 913 490 περὶ
931 438 1099 489 ἱστορίαν.

69 503 110 541 ‘0
129 501 163 540 δὲ
179 501 336 557 μείζονι’
322 499 435 554 εφέσει
455 500 483 549 (4
487 502 495 548 )
512 499 674 568 ὥρμησεν
689 497 744 534 ἐπὶ
757 497 795 534 τὸ
809 503 969 548 πρᾶγμα,
986 502 1101 533 πᾶσαν

68 560 227 619 ἀθροίσας
251 557 347 604 τὴν“
340 557 506 608 ιστορίαν,
530 556 638 606 μέγαν
668 571 705 592 τε
734 555 835 605 πόνον
866 552 1014 603 ὑποστὰς
1043 568 1102 591 και

71 621 139 668 οῖον
156 619 217 655 οὐκ
229 616 356 670 ἄλλος·
378 616 412 652 ἐν
429 615 549 668 πολλῶ
567 614 602 651 δε
621 613 734 665 χρόνω
749 604 979 672 φιλοπονήσας
999 610 1103 664 ἐξετέ-

333 673 427 724 ἔλεγέ
445 688 499 717 τε,
516 688 573 719 (ι9ς
580 687 699 709 τουτον
719 687 775 708 τον
792 673 853 708 ἀθλ
856 686 891 708 ον
914 662 1105 721 Εὐρυσθευς

71 735 100 770 εἷ
122 731 316 784 προῦτεινεν
337 730 533 782 ἹΙρακλεῒ,
555 729 727 783 σφόδρα
710 745 751 766 αν
776 728 876 765 αυτὸν
903 727 1104 779 ἀπέτρυσεν.

72 665 108 712 λε
114 690 170 712 σεν
188 674 310 721 αὐτὴν,

70 789 136 826 Ἐκ
156 789 275 827 τούτου
295 789 409 826 πλέων
427 789 472 830 εἷς
494 787 637 836 Ῥώμην
658 790 702 830 ὡς
732 786 897 836 Καίσαρα
926 784 1105 836 εΗρώδης,

78 848 226 898 ἐπήγετο
243 847 299 885 τὸν
317 847 489 886 Νικόλαον
506 848 590 896 ὁμοῧ
614 845 652 896 (6)
675 845 731 884 ἐπὶ
744 848 804 891 τῆς
820 846 922 890 αὐτῆς
936 842 1030 897 νηὸς,
1047 842 1106 879 καὶ

70 909 165 957 κοινῇ
187 904 420 958 ἐφιλοσόφουν.

574 979 608 1016 5.

123 1059 209 1112 ‘'QJt
231 1059 455 1111 ἐστράτευσεν
471 1058 527 1096 ἐπι
547 1057 608 1103 τὴν
627 1056 789 1110 ’ᾼραὸίαν
809 1055 969 1107 ‘Hpc'idrffi
987 1056 1107 1105 (1),οὐ

71 1119 252 1177 συνδοκουν
277 1117 447 1168 Καίσαρι,
474 1117 525 1169 ezp'
551 1121 598 1159 οἷς
618 1117 743 1157 ἐκεῖνος
767 1114 861 1166 ἠφίει
887 1114 1020 1166 φωνὰς,
1047 1129 1106 1150 και

70 1172 172 1231 ὀργὴν
188 1179 257 1231 ss?
275 1174 432 1226 χαλεπὴν
417 1177 494 1217 νεῖς
509 1190 566 1211 τον
582 1173 754 1225 ἹΙρώδ-ην,
770 1170 945 1225 ἐπεστειλέ
959 1188 996 1210 τε
1012 1173 1107 1208 αὐτῶ

74 1234 290 1306 πικρότατα,
311 1233 369 1270 καὶ
393 1248 470 1275 τους
489 1248 633 1279 ηκοντας
653 1231 735 1283 παρ’
762 1232 865 1268 αὐτοῦ
888 1230 962 1285 πρέ
938 1230 1046 1272 σοεις
1073 1230 1110 1266 οὐ

73 1307 163 1329 κατα
182 1291 309 1347 κόσμον
327 1290 518 1339 ἀπελυσεν·
535 1290 738 1342 ἀφικόμενος
755 1290 844 1330 δ’ὡς
863 1288 1025 1340 Καίσαρα
1047 1290 1111 1326 Νι-

73 1349 198 1393 κόλαος
217 1351 254 1386 οὖ
277 1349 378 1401 μόνον
401 1350 469 1386 τῶν
496 1347 726 1400 ἐγκλημάτων
747 1347 914 1399 ἐρρύσατο
939 1346 1112 1398 Ηρώοην,

29 1458 31 1460 Ι
75 1406 164 1444 ἀλλὰ
181 1407 240 1444 καὶ
231 1406 321 1467 ”Tim
339 1405 444 1463 ὂργην
466 1405 715 1458 ἀπέστρεψεν
701 1421 757 1444 επι
777 1421 854 1447 τους
882 1403 1107 1454 κατηγόρους.

71 1463 115 1502 ‘O
133 1464 194 1514 μὲν
213 1468 269 1503 οὖν
285 1457 435 1516 ”Αραψ”
414 1466 481 1516 ηδη
503 1464 693 1518 ετεθνῆκει,
714 1479 772 1500 του
795 1461 865 1500 δὲ
847 1465 1017 1508 οιοικητοῧ
1039 1460 1108 1509 ἤδη

71 1522 226 1576 κατέγνω
237 1522 425 1575 πεισθεις(2
429 1524 494 1575 )τῃ
507 1516 680 1561 Νικολάου
691 1520 894 1573 κατηγορία,
905 1519 1114 1571 καιῧστερον

70 1580 178 1633 εὑρων
195 1582 357 1620 κάκιστον
373 1581 581 1619 ἀπέκτεινεν.

127 1640 189 1679 Ἐν
220 1640 331 1677 τούτω
360 1639 395 1677 δε
423 1639 579 1691 εΗρωδου
608 1641 625 1676 ὃ
644 1643 734 1681 οἰκος
763 1636 936 1689 ἐταράχθη
963 1636 1019 1689 (a),
1053 1639 1110 1673 τοῦ

71 1713 136 1747 πρε
140 1697 311 1735 σὲυτάτου
339 1714 406 1735 των
436 1698 534 1734 υἱέων
558 1713 633 1740 τους
663 1697 737 1746 μετ’
767 1696 868 1733 αὐτὸν
903 1695 961 1732 δύο
988 1694 1114 1731 διαὸα-

73 1754 188 1797 λόντος
214 1757 260 1807 ὡς
293 1757 335 1805 (ι)
367 1755 649 1815 επιέουλεύοντας
681 1771 729 1791 τι)
759 1753 882 1824 πατρὶ,
916 1752 947 1790 οι
981 1769 1023 1803 τῃ
1053 1750 1114 1800 μὲν

73 1814 190 1866 ἡλικία
215 1814 287 1862 μετ’
309 1814 410 1851 αὐτὸν
431 1817 534 1864 ἦσαν,
556 1813 727 1862 ἀξιώματι
751 1813 784 1849 δε
812 1812 973 1863 πρότεροι
1002 1811 1056 1848 δια
1077 1826 1114 1847 το

74 1873 112 1909 ἐκ
148 1872 321 1922 βασιλίδος
346 1872 542 1923 γεγονέναι,
571 1872 628 1909 τὸν
662 1871 697 1909 δὲ
728 1871 761 1915 ἐξ
794 1870 959 1917 ἰδιώτιδος
998 1884 1114 1919 γυναι·

74 1930 132 1974 κός
153 1933 209 1981 (b).
241 1931 329 1983 Πρὶν
360 1929 394 1967 δὲ
413 1931 519 1968 ἐλθεῖν
547 1932 585 1968 ἐκ
599 1929 741 1978 εΡώμης
755 1929 948 1974 Νικόλαον,
967 1930 1000 1965 ἓν
1017 1942 1113 1984 συνε-

2118 132 2184 163 351

1161 217 1289 247 operam
1312 209 1487 247 dedissent,
1507 211 1633 249 repente
1654 219 1726 241 eum
1750 208 1958 250 percipiendae
1982 208 2121 240 historiae
2137 218 2192 239 cu-

1162 266 1234 304 pido
1257 266 1401 304 incessit,
1419 267 1547 298 Nicolao
1575 268 1633 297 lioc
1655 268 1832 298 studiorum
1857 276 1955 307 genus
1974 267 2191 306 collaudante,

1161 325 1255 362 atque
1267 333 1368 362 quum
1382 325 1421 354 ad
1436 325 1584 363 regendas
1598 325 1742 356 civitates
1756 327 1824 356 tum
1841 326 1879 356 ad
1895 326 2094 356 formandum
2109 326 2190 365 prin-

1162 381 1266 420 cipem
1291 381 1494 412 utilissimum
1517 383 1695 414 aslirmantc
1710 384 1772 414 lata
1790 393 1901 424 resque
1922 385 2022 423 gestas
2039 384 2194 423 majorum

1161 447 1358 478 cognoscere.
1387 441 1454 478 lpse
1469 439 1562 478 igitur
1576 440 1614 471 ad
1632 441 1691 471 hoc
1705 450 1737 471 se
1756 442 1912 480 accinxit,
1929 442 2084 482 simulque
2101 443 2194 474 Nico-

1162 496 1248 527 laum
1265 496 1434 535 excitavit,
1450 498 1485 527 ut
1498 497 1660 528 historiam
1673 499 1868 529 tractandam
1883 501 2062 539 susciperet.
2081 503 2108 531 ls
2122 509 2196 531 vero

1163 555 1282 594 majore
1299 556 1419 595 impetu
1437 565 1502 587 rem
1522 565 1683 596 aggressus
1709 567 1899 598 omnemque
1929 558 2067 598 undique
2098 558 2195 589 bisto-

1164 613 1242 644 riam
1256 613 1424 653 colligens,
1448 614 1591 645 immensi
1609 615 1722 646 laboris
1740 625 1818 655 opus
1839 617 1992 655 suscepit,
2008 616 2199 655 tandemque

1164 671 1339 702 incredibili
1365 672 1556 703 assiduitate·
1572 672 1724 711 absolvit,
1749 674 1908 705 confessus
1924 675 2151 713 Eurystheum,
2173 674 2197 705 si

1166 730 1224 760 lioc
1239 732 1396 761 certamen
1411 731 1622 770 proposuisset
1637 732 1775 770 Herculi,
1791 732 1879 762 illum
1893 734 2014 764 tantum
2030 742 2091 763 non
2107 733 2199 763 fuisse

1165 789 1384 819 enecaturum.
1404 790 1477 819 Post
1491 788 1558 819 baec
1577 788 1714 820 Herodes
1727 790 1844 820 visendi
1859 791 1990 821 Caesarisv
2006 800 2100 822 causa
2131 793 2198 822 Ro-

1167 854 1251 876 mam
1271 846 1421 885 navigans
1437 846 1601 878 Nicolaum
1621 855 1728 878 secum
1745 847 1854 878 eadem
1879 849 1950 879 navi
1972 849 2064 881 duxit
2080 851 2110 881 et
2127 858 2199 880 cum

1168 904 1221 935 illo
1240 904 1478 944 philosophatus
1490 906 1548 936 est.

1668 978 1702 1008 5.

1210 1066 1452 1106 Expeditionem
1480 1067 1512 1097 in
1539 1067 1684 1098 Arabiam
1711 1066 1851 1098 Herodes
1879 1068 2060 1107 susceperat
2085 1068 2203 1108 absque

1171 1123 1261 1154 venia
1278 1123 1410 1154 Caesaris
1420 1147 1428 1161 ,
1443 1123 1497 1163 qui
1511 1124 1677 1162 propterea
1688 1131 1781 1154 voces
1797 1122 1942 1153 mittebat
1958 1124 1989 1153 et
2004 1123 2205 1154 veliementer

1171 1178 1286 1210 Herodi
1300 1179 1504 1217 irascebatur,
1520 1178 1598 1209 adeo
1612 1179 1648 1209 ut
1662 1178 1758 1209 literis
1767 1178 1966 1209 acerbissima
1979 1179 2005 1209 ei
2020 1179 2206 1218 signiticaret

1172 1230 1302 1270 ejusque
1318 1231 1437 1267 legatos
1450 1238 1540 1261 secus
1556 1238 1654 1269 quam
1677 1229 1809 1260 decebat
1825 1229 2008 1260 dimitteret.
2034 1233 2115 1262 Tum
2133 1240 2206 1262 vero

1173 1283 1320 1314 Nicolaus
1333 1284 1465 1313 Romam
1480 1282 1639 1321 profectus
1655 1289 1717 1311 non
1737 1280 1831 1311 modo
1848 1281 2033 1312 criminibus
2049 1282 2206 1313 Herodem

1172 1334 1337 1371 liberavit,
1355 1334 1409 1364 sed
1426 1333 1505 1364 iram
1533 1333 1666 1364 Caesaris
1689 1331 1784 1363 etiam
1809 1332 1840 1362 in
1856 1334 2056 1363 accusatores
2080 1334 2205 1364 avertit.

1174 1386 1273 1417 Arabs
1293 1385 1449 1424 (Oboda)
1463 1383 1591 1424 quidem
1613 1383 1769 1422 tuncjam
1786 1384 1930 1414 mortuus
1947 1384 2040 1423 plecti
2065 1393 2127 1415 non
2150 1393 2208 1424 po·

1173 1438 1272 1476 terat,
1294 1445 1404 1467 verum
1430 1436 1668 1475 procuratorem
1694 1435 1763 1473 ejus
1784 1434 1984 1473 (Sylloeum)
2009 1437 2130 1474 Caesar,
2154 1444 2208 1466 ac-

1174 1489 1336 1520 cusatione
1361 1486 1479 1519 Nicolai
1497 1494 1680 1526 persuasus,
1695 1486 1760 1524 jam
1780 1486 2021 1525 condemnavit,
2048 1487 2079 1517 et
2101 1489 2208 1526 postea

1174 1549 1273 1580 quum
1287 1539 1392 1570 virum
1409 1537 1685 1570 sceleratissimum
1698 1537 1971 1577 deprehendisset,
1988 1537 2142 1577 supplicio
2161 1538 2208 1568 as-

1175 1591 1258 1623 fecit.

1215 1643 1338 1673 Interea
1351 1650 1400 1672 res
1410 1640 1592 1671 domesticae
1605 1639 1737 1671 Herodis
1746 1639 1883 1671 turbatae
1897 1640 1981 1670 sunt.
1995 1639 2118 1671 Etenim
2131 1640 2211 1670 lilius

1175 1701 1250 1730 natu
1267 1699 1424 1729 maximus
1436 1697 1651 1736 (Antipater)
1668 1698 1779 1728 fratres
1794 1697 1936 1736 juniores
1949 1697 2028 1729 duos
2043 1698 2209 1737 (Alexan-

1176 1757 1278 1787 drum
1294 1758 1327 1787 et
1340 1755 1604 1793 Aristobulum)‚
1620 1755 1673 1794 qui
1690 1755 1836 1794 quamvis
1851 1756 1944 1786 aetate
1962 1755 2122 1787 inferiores
2135 1780 2143 1795 ,
2160 1765 2209 1787 su·

1176 1815 1311 1854 periores
1334 1815 1441 1844 tamen
1463 1813 1582 1843 honore
1604 1814 1693 1844 eraut
1720 1814 1812 1851 (nam
1828 1813 1871 1843 illi
1887 1822 1903 1844 e
1930 1814 2035 1853 regina
2054 1814 2208 1853 suscepti,

1176 1874 1239 1912 ipse
1256 1881 1272 1903 e
1290 1872 1409 1912 plebeja
1423 1871 1556 1902 muliere
1572 1871 1696 1910 natus),
1721 1871 1986 1910 calumniabatur,
2002 1873 2037 1902 ut
2053 1872 2107 1911 qui
2131 1872 2209 1903 insi-

1175 1931 1241 1962 dias
1255 1931 1335 1970 patri
1355 1932 1513 1970 pararent.
1528 1930 1567 1961 Et
1580 1929 1709 1960 Nicolao
1728 1931 1828 1960 Roma
1847 1929 1989 1960 nondum
2003 1939 2128 1961 reverso
2139 1955 2147 1969 ‚
2159 1930 2210 1969 ju-

74 2058 114 2063 ——
129 2045 158 2071 3
175 2041 278 2081 ἔρως]
301 2041 396 2072 tacite
411 2041 680 2080 supplevitxocem
701 2040 854 2070 Valesius.
869 2058 908 2064 —
922 2040 951 2069 4.
979 2037 1129 2078 μείζονι
1154 2035 1293 2075 ἐφέσει]
1320 2035 1483 2075 μειζόνως
1476 2045 1518 2065 ετι
1535 2034 1703 2072 editiones,
1719 2035 1807 2064 etsie
1823 2034 1967 2073 primitus
1980 2034 2130 2073 scriptum
2145 2036 2212 2065 erat

74 2083 105 2117 in
122 2087 247 2127 codice;
262 2087 374 2118 deinde
390 2096 465 2119 vero
480 2088 539 2118 hoc
555 2089 731 2118 correctum
743 2086 806 2116 sic:
823 2097 858 2125 με
863 2086 988 2124 ιζώφεσε
976 2096 1012 2115 ι
1031 2085 1119 2114 Patet
1132 2083 1200 2113 hmo
1216 2082 1247 2112 in
1262 2082 1368 2112 codice
1383 2082 1549 2121 prototypo
1564 2080 1645 2111 male
1662 2083 1790 2111 exarata
1809 2081 1943 2111 scribam
1957 2081 2059 2119 legere
2073 2089 2135 2111 non
2152 2090 2210 2120 po-

74 2133 182 2165 tuisse
191 2151 232 2156 —
243 2137 271 2164 5.
282 2134 294 2164 ἐ
310 2134 429 2172 πήγετ
441 2133 468 2173 0]
481 2136 594 2172 Coray.
588 2157 608 2171 .‚
621 2134 713 2172 ἐπῆγε
701 2133 836 2163 ..codex
848 2149 888 2154 —
900 2136 930 2162 (3.
945 2129 1058 2169 ὁμου]
1075 2132 1101 2160 V
1104 2129 1233 2168 alesius;
1246 2130 1315 2167 ὁμοι
1318 2140 1358 2164 ως
1370 2128 1479 2159 codex.
1490 2130 1673 2158 —Romam
1686 2127 1844 2167 profectus
1856 2129 1903 2158 est
1917 2127 2068 2166 Herodes,
2083 2128 2118 2157 ut
2133 2128 2212 2159 filios

75 2187 92 2209 e
112 2180 287 2211 Mariamne
302 2181 465 2218 susceptos
479 2180 561 2219 apud
577 2181 734 2210 Caesarem
755 2179 927 2209 accusaret.
943 2175 1052 2207 Multis
1076 2184 1141 2206 rem
1157 2175 1285 2214 exponit
1301 2176 1456 2214 Josephns
1471 2177 1508 2205 A.
1524 2177 1553 2205 J.
1569 2176 1692 2212 XV1‚4
1704 2197 1712 2211 ‚
1730 2178 1804 2204 1—-5
1815 2197 1823 2211 ,
1842 2174 1916 2204 sort.
1934 2183 1973 2204 ex
1990 2174 2057 2213 ipso
2069 2174 2210 2205 Nicolao.

119 2231 149 2257 5.
177 2226 306 2257 Codicis
328 2226 576 2256 Escorz‘alensis
599 2226 715 2263 (Arm.
738 2226 784 2263 Ω,
804 2225 893 2264 plut.
921 2226 950 2261 l,
970 2232 1021 2254 no.
1052 2226 1098 2253 ll.
1113 2221 1200 2260 )fol.
1220 2224 1276 2260 74,
1304 2228 1315 2252 1
1345 2230 1374 2252 r.
1391 2238 1432 2243 —
1450 2224 1507 2259 75,
1529 2224 1568 2251 20
1591 2227 1620 2250 r.
1641 2237 1683 2242 -—
1702 2220 1826 2251 Titulus
1848 2222 2004 2259 excerptis
2029 2221 2212 2260 praemissus

78 2272 279 2311 legitur:'E½
292 2273 476 2312 τῆςὶστορ
489 2271 751 2308 ίαςΝικολάου
766 2273 1052 2310 Δαμασκηνοῦ.
1067 2268 1157 2308 Περὶ
1172 2268 1392 2298 ἐπιὸουλῶν
1407 2268 1503 2297 κατὰ
1518 2267 1713 2306 βασιλέων
1726 2270 2008 2305 γεγονυιῶν.-
2021 2270 2046 2297 l.
2062 2269 2106 2298 De
2120 2276 2212 2307 expe·

78 2318 196 2349 ditione
215 2317 347 2349 Arabica
368 2317 439 2349 vide
460 2319 588 2358 Joseph.
608 2321 642 2349 A.
663 2319 693 2349 J.
711 2320 804 2356 XVl,
825 2322 843 2349 9
856 2340 864 2354 ,
888 2321 896 2347 l
918 2326 965 2356 sq.
981 2317 1114 2356 Syllaeus
1134 2314 1249 2352 Arabs,
1271 2314 1394 2346 Obodae
1414 2314 1492 2353 regis
1510 2314 1696 2352 procurator
1711 2313 1885 2351 (διοικητὴς
1908 2322 1938 2343 n.
1966 2313 2002 2351 l.;
2020 2313 2157 2351 ἅπαντα,
2174 2315 2211 2344 τὰ

78 2366 176 2397 πολλὰ
192 2366 276 2404 αὐτῷ
292 2366 433 2404 διοικῶν,
451 2366 580 2405 Josepli.
598 2374 627 2397 c.
643 2368 679 2400 8,
695 2369 724 2395 6.
742 2370 778 2402 9,
797 2365 854 2402 1),
874 2364 1043 2394 Salmonen
1064 2369 1204 2393 sororem
1222 2362 1353 2392 Herodis
1366 2362 1397 2392 in
1412 2360 1650 2391 matrimonium
1664 2368 1794 2398 poscens
1814 2360 1970 2399 repulsam
1985 2360 2112 2391 tulerat.
2131 2362 2210 2392 Hine

77 2411 232 2443 simultas.
251 2413 363 2451 ltaque
376 2411 514 2442 latrones
526 2436 534 2451 ,
549 2421 630 2451 quos
648 2421 665 2444 e
677 2410 899 2442 Trachonitide
914 2409 1053 2441 Herodes
1075 2408 1226 2447 ejecerat,
1240 2408 1372 2446 Syllaeus
1388 2408 1418 2437 iu
1440 2406 1586 2438 Arabiam
1606 2406 1733 2444 recipit,
1751 2413 1867 2444 eosque
1880 2406 2008 2436 tradere
2026 2406 2141 2436 Herodi
2161 2415 2211 2437 re-

78 2460 186 2498 cusat;
201 2458 336 2497 denique
349 2459 513 2497 pecuniam
527 2482 535 2496 ‚
550 2468 644 2497 quam
663 2458 801 2491 Herodes
814 2466 868 2497 per
883 2465 996 2487 manus
1015 2456 1119 2495 Sylloei
1135 2455 1278 2485 mutuam
1295 2454 1416 2485 Obodae
1431 2453 1582 2491 dederat,
1598 2461 1662 2482 non
1677 2451 1788 2482 reddit.
1806 2452 1904 2491 Igitur
1925 2451 2064 2483 Herodes
2081 2452 2110 2483 in
2132 2455 2210 2483 Ara-

79 2504 163 2535 biam
176 2504 398 2544 proficiscitur,
413 2504 516 2535 locum
530 2505 562 2535 in
578 2514 673 2544 quem
687 2506 824 2536 latrones
839 2512 872 2534 se
886 2503 1067 2542 receperant
1085 2501 1186 2540 capit,
1201 2503 1296 2540 atque
1311 2501 1426 2532 Arabes
1440 2500 1477 2530 iis
1491 2499 1682 2538 opitulantes
1692 2523 1700 2536 ‚
1714 2498 1824 2537 viginti
1838 2498 1976 2537 circiter,
1991 2498 2118 2529 occidit.
2143 2499 2211 2538 Syl—

79 2550 158 2581 laeus
170 2559 207 2581 eo
223 2552 367 2589 tempore
380 2552 489 2583 Romae
503 2551 702 2582 versabatur.
721 2552 824 2582 Allato
846 2549 944 2580 cladis
956 2548 1068 2579 nuntio
1081 2571 1089 2585 ‚
1103 2546 1186 2587 apud
1210 2549 1387 2588 Augustum
1410 2546 1567 2578 Herodem
1587 2546 1733 2579 accusat.
1751 2544 1798 2576 bis
1813 2545 1897 2576 mille
1911 2545 2098 2584 quingentos
2110 2554 2128 2575 a
2142 2555 2212 2585 rege

80 2597 163 2628 mala
178 2596 239 2628 fide
251 2596 433 2627 interfectos
443 2605 508 2628 esse
521 2596 639 2629 dicens.
656 2601 725 2634 Qua
736 2606 769 2628 re
783 2597 883 2627 iratus
897 2597 1003 2627 Caesar
1015 2594 1121 2634 γράφει
1134 2593 1208 2633 πρὸς
1221 2596 1271 2626 τὸν
1284 2594 1424 2634 Ἡρώδην
1438 2593 1474 2623 τά
1487 2603 1519 2623 τε
1534 2592 1609 2623 ἄλλα
1620 2593 1760 2632 χαλεπῶς
1772 2593 1822 2621 καὶ
1835 2594 1926 2622 τοῦτο
1939 2595 1990 2628 τῆς
2007 2591 2167 2629 ἐπιστολῆς
2177 2595 2210 2626 τὸ

81 2642 255 2682 κεφάλαιον,
267 2643 312 2673 ὅτι
328 2643 422 2674 πάλαι
436 2644 593 2683 χρώμενος
605 2645 688 2684 αὐτῷ
702 2645 778 2684 φίλῳ
791 2669 799 2681 ,
810 2647 861 2674 νῦν
871 2642 1001 2682 ὑπηκόῳ
1015 2642 1160 2681 χρήσεται
1176 2646 1224 2683 (c.
1237 2646 1268 2680 9,
1285 2647 1300 2673 3
1313 2643 1360 2679 )...
1372 2641 1449 2671 Οὐδὲ
1465 2641 1641 2679 πέμψαντος
1656 2639 1749 2669 αὐτοῦ
1766 2638 1946 2679 (Herodem)
1961 2638 2123 2678 πρεσὸείαν
2138 2639 2211 2668 ἀπο·

79 2689 288 2728 λογησθμένην
301 2690 318 2718 ὁ
333 2690 455 2729 Καῖσαρ
476 2691 622 2730 ἠνέσχετο
633 2715 641 2729 ,
656 2691 746 2721 πάλιν
766 2691 797 2721 δὲ
807 2690 877 2724 τοὺς
891 2688 1086 2723 συνελθόντας
1102 2689 1274 2731 ἀπράκτους
1293 2688 1470 2726 ἀπέπεμψεν
1491 2687 1540 2725 (c.
1557 2689 1576 2717 9
1588 2710 1596 2725 ,
1615 2688 1633 2716 4
1644 2686 1665 2724 ).
1684 2687 1766 2716 Tum
1782 2684 1944 2724 trepidans
1964 2684 2103 2715 Herodes
2117 2684 2212 2715 mittit

80 2736 263 2773 Nicolaum3
278 2735 332 2775 qui
343 2736 502 2775 quomodo
516 2738 578 2776 regi
589 2738 778 2776 exprobrata
788 2736 932 2774 diluerit,
949 2736 1116 2774 ipsumque
1126 2737 1276 2776 Syllaeum
1287 2733 1501 2771 accusaverit,
1518 2733 1649 2771 exponit
1660 2732 1815 2771 Josephus
1829 2740 1856 2762 c.
1884 2735 1919 2762 10
1931 2755 1939 2770 ,
1955 2735 1971 2763 8
1988 2733 2038 2767 (v.
2063 2731 2142 2761 infra
2162 2731 2211 2761 Ni-

80 2782 159 2813 colai
175 2782 299 2821 fragm.)
314 2806 319 2812 .
335 2783 421 2813 Inter
433 2783 493 2813 alia
509 2783 656 2814 Nicolaus
666 2783 779 2822 syllaeo
791 2782 926 2821 objecit,
938 2780 1023 2820 quod
1037 2780 1181 2814 Obodam
1197 2790 1300 2822 regem
1314 2789 1436 2811 veneno
1451 2779 1702 2810 interficiendum
1723 2780 1862 2809 curasset
1879 2780 1887 2817 (
1901 2784 1935 2810 10
1946 2803 1954 2817 ‚
1970 2784 1987 2810 8
1999 2803 2006 2816 ,
2022 2779 2094 2809 coll.
2110 2782 2147 2816 9,
2163 2781 2179 2808 4
2192 2779 2211 2815 ).

79 2827 128 2859 Ad
140 2828 201 2858 hoc
217 2828 380 2859 referenda
392 2830 466 2859 sunt
482 2830 589 2860 nostra
606 2842 613 2860 :
633 2830 671 2860 ‘O
686 2830 738 2869 μὲν
756 2829 808 2859 οὖν
822 2828 916 2868 Ἄραψ
933 2828 990 2864 ἤδη
1010 2827 1179 2868 ἐτεθνήκει,
1193 2830 1246 2869 qui
1258 2837 1379 2868 pannus
1395 2828 1442 2857 est
1457 2826 1642 2856 narrationis
1655 2825 1738 2856 male
1751 2827 1936 2856 contractae.
1952 2825 2073 2856 Dixisse
2087 2824 2212 2855 videtur

80 2874 227 2906 Nicolaus
244 2876 402 2906 Caesarem
418 2874 449 2904 in
464 2875 566 2914 ipsum
581 2875 724 2906 Obodam
745 2874 1039 2906 animadversurum
1063 2874 1174 2914 fuisse,
1198 2876 1256 2906 nisi
1282 2874 1416 2912 istejam
1437 2873 1542 2911 Syllaei
1571 2871 1688 2903 insidiis
1706 2871 1856 2911 periisset.
1878 2872 1993 2902 Audita
2012 2871 2209 2910 defensione,

81 2922 122 2956 εἷς
134 2923 225 2951 τοῦτο
238 2921 371 2957 κατέστη
387 2922 506 2961 Καῖσαρ
518 2944 526 2959 ,
540 2923 580 2956 ὡς
599 2924 653 2951 τοῦ
673 2922 726 2961 μὲν
742 2921 889 2951 Συλλαίου
909 2925 1105 2960 καταγνῶναι
1119 2921 1259 2959 θάνατον,
1269 2920 1389 2960 Ἡρώδη
1403 2919 1434 2949 δὲ
1451 2918 1700 2955 διαλλάττεσθαι,
1718 2917 1877 2957 μετάνοιαν
1894 2918 1939 2957 ἐφ’
1959 2918 2002 2953 οἷς
2020 2918 2053 2948 ἐκ
2070 2917 2211 2951 διαὸολῆς

83 2967 257 3007 πικρότερον
271 2968 399 3008 ἔγραψεν
414 2968 498 3007 αὐτῷ
512 2968 520 3006 (
532 2969 573 2999 cf.
589 2976 620 2998 n.
642 2968 663 2998 l.
678 2977 686 2998 :
707 2968 876 2998 ἐπέστειλεν
887 2967 971 3006 αὐτῷ
986 2968 1174 3008 πικρότατα)
1190 2968 1347 3002 πεπονθὼς
1357 2990 1364 3004 ,
1380 2966 1432 2996 καί
1446 2976 1472 2995 τι
1491 2968 1627 2996 τοιοῦτον
1639 2966 1732 2995 εἰπεῖν
1743 2966 1783 2999 εἰς
1794 2965 1844 2994 τὸν
1864 2965 2007 2995 Συλλαῖον
2021 2965 2061 2999 ὡς
2075 2961 2210 3000 ἀναγκά-

85 3021 164 3041 σειεν
181 3014 271 3044 αὐτὸν
287 3015 392 3054 ψευδεῖ
404 3013 488 3054 λόγῳ
502 3015 576 3054 πρὸς
594 3014 687 3054 ἄνδρα
705 3015 789 3053 φίλον
805 3014 1034 3052 ἀγνωμονῆσαι.
1051 3016 1093 3045 Τὸ
1108 3016 1138 3045 δὲ
1153 3016 1290 3054 σύμπαν,
1305 3016 1321 3045 ὁ
1336 3014 1388 3053 μὲν
1404 3014 1547 3047 Συλλαῖος
1561 3011 1828 3052 ἀνεπέμπετο,τὰς
1839 3010 1928 3044 δίκας
1940 3012 1991 3042 καὶ
2004 3011 2042 3041 τὰ
2062 3011 2136 3050 χρέα
2149 3011 2211 3043 τοῖς

84 3058 287 3088 δεδανεικόσιν
303 3061 486 3099 ἀποδώσων,
503 3061 556 3091 εἶτ’
573 3061 654 3091 οὕτω
671 3061 935 3099 κολασθησόμενος
960 3060 1006 3098 (c.
1029 3066 1083 3098 10,
1101 3063 1154 3098 9).
1176 3063 1216 3093 At
1243 3061 1375 3100 Syllaeus
1394 3059 1471 3089 nihil
1490 3059 1564 3090 fecit
1589 3067 1698 3089 eorum
1716 3067 1789 3098 quae
1806 3060 1910 3089 Cacsar
1930 3057 2153 3096 imperaverat,
2179 3055 2211 3084 et

86 3106 193 3143 postea
209 3105 304 3135 etiam
321 3107 411 3136 novis
424 3107 606 3138 criminibus
617 3108 657 3137 ab
677 3109 767 3137 Areta
782 3109 813 3137 et
832 3107 994 3146 Antipatro
1006 3108 1090 3147 apud
1108 3110 1282 3146 Anonstum
1297 3108 1463 3137 accusatus
1481 3108 1527 3137 est
1544 3107 1604 3145 (A.
1619 3108 1648 3137 J.
1665 3106 1769 3142 XVll,
1790 3109 1823 3141 3,
1839 3109 1873 3141 2;
1890 3106 1923 3135 B.
1941 3106 1971 3135 J.
1985 3106 2013 3142 1,
2032 3106 2087 3139 29,
2105 3103 2155 3139 3)
2177 3100 2208 3130 ld

87 3152 193 3181 nostro
209 3151 279 3182 loco
298 3151 456 3183 indicatur
479 3153 606 3184 verbis:
631 3155 682 3184 καὶ
697 3154 822 3194 ὕστερον
837 3155 931 3193 εὑρὼν
946 3153 1102 3184 κάκιστον.
1120 3156 1261 3193 Denique
1274 3154 1426 3193 supplicio
1442 3153 1593 3192 Syllaeum
1607 3152 1757 3182 affectum
1771 3160 1855 3186 esse,
1874 3150 1903 3180 id
1920 3159 1937 3180 e
1959 3151 2065 3179 nostro
2081 3147 2209 3177 demum

87 3195 261 3235 fragmento
277 3197 438 3230 discimus.
457 3219 496 3225 —
513 3204 541 3231 2.
557 3202 731 3239 κατέγνω
748 3200 936 3239 πεισθεὶς]
952 3202 1217 3236 κατεγνωτεισθεῖς
1234 3200 1348 3231 codex,
1362 3217 1403 3222 —-
1420 3205 1449 3230 3
1469 3199 1516 3230 Cf
1536 3198 1692 3238 Josephus
1715 3201 1750 3228 Α
1769 3200 1801 3228 J.
1819 3199 1902 3234 xvi,
1925 3200 1978 3232 10,
1998 3200 2035 3226 ι·
2054 3192 2208 3228 Ἐξετετά-

89 3250 181 3281 ρακτο
195 3243 226 3273 δὲ
241 3244 277 3273 τὰ
291 3245 357 3283 περὶ
371 3246 424 3282 τήν
439 3246 538 3276 οἰκίαν
553 3257 604 3276 και
618 3247 687 3281 τοὺς
703 3247 814 3281 παῖδας
828 3247 911 3284 αὐτῳ
926 3247 1003 3276 πολὺ
1017 3250 1116 3286 χεῖρον
1131 3248 1286 3288 ἐσχηκότα
1299 3258 1379 3277 κατα
1390 3248 1440 3277 τὸν
1455 3247 1559 3285 καιρὸν
1570 3246 1694 3276 ἐκεῖνον.
1708 3245 1761 3276 Rei
1776 3243 2002 3282 expositionem
2014 3239 2115 3279 apud
2108 3247 2208 3278 ipsum

86 3285 167 3327 legas
190 3290 375 3329 Joseplium.
389 3308 429 3313 -
447 3295 476 3323 ι.
502 3292 559 3333 ὡς]
578 3301 686 3323 xocem
700 3293 855 3332 suppleti.
876 3296 908 3323 ln
924 3295 1026 3323 antec.
1043 3295 1146 3324 codex
1165 3294 1237 3324 δύω.
1254 3310 1294 3314 -
1312 3297 1340 3322 Γ.)
1361 3291 1576 3330 ἰδιώτιδος]
1591 3300 1636 3321 sc.
1661 3299 1677 3321 e
1693 3289 1816 3321 Doride.
1840 3291 1911 3319 Jos«
1914 3288 1964 3327 pli.
1987 3287 2207 3323 xlv,12,1·
