2289 3728
953 119 1274 158 FRAGMENTA.

108 207 271 243 Dubium
292 207 448 240 maxime
469 212 521 239 est
550 211 648 239 recte
671 205 744 239 hmo
770 204 980 238 Alexandro
1009 206 1077 239 Mi·-

58 267 144 300 lvsio
171 273 296 300 nostro
328 263 528 306 vindicari,
559 261 865 309 quandoquidem
893 262 1081 296 Fabricius

59 323 172 370 (Bibl.
187 324 250 359 Gr.
272 324 344 366 111,
362 335 399 369 p.
425 321 491 367 56)
507 332 633 356 versus
656 321 738 354 illos
757 321 794 353 in
818 320 900 354 Mss.
921 319 1079 354 adscribi

56 381 146 415 dicit
163 380 375 416 Alexandro
394 377 533 420 sEtolo,
551 389 595 412 ex
611 376 712 422 cujus
731 376 842 411 Musis
859 377 991 422 petitos
1007 389 1081 411 esse

56 439 261 484 suspicatur
275 444 363 472 tom.
380 437 431 481 Π,
446 448 485 482 p.
507 434 592 469 283.
610 436 877 480 Argumentum
888 432 1081 480 fragmenti

56 496 195 541 optime
228 494 372 529 caderet
413 494 451 527 in
481 491 731 527 Alexandrum
765 491 980 537 Ephesium,
1018 491 1082 536 qui

56 553 215 587 carmine
231 554 286 586 De
301 551 411 586 rebus
434 550 642 585 coelestibus
657 549 814 595 scripsit.
838 549 901 583 Sin
915 549 1083 582 Milesius

55 610 115 644 ille
123 611 274 657 vulgatae
283 616 380 644 recte
390 608 515 652 habet,
526 606 758 642 statuendum
768 606 864 641 foret
874 607 1082 654 apposuisse

55 667 306 702 Alexandrum
319 678 443 700 versus
467 665 590 700 nescio
604 664 707 711 cujus
722 665 890 699 auctoris.

530 761 611 799 141.

107 850 289 898 Diogenes
304 851 345 885 L.
357 851 406 894 II,
424 861 483 896 19,
500 849 544 884 de
563 849 734 884 Socrate:
754 845 916 888 Ἀκούσας
930 846 964 881 δὲ
986 845 1083 882 Ἀνα-

56 904 198 956 ξαγόρου
218 905 307 943 κατά
328 921 438 952 τινας,
457 904 546 942 ἀλλὰ
575 904 634 941 καὶ
656 904 838 953 Δάμωνος,
855 905 900 945 ὡς
926 902 1080 945 Ἀλέξαν-

56 964 132 1015 δρος
151 964 185 1000 ἐν
211 964 416 1014 Διαδοχαῖς,
438 963 526 1011 μετὰ
545 962 606 1007 τὴν
637 961 765 1000 ἐκείνου
792 960 979 1006 καταδίκην
1006 959 1081 1005 διή-

56 1036 174 1059 κουσεν
189 1020 375 1073 Ἀρχελάου
400 1024 460 1058 τοῧ
487 1023 643 1072 φυσικοῦ.

529 1119 614 1156 142.

109 1207 214 1242 Idem
233 1208 282 1251 II,
307 1207 376 1243 106
397 1219 404 1242 ε
427 1204 616 1251 Εὐκλείδης
631 1203 698 1241 ἀπὸ
716 1202 889 1255 Μεγάρων
909 1205 975 1240 τῶν
1002 1203 1084 1255 πρὸς

58 1261 206 1314 Ἰσθμῷ,
222 1262 243 1308 ἢ
262 1264 394 1306 Γελῶος
413 1265 489 1300 κατ’
508 1261 629 1308 ἐνίους,
641 1262 686 1304 ὥς
702 1276 801 1312 φησιν
819 1259 1036 1311 Ἀλέξανδρος
1051 1263 1084 1298 ἐν

56 1322 254 1374 Διαδοχαῖς.

527 1393 611 1436 143,

110 1479 214 1515 Idem
228 1481 298 1528 ΙΙΙ,
314 1484 352 1527 4,
369 1480 416 1515 de
427 1480 576 1515 Platone
592 1492 599 1514 t
617 1476 688 1516 Καὶ
702 1476 885 1523 ἐπαιδεύθη
900 1477 961 1526 μὲν
973 1476 1085 1528 γράμ-

58 1550 152 1584 ματα
171 1534 267 1586 παρὰ
287 1535 476 1587 Διονυσίῳ,
497 1531 535 1574 οῧ
555 1535 613 1573 καὶ
634 1535 838 1585 μνημονεύει
858 1536 891 1572 ἐν
910 1539 979 1577 τοῖς
1007 1534 1085 1573 Ἁν-

57 1599 255 1645 τερασταῖς·
276 1593 492 1643 ἐγυμνάσατο
516 1593 551 1631 δὲ
570 1596 654 1646 παρ’
682 1594 859 1646 Ἀρίστωνι
874 1594 923 1643 τῷ
946 1592 1086 1645 Ἀργείῳ
1135 1620 1137 1623 -

57 1653 254 1702 παλαιστῇ·
284 1652 341 1703 ἀφ’
362 1655 399 1689 οὑ
419 1652 477 1689 καὶ
494 1652 645 1691 Πλάτων
670 1651 725 1689 διὰ
745 1651 806 1697 τὴν
827 1649 955 1694 εὐεξίαν
973 1665 1086 1700 μετω-

58 1708 209 1758 νομάσθη
222 1738 231 1755 ,
263 1709 425 1761 πρότερον
455 1710 675 1761 Ἀριστοκλῆς
695 1708 762 1746 ἀπὸ
780 1712 839 1746 τοῦ
856 1708 1002 1746 πάππου
1019 1723 1086 1745 κα-

59 1766 219 1816 λούμενος
244 1766 398 1818 [ὄνομα]
413 1796 424 1817 ,
445 1767 534 1805 καθά
553 1783 654 1819 φησιν
674 1766 888 1818 Ἀλέξανδρος
906 1767 939 1803 ἐν
963 1767 1086 1804 Διαδο-

58 1840 148 1875 χαις.

111 1884 215 1919 Idem
230 1885 300 1928 III,
319 1882 339 1918 5
361 1896 370 1918 z
393 1881 614 1935 Ἐφιλοσόφει
633 1882 667 1920 δὲ
693 1883 754 1928 τὴν
786 1882 897 1934 ἀρχὴν
929 1883 961 1919 ἐν
985 1882 1083 1920 Ἀκα-

60 1939 186 1990 δημίᾳ,
206 1933 280 1977 εἶτα
300 1941 333 1976 ἐν
364 1942 413 1992 τῷ
444 1940 547 1992 κήπῳ
576 1943 624 1992 τῷ
642 1940 737 1993 παρὰ
767 1940 822 1978 τὸν
851 1939 1024 1987 Κολωνὸν,
1043 1939 1088 1983 ὥς

59 2012 160 2048 φησιν
180 1997 394 2049 Ἀλέξανδρος
414 1999 447 2034 ἐν
463 1998 648 2049 Διαδοχαῖς
675 1997 750 2035 καθ’
767 1997 1007 2049 Ἡράκλειτον.

528 2089 613 2127 144.

111 2173 215 2208 Idem
248 2174 319 2216 IV,
341 2172 388 2207 62
410 2183 418 2209 ζ
443 2170 657 2222 Καρνεάδης,
687 2170 889 2220 Ἐπικώμου
921 2170 942 2216 ἢ
977 2172 1086 2209 Φιλο-

59 2228 188 2277 κώμου,
207 2230 251 2271 ὡς
264 2227 479 2279 Ἀλέξανδρος
502 2229 537 2265 ἐν
556 2229 762 2279 Διαδοχαῖς,
787 2230 991 2280 Κυρηναῖος.

527 2316 610 2359 145.

112 2403 217 2438 Idem
238 2405 318 2448 VII,
344 2416 415 2451 179
436 2414 445 2440 ε
472 2401 700 2453 Χρύσιππος,
733 2401 979 2448 Ἀπολλωνίου,
1016 2404 1088 2440 Σο-

100 2571 244 2601 Socrates
265 2579 366 2609 quum
386 2573 578 2610 Anaxagorae
597 2570 771 2601 secundum
791 2570 945 2609 quosdam
960 2571 1087 2601 auditor

61 2619 168 2651 suisset
178 2644 186 2658 ‚
201 2622 233 2651 et
247 2621 395 2651 Damonis
407 2629 534 2660 quoque
545 2644 553 2659 ,
573 2622 609 2651 ut
633 2621 811 2652 Alexander
828 2622 859 2651 in
878 2621 1085 2652 successioni-

61 2671 120 2702 bus
144 2671 205 2710 ait,
244 2672 314 2710 post
343 2671 426 2702 illius
457 2671 751 2702 condemnationem
777 2671 817 2702 ad
843 2672 1034 2703 Archelaum
1055 2681 1087 2704 se

61 2722 224 2762 physicum
237 2721 381 2752 contulit.

531 2777 611 2808 142.

101 2831 248 2862 Euclides
268 2832 361 2862 natus
377 2831 509 2870 Megaris
531 2830 615 2870 apud
634 2831 811 2869 Isthmum,
835 2831 899 2862 sive
912 2831 1086 2862 secundum

61 2881 212 2921 quosdam
227 2882 362 2920 Gelous‚
380 2882 415 2913 ut
431 2881 463 2912 in
477 2881 735 2913 successionibus
750 2880 847 2912 tradit
863 2881 1050 2912 Alexander.

530 2936 610 2967 143.

103 2990 221 3021 Literas
238 2989 326 3020 Plato
341 2988 452 3019 didicit
465 2989 549 3028 apud
564 2988 747 3028 Dionysium
761 3011 768 3026 ,
789 2987 880 3026 cujus
896 2989 926 3018 et
943 2987 975 3019 in
987 2990 1084 3020 Ante-

63 3041 153 3073 rastis
167 3041 321 3072 meminit.
341 3040 602 3081 Exercitatusque
627 3042 675 3072 est
701 3040 786 3080 apud
799 3041 973 3072 Aristonem
1002 3040 1086 3080 Argi-

64 3101 138 3122 vum
153 3092 337 3123 luctationis
353 3092 555 3131 magistrum,
577 3100 595 3122 a
612 3100 677 3131 quo
702 3093 733 3122 et
750 3092 841 3122 Plato
854 3092 982 3130 propter
1000 3100 1086 3130 egre-

62 3144 147 3182 gium
181 3144 321 3183 corporis
345 3143 488 3174 habitum
510 3143 746 3183 cognominatus
772 3144 838 3182 est,
867 3152 966 3182 quum
1000 3143 1087 3182 prius

63 3194 230 3225 Aristocles
243 3203 280 3225 ex
296 3194 346 3224 avi
365 3194 492 3225 nomine
505 3195 636 3225 vocatus
650 3195 730 3225 esset
744 3218 752 3231 ,
768 3195 803 3225 ut
819 3194 850 3224 in
875 3194 1086 3225 successioni-

63 3244 121 3275 bus
130 3244 224 3285 ti·adit
240 3244 426 3276 Alexander.

2090 129 2162 160 213

1140 204 1246 250 λεὺςῆ
1260 206 1430 256 Ταρσεὺς,
1448 209 1490 250 ὡς
1512 207 1723 259 Ἀλέξανδρος
1742 209 1773 245 ἐν
1792 208 1988 257 Διαδοχαῖς,
2001 207 2158 256 μαθητὴς

1143 263 1347 305 ΚλεάνΟους.

1614 319 1698 361 146.

1194 394 1299 430 Idem
1318 396 1388 441 IX,
1410 395 1453 429 61
1472 422 1481 439 ,
1508 396 1554 431 dc
1571 398 1763 443 Pyrrhone
1782 410 1789 432 :
1812 393 1964 434 Ἤκουσε
1992 396 2168 446 Βρύσωνος

1141 452 1200 485 τοῦ
1216 449 1423 496 Ᾱτίλπωνος,
1438 452 1482 492 ὡς
1498 451 1713 503 Ἀλέξανδρος
1727 455 1759 490 ἐν
1774 455 1974 503 Διαδοχαῖς,
1989 448 2048 490 εἶτ’
2066 453 2166 491 Ἀνα-

1146 505 1260 557 ξάρχῳ
1282 506 1531 550 ξυνακολουθῶν
1551 513 1752 559 πανταχοῦ,
1774 512 1819 553 ὡς
1847 512 1906 547 καὶ
1931 514 2000 553 τοῖς
2030 513 2168 560 Γυμνο-

1143 570 1318 615 σοφισταῖς
1338 565 1371 601 ἐν
1391 563 1495 616 Ἰνδίᾳ
1517 565 1684 615 συμμῖξαι
1701 567 1758 604 καὶ
1778 573 1847 610 τοῖς
1866 568 2009 618 Μάγοις.

1354 673 1651 710 ΘΑΥΜΑΣΙΩΝ
1681 674 1959 713 ΣΥΝΑΓΩΓΗ.

1195 761 1459 795 Testimonium
1479 760 1524 795 de
1541 760 1612 794 hoc
1630 760 1728 795 libro
1746 769 1859 797 exstat
1879 763 1978 809 apud
2000 764 2170 798 photium

1145 820 1181 854 in
1204 819 1298 855 Bibl.
1320 818 1404 854 cod.
1431 816 1501 852 158
1524 831 1532 852 ;

1197 873 1405 923 Ἀνεγνώσθη
1426 873 1644 925 Ἀλεξάνδρου
1655 874 1870 923 Θαυμασίων
1886 876 2081 925 συναγωγή.
2100 876 2148 914 Αέ
2161 898 2171 904 -

1143 947 1195 981 γει
1227 931 1287 980 μὲν
1316 933 1349 968 ἐν
1377 933 1426 983 τῷ
1459 930 1581 982 βιῧλίῳ
1610 931 1721 968 πολλὰ
1744 932 1920 983 τερατώδη
1941 933 1999 969 καὶ
2023 934 2169 979 ἄπιστα,

1144 988 1234 1035 πλὴν
1253 989 1376 1032 ἄλλους
1391 991 1458 1026 τῶν
1472 990 1532 1026 οὐκ
1546 991 1682 1040 ἀφανῶν
1700 989 1829 1038 εἰσάγει
1845 992 1952 1026 ταῦτα
1968 991 2171 1041 προϊστορη-

1145 1062 1282 1088 σαντας.
1307 1046 1409 1097 Λέγει
1435 1047 1470 1084 δὲ
1499 1047 1578 1098 περί
1597 1062 1633 1083 τε
1651 1046 1745 1098 ζῴων
1767 1045 1824 1083 καὶ
1842 1047 1953 1098 φυτῶν
1974 1046 2032 1083 καὶ
2050 1050 2172 1098 χωρῶν

1145 1120 1243 1141 τινων
1271 1104 1330 1142 καὶ
1349 1107 1514 1154 ποταμῶν
1540 1104 1599 1142 καὶ
1623 1106 1756 1155 κρηνῶν
1776 1103 1835 1141 καὶ
1859 1106 2009 1155 βοτανῶν
2029 1105 2087 1141 καὶ
2107 1107 2172 1141 τῶν

1145 1161 1319 1201 τοιούτων.
1344 1162 1463 1215 Σαφὴς
1483 1161 1518 1199 δὲ
1543 1162 1605 1208 τὴν
1625 1161 1749 1214 φράσιν
1769 1161 1828 1199 καὶ
1847 1161 2083 1214 κεφαλαιώδης
2102 1162 2175 1199 ἐστὶ

1146 1220 1204 1257 καὶ
1221 1219 1298 1258 οὐδὲ
1314 1225 1372 1258 τοῦ
1394 1219 1491 1266 ἡδέος
1511 1218 1798 1270 ἀπεστερημένος.

1199 1280 1256 1317 Cf.
1273 1280 1357 1318 cod.
1377 1280 1462 1328 189,
1478 1293 1517 1328 po
1538 1280 1623 1323 146,
1636 1279 1910 1316 a.—Eundem
1924 1278 2177 1314 Alexandrum

1146 1338 1367 1373 intellexerit
1385 1339 1530 1373 Tzetzes
1556 1338 1649 1372 Hist.
1666 1338 1756 1380 VII,
1780 1336 1868 1381 647,
1896 1336 1962 1370 ubi
1980 1348 2065 1371 eum
2081 1337 2177 1370 inter

1146 1396 1343 1442 scriptores
1371 1403 1538 1431 recenset
1561 1407 1688 1430 rerum
1715 1395 1941 1429 mirabilium
1969 1394 2173 1429 amantissi-

1145 1465 1242 1498 mos,
1260 1453 1436 1498 Ctesiam‚
1465 1454 1672 1489 Iambulum
1687 1480 1697 1498 ,
1718 1453 1927 1501 Rigonum,
1948 1452 2178 1500 Rheginum,

1146 1511 1356 1558 Sotionem,
1376 1512 1478 1548 alios.
1921 1508 1931 1517 “

1398 1603 1426 1636 Ε
1454 1601 1665 1637 SCRIPTIS
1697 1601 1931 1637 INCERTIS.

1624 1674 1708 1715 147.

1200 1751 1337 1785 Plinius
1365 1752 1412 1786 H.
1432 1752 1477 1786 N.
1501 1751 1614 1795 XIII,
1635 1749 1682 1798 39
1711 1762 1719 1784 :
1743 1750 1961 1784 Alexander
1988 1749 2179 1791 Cornelias

1147 1806 1310 1843 arborem
1324 1821 1448 1843 eonem
1459 1810 1673 1856 appellavit,
1691 1820 1739 1842 ex
1755 1805 1945 1854 quafacta
1958 1815 2050 1841 esset
2060 1808 2173 1853 Argo,

1145 1867 1299 1900 similem
1319 1867 1438 1901 robori
1458 1869 1595 1902 viscum
1605 1863 1763 1911 ferenti,
1799 1878 1881 1911 quoe
1907 1878 1973 1899 nec
1997 1878 2094 1912 aqua
2114 1878 2180 1899 nec

1148 1927 1232 1971 igne
1246 1932 1371 1971 posset
1386 1927 1581 1971 corrumpi,
1606 1926 1709 1957 sicuti
1732 1935 1796 1957 nec
1816 1926 1955 1957 viscum
1977 1936 1988 1956 .·
2007 1924 2099 1957 nulli
2109 1925 2180 1957 alii

1147 1985 1345 2028 cognitum,
1365 1982 1463 2028 quod
1479 1982 1645 2028 equidem
1666 1984 1792 2015 sciam.

1626 2061 1709 2104 148.

1201 2137 1306 2172 Idem
1334 2138 1439 2181 XVI,
1468 2138 1515 2172 6:
1539 2139 1757 2171 Dulcissima
1776 2140 1934 2171 ommam
1960 2135 2028 2183 (sc.
2056 2135 2175 2184 glans)

1138 2192 1231 2241 sagi
1243 2220 1252 2237 ‚
1271 2202 1310 2228 ut
1324 2206 1397 2240 qua
1407 2195 1568 2241 ,obsessos
1586 2198 1695 2229 etiam
1711 2194 1875 2228 homines
1890 2194 2037 2228 durasse
2051 2197 2088 2228 in
2108 2206 2177 2241 ομ-

1145 2252 1236 2298 pido
1254 2250 1348 2286 Clzio
1368 2252 1491 2286 tradat
1510 2251 1695 2286 Cornelius
1714 2252 1939 2288 Alexander.

1622 2336 1708 2379 149.

1202 2405 1305 2441 Idem
1322 2407 1396 2450 IX,
1418 2406 1464 2442 56
1483 2419 1491 2441 ε
1510 2408 1588 2442 Nec
1604 2410 1642 2441 ιἰῑ
1661 2408 1877 2442 Acarnania
1895 2414 2015 2441 autem
2033 2406 2177 2440 laudati

1195 2516 1412 2555 Philosophari
1425 2516 1512 2547 Plato
1526 2516 1621 2555 coepit
1634 2516 1665 2548 in
1679 2515 1863 2554 Academia;
1878 2514 1949 2545 inde
1962 2524 1994 2545 se
2008 2515 2038 2545 in
2050 2515 2176 2545 hortum

1148 2567 1201 2606 qui
1218 2567 1310 2606 juxta
1328 2568 1484 2599 Colonum
1506 2570 1553 2599 est
1569 2569 1722 2607 contulit,
1741 2570 1777 2599 ut
1796 2567 1972 2599 Alexander
1997 2567 2027 2598 in
2049 2569 2175 2598 Succes-

1147 2617 1284 2650 sionibus
1294 2619 1434 2658 scripsit,
1447 2619 1642 2652 Heraclitum
1655 2619 1816 2650 adducens
1834 2620 1956 2650 testem.

1621 2685 1701 2716 144.

1188 2742 1363 2774 Carneades
1376 2743 1514 2783 Epicomi
1528 2743 1594 2774 sive
1606 2767 1615 2782 ‚
1629 2744 1664 2774 ut
1674 2743 1852 2775 Alexander
1872 2742 1904 2773 in
1920 2742 2174 2774 successionibus

1147 2793 1260 2833 tradit,
1280 2794 1452 2826 Philocomi
1469 2793 1567 2833 silius,
1582 2797 1764 2834 Cyrenaeus.

1620 2860 1698 2893 145.

1188 2920 1381 2960 Chrysippus
1409 2919 1562 2959 Apollonii
1589 2919 1670 2950 filius
1691 2919 1828 2950 Solensis
1853 2927 1906 2949 seu
1933 2917 2111 2957 Tarsensis,
2137 2920 2173 2949 ut

1147 2971 1324 3002 Alexander
1340 2971 1372 3002 in
1383 2969 1639 3002 successionibus
1651 2970 1716 3009 ait,
1729 2969 1903 3009 discipulus
1921 2969 2094 3001 Cleanthis,

1188 3091 1318 3130 Pyrrho,
1330 3092 1366 3122 ut
1375 3090 1548 3122 Alexander
1562 3090 1594 3121 in
1605 3089 1860 3122 successionibus
1869 3088 1988 3126 scribit,
2001 3090 2170 3126 Brysoneni

1146 3143 1295 3182 stilponis
1312 3142 1410 3173 filium
1426 3142 1565 3180 audivit,
1591 3141 1703 3173 deinde
1729 3140 1966 3177 Anaxarchum,
1991 3138 2035 3169 illi
2056 3138 2171 3176 ubique

1145 3193 1328 3231 adhaerens,
1339 3193 1383 3224 ita
1396 3194 1432 3224 ut
1451 3201 1525 3223 cum
1539 3201 1576 3223 eo
1598 3191 1877 3231 Gymnosophistas
1893 3198 2018 3229 quoque
2036 3189 2066 3219 in
2084 3187 2170 3218 India

1145 3244 1277 3282 adierit,
1300 3244 1459 3283 Magisque
1476 3251 1658 3282 congressus
1673 3241 1724 3273 sit.

1990 3300 2030 3324 16,
