<?xml version="1.0" encoding="UTF-8"?>
<!DOCTYPE html PUBLIC "-//W3C//DTD XHTML 1.0 Transitional//EN"
    "http://www.w3.org/TR/xhtml1/DTD/xhtml1-transitional.dtd">
<html xmlns="http://www.w3.org/1999/xhtml" xml:lang="en" lang="en">
 <head>
  <title>
</title>
<meta http-equiv="Content-Type" content="text/html;charset=utf-8" />
  <meta name='ocr-system' content='tesseract 3.04.00' />
  <meta name='ocr-capabilities' content='ocr_page ocr_carea ocr_par ocr_line ocrx_word'/>
</head>
<body>
  <div class='ocr_page' id='page_1' title='image "./fragmentahistori03mueluoft_0410.png"; bbox 0 0 2338 3765; ppageno 0'>
   <div class='ocr_carea' id='block_1_1' title="bbox 109 178 1175 2600">
    <p class='ocr_par' dir='ltr' id='par_1_1' title="bbox 109 178 1175 2600">
     <span class='ocr_line' id='line_1_1' title="bbox 140 178 214 208; baseline 0 -1"><span class='ocrx_word' id='word_1_1' title='bbox 140 178 214 208; x_wconf 78' lang='grc'>400</span> 
     </span>
     <span class='ocr_line' id='line_1_2' title="bbox 132 250 1175 304; baseline 0.004 -17"><span class='ocrx_word' id='word_1_2' title='bbox 132 251 246 301; x_wconf 79' lang='grc' dir='ltr'>ὥσπερ</span> <span class='ocrx_word' id='word_1_3' title='bbox 282 251 348 301; x_wconf 83' lang='grc' dir='ltr'>ἄρα</span> <span class='ocrx_word' id='word_1_4' title='bbox 391 250 549 300; x_wconf 75' lang='grc' dir='ltr'>κάκείνῳ.</span> <span class='ocrx_word' id='word_1_5' title='bbox 586 268 598 281; x_wconf 73' lang='lat'>¹³</span> <span class='ocrx_word' id='word_1_6' title='bbox 636 252 756 287; x_wconf 75' lang='grc' dir='ltr'>Ἰἀῧτα</span> <span class='ocrx_word' id='word_1_7' title='bbox 795 251 1032 304; x_wconf 78' lang='grc' dir='ltr'>ἐνθυμουμένῳ</span> <span class='ocrx_word' id='word_1_8' title='bbox 1070 254 1175 299; x_wconf 73' lang='grc' dir='ltr'>ὑπήν-</span> 
     </span>
     <span class='ocr_line' id='line_1_3' title="bbox 131 305 1157 362; baseline 0.002 -16"><span class='ocrx_word' id='word_1_9' title='bbox 131 324 213 353; x_wconf 87' lang='grc' dir='ltr'>τησε</span> <span class='ocrx_word' id='word_1_10' title='bbox 235 307 537 357; x_wconf 80' lang='grc' dir='ltr'>μεμαστιγωμένος</span> <span class='ocrx_word' id='word_1_11' title='bbox 556 305 639 357; x_wconf 74' lang='grc' dir='ltr'>ἀνὴρ</span> <span class='ocrx_word' id='word_1_12' title='bbox 656 306 780 357; x_wconf 83' lang='grc' dir='ltr'>κόπρον</span> <span class='ocrx_word' id='word_1_13' title='bbox 800 309 833 344; x_wconf 87' lang='grc' dir='ltr'>ἐν</span> <span class='ocrx_word' id='word_1_14' title='bbox 850 309 975 361; x_wconf 82' lang='grc' dir='ltr'>κοφίνῳ</span> <span class='ocrx_word' id='word_1_15' title='bbox 996 311 1157 362; x_wconf 69' lang='grc' dir='ltr'>ἐκφέρων,</span> 
     </span>
     <span class='ocr_line' id='line_1_4' title="bbox 130 364 1156 416; baseline 0.002 -13"><span class='ocrx_word' id='word_1_16' title='bbox 130 366 246 411; x_wconf 81' lang='grc' dir='ltr'>ἐπειδὴ</span> <span class='ocrx_word' id='word_1_17' title='bbox 274 368 308 403; x_wconf 84' lang='grc' dir='ltr'>ἐν</span> <span class='ocrx_word' id='word_1_18' title='bbox 342 367 411 407; x_wconf 83' lang='grc' dir='ltr'>τοῖς</span> <span class='ocrx_word' id='word_1_19' title='bbox 440 364 528 414; x_wconf 77' lang='grc' dir='ltr'>ὅροις</span> <span class='ocrx_word' id='word_1_20' title='bbox 551 364 680 413; x_wconf 90' lang='grc' dir='ltr'>γίνεται</span> <span class='ocrx_word' id='word_1_21' title='bbox 705 364 926 401; x_wconf 79' lang='grc' dir='ltr'>Καδουσίων·</span> <span class='ocrx_word' id='word_1_22' title='bbox 953 368 1156 416; x_wconf 84' lang='grc' dir='ltr'>οἰωνισάμε-</span> 
     </span>
     <span class='ocr_line' id='line_1_5' title="bbox 130 421 1155 474; baseline -0.005 -13"><span class='ocrx_word' id='word_1_23' title='bbox 130 440 182 466; x_wconf 89' lang='grc' dir='ltr'>νος</span> <span class='ocrx_word' id='word_1_24' title='bbox 204 426 261 473; x_wconf 84' lang='grc'>(19)</span> <span class='ocrx_word' id='word_1_25' title='bbox 277 422 558 473; x_wconf 84' lang='grc' dir='ltr'>καθυπερτίθεται</span> <span class='ocrx_word' id='word_1_26' title='bbox 574 424 622 472; x_wconf 84' lang='grc' dir='ltr'>τῷ</span> <span class='ocrx_word' id='word_1_27' title='bbox 644 421 868 474; x_wconf 67' lang='grc' dir='ltr'>Βαὸυλωνίῳ.</span> <span class='ocrx_word' id='word_1_28' title='bbox 888 423 930 461; x_wconf 86' lang='lat'>‘0</span> <span class='ocrx_word' id='word_1_29' title='bbox 948 423 982 461; x_wconf 84' lang='grc' dir='ltr'>δὲ</span> <span class='ocrx_word' id='word_1_30' title='bbox 1001 425 1155 462; x_wconf 65' lang='grc' dir='ltr'>ἐκέλευσε</span> 
     </span>
     <span class='ocr_line' id='line_1_6' title="bbox 129 478 1157 533; baseline 0.002 -14"><span class='ocrx_word' id='word_1_31' title='bbox 129 482 312 527; x_wconf 82' lang='grc' dir='ltr'>πυθέσθαι,</span> <span class='ocrx_word' id='word_1_32' title='bbox 332 481 381 523; x_wconf 92' lang='grc' dir='ltr'>τίς</span> <span class='ocrx_word' id='word_1_33' title='bbox 404 496 438 517; x_wconf 90' lang='grc' dir='ltr'>τε</span> <span class='ocrx_word' id='word_1_34' title='bbox 470 480 521 525; x_wconf 89' lang='grc' dir='ltr'>εἴη</span> <span class='ocrx_word' id='word_1_35' title='bbox 539 482 556 516; x_wconf 81' lang='grc' dir='ltr'><em>ὃ</em></span> <span class='ocrx_word' id='word_1_36' title='bbox 579 478 682 530; x_wconf 85' lang='grc' dir='ltr'>ἀνὴρ,</span> <span class='ocrx_word' id='word_1_37' title='bbox 703 480 761 517; x_wconf 84' lang='grc' dir='ltr'>καὶ</span> <span class='ocrx_word' id='word_1_38' title='bbox 782 481 934 524; x_wconf 83' lang='grc' dir='ltr'>ποδαπὸς</span> <span class='ocrx_word' id='word_1_39' title='bbox 956 483 1059 533; x_wconf 85' lang='grc' dir='ltr'>γένος.</span> <span class='ocrx_word' id='word_1_40' title='bbox 1082 486 1157 521; x_wconf 91' lang='grc' dir='ltr'>Πυ-</span> 
     </span>
     <span class='ocr_line' id='line_1_7' title="bbox 128 536 1153 591; baseline 0.001 -16"><span class='ocrx_word' id='word_1_41' title='bbox 128 538 260 590; x_wconf 84' lang='grc' dir='ltr'>θομένῳ</span> <span class='ocrx_word' id='word_1_42' title='bbox 283 538 318 575; x_wconf 83' lang='grc' dir='ltr'>δὲ</span> <span class='ocrx_word' id='word_1_43' title='bbox 337 537 441 589; x_wconf 79' lang='grc' dir='ltr'>Κύρῳ</span> <span class='ocrx_word' id='word_1_44' title='bbox 460 536 679 588; x_wconf 84' lang='grc' dir='ltr'>ἀποκρίνεται</span> <span class='ocrx_word' id='word_1_45' title='bbox 696 538 838 584; x_wconf 82' lang='grc' dir='ltr'>ἐκεῖνος,</span> <span class='ocrx_word' id='word_1_46' title='bbox 859 537 909 575; x_wconf 76' lang='grc' dir='ltr'>ὅτι</span> <span class='ocrx_word' id='word_1_47' title='bbox 928 539 1064 591; x_wconf 83' lang='grc' dir='ltr'>Πέρσης</span> <span class='ocrx_word' id='word_1_48' title='bbox 1082 540 1132 584; x_wconf 87' lang='grc' dir='ltr'>εἴη</span> <span class='ocrx_word' id='word_1_49' title='bbox 1145 568 1153 584; x_wconf 91' lang='grc'>,</span> 
     </span>
     <span class='ocr_line' id='line_1_8' title="bbox 127 593 1156 648; baseline -0.001 -14"><span class='ocrx_word' id='word_1_50' title='bbox 127 596 283 647; x_wconf 68' lang='grc' dir='ltr'>Οἷὸάρας</span> <span class='ocrx_word' id='word_1_51' title='bbox 301 595 359 645; x_wconf 78' lang='lat'>(20)</span> <span class='ocrx_word' id='word_1_52' title='bbox 380 595 498 644; x_wconf 83' lang='grc' dir='ltr'>ὄνομα.</span> <span class='ocrx_word' id='word_1_53' title='bbox 519 594 588 632; x_wconf 80' lang='grc' dir='ltr'>Καὶ</span> <span class='ocrx_word' id='word_1_54' title='bbox 607 593 640 637; x_wconf 85' lang='grc' dir='ltr'>ὃς</span> <span class='ocrx_word' id='word_1_55' title='bbox 658 593 746 641; x_wconf 83' lang='grc' dir='ltr'>ἥσθη</span> <span class='ocrx_word' id='word_1_56' title='bbox 764 595 872 632; x_wconf 81' lang='grc' dir='ltr'>πάνυ·</span> <span class='ocrx_word' id='word_1_57' title='bbox 888 599 905 634; x_wconf 85' lang='grc' dir='ltr'>ὁ</span> <span class='ocrx_word' id='word_1_58' title='bbox 920 596 985 648; x_wconf 85' lang='grc' dir='ltr'>γὰρ</span> <span class='ocrx_word' id='word_1_59' title='bbox 1001 596 1156 647; x_wconf 63' lang='grc' dir='ltr'>Οἰέάρας</span> 
     </span>
     <span class='ocr_line' id='line_1_9' title="bbox 126 651 1156 705; baseline 0.001 -15"><span class='ocrx_word' id='word_1_60' title='bbox 126 653 267 691; x_wconf 77' lang='grc' dir='ltr'>δύναται</span> <span class='ocrx_word' id='word_1_61' title='bbox 288 653 433 692; x_wconf 80' lang='grc' dir='ltr'>Ἑλλάδι</span> <span class='ocrx_word' id='word_1_62' title='bbox 450 651 588 703; x_wconf 82' lang='grc' dir='ltr'>γλώσσῃ</span> <span class='ocrx_word' id='word_1_63' title='bbox 614 652 859 702; x_wconf 75' lang='grc' dir='ltr'>ἀγαθοίγγελος.</span> <span class='ocrx_word' id='word_1_64' title='bbox 877 651 971 705; x_wconf 69' lang='grc' dir='ltr'>Ἔφη</span> <span class='ocrx_word' id='word_1_65' title='bbox 994 655 1022 691; x_wconf 88' lang='grc' dir='ltr'>δ’</span> <span class='ocrx_word' id='word_1_66' title='bbox 1049 657 1066 692; x_wconf 84' lang='grc' dir='ltr'><strong><em>ὃ</em></strong></span> <span class='ocrx_word' id='word_1_67' title='bbox 1083 656 1156 693; x_wconf 82' lang='grc' dir='ltr'>Βα-</span> 
     </span>
     <span class='ocr_line' id='line_1_10' title="bbox 126 707 1155 765; baseline -0.001 -16"><span class='ocrx_word' id='word_1_68' title='bbox 126 712 288 754; x_wconf 68' lang='grc' dir='ltr'>Ευλώνιος</span> <span class='ocrx_word' id='word_1_69' title='bbox 315 711 398 762; x_wconf 83' lang='grc' dir='ltr'>πρὸς</span> <span class='ocrx_word' id='word_1_70' title='bbox 421 712 548 762; x_wconf 77' lang='grc' dir='ltr'>Κῦρον,</span> <span class='ocrx_word' id='word_1_71' title='bbox 576 710 633 747; x_wconf 78' lang='grc' dir='ltr'>καὶ</span> <span class='ocrx_word' id='word_1_72' title='bbox 657 709 767 748; x_wconf 79' lang='grc' dir='ltr'>τᾶλλα</span> <span class='ocrx_word' id='word_1_73' title='bbox 792 710 950 760; x_wconf 68' lang='grc' dir='ltr'>σύμὸολα</span> <span class='ocrx_word' id='word_1_74' title='bbox 972 707 1056 749; x_wconf 69' lang='grc' dir='ltr'>εἶναι</span> <span class='ocrx_word' id='word_1_75' title='bbox 1082 712 1155 765; x_wconf 88' lang='grc' dir='ltr'>ἄρι-</span> 
     </span>
     <span class='ocr_line' id='line_1_11' title="bbox 125 768 1154 821; baseline 0 -14"><span class='ocrx_word' id='word_1_76' title='bbox 125 786 208 815; x_wconf 86' lang='grc' dir='ltr'>στα,</span> <span class='ocrx_word' id='word_1_77' title='bbox 236 770 287 807; x_wconf 82' lang='grc' dir='ltr'>ὅτι</span> <span class='ocrx_word' id='word_1_78' title='bbox 313 785 349 806; x_wconf 87' lang='grc' dir='ltr'>τε</span> <span class='ocrx_word' id='word_1_79' title='bbox 378 768 515 820; x_wconf 81' lang='grc' dir='ltr'>Πέρσης</span> <span class='ocrx_word' id='word_1_80' title='bbox 543 768 613 805; x_wconf 81' lang='grc' dir='ltr'>ἐστί</span> <span class='ocrx_word' id='word_1_81' title='bbox 636 784 689 806; x_wconf 90' lang='grc' dir='ltr'>σοι</span> <span class='ocrx_word' id='word_1_82' title='bbox 714 768 856 816; x_wconf 86' lang='grc' dir='ltr'>πολίτης</span> <span class='ocrx_word' id='word_1_83' title='bbox 880 770 938 806; x_wconf 85' lang='grc' dir='ltr'>καὶ</span> <span class='ocrx_word' id='word_1_84' title='bbox 959 770 1009 807; x_wconf 82' lang='grc' dir='ltr'>ὅτι</span> <span class='ocrx_word' id='word_1_85' title='bbox 1029 770 1154 821; x_wconf 80' lang='grc' dir='ltr'>κόπρον</span> 
     </span>
     <span class='ocr_line' id='line_1_12' title="bbox 124 826 1154 879; baseline 0 -15"><span class='ocrx_word' id='word_1_86' title='bbox 124 828 247 864; x_wconf 83' lang='grc' dir='ltr'>ἷππίαν</span> <span class='ocrx_word' id='word_1_87' title='bbox 265 827 374 879; x_wconf 77' lang='grc' dir='ltr'>φέρει,</span> <span class='ocrx_word' id='word_1_88' title='bbox 401 827 475 872; x_wconf 83' lang='grc' dir='ltr'>ἥτις</span> <span class='ocrx_word' id='word_1_89' title='bbox 505 827 649 863; x_wconf 74' lang='grc' dir='ltr'>πλοῦτον</span> <span class='ocrx_word' id='word_1_90' title='bbox 667 826 725 862; x_wconf 85' lang='grc' dir='ltr'>καὶ</span> <span class='ocrx_word' id='word_1_91' title='bbox 746 826 887 876; x_wconf 85' lang='grc' dir='ltr'>δύναμιν</span> <span class='ocrx_word' id='word_1_92' title='bbox 908 828 1154 878; x_wconf 76' lang='grc' dir='ltr'>προσημαίνει,</span> 
     </span>
     <span class='ocr_line' id='line_1_13' title="bbox 124 882 1152 936; baseline -0.001 -14"><span class='ocrx_word' id='word_1_93' title='bbox 124 885 240 936; x_wconf 86' lang='grc' dir='ltr'>ὥσπερ</span> <span class='ocrx_word' id='word_1_94' title='bbox 256 885 314 922; x_wconf 78' lang='grc' dir='ltr'>καὶ</span> <span class='ocrx_word' id='word_1_95' title='bbox 329 884 477 933; x_wconf 85' lang='grc' dir='ltr'>τοῦνομα</span> <span class='ocrx_word' id='word_1_96' title='bbox 494 883 599 933; x_wconf 83' lang='grc' dir='ltr'>λέγει.</span> <span class='ocrx_word' id='word_1_97' title='bbox 613 882 715 934; x_wconf 74' lang='grc' dir='ltr'>Ταχὺ</span> <span class='ocrx_word' id='word_1_98' title='bbox 731 883 765 920; x_wconf 81' lang='grc' dir='ltr'>δὲ</span> <span class='ocrx_word' id='word_1_99' title='bbox 779 884 835 920; x_wconf 82' lang='grc' dir='ltr'>τὸν</span> <span class='ocrx_word' id='word_1_100' title='bbox 851 884 1029 935; x_wconf 81' lang='grc' dir='ltr'>ἄνθρωπον</span> <span class='ocrx_word' id='word_1_101' title='bbox 1047 888 1063 922; x_wconf 80' lang='grc' dir='ltr'><strong><em>ὃ</em></strong></span> <span class='ocrx_word' id='word_1_102' title='bbox 1081 887 1152 923; x_wconf 79' lang='grc' dir='ltr'>Κῦ-</span> 
     </span>
     <span class='ocr_line' id='line_1_14' title="bbox 125 940 1153 994; baseline 0 -14"><span class='ocrx_word' id='word_1_103' title='bbox 125 959 179 994; x_wconf 87' lang='grc' dir='ltr'>ρος</span> <span class='ocrx_word' id='word_1_104' title='bbox 202 942 490 994; x_wconf 63' lang='grc' dir='ltr'>παραλαμὲοίνει,</span> <span class='ocrx_word' id='word_1_105' title='bbox 523 940 670 979; x_wconf 86' lang='grc' dir='ltr'>συνεῖναί</span> <span class='ocrx_word' id='word_1_106' title='bbox 694 955 730 977; x_wconf 86' lang='grc' dir='ltr'>τε</span> <span class='ocrx_word' id='word_1_107' title='bbox 751 941 903 979; x_wconf 83' lang='grc' dir='ltr'>ἐκέλευεν</span> <span class='ocrx_word' id='word_1_108' title='bbox 937 943 1041 993; x_wconf 81' lang='grc' dir='ltr'>αὐτῷ·</span> <span class='ocrx_word' id='word_1_109' title='bbox 1073 945 1090 979; x_wconf 85' lang='grc' dir='ltr'>ὁ</span> <span class='ocrx_word' id='word_1_110' title='bbox 1119 943 1153 980; x_wconf 80' lang='grc' dir='ltr'>δὲ</span> 
     </span>
     <span class='ocr_line' id='line_1_15' title="bbox 123 1002 1098 1053; baseline 0.001 -15"><span class='ocrx_word' id='word_1_111' title='bbox 123 1002 289 1040; x_wconf 76' lang='grc' dir='ltr'>πείθεται.</span> <span class='ocrx_word' id='word_1_112' title='bbox 1079 1046 1098 1053; x_wconf 71' lang='lat'>..</span> 
     </span>
     <span class='ocr_line' id='line_1_16' title="bbox 175 1051 1153 1104; baseline -0.002 -13"><span class='ocrx_word' id='word_1_113' title='bbox 175 1053 240 1092; x_wconf 84' lang='grc' dir='ltr'>Ἐκ</span> <span class='ocrx_word' id='word_1_114' title='bbox 253 1053 374 1090; x_wconf 85' lang='grc' dir='ltr'>τούτου</span> <span class='ocrx_word' id='word_1_115' title='bbox 387 1051 481 1103; x_wconf 81' lang='grc' dir='ltr'>παρὰ</span> <span class='ocrx_word' id='word_1_116' title='bbox 496 1052 709 1104; x_wconf 70' lang='grc' dir='ltr'>Ὀναφέρνην</span> <span class='ocrx_word' id='word_1_117' title='bbox 721 1052 783 1102; x_wconf 81' lang='lat'><em>(21)</em></span> <span class='ocrx_word' id='word_1_118' title='bbox 796 1054 841 1094; x_wconf 88' lang='grc' dir='ltr'>εἷς</span> <span class='ocrx_word' id='word_1_119' title='bbox 854 1052 1063 1094; x_wconf 77' lang='grc' dir='ltr'>Καδουσίους</span> <span class='ocrx_word' id='word_1_120' title='bbox 1075 1056 1153 1102; x_wconf 76' lang='grc' dir='ltr'>ἧκε,</span> 
     </span>
     <span class='ocr_line' id='line_1_17' title="bbox 122 1109 1151 1160; baseline -0.002 -12"><span class='ocrx_word' id='word_1_121' title='bbox 122 1111 181 1148; x_wconf 74' lang='grc' dir='ltr'>καὶ</span> <span class='ocrx_word' id='word_1_122' title='bbox 194 1110 324 1153; x_wconf 88' lang='grc' dir='ltr'>πίστεις</span> <span class='ocrx_word' id='word_1_123' title='bbox 337 1109 508 1159; x_wconf 69' lang='grc' dir='ltr'>λαμὸάνει</span> <span class='ocrx_word' id='word_1_124' title='bbox 523 1125 558 1146; x_wconf 86' lang='grc' dir='ltr'>τε</span> <span class='ocrx_word' id='word_1_125' title='bbox 573 1110 632 1146; x_wconf 87' lang='grc' dir='ltr'>καὶ</span> <span class='ocrx_word' id='word_1_126' title='bbox 653 1110 770 1147; x_wconf 82' lang='grc' dir='ltr'>δίδωσι</span> <span class='ocrx_word' id='word_1_127' title='bbox 786 1110 863 1160; x_wconf 81' lang='grc' dir='ltr'>περὶ</span> <span class='ocrx_word' id='word_1_128' title='bbox 883 1113 943 1154; x_wconf 75' lang='grc' dir='ltr'>τῆς</span> <span class='ocrx_word' id='word_1_129' title='bbox 958 1109 1151 1160; x_wconf 81' lang='grc' dir='ltr'>προδοσίας·</span> 
     </span>
     <span class='ocr_line' id='line_1_18' title="bbox 121 1166 1152 1219; baseline -0.001 -14"><span class='ocrx_word' id='word_1_130' title='bbox 121 1167 265 1219; x_wconf 81' lang='grc' dir='ltr'>ἐπανῄει</span> <span class='ocrx_word' id='word_1_131' title='bbox 285 1183 320 1205; x_wconf 91' lang='grc' dir='ltr'>τε</span> <span class='ocrx_word' id='word_1_132' title='bbox 350 1169 396 1210; x_wconf 87' lang='grc' dir='ltr'>εἷς</span> <span class='ocrx_word' id='word_1_133' title='bbox 414 1168 551 1213; x_wconf 83' lang='grc' dir='ltr'>Μηδίαν</span> <span class='ocrx_word' id='word_1_134' title='bbox 565 1183 572 1190; x_wconf 94' lang='grc'>·</span> <span class='ocrx_word' id='word_1_135' title='bbox 593 1167 650 1204; x_wconf 78' lang='grc' dir='ltr'>τὸν</span> <span class='ocrx_word' id='word_1_136' title='bbox 671 1167 706 1204; x_wconf 83' lang='grc' dir='ltr'>δὲ</span> <span class='ocrx_word' id='word_1_137' title='bbox 725 1167 883 1218; x_wconf 63' lang='grc' dir='ltr'>Οἷὲοίραν</span> <span class='ocrx_word' id='word_1_138' title='bbox 914 1168 972 1216; x_wconf 80' lang='lat'>(22)</span> <span class='ocrx_word' id='word_1_139' title='bbox 998 1166 1094 1218; x_wconf 80' lang='grc' dir='ltr'>ἵππῳ</span> <span class='ocrx_word' id='word_1_140' title='bbox 1116 1183 1152 1204; x_wconf 88' lang='grc' dir='ltr'>τε</span> 
     </span>
     <span class='ocr_line' id='line_1_19' title="bbox 122 1218 1151 1277; baseline -0.003 -14"><span class='ocrx_word' id='word_1_141' title='bbox 122 1226 180 1263; x_wconf 78' lang='grc' dir='ltr'>καὶ</span> <span class='ocrx_word' id='word_1_142' title='bbox 198 1228 301 1277; x_wconf 83' lang='grc' dir='ltr'>στολῇ</span> <span class='ocrx_word' id='word_1_143' title='bbox 323 1225 467 1277; x_wconf 80' lang='grc' dir='ltr'>Περσίδι</span> <span class='ocrx_word' id='word_1_144' title='bbox 483 1225 540 1262; x_wconf 82' lang='grc' dir='ltr'>καὶ</span> <span class='ocrx_word' id='word_1_145' title='bbox 557 1224 720 1276; x_wconf 73' lang='grc' dir='ltr'>θεραπείᾳ</span> <span class='ocrx_word' id='word_1_146' title='bbox 738 1225 914 1273; x_wconf 73' lang='grc' dir='ltr'>ἐτίμησεν,</span> <span class='ocrx_word' id='word_1_147' title='bbox 940 1218 1012 1274; x_wconf 67' lang='grc' dir='ltr'>εἶχέ</span> <span class='ocrx_word' id='word_1_148' title='bbox 1031 1239 1066 1260; x_wconf 88' lang='grc' dir='ltr'>τε</span> <span class='ocrx_word' id='word_1_149' title='bbox 1087 1224 1151 1261; x_wconf 85' lang='grc' dir='ltr'>πέ-</span> 
     </span>
     <span class='ocr_line' id='line_1_20' title="bbox 121 1281 1150 1334; baseline -0.002 -14"><span class='ocrx_word' id='word_1_150' title='bbox 121 1286 193 1330; x_wconf 86' lang='grc' dir='ltr'>λας,</span> <span class='ocrx_word' id='word_1_151' title='bbox 209 1283 271 1329; x_wconf 82' lang='grc' dir='ltr'>τὴν</span> <span class='ocrx_word' id='word_1_152' title='bbox 286 1282 427 1333; x_wconf 84' lang='grc' dir='ltr'>γνώμην</span> <span class='ocrx_word' id='word_1_153' title='bbox 441 1284 526 1334; x_wconf 81' lang='grc' dir='ltr'>ὁρῶν</span> <span class='ocrx_word' id='word_1_154' title='bbox 544 1282 682 1332; x_wconf 81' lang='grc' dir='ltr'>ἀγαθὸν,</span> <span class='ocrx_word' id='word_1_155' title='bbox 694 1282 752 1318; x_wconf 83' lang='grc' dir='ltr'>καὶ</span> <span class='ocrx_word' id='word_1_156' title='bbox 763 1282 837 1331; x_wconf 85' lang='grc' dir='ltr'>ἅμα</span> <span class='ocrx_word' id='word_1_157' title='bbox 853 1285 911 1318; x_wconf 76' lang='grc' dir='ltr'>τοῦ</span> <span class='ocrx_word' id='word_1_158' title='bbox 932 1281 1150 1319; x_wconf 62' lang='grc' dir='ltr'>Βαίυλωνίου</span> 
     </span>
     <span class='ocr_line' id='line_1_21' title="bbox 121 1339 1150 1391; baseline -0.003 -12"><span class='ocrx_word' id='word_1_159' title='bbox 121 1341 315 1383; x_wconf 79' lang='grc' dir='ltr'>κελεύοντος</span> <span class='ocrx_word' id='word_1_160' title='bbox 332 1340 544 1391; x_wconf 85' lang='grc' dir='ltr'>διαλέγεσθαι</span> <span class='ocrx_word' id='word_1_161' title='bbox 561 1341 666 1391; x_wconf 77' lang='grc' dir='ltr'>αὐτῷ.</span> <span class='ocrx_word' id='word_1_162' title='bbox 724 1340 788 1378; x_wconf 85' lang='grc' dir='ltr'>Ἐκ</span> <span class='ocrx_word' id='word_1_163' title='bbox 809 1339 842 1376; x_wconf 79' lang='grc' dir='ltr'>δὲ</span> <span class='ocrx_word' id='word_1_164' title='bbox 862 1343 923 1377; x_wconf 72' lang='grc' dir='ltr'>τοῦ</span> <span class='ocrx_word' id='word_1_165' title='bbox 943 1340 1018 1376; x_wconf 86' lang='grc' dir='ltr'>κατ’</span> <span class='ocrx_word' id='word_1_166' title='bbox 1039 1340 1150 1389; x_wconf 82' lang='grc' dir='ltr'>ὀλίγον</span> 
     </span>
     <span class='ocr_line' id='line_1_22' title="bbox 121 1396 1152 1450; baseline -0.002 -15"><span class='ocrx_word' id='word_1_167' title='bbox 121 1399 370 1450; x_wconf 80' lang='grc' dir='ltr'>ἐταιριζόμενος</span> <span class='ocrx_word' id='word_1_168' title='bbox 388 1398 533 1435; x_wconf 80' lang='grc' dir='ltr'>ἐποιεῖτο</span> <span class='ocrx_word' id='word_1_169' title='bbox 557 1398 614 1434; x_wconf 83' lang='grc' dir='ltr'>καὶ</span> <span class='ocrx_word' id='word_1_170' title='bbox 636 1397 828 1446; x_wconf 67' lang='grc' dir='ltr'>σύμὸουλον</span> <span class='ocrx_word' id='word_1_171' title='bbox 851 1396 909 1434; x_wconf 89' lang='grc' dir='ltr'>καί</span> <span class='ocrx_word' id='word_1_172' title='bbox 927 1397 1002 1433; x_wconf 85' lang='grc' dir='ltr'>ποτ’</span> <span class='ocrx_word' id='word_1_173' title='bbox 1023 1399 1068 1439; x_wconf 81' lang='grc' dir='ltr'>εἰς</span> <span class='ocrx_word' id='word_1_174' title='bbox 1092 1398 1152 1434; x_wconf 85' lang='grc' dir='ltr'>λό-</span> 
     </span>
     <span class='ocr_line' id='line_1_23' title="bbox 119 1451 1150 1507; baseline -0.001 -14"><span class='ocrx_word' id='word_1_175' title='bbox 119 1472 197 1507; x_wconf 85' lang='grc' dir='ltr'>γους</span> <span class='ocrx_word' id='word_1_176' title='bbox 209 1451 290 1502; x_wconf 71' lang='grc' dir='ltr'>ἧλΟε</span> <span class='ocrx_word' id='word_1_177' title='bbox 307 1454 494 1501; x_wconf 80' lang='grc' dir='ltr'>τοιούτους,</span> <span class='ocrx_word' id='word_1_178' title='bbox 509 1458 552 1497; x_wconf 83' lang='grc' dir='ltr'>ὡς</span> <span class='ocrx_word' id='word_1_179' title='bbox 570 1455 673 1506; x_wconf 71' lang='grc' dir='ltr'>ἄχθος</span> <span class='ocrx_word' id='word_1_180' title='bbox 689 1455 727 1492; x_wconf 85' lang='grc' dir='ltr'>τὸ</span> <span class='ocrx_word' id='word_1_181' title='bbox 747 1458 828 1505; x_wconf 82' lang='grc' dir='ltr'>ὁρᾶν</span> <span class='ocrx_word' id='word_1_182' title='bbox 849 1456 905 1503; x_wconf 80' lang='lat'>(23)</span> <span class='ocrx_word' id='word_1_183' title='bbox 929 1454 1068 1505; x_wconf 78' lang='grc' dir='ltr'>Πέρσας</span> <span class='ocrx_word' id='word_1_184' title='bbox 1085 1455 1150 1492; x_wconf 76' lang='grc' dir='ltr'>ὑπὸ</span> 
     </span>
     <span class='ocr_line' id='line_1_24' title="bbox 119 1512 1150 1563; baseline -0.004 -10"><span class='ocrx_word' id='word_1_185' title='bbox 119 1515 249 1560; x_wconf 81' lang='grc' dir='ltr'>Μήδων</span> <span class='ocrx_word' id='word_1_186' title='bbox 263 1513 506 1563; x_wconf 79' lang='grc' dir='ltr'>κακουμένους,</span> <span class='ocrx_word' id='word_1_187' title='bbox 524 1513 702 1549; x_wconf 72' lang='grc' dir='ltr'>καὶταῦτα</span> <span class='ocrx_word' id='word_1_188' title='bbox 718 1514 813 1550; x_wconf 80' lang='grc' dir='ltr'>οὐδὲν</span> <span class='ocrx_word' id='word_1_189' title='bbox 830 1515 964 1563; x_wconf 79' lang='grc' dir='ltr'>χείρους</span> <span class='ocrx_word' id='word_1_190' title='bbox 978 1512 1077 1554; x_wconf 83' lang='grc' dir='ltr'>ὄντας</span> <span class='ocrx_word' id='word_1_191' title='bbox 1091 1512 1150 1555; x_wconf 81' lang='grc' dir='ltr'>τὰς</span> 
     </span>
     <span class='ocr_line' id='line_1_25' title="bbox 119 1565 1148 1624; baseline -0.004 -14"><span class='ocrx_word' id='word_1_192' title='bbox 119 1573 246 1624; x_wconf 77' lang='grc' dir='ltr'>φύσεις.</span> <span class='ocrx_word' id='word_1_193' title='bbox 269 1572 339 1610; x_wconf 80' lang='grc' dir='ltr'>Καὶ</span> <span class='ocrx_word' id='word_1_194' title='bbox 359 1575 376 1608; x_wconf 84' lang='grc' dir='ltr'>ὁ</span> <span class='ocrx_word' id='word_1_195' title='bbox 394 1571 550 1622; x_wconf 68' lang='grc' dir='ltr'>Οἰὲάρας</span> <span class='ocrx_word' id='word_1_196' title='bbox 567 1565 672 1607; x_wconf 68' lang='grc' dir='ltr'>εἶπεν·</span> <span class='ocrx_word' id='word_1_197' title='bbox 690 1589 703 1603; x_wconf 89' lang='lat'>«</span> <span class='ocrx_word' id='word_1_198' title='bbox 721 1565 772 1608; x_wconf 50' lang='lat'>³9.</span> <span class='ocrx_word' id='word_1_199' title='bbox 792 1573 901 1621; x_wconf 78' lang='grc' dir='ltr'>Κῦρε,</span> <span class='ocrx_word' id='word_1_200' title='bbox 919 1571 956 1607; x_wconf 79' lang='grc' dir='ltr'>οὗ</span> <span class='ocrx_word' id='word_1_201' title='bbox 976 1570 1041 1620; x_wconf 84' lang='grc' dir='ltr'>γάρ</span> <span class='ocrx_word' id='word_1_202' title='bbox 1060 1571 1148 1607; x_wconf 80' lang='grc' dir='ltr'>ἐστιν</span> 
     </span>
     <span class='ocr_line' id='line_1_26' title="bbox 119 1627 1149 1683; baseline -0.002 -16"><span class='ocrx_word' id='word_1_203' title='bbox 119 1631 205 1683; x_wconf 79' lang='grc' dir='ltr'>ἀνὴρ</span> <span class='ocrx_word' id='word_1_204' title='bbox 232 1631 276 1667; x_wconf 89' lang='grc' dir='ltr'>τὰ</span> <span class='ocrx_word' id='word_1_205' title='bbox 304 1634 360 1667; x_wconf 81' lang='grc' dir='ltr'>νῦν</span> <span class='ocrx_word' id='word_1_206' title='bbox 391 1629 614 1680; x_wconf 65' lang='grc' dir='ltr'>μεγαλόφρων</span> <span class='ocrx_word' id='word_1_207' title='bbox 646 1643 681 1664; x_wconf 89' lang='grc' dir='ltr'>τε</span> <span class='ocrx_word' id='word_1_208' title='bbox 709 1628 767 1665; x_wconf 81' lang='grc' dir='ltr'>καὶ</span> <span class='ocrx_word' id='word_1_209' title='bbox 792 1628 1084 1677; x_wconf 82' lang='grc' dir='ltr'>μεγαλογνώμων,</span> <span class='ocrx_word' id='word_1_210' title='bbox 1114 1627 1149 1670; x_wconf 79' lang='grc' dir='ltr'>ὃς</span> 
     </span>
     <span class='ocr_line' id='line_1_27' title="bbox 116 1684 1149 1736; baseline -0.003 -12"><span class='ocrx_word' id='word_1_211' title='bbox 116 1692 247 1726; x_wconf 76' lang='grc' dir='ltr'>παῦσαι</span> <span class='ocrx_word' id='word_1_212' title='bbox 268 1687 406 1732; x_wconf 79' lang='grc' dir='ltr'>Μήδους</span> <span class='ocrx_word' id='word_1_213' title='bbox 422 1687 573 1732; x_wconf 76' lang='grc' dir='ltr'>ἐθελήσει</span> <span class='ocrx_word' id='word_1_214' title='bbox 591 1688 655 1722; x_wconf 85' lang='grc' dir='ltr'>τῶν</span> <span class='ocrx_word' id='word_1_215' title='bbox 671 1686 871 1736; x_wconf 84' lang='grc' dir='ltr'>κρειττόνων</span> <span class='ocrx_word' id='word_1_216' title='bbox 887 1685 1003 1735; x_wconf 77' lang='grc' dir='ltr'>ἄρχειν</span> <span class='ocrx_word' id='word_1_217' title='bbox 1019 1684 1149 1728; x_wconf 78' lang='grc' dir='ltr'>ἀξιοῦν-</span> 
     </span>
     <span class='ocr_line' id='line_1_28' title="bbox 116 1736 1145 1796; baseline -0.004 -14"><span class='ocrx_word' id='word_1_218' title='bbox 116 1761 188 1788; x_wconf 86' lang='grc' dir='ltr'>τας.</span> <span class='ocrx_word' id='word_1_219' title='bbox 204 1764 218 1778; x_wconf 83' lang='grc'><em>»</em></span> <span class='ocrx_word' id='word_1_220' title='bbox 240 1745 309 1783; x_wconf 84' lang='grc' dir='ltr'>Καὶ</span> <span class='ocrx_word' id='word_1_221' title='bbox 330 1747 437 1796; x_wconf 77' lang='grc' dir='ltr'>Κῦρος</span> <span class='ocrx_word' id='word_1_222' title='bbox 456 1744 518 1796; x_wconf 71' lang='grc' dir='ltr'>ἔφη</span> <span class='ocrx_word' id='word_1_223' title='bbox 534 1756 541 1763; x_wconf 92' lang='grc'><em>·</em></span> <span class='ocrx_word' id='word_1_224' title='bbox 562 1762 576 1776; x_wconf 90' lang='lat'>«</span> <span class='ocrx_word' id='word_1_225' title='bbox 594 1746 676 1786; x_wconf 86' lang='grc' dir='ltr'>Πῶς</span> <span class='ocrx_word' id='word_1_226' title='bbox 692 1745 752 1780; x_wconf 74' lang='grc' dir='ltr'>οὐκ</span> <span class='ocrx_word' id='word_1_227' title='bbox 772 1743 882 1789; x_wconf 81' lang='grc' dir='ltr'>ἔστιν,</span> <span class='ocrx_word' id='word_1_228' title='bbox 899 1736 926 1780; x_wconf 64' lang='lat' dir='ltr'>i}</span> <span class='ocrx_word' id='word_1_229' title='bbox 944 1742 1107 1794; x_wconf 68' lang='grc' dir='ltr'>Οἷὸσίρα,</span> <span class='ocrx_word' id='word_1_230' title='bbox 1132 1761 1145 1777; x_wconf 87' lang='lat'>»</span> 
     </span>
     <span class='ocr_line' id='line_1_29' title="bbox 117 1801 1145 1854; baseline -0.002 -14"><span class='ocrx_word' id='word_1_231' title='bbox 117 1827 165 1831; x_wconf 67' lang='lat'>-—</span> <span class='ocrx_word' id='word_1_232' title='bbox 182 1822 197 1836; x_wconf 75' lang='grc' dir='ltr'>«ι</span> <span class='ocrx_word' id='word_1_233' title='bbox 210 1802 332 1841; x_wconf 83' lang='grc' dir='ltr'>Ἔστιν</span> <span class='ocrx_word' id='word_1_234' title='bbox 362 1802 422 1851; x_wconf 82' lang='grc' dir='ltr'>μὲν</span> <span class='ocrx_word' id='word_1_235' title='bbox 439 1802 520 1845; x_wconf 86' lang='grc' dir='ltr'>ἴσως</span> <span class='ocrx_word' id='word_1_236' title='bbox 532 1832 541 1849; x_wconf 94' lang='grc'>,</span> <span class='ocrx_word' id='word_1_237' title='bbox 560 1801 648 1839; x_wconf 83' lang='grc' dir='ltr'>ἀλλὰ</span> <span class='ocrx_word' id='word_1_238' title='bbox 666 1803 777 1852; x_wconf 76' lang='grc' dir='ltr'>πολλῇ</span> <span class='ocrx_word' id='word_1_239' title='bbox 795 1801 853 1838; x_wconf 85' lang='grc' dir='ltr'>καὶ</span> <span class='ocrx_word' id='word_1_240' title='bbox 884 1804 975 1852; x_wconf 78' lang='grc' dir='ltr'>κακῇ</span> <span class='ocrx_word' id='word_1_241' title='bbox 997 1802 1145 1854; x_wconf 74' lang='grc' dir='ltr'>ἀτολμίᾳ</span> 
     </span>
     <span class='ocr_line' id='line_1_30' title="bbox 115 1859 1147 1913; baseline -0.002 -15"><span class='ocrx_word' id='word_1_242' title='bbox 115 1864 263 1913; x_wconf 64' lang='grc' dir='ltr'>χρῆται,</span> <span class='ocrx_word' id='word_1_243' title='bbox 282 1862 323 1897; x_wconf 87' lang='grc' dir='ltr'>δι’</span> <span class='ocrx_word' id='word_1_244' title='bbox 350 1861 390 1906; x_wconf 80' lang='grc' dir='ltr'>ἢν</span> <span class='ocrx_word' id='word_1_245' title='bbox 412 1860 506 1897; x_wconf 79' lang='grc' dir='ltr'>οὐδὲν</span> <span class='ocrx_word' id='word_1_246' title='bbox 537 1861 600 1911; x_wconf 75' lang='grc' dir='ltr'>δρᾷ</span> <span class='ocrx_word' id='word_1_247' title='bbox 621 1859 818 1909; x_wconf 86' lang='grc' dir='ltr'>δυνάμενος.</span> <span class='ocrx_word' id='word_1_248' title='bbox 844 1878 857 1892; x_wconf 91' lang='lat'>»</span> <span class='ocrx_word' id='word_1_249' title='bbox 880 1859 950 1897; x_wconf 80' lang='grc' dir='ltr'>Καὶ</span> <span class='ocrx_word' id='word_1_250' title='bbox 977 1861 993 1896; x_wconf 83' lang='grc' dir='ltr'><em>ὃ</em></span> <span class='ocrx_word' id='word_1_251' title='bbox 1014 1861 1147 1910; x_wconf 74' lang='grc' dir='ltr'>Κῦρος,</span> 
     </span>
     <span class='ocr_line' id='line_1_31' title="bbox 115 1915 1147 1970; baseline -0.002 -15"><span class='ocrx_word' id='word_1_252' title='bbox 115 1919 380 1970; x_wconf 82' lang='grc' dir='ltr'>ἐκπειρώμενος·</span> <span class='ocrx_word' id='word_1_253' title='bbox 400 1937 414 1952; x_wconf 91' lang='lat'>«</span> <span class='ocrx_word' id='word_1_254' title='bbox 438 1920 479 1956; x_wconf 67' lang='lat' dir='ltr'>E}</span> <span class='ocrx_word' id='word_1_255' title='bbox 504 1919 539 1954; x_wconf 80' lang='grc' dir='ltr'>δὲ</span> <span class='ocrx_word' id='word_1_256' title='bbox 565 1917 685 1969; x_wconf 75' lang='grc' dir='ltr'>φανείη</span> <span class='ocrx_word' id='word_1_257' title='bbox 713 1916 886 1964; x_wconf 80' lang='grc' dir='ltr'>τολμητὴς</span> <span class='ocrx_word' id='word_1_258' title='bbox 909 1915 993 1968; x_wconf 80' lang='grc' dir='ltr'>ἀνὴρ</span> <span class='ocrx_word' id='word_1_259' title='bbox 1014 1919 1085 1959; x_wconf 85' lang='grc' dir='ltr'>πῶς</span> <span class='ocrx_word' id='word_1_260' title='bbox 1107 1916 1147 1954; x_wconf 79' lang='grc' dir='ltr'>ἂν</span> 
     </span>
     <span class='ocr_line' id='line_1_32' title="bbox 116 1974 1144 2027; baseline -0.003 -13"><span class='ocrx_word' id='word_1_261' title='bbox 116 1976 253 2014; x_wconf 83' lang='grc' dir='ltr'>δύναιτο</span> <span class='ocrx_word' id='word_1_262' title='bbox 281 1980 380 2014; x_wconf 78' lang='grc' dir='ltr'>τοῦτο</span> <span class='ocrx_word' id='word_1_263' title='bbox 410 1977 697 2027; x_wconf 73' lang='grc' dir='ltr'>κατεργάζεσθαι,</span> <span class='ocrx_word' id='word_1_264' title='bbox 727 1993 742 2021; x_wconf 71' lang='lat'>3·</span> <span class='ocrx_word' id='word_1_265' title='bbox 777 1974 821 2012; x_wconf 82' lang='lat' dir='ltr'>‘O</span> <span class='ocrx_word' id='word_1_266' title='bbox 846 1975 879 2011; x_wconf 77' lang='grc' dir='ltr'>δὲ</span> <span class='ocrx_word' id='word_1_267' title='bbox 912 1974 1144 2025; x_wconf 84' lang='grc' dir='ltr'>ἀποκρίνεται·</span> 
     </span>
     <span class='ocr_line' id='line_1_33' title="bbox 113 2032 1145 2086; baseline -0.003 -14"><span class='ocrx_word' id='word_1_268' title='bbox 113 2052 127 2067; x_wconf 71' lang='grc' dir='ltr'>α</span> <span class='ocrx_word' id='word_1_269' title='bbox 153 2036 294 2086; x_wconf 81' lang='grc' dir='ltr'>Πρῶτον</span> <span class='ocrx_word' id='word_1_270' title='bbox 316 2033 376 2083; x_wconf 79' lang='grc' dir='ltr'>μὲν</span> <span class='ocrx_word' id='word_1_271' title='bbox 399 2034 610 2075; x_wconf 83' lang='grc' dir='ltr'>Καδουσίους</span> <span class='ocrx_word' id='word_1_272' title='bbox 629 2033 933 2084; x_wconf 83' lang='grc' dir='ltr'>προσαγαγόμενος</span> <span class='ocrx_word' id='word_1_273' title='bbox 955 2032 1145 2075; x_wconf 81' lang='grc' dir='ltr'>ἐθέλοντας·</span> 
     </span>
     <span class='ocr_line' id='line_1_34' title="bbox 116 2090 1143 2143; baseline -0.003 -14"><span class='ocrx_word' id='word_1_274' title='bbox 116 2092 252 2143; x_wconf 86' lang='grc' dir='ltr'>Πέρσας</span> <span class='ocrx_word' id='word_1_275' title='bbox 270 2091 330 2141; x_wconf 88' lang='grc' dir='ltr'>μὲν</span> <span class='ocrx_word' id='word_1_276' title='bbox 349 2093 503 2140; x_wconf 76' lang='grc' dir='ltr'>φιλοῦσι,</span> <span class='ocrx_word' id='word_1_277' title='bbox 524 2090 666 2136; x_wconf 77' lang='grc' dir='ltr'>Μήδους</span> <span class='ocrx_word' id='word_1_278' title='bbox 686 2090 720 2128; x_wconf 79' lang='grc' dir='ltr'>δὲ</span> <span class='ocrx_word' id='word_1_279' title='bbox 741 2091 829 2128; x_wconf 80' lang='grc' dir='ltr'>πάνυ</span> <span class='ocrx_word' id='word_1_280' title='bbox 845 2094 1006 2140; x_wconf 77' lang='grc' dir='ltr'>μισοῦσι·</span> <span class='ocrx_word' id='word_1_281' title='bbox 1026 2090 1143 2127; x_wconf 85' lang='grc' dir='ltr'>ἔπειτα</span> 
     </span>
     <span class='ocr_line' id='line_1_35' title="bbox 113 2148 1144 2200; baseline -0.002 -14"><span class='ocrx_word' id='word_1_282' title='bbox 113 2149 147 2187; x_wconf 82' lang='grc' dir='ltr'>δὲ</span> <span class='ocrx_word' id='word_1_283' title='bbox 167 2152 223 2186; x_wconf 83' lang='grc' dir='ltr'>καὶ</span> <span class='ocrx_word' id='word_1_284' title='bbox 246 2150 380 2200; x_wconf 84' lang='grc' dir='ltr'>Πέρσας</span> <span class='ocrx_word' id='word_1_285' title='bbox 398 2148 563 2200; x_wconf 83' lang='grc' dir='ltr'>θαρρύνας</span> <span class='ocrx_word' id='word_1_286' title='bbox 579 2164 615 2185; x_wconf 83' lang='grc' dir='ltr'>τε</span> <span class='ocrx_word' id='word_1_287' title='bbox 641 2148 699 2186; x_wconf 73' lang='grc' dir='ltr'>καὶ</span> <span class='ocrx_word' id='word_1_288' title='bbox 720 2149 862 2191; x_wconf 87' lang='grc' dir='ltr'>ὁπλίσας</span> <span class='ocrx_word' id='word_1_289' title='bbox 883 2148 961 2198; x_wconf 84' lang='grc' dir='ltr'>περὶ</span> <span class='ocrx_word' id='word_1_290' title='bbox 982 2149 1016 2197; x_wconf 80' lang='grc' dir='ltr'>μ’</span> <span class='ocrx_word' id='word_1_291' title='bbox 1045 2148 1144 2191; x_wconf 81' lang='grc' dir='ltr'>ὄντας</span> 
     </span>
     <span class='ocr_line' id='line_1_36' title="bbox 113 2206 1143 2257; baseline -0.002 -13"><span class='ocrx_word' id='word_1_292' title='bbox 113 2209 279 2256; x_wconf 82' lang='grc' dir='ltr'>μυριάδας</span> <span class='ocrx_word' id='word_1_293' title='bbox 292 2238 300 2253; x_wconf 93' lang='grc'>,</span> <span class='ocrx_word' id='word_1_294' title='bbox 324 2208 382 2245; x_wconf 75' lang='grc' dir='ltr'>καὶ</span> <span class='ocrx_word' id='word_1_295' title='bbox 400 2207 554 2256; x_wconf 83' lang='grc' dir='ltr'>ἀσμένως</span> <span class='ocrx_word' id='word_1_296' title='bbox 574 2206 614 2243; x_wconf 83' lang='grc' dir='ltr'>ἂν</span> <span class='ocrx_word' id='word_1_297' title='bbox 635 2206 862 2252; x_wconf 80' lang='grc' dir='ltr'>ἐθελήσαντας</span> <span class='ocrx_word' id='word_1_298' title='bbox 885 2207 927 2243; x_wconf 82' lang='grc' dir='ltr'>δι’</span> <span class='ocrx_word' id='word_1_299' title='bbox 946 2206 966 2242; x_wconf 82' lang='grc' dir='ltr'>ἃ</span> <span class='ocrx_word' id='word_1_300' title='bbox 983 2206 1143 2257; x_wconf 77' lang='grc' dir='ltr'>πάσχου-</span> 
     </span>
     <span class='ocr_line' id='line_1_37' title="bbox 112 2263 1141 2322; baseline -0.001 -20"><span class='ocrx_word' id='word_1_301' title='bbox 112 2281 164 2302; x_wconf 89' lang='grc' dir='ltr'>σιν</span> <span class='ocrx_word' id='word_1_302' title='bbox 180 2265 239 2315; x_wconf 80' lang='lat'>(25)</span> <span class='ocrx_word' id='word_1_303' title='bbox 255 2265 321 2302; x_wconf 74' lang='grc' dir='ltr'>ὑπὸ</span> <span class='ocrx_word' id='word_1_304' title='bbox 337 2264 480 2310; x_wconf 80' lang='grc' dir='ltr'>Μήδων·</span> <span class='ocrx_word' id='word_1_305' title='bbox 495 2263 755 2309; x_wconf 80' lang='grc' dir='ltr'>ἐπιτηδειοτάτη</span> <span class='ocrx_word' id='word_1_306' title='bbox 772 2265 799 2300; x_wconf 83' lang='grc' dir='ltr'>δ’</span> <span class='ocrx_word' id='word_1_307' title='bbox 815 2263 1025 2322; x_wconf 59' lang='grc' dir='ltr'>αὖτοῒςπρὸς</span> <span class='ocrx_word' id='word_1_308' title='bbox 1042 2268 1141 2301; x_wconf 76' lang='grc' dir='ltr'>τοῦτο</span> 
     </span>
     <span class='ocr_line' id='line_1_38' title="bbox 111 2320 1141 2374; baseline -0.003 -14"><span class='ocrx_word' id='word_1_309' title='bbox 111 2323 170 2360; x_wconf 83' lang='grc' dir='ltr'>καὶ</span> <span class='ocrx_word' id='word_1_310' title='bbox 195 2326 215 2368; x_wconf 84' lang='grc' dir='ltr'>ἡ</span> <span class='ocrx_word' id='word_1_311' title='bbox 236 2322 334 2374; x_wconf 74' lang='grc' dir='ltr'>χώρα</span> <span class='ocrx_word' id='word_1_312' title='bbox 351 2322 525 2373; x_wconf 85' lang='grc' dir='ltr'>πετρώδης</span> <span class='ocrx_word' id='word_1_313' title='bbox 544 2337 579 2358; x_wconf 90' lang='grc' dir='ltr'>τε</span> <span class='ocrx_word' id='word_1_314' title='bbox 599 2322 657 2358; x_wconf 82' lang='grc' dir='ltr'>καὶ</span> <span class='ocrx_word' id='word_1_315' title='bbox 676 2320 788 2371; x_wconf 83' lang='grc' dir='ltr'>ὀρεινὴ</span> <span class='ocrx_word' id='word_1_316' title='bbox 819 2323 878 2370; x_wconf 80' lang='lat'>(26)</span> <span class='ocrx_word' id='word_1_317' title='bbox 899 2324 982 2358; x_wconf 83' lang='grc' dir='ltr'>οὐσα</span> <span class='ocrx_word' id='word_1_318' title='bbox 995 2350 1004 2366; x_wconf 90' lang='grc'>,</span> <span class='ocrx_word' id='word_1_319' title='bbox 1026 2321 1080 2372; x_wconf 77' lang='grc' dir='ltr'>ἐφ’</span> <span class='ocrx_word' id='word_1_320' title='bbox 1099 2321 1141 2366; x_wconf 77' lang='grc' dir='ltr'>ἢν</span> 
     </span>
     <span class='ocr_line' id='line_1_39' title="bbox 111 2378 1140 2431; baseline -0.002 -14"><span class='ocrx_word' id='word_1_321' title='bbox 111 2382 140 2417; x_wconf 79' lang='grc' dir='ltr'>εἰ</span> <span class='ocrx_word' id='word_1_322' title='bbox 155 2381 350 2431; x_wconf 82' lang='grc' dir='ltr'>στρατεύειν</span> <span class='ocrx_word' id='word_1_323' title='bbox 366 2381 480 2425; x_wconf 78' lang='grc' dir='ltr'>Μῆδοι</span> <span class='ocrx_word' id='word_1_324' title='bbox 492 2379 629 2424; x_wconf 86' lang='grc' dir='ltr'>θέλοιεν,</span> <span class='ocrx_word' id='word_1_325' title='bbox 641 2380 755 2420; x_wconf 81' lang='grc' dir='ltr'>κακῶς</span> <span class='ocrx_word' id='word_1_326' title='bbox 769 2378 1016 2421; x_wconf 84' lang='grc' dir='ltr'>ἀπαλλάξουσι.</span> <span class='ocrx_word' id='word_1_327' title='bbox 1033 2395 1047 2411; x_wconf 87' lang='lat'>»</span> <span class='ocrx_word' id='word_1_328' title='bbox 1068 2381 1140 2416; x_wconf 77' lang='grc' dir='ltr'>Κῦ-</span> 
     </span>
     <span class='ocr_line' id='line_1_40' title="bbox 112 2435 1140 2493; baseline -0.002 -19"><span class='ocrx_word' id='word_1_329' title='bbox 112 2452 165 2488; x_wconf 91' lang='grc' dir='ltr'>ρος</span> <span class='ocrx_word' id='word_1_330' title='bbox 182 2437 215 2474; x_wconf 81' lang='grc' dir='ltr'>δὲ</span> <span class='ocrx_word' id='word_1_331' title='bbox 239 2437 356 2489; x_wconf 79' lang='grc' dir='ltr'>ἠρώτα</span> <span class='ocrx_word' id='word_1_332' title='bbox 369 2453 376 2460; x_wconf 92' lang='grc'><em>·</em></span> <span class='ocrx_word' id='word_1_333' title='bbox 398 2456 412 2471; x_wconf 86' lang='lat'>«</span> <span class='ocrx_word' id='word_1_334' title='bbox 437 2438 478 2475; x_wconf 84' lang='grc' dir='ltr'>Εἰ</span> <span class='ocrx_word' id='word_1_335' title='bbox 497 2436 583 2486; x_wconf 83' lang='grc' dir='ltr'>ἀνὴρ</span> <span class='ocrx_word' id='word_1_336' title='bbox 603 2435 722 2487; x_wconf 81' lang='grc' dir='ltr'>φανείη</span> <span class='ocrx_word' id='word_1_337' title='bbox 741 2440 849 2472; x_wconf 74' lang='grc' dir='ltr'>ταῦτα</span> <span class='ocrx_word' id='word_1_338' title='bbox 866 2437 967 2493; x_wconf 43' lang='grc' dir='ltr'>δρωῶν,</span> <span class='ocrx_word' id='word_1_339' title='bbox 989 2451 1140 2472; x_wconf 84' lang='grc' dir='ltr'>συνανα-</span> 
     </span>
     <span class='ocr_line' id='line_1_41' title="bbox 109 2492 1138 2545; baseline -0.002 -15"><span class='ocrx_word' id='word_1_340' title='bbox 109 2494 333 2537; x_wconf 76' lang='grc' dir='ltr'>κινδυνεύσεις</span> <span class='ocrx_word' id='word_1_341' title='bbox 358 2496 471 2545; x_wconf 78' lang='grc' dir='ltr'>αὐτῷ’,</span> <span class='ocrx_word' id='word_1_342' title='bbox 496 2512 510 2526; x_wconf 86' lang='lat'>»</span> <span class='ocrx_word' id='word_1_343' title='bbox 538 2493 608 2531; x_wconf 77' lang='grc' dir='ltr'>Καὶ</span> <span class='ocrx_word' id='word_1_344' title='bbox 623 2493 671 2536; x_wconf 80' lang='grc' dir='ltr'>ὅς·</span> <span class='ocrx_word' id='word_1_345' title='bbox 697 2511 710 2525; x_wconf 90' lang='lat'>«</span> <span class='ocrx_word' id='word_1_346' title='bbox 732 2494 773 2530; x_wconf 66' lang='lat' dir='ltr'>lit</span> <span class='ocrx_word' id='word_1_347' title='bbox 789 2492 854 2543; x_wconf 78' lang='grc' dir='ltr'>γὰρ</span> <span class='ocrx_word' id='word_1_348' title='bbox 869 2523 878 2540; x_wconf 92' lang='grc'>,</span> <span class='ocrx_word' id='word_1_349' title='bbox 896 2495 923 2529; x_wconf 83' lang='grc' dir='ltr'>ὠ</span> <span class='ocrx_word' id='word_1_350' title='bbox 943 2495 1031 2538; x_wconf 72' lang='grc' dir='ltr'>Ζεῦ,</span> <span class='ocrx_word' id='word_1_351' title='bbox 1051 2493 1113 2544; x_wconf 68' lang='grc' dir='ltr'>ἔφη</span> <span class='ocrx_word' id='word_1_352' title='bbox 1129 2522 1138 2537; x_wconf 94' lang='grc'>,</span> 
     </span>
     <span class='ocr_line' id='line_1_42' title="bbox 111 2549 1137 2600; baseline -0.002 -12"><span class='ocrx_word' id='word_1_353' title='bbox 111 2551 262 2599; x_wconf 82' lang='grc' dir='ltr'>μάλιστα</span> <span class='ocrx_word' id='word_1_354' title='bbox 291 2550 351 2599; x_wconf 86' lang='grc' dir='ltr'>μὲν</span> <span class='ocrx_word' id='word_1_355' title='bbox 374 2550 414 2586; x_wconf 78' lang='grc' dir='ltr'>σὺ</span> <span class='ocrx_word' id='word_1_356' title='bbox 433 2551 502 2596; x_wconf 89' lang='grc' dir='ltr'>εἴης</span> <span class='ocrx_word' id='word_1_357' title='bbox 524 2553 541 2587; x_wconf 80' lang='grc' dir='ltr'>ὁ</span> <span class='ocrx_word' id='word_1_358' title='bbox 566 2555 632 2593; x_wconf 86' lang='grc' dir='ltr'>τοῖς</span> <span class='ocrx_word' id='word_1_359' title='bbox 659 2552 716 2599; x_wconf 82' lang='lat'>(27)</span> <span class='ocrx_word' id='word_1_360' title='bbox 737 2552 914 2600; x_wconf 64' lang='grc' dir='ltr'>ἐγχειρῶν,</span> <span class='ocrx_word' id='word_1_361' title='bbox 936 2549 1051 2594; x_wconf 75' lang='grc' dir='ltr'>ἐπειδὴ</span> <span class='ocrx_word' id='word_1_362' title='bbox 1080 2549 1137 2586; x_wconf 82' lang='grc' dir='ltr'>καὶ</span> 
     </span>
    </p>
   </div>
   <div class='ocr_carea' id='block_1_2' title="bbox 928 172 1443 213">
    <p class='ocr_par' dir='ltr' id='par_1_2' title="bbox 928 172 1443 213">
     <span class='ocr_line' id='line_1_43' title="bbox 928 172 1443 213; baseline 0.01 -5"><span class='ocrx_word' id='word_1_363' title='bbox 928 172 1126 211; x_wconf 82' lang='lat' dir='ltr'>NlCOLAl</span> <span class='ocrx_word' id='word_1_364' title='bbox 1159 176 1443 213; x_wconf 71' lang='lat' dir='ltr'>DAMASCENI</span> 
     </span>
    </p>
   </div>
   <div class='ocr_carea' id='block_1_3' title="bbox 1215 262 2247 715">
    <p class='ocr_par' dir='ltr' id='par_1_3' title="bbox 1215 262 2247 715">
     <span class='ocr_line' id='line_1_44' title="bbox 1218 262 2244 308; baseline 0.013 -18"><span class='ocrx_word' id='word_1_365' title='bbox 1218 262 1325 291; x_wconf 85' lang='lat' dir='ltr'>turum</span> <span class='ocrx_word' id='word_1_366' title='bbox 1342 262 1548 301; x_wconf 73' lang='lat' dir='ltr'>portenditur.</span> <span class='ocrx_word' id='word_1_367' title='bbox 1573 276 1586 289; x_wconf 71' lang='lat' dir='ltr'>u</span> <span class='ocrx_word' id='word_1_368' title='bbox 1605 265 1678 294; x_wconf 82' lang='lat' dir='ltr'>Haec</span> <span class='ocrx_word' id='word_1_369' title='bbox 1690 267 1773 304; x_wconf 84' lang='lat' dir='ltr'>apud</span> <span class='ocrx_word' id='word_1_370' title='bbox 1786 266 1928 298; x_wconf 89' lang='lat' dir='ltr'>animum</span> <span class='ocrx_word' id='word_1_371' title='bbox 1947 269 2123 308; x_wconf 86' lang='lat' dir='ltr'>reputanti,</span> <span class='ocrx_word' id='word_1_372' title='bbox 2141 271 2192 302; x_wconf 90' lang='lat' dir='ltr'>ubi</span> <span class='ocrx_word' id='word_1_373' title='bbox 2206 272 2244 304; x_wconf 80' lang='lat' dir='ltr'>ad</span> 
     </span>
     <span class='ocr_line' id='line_1_45' title="bbox 1218 327 2247 374; baseline 0.012 -18"><span class='ocrx_word' id='word_1_374' title='bbox 1218 327 1294 357; x_wconf 86' lang='lat' dir='ltr'>lines</span> <span class='ocrx_word' id='word_1_375' title='bbox 1304 328 1509 359; x_wconf 78' lang='lat' dir='ltr'>Cadusiorum</span> <span class='ocrx_word' id='word_1_376' title='bbox 1522 332 1719 369; x_wconf 76' lang='lat' dir='ltr'>pervenerat,</span> <span class='ocrx_word' id='word_1_377' title='bbox 1731 332 1834 363; x_wconf 90' lang='lat' dir='ltr'>obiam</span> <span class='ocrx_word' id='word_1_378' title='bbox 1850 334 1883 364; x_wconf 87' lang='lat' dir='ltr'>lit</span> <span class='ocrx_word' id='word_1_379' title='bbox 1896 334 1953 372; x_wconf 80' lang='lat' dir='ltr'>vir,</span> <span class='ocrx_word' id='word_1_380' title='bbox 1963 335 2017 374; x_wconf 90' lang='lat' dir='ltr'>qui</span> <span class='ocrx_word' id='word_1_381' title='bbox 2033 335 2134 374; x_wconf 80' lang='lat' dir='ltr'>flagris</span> <span class='ocrx_word' id='word_1_382' title='bbox 2147 346 2247 368; x_wconf 79' lang='lat' dir='ltr'>caesus</span> 
     </span>
     <span class='ocr_line' id='line_1_46' title="bbox 1216 397 2240 440; baseline 0.011 -15"><span class='ocrx_word' id='word_1_383' title='bbox 1216 397 1300 433; x_wconf 86' lang='lat' dir='ltr'>erat,</span> <span class='ocrx_word' id='word_1_384' title='bbox 1315 398 1346 426; x_wconf 88' lang='lat' dir='ltr'>et</span> <span class='ocrx_word' id='word_1_385' title='bbox 1375 397 1483 427; x_wconf 83' lang='lat' dir='ltr'>timum</span> <span class='ocrx_word' id='word_1_386' title='bbox 1503 399 1580 428; x_wconf 83' lang='lat' dir='ltr'>tunc</span> <span class='ocrx_word' id='word_1_387' title='bbox 1593 398 1623 428; x_wconf 91' lang='lat' dir='ltr'>in</span> <span class='ocrx_word' id='word_1_388' title='bbox 1644 399 1778 438; x_wconf 82' lang='lat' dir='ltr'>cophino</span> <span class='ocrx_word' id='word_1_389' title='bbox 1795 401 1992 440; x_wconf 84' lang='lat' dir='ltr'>exportabat.</span> <span class='ocrx_word' id='word_1_390' title='bbox 2013 403 2105 440; x_wconf 92' lang='lat' dir='ltr'>Quod</span> <span class='ocrx_word' id='word_1_391' title='bbox 2120 405 2240 436; x_wconf 90' lang='lat' dir='ltr'>omino-</span> 
     </span>
     <span class='ocr_line' id='line_1_47' title="bbox 1215 466 2244 513; baseline 0.011 -19"><span class='ocrx_word' id='word_1_392' title='bbox 1215 473 1286 495; x_wconf 89' lang='lat' dir='ltr'>sum</span> <span class='ocrx_word' id='word_1_393' title='bbox 1300 467 1386 495; x_wconf 85' lang='lat' dir='ltr'>ratus</span> <span class='ocrx_word' id='word_1_394' title='bbox 1400 466 1571 505; x_wconf 76' lang='lat' dir='ltr'>Babylonio</span> <span class='ocrx_word' id='word_1_395' title='bbox 1587 476 1653 498; x_wconf 88' lang='lat' dir='ltr'>rem</span> <span class='ocrx_word' id='word_1_396' title='bbox 1672 469 1828 507; x_wconf 81' lang='lat' dir='ltr'><strong>proponit.</strong></span> <span class='ocrx_word' id='word_1_397' title='bbox 1847 471 1877 501; x_wconf 90' lang='lat' dir='ltr'>Is</span> <span class='ocrx_word' id='word_1_398' title='bbox 1889 479 1965 501; x_wconf 79' lang='lat' dir='ltr'>vero</span> <span class='ocrx_word' id='word_1_399' title='bbox 1981 472 2131 503; x_wconf 85' lang='lat' dir='ltr'>sciscitari</span> <span class='ocrx_word' id='word_1_400' title='bbox 2141 473 2244 513; x_wconf 75' lang='lat' dir='ltr'>Jussit,</span> 
     </span>
     <span class='ocr_line' id='line_1_48' title="bbox 1216 533 2245 580; baseline 0.013 -18"><span class='ocrx_word' id='word_1_401' title='bbox 1216 533 1286 572; x_wconf 83' lang='lat' dir='ltr'>quis</span> <span class='ocrx_word' id='word_1_402' title='bbox 1307 536 1339 564; x_wconf 85' lang='lat' dir='ltr'>et</span> <span class='ocrx_word' id='word_1_403' title='bbox 1355 534 1441 573; x_wconf 87' lang='lat' dir='ltr'>cujas</span> <span class='ocrx_word' id='word_1_404' title='bbox 1468 535 1513 565; x_wconf 86' lang='lat' dir='ltr'>vir</span> <span class='ocrx_word' id='word_1_405' title='bbox 1529 539 1619 567; x_wconf 85' lang='lat' dir='ltr'>esset.</span> <span class='ocrx_word' id='word_1_406' title='bbox 1636 537 1811 569; x_wconf 78' lang='lat' dir='ltr'>sciscitanti</span> <span class='ocrx_word' id='word_1_407' title='bbox 1828 538 1881 570; x_wconf 88' lang='lat' dir='ltr'>ille</span> <span class='ocrx_word' id='word_1_408' title='bbox 1894 540 2053 580; x_wconf 77' lang='lat' dir='ltr'>respondit</span> <span class='ocrx_word' id='word_1_409' title='bbox 2074 551 2107 573; x_wconf 87' lang='lat' dir='ltr'>se</span> <span class='ocrx_word' id='word_1_410' title='bbox 2121 545 2245 574; x_wconf 80' lang='lat' dir='ltr'>Persam</span> 
     </span>
     <span class='ocr_line' id='line_1_49' title="bbox 1216 602 2243 646; baseline 0.011 -14"><span class='ocrx_word' id='word_1_411' title='bbox 1216 611 1281 633; x_wconf 89' lang='lat' dir='ltr'>esse</span> <span class='ocrx_word' id='word_1_412' title='bbox 1294 602 1445 633; x_wconf 89' lang='lat' dir='ltr'>OEbarem</span> <span class='ocrx_word' id='word_1_413' title='bbox 1468 605 1603 635; x_wconf 73' lang='lat' dir='ltr'>nomine.</span> <span class='ocrx_word' id='word_1_414' title='bbox 1617 605 1741 641; x_wconf 89' lang='lat' dir='ltr'>Quibus</span> <span class='ocrx_word' id='word_1_415' title='bbox 1757 607 1859 646; x_wconf 80' lang='lat' dir='ltr'>Cyrus</span> <span class='ocrx_word' id='word_1_416' title='bbox 1871 608 1963 640; x_wconf 80' lang='lat' dir='ltr'>valde</span> <span class='ocrx_word' id='word_1_417' title='bbox 1977 609 2154 642; x_wconf 84' lang='lat' dir='ltr'>laetabatur.</span> <span class='ocrx_word' id='word_1_418' title='bbox 2166 613 2243 643; x_wconf 84' lang='lat' dir='ltr'>Nam</span> 
     </span>
     <span class='ocr_line' id='line_1_50' title="bbox 1221 669 2243 715; baseline 0.011 -15"><span class='ocrx_word' id='word_1_419' title='bbox 1221 669 1362 701; x_wconf 75' lang='lat' dir='ltr'>OEbares</span> <span class='ocrx_word' id='word_1_420' title='bbox 1372 679 1474 710; x_wconf 85' lang='lat' dir='ltr'>graeca</span> <span class='ocrx_word' id='word_1_421' title='bbox 1486 672 1590 711; x_wconf 77' lang='lat' dir='ltr'>lingua</span> <span class='ocrx_word' id='word_1_422' title='bbox 1602 672 1756 712; x_wconf 75' lang='lat' dir='ltr'>significat</span> <span class='ocrx_word' id='word_1_423' title='bbox 1769 675 1988 715; x_wconf 70' lang='grc' dir='ltr'>ἀγαθάγγεὶος,</span> <span class='ocrx_word' id='word_1_424' title='bbox 2003 677 2078 709; x_wconf 75' lang='lat' dir='ltr'>boni</span> <span class='ocrx_word' id='word_1_425' title='bbox 2088 682 2243 711; x_wconf 76' lang='lat' dir='ltr'>nuntius.</span> 
     </span>
    </p>
   </div>
   <div class='ocr_carea' id='block_1_4' title="bbox 1201 739 2246 2593">
    <p class='ocr_par' dir='ltr' id='par_1_4' title="bbox 1213 739 2246 1039">
     <span class='ocr_line' id='line_1_51' title="bbox 1215 739 2245 785; baseline 0.011 -17"><span class='ocrx_word' id='word_1_426' title='bbox 1215 741 1258 769; x_wconf 82' lang='lat' dir='ltr'>Ac</span> <span class='ocrx_word' id='word_1_427' title='bbox 1274 739 1461 779; x_wconf 75' lang='lat' dir='ltr'>Babylonius</span> <span class='ocrx_word' id='word_1_428' title='bbox 1482 742 1565 780; x_wconf 84' lang='lat' dir='ltr'>Cyro</span> <span class='ocrx_word' id='word_1_429' title='bbox 1581 741 1662 773; x_wconf 84' lang='lat' dir='ltr'>dixit</span> <span class='ocrx_word' id='word_1_430' title='bbox 1678 743 1798 782; x_wconf 88' lang='lat' dir='ltr'>reliqua</span> <span class='ocrx_word' id='word_1_431' title='bbox 1814 753 1940 784; x_wconf 89' lang='lat' dir='ltr'>quoque</span> <span class='ocrx_word' id='word_1_432' title='bbox 1953 745 2039 785; x_wconf 85' lang='lat' dir='ltr'>signa</span> <span class='ocrx_word' id='word_1_433' title='bbox 2058 747 2245 779; x_wconf 81' lang='lat' dir='ltr'>faustissima</span> 
     </span>
     <span class='ocr_line' id='line_1_52' title="bbox 1215 803 2244 851; baseline 0.01 -19"><span class='ocrx_word' id='word_1_434' title='bbox 1215 810 1281 833; x_wconf 85' lang='lat' dir='ltr'>esse</span> <span class='ocrx_word' id='word_1_435' title='bbox 1304 815 1311 833; x_wconf 87' lang='grc'>;</span> <span class='ocrx_word' id='word_1_436' title='bbox 1329 803 1413 842; x_wconf 87' lang='lat' dir='ltr'>quod</span> <span class='ocrx_word' id='word_1_437' title='bbox 1430 804 1548 835; x_wconf 88' lang='lat' dir='ltr'>scilicet</span> <span class='ocrx_word' id='word_1_438' title='bbox 1563 807 1656 836; x_wconf 87' lang='lat' dir='ltr'>Persa</span> <span class='ocrx_word' id='word_1_439' title='bbox 1673 805 1807 846; x_wconf 89' lang='lat' dir='ltr'>ideoque</span> <span class='ocrx_word' id='word_1_440' title='bbox 1826 807 1904 839; x_wconf 88' lang='lat' dir='ltr'>civis</span> <span class='ocrx_word' id='word_1_441' title='bbox 1919 810 1992 840; x_wconf 89' lang='lat' dir='ltr'>tuus</span> <span class='ocrx_word' id='word_1_442' title='bbox 2007 811 2071 849; x_wconf 88' lang='lat' dir='ltr'>est,</span> <span class='ocrx_word' id='word_1_443' title='bbox 2088 812 2184 851; x_wconf 87' lang='lat' dir='ltr'>atque</span> <span class='ocrx_word' id='word_1_444' title='bbox 2200 811 2244 842; x_wconf 83' lang='lat' dir='ltr'>tu·</span> 
     </span>
     <span class='ocr_line' id='line_1_53' title="bbox 1215 866 2244 913; baseline 0.011 -18"><span class='ocrx_word' id='word_1_445' title='bbox 1215 874 1302 896; x_wconf 91' lang='lat' dir='ltr'>mum</span> <span class='ocrx_word' id='word_1_446' title='bbox 1315 866 1405 897; x_wconf 83' lang='lat' dir='ltr'>essert</span> <span class='ocrx_word' id='word_1_447' title='bbox 1414 867 1582 907; x_wconf 87' lang='lat' dir='ltr'>equinum,</span> <span class='ocrx_word' id='word_1_448' title='bbox 1597 877 1662 908; x_wconf 90' lang='lat' dir='ltr'>quo</span> <span class='ocrx_word' id='word_1_449' title='bbox 1674 869 1794 901; x_wconf 87' lang='lat' dir='ltr'>divitiae</span> <span class='ocrx_word' id='word_1_450' title='bbox 1808 872 1838 901; x_wconf 90' lang='lat' dir='ltr'>et</span> <span class='ocrx_word' id='word_1_451' title='bbox 1849 873 1987 910; x_wconf 86' lang='lat' dir='ltr'>potentia</span> <span class='ocrx_word' id='word_1_452' title='bbox 2000 874 2244 913; x_wconf 85' lang='lat' dir='ltr'>portenduntur,</span> 
     </span>
     <span class='ocr_line' id='line_1_54' title="bbox 1215 929 2246 978; baseline 0.013 -20"><span class='ocrx_word' id='word_1_453' title='bbox 1215 929 1259 959; x_wconf 91' lang='lat' dir='ltr'>uti</span> <span class='ocrx_word' id='word_1_454' title='bbox 1275 929 1375 968; x_wconf 90' lang='lat' dir='ltr'>ipsum</span> <span class='ocrx_word' id='word_1_455' title='bbox 1389 939 1505 962; x_wconf 90' lang='lat' dir='ltr'>nomen</span> <span class='ocrx_word' id='word_1_456' title='bbox 1527 931 1656 963; x_wconf 85' lang='lat' dir='ltr'>indicat.</span> <span class='ocrx_word' id='word_1_457' title='bbox 1675 934 1786 964; x_wconf 82' lang='lat' dir='ltr'>Statim</span> <span class='ocrx_word' id='word_1_458' title='bbox 1805 934 1898 974; x_wconf 84' lang='lat' dir='ltr'>igitur</span> <span class='ocrx_word' id='word_1_459' title='bbox 1914 935 2073 968; x_wconf 88' lang='lat' dir='ltr'>hominem</span> <span class='ocrx_word' id='word_1_460' title='bbox 2087 940 2187 978; x_wconf 87' lang='lat' dir='ltr'>cyrus</span> <span class='ocrx_word' id='word_1_461' title='bbox 2199 948 2246 971; x_wconf 84' lang='lat' dir='ltr'>as-</span> 
     </span>
     <span class='ocr_line' id='line_1_55' title="bbox 1213 993 2060 1039; baseline 0.011 -17"><span class='ocrx_word' id='word_1_462' title='bbox 1213 993 1310 1024; x_wconf 85' lang='lat' dir='ltr'>sumit</span> <span class='ocrx_word' id='word_1_463' title='bbox 1324 1002 1361 1024; x_wconf 90' lang='lat' dir='ltr'>ac</span> <span class='ocrx_word' id='word_1_464' title='bbox 1375 995 1517 1025; x_wconf 89' lang='lat' dir='ltr'>comitari</span> <span class='ocrx_word' id='word_1_465' title='bbox 1530 1003 1563 1026; x_wconf 88' lang='lat' dir='ltr'>se</span> <span class='ocrx_word' id='word_1_466' title='bbox 1572 995 1663 1034; x_wconf 88' lang='lat' dir='ltr'>jubet</span> <span class='ocrx_word' id='word_1_467' title='bbox 1672 1007 1681 1035; x_wconf 92' lang='lat'>;</span> <span class='ocrx_word' id='word_1_468' title='bbox 1696 997 1748 1028; x_wconf 91' lang='lat' dir='ltr'>ille</span> <span class='ocrx_word' id='word_1_469' title='bbox 1763 1006 1838 1028; x_wconf 87' lang='lat' dir='ltr'>vero</span> <span class='ocrx_word' id='word_1_470' title='bbox 1851 997 2060 1039; x_wconf 78' lang='lat' dir='ltr'>obtemperat.</span> 
     </span>
    </p>

    <p class='ocr_par' dir='ltr' id='par_1_5' title="bbox 1201 1057 2246 2593">
     <span class='ocr_line' id='line_1_56' title="bbox 1255 1057 2246 1105; baseline 0.011 -18"><span class='ocrx_word' id='word_1_471' title='bbox 1255 1057 1372 1089; x_wconf 82' lang='lat' dir='ltr'>Deinde</span> <span class='ocrx_word' id='word_1_472' title='bbox 1385 1058 1417 1088; x_wconf 90' lang='lat' dir='ltr'>in</span> <span class='ocrx_word' id='word_1_473' title='bbox 1439 1059 1649 1090; x_wconf 86' lang='lat' dir='ltr'>Cadusiorum</span> <span class='ocrx_word' id='word_1_474' title='bbox 1674 1062 1790 1092; x_wconf 87' lang='lat' dir='ltr'>terram</span> <span class='ocrx_word' id='word_1_475' title='bbox 1808 1061 1848 1092; x_wconf 89' lang='lat' dir='ltr'>ad</span> <span class='ocrx_word' id='word_1_476' title='bbox 1865 1063 2076 1103; x_wconf 88' lang='lat' dir='ltr'>Onaphernen</span> <span class='ocrx_word' id='word_1_477' title='bbox 2092 1066 2196 1105; x_wconf 88' lang='lat' dir='ltr'>venit,</span> <span class='ocrx_word' id='word_1_478' title='bbox 2213 1069 2246 1098; x_wconf 81' lang='lat' dir='ltr'>et</span> 
     </span>
     <span class='ocr_line' id='line_1_57' title="bbox 1212 1121 2243 1166; baseline 0.011 -17"><span class='ocrx_word' id='word_1_479' title='bbox 1212 1121 1379 1159; x_wconf 84' lang='lat' dir='ltr'>postquam</span> <span class='ocrx_word' id='word_1_480' title='bbox 1395 1121 1434 1151; x_wconf 90' lang='lat' dir='ltr'>de</span> <span class='ocrx_word' id='word_1_481' title='bbox 1451 1121 1628 1161; x_wconf 83' lang='lat' dir='ltr'>proditione</span> <span class='ocrx_word' id='word_1_482' title='bbox 1645 1122 1739 1154; x_wconf 80' lang='lat' dir='ltr'>tidem</span> <span class='ocrx_word' id='word_1_483' title='bbox 1752 1123 1840 1156; x_wconf 80' lang='lat' dir='ltr'>dedit</span> <span class='ocrx_word' id='word_1_484' title='bbox 1851 1126 1883 1156; x_wconf 87' lang='lat' dir='ltr'>et</span> <span class='ocrx_word' id='word_1_485' title='bbox 1895 1127 2017 1166; x_wconf 83' lang='lat' dir='ltr'>accepit</span> <span class='ocrx_word' id='word_1_486' title='bbox 2028 1151 2037 1166; x_wconf 96' lang='lat'>,</span> <span class='ocrx_word' id='word_1_487' title='bbox 2053 1127 2085 1158; x_wconf 94' lang='lat' dir='ltr'>in</span> <span class='ocrx_word' id='word_1_488' title='bbox 2109 1129 2243 1160; x_wconf 87' lang='lat' dir='ltr'>Mediam</span> 
     </span>
     <span class='ocr_line' id='line_1_58' title="bbox 1213 1185 2244 1233; baseline 0.01 -19"><span class='ocrx_word' id='word_1_489' title='bbox 1213 1185 1392 1216; x_wconf 74' lang='lat' dir='ltr'>revertitur.</span> <span class='ocrx_word' id='word_1_490' title='bbox 1409 1186 1559 1217; x_wconf 85' lang='lat' dir='ltr'>OEbarem</span> <span class='ocrx_word' id='word_1_491' title='bbox 1577 1195 1653 1218; x_wconf 79' lang='lat' dir='ltr'>vero</span> <span class='ocrx_word' id='word_1_492' title='bbox 1669 1196 1751 1227; x_wconf 91' lang='lat' dir='ltr'>equo</span> <span class='ocrx_word' id='word_1_493' title='bbox 1775 1192 1806 1219; x_wconf 87' lang='lat' dir='ltr'>et</span> <span class='ocrx_word' id='word_1_494' title='bbox 1821 1190 1909 1220; x_wconf 85' lang='lat' dir='ltr'>veste</span> <span class='ocrx_word' id='word_1_495' title='bbox 1924 1191 2051 1222; x_wconf 86' lang='lat' dir='ltr'>Persica</span> <span class='ocrx_word' id='word_1_496' title='bbox 2076 1192 2244 1233; x_wconf 87' lang='lat' dir='ltr'>ceteroque</span> 
     </span>
     <span class='ocr_line' id='line_1_59' title="bbox 1212 1248 2242 1293; baseline 0.011 -16"><span class='ocrx_word' id='word_1_497' title='bbox 1212 1248 1299 1278; x_wconf 89' lang='lat' dir='ltr'>cultu</span> <span class='ocrx_word' id='word_1_498' title='bbox 1315 1248 1484 1279; x_wconf 71' lang='lat' dir='ltr'>honoravit</span> <span class='ocrx_word' id='word_1_499' title='bbox 1498 1251 1529 1280; x_wconf 88' lang='lat' dir='ltr'>et</span> <span class='ocrx_word' id='word_1_500' title='bbox 1546 1251 1628 1280; x_wconf 89' lang='lat' dir='ltr'>circa</span> <span class='ocrx_word' id='word_1_501' title='bbox 1642 1259 1674 1281; x_wconf 86' lang='lat' dir='ltr'>se</span> <span class='ocrx_word' id='word_1_502' title='bbox 1688 1251 1836 1290; x_wconf 87' lang='lat' dir='ltr'>habebat,</span> <span class='ocrx_word' id='word_1_503' title='bbox 1850 1261 1950 1291; x_wconf 87' lang='lat' dir='ltr'>quum</span> <span class='ocrx_word' id='word_1_504' title='bbox 1963 1254 2081 1293; x_wconf 88' lang='lat' dir='ltr'>optime</span> <span class='ocrx_word' id='word_1_505' title='bbox 2093 1255 2242 1288; x_wconf 79' lang='lat' dir='ltr'>affectum</span> 
     </span>
     <span class='ocr_line' id='line_1_60' title="bbox 1214 1309 2242 1357; baseline 0.009 -18"><span class='ocrx_word' id='word_1_506' title='bbox 1214 1309 1351 1349; x_wconf 85' lang='lat' dir='ltr'>videret,</span> <span class='ocrx_word' id='word_1_507' title='bbox 1371 1310 1516 1342; x_wconf 84' lang='lat' dir='ltr'>hortante</span> <span class='ocrx_word' id='word_1_508' title='bbox 1527 1311 1621 1342; x_wconf 88' lang='lat' dir='ltr'>simul</span> <span class='ocrx_word' id='word_1_509' title='bbox 1637 1312 1827 1352; x_wconf 83' lang='lat' dir='ltr'>Babylonio,</span> <span class='ocrx_word' id='word_1_510' title='bbox 1842 1316 1877 1345; x_wconf 91' lang='lat' dir='ltr'>ut</span> <span class='ocrx_word' id='word_1_511' title='bbox 1890 1322 1965 1345; x_wconf 88' lang='lat' dir='ltr'>cum</span> <span class='ocrx_word' id='word_1_512' title='bbox 1987 1324 2025 1346; x_wconf 88' lang='lat' dir='ltr'>eo</span> <span class='ocrx_word' id='word_1_513' title='bbox 2046 1316 2242 1357; x_wconf 86' lang='lat' dir='ltr'>colloquere-</span> 
     </span>
     <span class='ocr_line' id='line_1_61' title="bbox 1210 1373 2243 1412; baseline 0.008 -10"><span class='ocrx_word' id='word_1_514' title='bbox 1210 1373 1273 1402; x_wconf 88' lang='lat' dir='ltr'>tur.</span> <span class='ocrx_word' id='word_1_515' title='bbox 1295 1373 1344 1403; x_wconf 80' lang='lat' dir='ltr'>SIc</span> <span class='ocrx_word' id='word_1_516' title='bbox 1361 1373 1524 1412; x_wconf 79' lang='lat' dir='ltr'>paullatim</span> <span class='ocrx_word' id='word_1_517' title='bbox 1541 1374 1784 1405; x_wconf 80' lang='lat' dir='ltr'>familiaritatem</span> <span class='ocrx_word' id='word_1_518' title='bbox 1799 1383 1871 1406; x_wconf 89' lang='lat' dir='ltr'>cum</span> <span class='ocrx_word' id='word_1_519' title='bbox 1887 1384 1924 1407; x_wconf 91' lang='lat' dir='ltr'>eo</span> <span class='ocrx_word' id='word_1_520' title='bbox 1938 1377 2128 1409; x_wconf 88' lang='lat' dir='ltr'>contrahens</span> <span class='ocrx_word' id='word_1_521' title='bbox 2143 1379 2243 1410; x_wconf 90' lang='lat' dir='ltr'>consi-</span> 
     </span>
     <span class='ocr_line' id='line_1_62' title="bbox 1210 1431 2242 1473; baseline 0.007 -12"><span class='ocrx_word' id='word_1_522' title='bbox 1210 1431 1323 1461; x_wconf 89' lang='lat' dir='ltr'>liorum</span> <span class='ocrx_word' id='word_1_523' title='bbox 1346 1432 1466 1463; x_wconf 89' lang='lat' dir='ltr'>socium</span> <span class='ocrx_word' id='word_1_524' title='bbox 1484 1433 1574 1472; x_wconf 84' lang='lat' dir='ltr'>fecit,</span> <span class='ocrx_word' id='word_1_525' title='bbox 1595 1434 1626 1464; x_wconf 86' lang='lat' dir='ltr'>et</span> <span class='ocrx_word' id='word_1_526' title='bbox 1648 1433 1809 1473; x_wconf 88' lang='lat' dir='ltr'>quondam</span> <span class='ocrx_word' id='word_1_527' title='bbox 1830 1434 1862 1465; x_wconf 90' lang='lat' dir='ltr'>in</span> <span class='ocrx_word' id='word_1_528' title='bbox 1885 1443 2063 1467; x_wconf 87' lang='lat' dir='ltr'>sermonem</span> <span class='ocrx_word' id='word_1_529' title='bbox 2079 1437 2165 1468; x_wconf 86' lang='lat' dir='ltr'>venit</span> <span class='ocrx_word' id='word_1_530' title='bbox 2183 1437 2242 1468; x_wconf 91' lang='lat' dir='ltr'>hu-</span> 
     </span>
     <span class='ocr_line' id='line_1_63' title="bbox 1207 1494 2242 1535; baseline 0.005 -11"><span class='ocrx_word' id='word_1_531' title='bbox 1207 1494 1357 1534; x_wconf 87' lang='lat' dir='ltr'>jusmodi.</span> <span class='ocrx_word' id='word_1_532' title='bbox 1381 1506 1395 1520; x_wconf 73' lang='grc' dir='ltr'>κ</span> <span class='ocrx_word' id='word_1_533' title='bbox 1417 1496 1520 1531; x_wconf 89' lang='lat' dir='ltr'>Quam</span> <span class='ocrx_word' id='word_1_534' title='bbox 1535 1503 1629 1534; x_wconf 79' lang='lat' dir='ltr'>grave</span> <span class='ocrx_word' id='word_1_535' title='bbox 1643 1497 1707 1533; x_wconf 89' lang='lat' dir='ltr'>est,</span> <span class='ocrx_word' id='word_1_536' title='bbox 1724 1495 1826 1535; x_wconf 88' lang='lat' dir='ltr'>inquit</span> <span class='ocrx_word' id='word_1_537' title='bbox 1837 1520 1845 1535; x_wconf 91' lang='lat'><strong><em>‚</em></strong></span> <span class='ocrx_word' id='word_1_538' title='bbox 1862 1499 1970 1528; x_wconf 87' lang='lat' dir='ltr'>Persas</span> <span class='ocrx_word' id='word_1_539' title='bbox 1984 1497 2090 1529; x_wconf 78' lang='lat' dir='ltr'>videre</span> <span class='ocrx_word' id='word_1_540' title='bbox 2109 1507 2127 1529; x_wconf 92' lang='lat' dir='ltr'>a</span> <span class='ocrx_word' id='word_1_541' title='bbox 2142 1499 2242 1531; x_wconf 89' lang='lat' dir='ltr'>Medis</span> 
     </span>
     <span class='ocr_line' id='line_1_64' title="bbox 1209 1556 2239 1596; baseline 0.006 -10"><span class='ocrx_word' id='word_1_542' title='bbox 1209 1556 1316 1595; x_wconf 84' lang='lat' dir='ltr'>inique</span> <span class='ocrx_word' id='word_1_543' title='bbox 1330 1557 1477 1595; x_wconf 89' lang='lat' dir='ltr'>tractari,</span> <span class='ocrx_word' id='word_1_544' title='bbox 1494 1565 1594 1596; x_wconf 91' lang='lat' dir='ltr'>quum</span> <span class='ocrx_word' id='word_1_545' title='bbox 1614 1556 1717 1587; x_wconf 89' lang='lat' dir='ltr'>indole</span> <span class='ocrx_word' id='word_1_546' title='bbox 1735 1557 1864 1589; x_wconf 88' lang='lat' dir='ltr'>minime</span> <span class='ocrx_word' id='word_1_547' title='bbox 1878 1559 1939 1590; x_wconf 88' lang='lat' dir='ltr'>sint</span> <span class='ocrx_word' id='word_1_548' title='bbox 1962 1559 2134 1591; x_wconf 80' lang='lat' dir='ltr'>inferiores.</span> <span class='ocrx_word' id='word_1_549' title='bbox 2157 1574 2172 1587; x_wconf 88' lang='lat'>»</span> <span class='ocrx_word' id='word_1_550' title='bbox 2192 1560 2239 1592; x_wconf 84' lang='lat' dir='ltr'>Ad</span> 
     </span>
     <span class='ocr_line' id='line_1_65' title="bbox 1209 1618 2240 1659; baseline 0.006 -11"><span class='ocrx_word' id='word_1_551' title='bbox 1209 1627 1282 1658; x_wconf 80' lang='lat' dir='ltr'>quae</span> <span class='ocrx_word' id='word_1_552' title='bbox 1296 1618 1453 1649; x_wconf 87' lang='lat' dir='ltr'>OEbares:</span> <span class='ocrx_word' id='word_1_553' title='bbox 1477 1632 1491 1646; x_wconf 73' lang='lat' dir='ltr'>a</span> <span class='ocrx_word' id='word_1_554' title='bbox 1516 1622 1542 1650; x_wconf 94' lang='grc' dir='ltr'><strong>Ο</strong></span> <span class='ocrx_word' id='word_1_555' title='bbox 1568 1621 1665 1658; x_wconf 86' lang='lat' dir='ltr'>Cyre,</span> <span class='ocrx_word' id='word_1_556' title='bbox 1686 1620 1805 1659; x_wconf 86' lang='lat' dir='ltr'>inquit,</span> <span class='ocrx_word' id='word_1_557' title='bbox 1830 1621 1936 1652; x_wconf 89' lang='lat' dir='ltr'>nullus</span> <span class='ocrx_word' id='word_1_558' title='bbox 1953 1630 2038 1652; x_wconf 86' lang='lat' dir='ltr'>nunc</span> <span class='ocrx_word' id='word_1_559' title='bbox 2061 1624 2163 1654; x_wconf 82' lang='lat' dir='ltr'>exstat</span> <span class='ocrx_word' id='word_1_560' title='bbox 2192 1623 2240 1653; x_wconf 78' lang='lat' dir='ltr'>vir</span> 
     </span>
     <span class='ocr_line' id='line_1_66' title="bbox 1209 1679 2240 1720; baseline 0.005 -12"><span class='ocrx_word' id='word_1_561' title='bbox 1209 1686 1377 1717; x_wconf 80' lang='lat' dir='ltr'>generosus</span> <span class='ocrx_word' id='word_1_562' title='bbox 1390 1681 1422 1709; x_wconf 87' lang='lat' dir='ltr'>et</span> <span class='ocrx_word' id='word_1_563' title='bbox 1441 1679 1676 1718; x_wconf 84' lang='lat' dir='ltr'>magnanimus,</span> <span class='ocrx_word' id='word_1_564' title='bbox 1693 1679 1748 1719; x_wconf 91' lang='lat' dir='ltr'>qui</span> <span class='ocrx_word' id='word_1_565' title='bbox 1761 1679 1912 1719; x_wconf 87' lang='lat' dir='ltr'>impedire</span> <span class='ocrx_word' id='word_1_566' title='bbox 1924 1681 2047 1720; x_wconf 87' lang='lat' dir='ltr'>cupiat,</span> <span class='ocrx_word' id='word_1_567' title='bbox 2068 1690 2107 1713; x_wconf 91' lang='lat' dir='ltr'>ne</span> <span class='ocrx_word' id='word_1_568' title='bbox 2120 1682 2240 1714; x_wconf 88' lang='lat' dir='ltr'>diutius</span> 
     </span>
     <span class='ocr_line' id='line_1_67' title="bbox 1209 1740 2237 1779; baseline 0.004 -8"><span class='ocrx_word' id='word_1_569' title='bbox 1209 1740 1293 1772; x_wconf 77' lang='lat' dir='ltr'>Medi</span> <span class='ocrx_word' id='word_1_570' title='bbox 1305 1740 1647 1779; x_wconf 78' lang='lat' dir='ltr'>fortioribusimperare</span> <span class='ocrx_word' id='word_1_571' title='bbox 1658 1740 1766 1771; x_wconf 88' lang='lat' dir='ltr'>velint.</span> <span class='ocrx_word' id='word_1_572' title='bbox 1782 1753 1839 1767; x_wconf 75' lang='grc' dir='ltr'>υ-</span> <span class='ocrx_word' id='word_1_573' title='bbox 1852 1753 1866 1767; x_wconf 89' lang='lat'>«</span> <span class='ocrx_word' id='word_1_574' title='bbox 1880 1741 1996 1777; x_wconf 90' lang='lat' dir='ltr'>Quidni</span> <span class='ocrx_word' id='word_1_575' title='bbox 2007 1744 2144 1775; x_wconf 83' lang='lat' dir='ltr'>exstaret</span> <span class='ocrx_word' id='word_1_576' title='bbox 2154 1744 2237 1779; x_wconf 84' lang='lat' dir='ltr'>talis.</span> 
     </span>
     <span class='ocr_line' id='line_1_68' title="bbox 1208 1800 2239 1844; baseline 0.004 -14"><span class='ocrx_word' id='word_1_577' title='bbox 1208 1801 1326 1831; x_wconf 87' lang='lat' dir='ltr'>OEbare</span> <span class='ocrx_word' id='word_1_578' title='bbox 1336 1802 1348 1830; x_wconf 76' lang='lat'>.⁰</span> <span class='ocrx_word' id='word_1_579' title='bbox 1360 1813 1373 1826; x_wconf 74' lang='grc' dir='ltr'>υ</span> <span class='ocrx_word' id='word_1_580' title='bbox 1389 1819 1428 1826; x_wconf 90' lang='grc'>-</span> <span class='ocrx_word' id='word_1_581' title='bbox 1441 1813 1455 1827; x_wconf 91' lang='lat'>«</span> <span class='ocrx_word' id='word_1_582' title='bbox 1473 1801 1615 1831; x_wconf 81' lang='lat' dir='ltr'>Fortasse</span> <span class='ocrx_word' id='word_1_583' title='bbox 1625 1801 1745 1838; x_wconf 81' lang='lat' dir='ltr'>exstat,</span> <span class='ocrx_word' id='word_1_584' title='bbox 1755 1800 1809 1831; x_wconf 85' lang='lat' dir='ltr'>sed</span> <span class='ocrx_word' id='word_1_585' title='bbox 1826 1800 1927 1831; x_wconf 90' lang='lat' dir='ltr'>multa</span> <span class='ocrx_word' id='word_1_586' title='bbox 1945 1802 1976 1832; x_wconf 90' lang='lat' dir='ltr'>et</span> <span class='ocrx_word' id='word_1_587' title='bbox 1987 1802 2108 1844; x_wconf 79' lang='lat' dir='ltr'>misella</span> <span class='ocrx_word' id='word_1_588' title='bbox 2118 1803 2239 1843; x_wconf 86' lang='lat' dir='ltr'>ignavia</span> 
     </span>
     <span class='ocr_line' id='line_1_69' title="bbox 1209 1859 2238 1901; baseline 0.003 -11"><span class='ocrx_word' id='word_1_589' title='bbox 1209 1860 1391 1899; x_wconf 86' lang='lat' dir='ltr'>prohibetur</span> <span class='ocrx_word' id='word_1_590' title='bbox 1410 1868 1450 1890; x_wconf 92' lang='lat' dir='ltr'>ne</span> <span class='ocrx_word' id='word_1_591' title='bbox 1463 1859 1538 1899; x_wconf 89' lang='lat' dir='ltr'>quid</span> <span class='ocrx_word' id='word_1_592' title='bbox 1549 1884 1558 1898; x_wconf 87' lang='lat'><strong><em>‚</em></strong></span> <span class='ocrx_word' id='word_1_593' title='bbox 1573 1860 1629 1891; x_wconf 90' lang='lat' dir='ltr'>etsi</span> <span class='ocrx_word' id='word_1_594' title='bbox 1648 1860 1761 1899; x_wconf 90' lang='lat' dir='ltr'>possit,</span> <span class='ocrx_word' id='word_1_595' title='bbox 1775 1859 1983 1899; x_wconf 81' lang='lat' dir='ltr'>aggrediatur.</span> <span class='ocrx_word' id='word_1_596' title='bbox 2010 1873 2025 1887; x_wconf 75' lang='grc' dir='ltr'>υ</span> <span class='ocrx_word' id='word_1_597' title='bbox 2040 1863 2121 1893; x_wconf 90' lang='lat' dir='ltr'>Tum</span> <span class='ocrx_word' id='word_1_598' title='bbox 2137 1864 2238 1901; x_wconf 85' lang='lat' dir='ltr'>Cyrus</span> 
     </span>
     <span class='ocr_line' id='line_1_70' title="bbox 1207 1917 2239 1959; baseline 0.003 -11"><span class='ocrx_word' id='word_1_599' title='bbox 1207 1918 1372 1957; x_wconf 78' lang='lat' dir='ltr'>explorans</span> <span class='ocrx_word' id='word_1_600' title='bbox 1387 1931 1394 1948; x_wconf 87' lang='lat'>:</span> <span class='ocrx_word' id='word_1_601' title='bbox 1406 1930 1419 1944; x_wconf 88' lang='lat'>«</span> <span class='ocrx_word' id='word_1_602' title='bbox 1432 1917 1492 1948; x_wconf 84' lang='lat' dir='ltr'>Sed</span> <span class='ocrx_word' id='word_1_603' title='bbox 1507 1918 1554 1948; x_wconf 81' lang='lat' dir='ltr'>fac</span> <span class='ocrx_word' id='word_1_604' title='bbox 1566 1917 1692 1957; x_wconf 87' lang='lat' dir='ltr'>prodire</span> <span class='ocrx_word' id='word_1_605' title='bbox 1702 1918 1806 1948; x_wconf 88' lang='lat' dir='ltr'>virum</span> <span class='ocrx_word' id='word_1_606' title='bbox 1818 1917 1989 1956; x_wconf 81' lang='lat' dir='ltr'>audacem;</span> <span class='ocrx_word' id='word_1_607' title='bbox 2002 1919 2161 1958; x_wconf 84' lang='lat' dir='ltr'>quomodo</span> <span class='ocrx_word' id='word_1_608' title='bbox 2171 1929 2239 1959; x_wconf 81' lang='lat' dir='ltr'>pos·</span> 
     </span>
     <span class='ocr_line' id='line_1_71' title="bbox 1205 1975 2236 2015; baseline 0.003 -10"><span class='ocrx_word' id='word_1_609' title='bbox 1205 1976 1244 2006; x_wconf 88' lang='lat' dir='ltr'>sit</span> <span class='ocrx_word' id='word_1_610' title='bbox 1253 1984 1316 2006; x_wconf 89' lang='lat' dir='ltr'>rem</span> <span class='ocrx_word' id='word_1_611' title='bbox 1325 1975 1473 2015; x_wconf 84' lang='lat' dir='ltr'>perticere</span> <span class='ocrx_word' id='word_1_612' title='bbox 1485 1977 1497 2005; x_wconf 69' lang='grc' dir='ltr'><em>Ρ</em></span> <span class='ocrx_word' id='word_1_613' title='bbox 1510 1990 1522 2002; x_wconf 75' lang='grc' dir='ltr'>υ</span> <span class='ocrx_word' id='word_1_614' title='bbox 1536 1975 1711 2015; x_wconf 86' lang='lat' dir='ltr'>Respondet</span> <span class='ocrx_word' id='word_1_615' title='bbox 1724 1975 1802 2006; x_wconf 88' lang='lat' dir='ltr'>alter</span> <span class='ocrx_word' id='word_1_616' title='bbox 1815 1989 1821 2006; x_wconf 94' lang='lat'><strong>:</strong></span> <span class='ocrx_word' id='word_1_617' title='bbox 1836 1988 1850 2002; x_wconf 81' lang='grc' dir='ltr'>α</span> <span class='ocrx_word' id='word_1_618' title='bbox 1865 1976 2005 2007; x_wconf 87' lang='lat' dir='ltr'>Primum</span> <span class='ocrx_word' id='word_1_619' title='bbox 2017 1977 2168 2008; x_wconf 87' lang='lat' dir='ltr'>Cadusios</span> <span class='ocrx_word' id='word_1_620' title='bbox 2177 1977 2236 2008; x_wconf 89' lang='lat' dir='ltr'>sibi</span> 
     </span>
     <span class='ocr_line' id='line_1_72' title="bbox 1206 2033 2235 2074; baseline 0.003 -11"><span class='ocrx_word' id='word_1_621' title='bbox 1206 2033 1394 2072; x_wconf 72' lang='lat' dir='ltr'>adjungens,</span> <span class='ocrx_word' id='word_1_622' title='bbox 1414 2033 1498 2064; x_wconf 87' lang='lat' dir='ltr'>haud</span> <span class='ocrx_word' id='word_1_623' title='bbox 1513 2034 1645 2071; x_wconf 86' lang='lat' dir='ltr'>invitos,</span> <span class='ocrx_word' id='word_1_624' title='bbox 1660 2042 1760 2073; x_wconf 87' lang='lat' dir='ltr'>quum</span> <span class='ocrx_word' id='word_1_625' title='bbox 1780 2036 1887 2065; x_wconf 84' lang='lat' dir='ltr'>Persas</span> <span class='ocrx_word' id='word_1_626' title='bbox 1906 2036 2031 2074; x_wconf 86' lang='lat' dir='ltr'>ament,</span> <span class='ocrx_word' id='word_1_627' title='bbox 2050 2035 2157 2066; x_wconf 87' lang='lat' dir='ltr'>Medos</span> <span class='ocrx_word' id='word_1_628' title='bbox 2178 2044 2235 2066; x_wconf 92' lang='lat' dir='ltr'>ve-</span> 
     </span>
     <span class='ocr_line' id='line_1_73' title="bbox 1206 2091 2235 2124; baseline 0.003 -3"><span class='ocrx_word' id='word_1_629' title='bbox 1206 2092 1367 2123; x_wconf 84' lang='lat' dir='ltr'>liementer</span> <span class='ocrx_word' id='word_1_630' title='bbox 1379 2092 1521 2124; x_wconf 84' lang='lat' dir='ltr'>oderint:</span> <span class='ocrx_word' id='word_1_631' title='bbox 1535 2091 1648 2123; x_wconf 83' lang='lat' dir='ltr'>deinde</span> <span class='ocrx_word' id='word_1_632' title='bbox 1661 2092 1755 2122; x_wconf 86' lang='lat' dir='ltr'>etiam</span> <span class='ocrx_word' id='word_1_633' title='bbox 1770 2093 1876 2122; x_wconf 85' lang='lat' dir='ltr'>Persas</span> <span class='ocrx_word' id='word_1_634' title='bbox 1887 2092 2058 2123; x_wconf 79' lang='lat' dir='ltr'>exhortans</span> <span class='ocrx_word' id='word_1_635' title='bbox 2066 2094 2097 2122; x_wconf 79' lang='lat' dir='ltr'>et</span> <span class='ocrx_word' id='word_1_636' title='bbox 2110 2093 2140 2124; x_wconf 91' lang='lat' dir='ltr'>in</span> <span class='ocrx_word' id='word_1_637' title='bbox 2148 2102 2235 2124; x_wconf 87' lang='lat' dir='ltr'>arma</span> 
     </span>
     <span class='ocr_line' id='line_1_74' title="bbox 1204 2149 2235 2190; baseline 0.002 -11"><span class='ocrx_word' id='word_1_638' title='bbox 1204 2158 1342 2188; x_wconf 72' lang='lat' dir='ltr'>vocans,</span> <span class='ocrx_word' id='word_1_639' title='bbox 1357 2158 1487 2180; x_wconf 87' lang='lat' dir='ltr'>numero</span> <span class='ocrx_word' id='word_1_640' title='bbox 1502 2149 1709 2189; x_wconf 82' lang='lat' dir='ltr'>quadraginta</span> <span class='ocrx_word' id='word_1_641' title='bbox 1724 2149 1787 2180; x_wconf 77' lang='lat' dir='ltr'>fere</span> <span class='ocrx_word' id='word_1_642' title='bbox 1804 2149 1902 2180; x_wconf 87' lang='lat' dir='ltr'>millia</span> <span class='ocrx_word' id='word_1_643' title='bbox 1914 2172 1922 2187; x_wconf 96' lang='lat'>,</span> <span class='ocrx_word' id='word_1_644' title='bbox 1940 2150 1993 2189; x_wconf 93' lang='lat' dir='ltr'>qui</span> <span class='ocrx_word' id='word_1_645' title='bbox 2007 2150 2049 2181; x_wconf 92' lang='lat' dir='ltr'>ob</span> <span class='ocrx_word' id='word_1_646' title='bbox 2067 2159 2103 2182; x_wconf 87' lang='lat' dir='ltr'>ea</span> <span class='ocrx_word' id='word_1_647' title='bbox 2125 2159 2197 2190; x_wconf 83' lang='lat' dir='ltr'>quae</span> <span class='ocrx_word' id='word_1_648' title='bbox 2216 2160 2235 2181; x_wconf 88' lang='lat' dir='ltr'>a</span> 
     </span>
     <span class='ocr_line' id='line_1_75' title="bbox 1204 2207 2234 2247; baseline 0.002 -9"><span class='ocrx_word' id='word_1_649' title='bbox 1204 2207 1304 2238; x_wconf 87' lang='lat' dir='ltr'>Medis</span> <span class='ocrx_word' id='word_1_650' title='bbox 1322 2208 1483 2247; x_wconf 89' lang='lat' dir='ltr'>patiuntur</span> <span class='ocrx_word' id='word_1_651' title='bbox 1498 2207 1538 2238; x_wconf 88' lang='lat' dir='ltr'>ad</span> <span class='ocrx_word' id='word_1_652' title='bbox 1564 2207 1769 2238; x_wconf 82' lang='lat' dir='ltr'>desectionem</span> <span class='ocrx_word' id='word_1_653' title='bbox 1796 2207 1982 2246; x_wconf 87' lang='lat' dir='ltr'>paratissimi</span> <span class='ocrx_word' id='word_1_654' title='bbox 2003 2209 2087 2239; x_wconf 90' lang='lat' dir='ltr'>sunt.</span> <span class='ocrx_word' id='word_1_655' title='bbox 2106 2208 2234 2240; x_wconf 76' lang='lat' dir='ltr'>Accedit</span> 
     </span>
     <span class='ocr_line' id='line_1_76' title="bbox 1204 2264 2235 2305; baseline 0.001 -10"><span class='ocrx_word' id='word_1_656' title='bbox 1204 2266 1264 2296; x_wconf 81' lang='lat' dir='ltr'>hue</span> <span class='ocrx_word' id='word_1_657' title='bbox 1277 2289 1285 2304; x_wconf 91' lang='lat'>‚</span> <span class='ocrx_word' id='word_1_658' title='bbox 1300 2265 1385 2305; x_wconf 86' lang='lat' dir='ltr'>quod</span> <span class='ocrx_word' id='word_1_659' title='bbox 1398 2264 1536 2296; x_wconf 81' lang='lat' dir='ltr'>maxime</span> <span class='ocrx_word' id='word_1_660' title='bbox 1550 2264 1661 2296; x_wconf 89' lang='lat' dir='ltr'>idonea</span> <span class='ocrx_word' id='word_1_661' title='bbox 1674 2265 1713 2295; x_wconf 88' lang='lat' dir='ltr'>ad</span> <span class='ocrx_word' id='word_1_662' title='bbox 1734 2265 1793 2295; x_wconf 90' lang='lat' dir='ltr'>hoc</span> <span class='ocrx_word' id='word_1_663' title='bbox 1812 2267 1860 2296; x_wconf 88' lang='lat' dir='ltr'>est</span> <span class='ocrx_word' id='word_1_664' title='bbox 1875 2265 1959 2304; x_wconf 83' lang='lat' dir='ltr'>regio</span> <span class='ocrx_word' id='word_1_665' title='bbox 1979 2274 2089 2296; x_wconf 89' lang='lat' dir='ltr'>eorum</span> <span class='ocrx_word' id='word_1_666' title='bbox 2105 2266 2235 2305; x_wconf 85' lang='lat' dir='ltr'>rupibus</span> 
     </span>
     <span class='ocr_line' id='line_1_77' title="bbox 1203 2322 2231 2362; baseline 0.001 -9"><span class='ocrx_word' id='word_1_667' title='bbox 1203 2323 1426 2362; x_wconf 88' lang='lat' dir='ltr'>montibusque</span> <span class='ocrx_word' id='word_1_668' title='bbox 1436 2323 1610 2362; x_wconf 88' lang='lat' dir='ltr'>intercepta</span> <span class='ocrx_word' id='word_1_669' title='bbox 1621 2347 1629 2361; x_wconf 94' lang='lat'><strong><em>,</em></strong></span> <span class='ocrx_word' id='word_1_670' title='bbox 1641 2323 1672 2353; x_wconf 92' lang='lat' dir='ltr'>in</span> <span class='ocrx_word' id='word_1_671' title='bbox 1682 2331 1779 2362; x_wconf 86' lang='lat' dir='ltr'>quam</span> <span class='ocrx_word' id='word_1_672' title='bbox 1792 2323 1816 2353; x_wconf 90' lang='lat' dir='ltr'>si</span> <span class='ocrx_word' id='word_1_673' title='bbox 1830 2323 2006 2354; x_wconf 84' lang='lat' dir='ltr'>exercitum</span> <span class='ocrx_word' id='word_1_674' title='bbox 2020 2322 2136 2354; x_wconf 88' lang='lat' dir='ltr'>ducere</span> <span class='ocrx_word' id='word_1_675' title='bbox 2148 2323 2231 2354; x_wconf 85' lang='lat' dir='ltr'>Medi</span> 
     </span>
     <span class='ocr_line' id='line_1_78' title="bbox 1201 2380 2232 2420; baseline 0.002 -10"><span class='ocrx_word' id='word_1_676' title='bbox 1201 2380 1375 2418; x_wconf 88' lang='lat' dir='ltr'>voluerint,</span> <span class='ocrx_word' id='word_1_677' title='bbox 1391 2380 1472 2411; x_wconf 88' lang='lat' dir='ltr'>male</span> <span class='ocrx_word' id='word_1_678' title='bbox 1485 2380 1521 2410; x_wconf 89' lang='lat' dir='ltr'>iis</span> <span class='ocrx_word' id='word_1_679' title='bbox 1535 2388 1584 2411; x_wconf 86' lang='lat' dir='ltr'>res</span> <span class='ocrx_word' id='word_1_680' title='bbox 1597 2380 1736 2411; x_wconf 87' lang='lat' dir='ltr'>cesserit.</span> <span class='ocrx_word' id='word_1_681' title='bbox 1755 2392 1769 2407; x_wconf 89' lang='lat'>»</span> <span class='ocrx_word' id='word_1_682' title='bbox 1785 2380 1864 2411; x_wconf 90' lang='lat' dir='ltr'>Dein</span> <span class='ocrx_word' id='word_1_683' title='bbox 1882 2382 1983 2420; x_wconf 84' lang='lat' dir='ltr'>Cyrus</span> <span class='ocrx_word' id='word_1_684' title='bbox 2002 2381 2118 2420; x_wconf 81' lang='lat' dir='ltr'>quaerit</span> <span class='ocrx_word' id='word_1_685' title='bbox 2136 2393 2142 2411; x_wconf 92' lang='lat'>:</span> <span class='ocrx_word' id='word_1_686' title='bbox 2166 2394 2180 2407; x_wconf 78' lang='lat' dir='ltr'>u</span> <span class='ocrx_word' id='word_1_687' title='bbox 2200 2382 2232 2412; x_wconf 91' lang='lat' dir='ltr'>Si</span> 
     </span>
     <span class='ocr_line' id='line_1_79' title="bbox 1201 2437 2232 2477; baseline 0.002 -9"><span class='ocrx_word' id='word_1_688' title='bbox 1201 2439 1366 2477; x_wconf 85' lang='lat' dir='ltr'>appareret</span> <span class='ocrx_word' id='word_1_689' title='bbox 1380 2438 1427 2468; x_wconf 75' lang='lat' dir='ltr'>vir</span> <span class='ocrx_word' id='word_1_690' title='bbox 1441 2438 1501 2468; x_wconf 84' lang='lat' dir='ltr'>lioc</span> <span class='ocrx_word' id='word_1_691' title='bbox 1516 2438 1736 2477; x_wconf 78' lang='lat' dir='ltr'>suscepturus,</span> <span class='ocrx_word' id='word_1_692' title='bbox 1751 2446 1826 2467; x_wconf 89' lang='lat' dir='ltr'>num</span> <span class='ocrx_word' id='word_1_693' title='bbox 1839 2437 1968 2477; x_wconf 82' lang='lat' dir='ltr'>periculi</span> <span class='ocrx_word' id='word_1_694' title='bbox 1981 2440 2015 2468; x_wconf 92' lang='lat' dir='ltr'>tu</span> <span class='ocrx_word' id='word_1_695' title='bbox 2027 2438 2053 2469; x_wconf 89' lang='lat' dir='ltr'>ei</span> <span class='ocrx_word' id='word_1_696' title='bbox 2070 2439 2174 2470; x_wconf 90' lang='lat' dir='ltr'>socius</span> <span class='ocrx_word' id='word_1_697' title='bbox 2187 2440 2232 2470; x_wconf 86' lang='lat' dir='ltr'>so—</span> 
     </span>
     <span class='ocr_line' id='line_1_80' title="bbox 1202 2494 2231 2535; baseline 0.001 -9"><span class='ocrx_word' id='word_1_698' title='bbox 1202 2497 1269 2527; x_wconf 79' lang='lat' dir='ltr'>res?</span> <span class='ocrx_word' id='word_1_699' title='bbox 1286 2509 1300 2523; x_wconf 76' lang='grc' dir='ltr'>υ</span> <span class='ocrx_word' id='word_1_700' title='bbox 1318 2508 1332 2522; x_wconf 87' lang='lat'>«</span> <span class='ocrx_word' id='word_1_701' title='bbox 1350 2495 1432 2526; x_wconf 84' lang='lat' dir='ltr'>Proh</span> <span class='ocrx_word' id='word_1_702' title='bbox 1446 2495 1603 2535; x_wconf 89' lang='lat' dir='ltr'>Juppiter,</span> <span class='ocrx_word' id='word_1_703' title='bbox 1620 2495 1680 2532; x_wconf 85' lang='lat' dir='ltr'>ait,</span> <span class='ocrx_word' id='word_1_704' title='bbox 1699 2494 1821 2525; x_wconf 85' lang='lat' dir='ltr'>utinam</span> <span class='ocrx_word' id='word_1_705' title='bbox 1837 2496 1872 2526; x_wconf 85' lang='lat' dir='ltr'>tu</span> <span class='ocrx_word' id='word_1_706' title='bbox 1890 2495 2027 2526; x_wconf 88' lang='lat' dir='ltr'>maxime</span> <span class='ocrx_word' id='word_1_707' title='bbox 2043 2495 2091 2526; x_wconf 91' lang='lat' dir='ltr'>vir</span> <span class='ocrx_word' id='word_1_708' title='bbox 2109 2496 2150 2527; x_wconf 90' lang='lat' dir='ltr'>sis</span> <span class='ocrx_word' id='word_1_709' title='bbox 2165 2505 2231 2527; x_wconf 84' lang='lat' dir='ltr'>ma-</span> 
     </span>
     <span class='ocr_line' id='line_1_81' title="bbox 1201 2552 2229 2593; baseline 0.001 -9"><span class='ocrx_word' id='word_1_710' title='bbox 1201 2563 1276 2584; x_wconf 90' lang='lat' dir='ltr'>num</span> <span class='ocrx_word' id='word_1_711' title='bbox 1291 2554 1338 2584; x_wconf 88' lang='lat' dir='ltr'>his</span> <span class='ocrx_word' id='word_1_712' title='bbox 1354 2553 1536 2591; x_wconf 80' lang='lat' dir='ltr'>admovens,</span> <span class='ocrx_word' id='word_1_713' title='bbox 1557 2552 1813 2592; x_wconf 88' lang='lat' dir='ltr'>quandoquidem</span> <span class='ocrx_word' id='word_1_714' title='bbox 1827 2554 1858 2584; x_wconf 87' lang='lat' dir='ltr'>et</span> <span class='ocrx_word' id='word_1_715' title='bbox 1872 2554 1958 2593; x_wconf 86' lang='lat' dir='ltr'>pater</span> <span class='ocrx_word' id='word_1_716' title='bbox 1969 2555 2042 2584; x_wconf 83' lang='lat' dir='ltr'>tuus</span> <span class='ocrx_word' id='word_1_717' title='bbox 2064 2555 2229 2585; x_wconf 87' lang='lat' dir='ltr'>Persarum</span> 
     </span>
    </p>
   </div>
   <div class='ocr_carea' id='block_1_5' title="bbox 103 2663 2228 3349">
    <p class='ocr_par' dir='ltr' id='par_1_6' title="bbox 103 2663 2228 3349">
     <span class='ocr_line' id='line_1_82' title="bbox 109 2663 2228 2707; baseline -0.002 -8"><span class='ocrx_word' id='word_1_718' title='bbox 109 2686 148 2691; x_wconf 85' lang='lat'>—</span> <span class='ocrx_word' id='word_1_719' title='bbox 164 2672 211 2700; x_wconf 83' lang='lat'>19.</span> <span class='ocrx_word' id='word_1_720' title='bbox 227 2667 462 2707; x_wconf 72' lang='grc' dir='ltr'>οἰωνισάμενος]</span> <span class='ocrx_word' id='word_1_721' title='bbox 474 2668 625 2706; x_wconf 77' lang='grc' dir='ltr'>οἶονισαμ.</span> <span class='ocrx_word' id='word_1_722' title='bbox 639 2667 750 2697; x_wconf 71' lang='lat' dir='ltr'>codex.</span> <span class='ocrx_word' id='word_1_723' title='bbox 766 2667 869 2696; x_wconf 80' lang='lat' dir='ltr'>Malim</span> <span class='ocrx_word' id='word_1_724' title='bbox 881 2667 1105 2705; x_wconf 66' lang='grc' dir='ltr'>οἰωνισάμενος.</span> <span class='ocrx_word' id='word_1_725' title='bbox 1120 2667 1197 2695; x_wconf 63' lang='lat' dir='ltr'>Nota</span> <span class='ocrx_word' id='word_1_726' title='bbox 1209 2664 1319 2695; x_wconf 63' lang='lat' dir='ltr'>deindo</span> <span class='ocrx_word' id='word_1_727' title='bbox 1331 2673 1439 2694; x_wconf 68' lang='lat' dir='ltr'>vocem</span> <span class='ocrx_word' id='word_1_728' title='bbox 1452 2664 1706 2703; x_wconf 75' lang='grc' dir='ltr'>καθυπερτίθεται.</span> <span class='ocrx_word' id='word_1_729' title='bbox 1722 2665 1868 2695; x_wconf 84' lang='lat' dir='ltr'>Ceterum</span> <span class='ocrx_word' id='word_1_730' title='bbox 1884 2672 1983 2694; x_wconf 87' lang='lat' dir='ltr'>nexus</span> <span class='ocrx_word' id='word_1_731' title='bbox 2001 2663 2228 2695; x_wconf 79' lang='lat' dir='ltr'>sententiarum</span> 
     </span>
     <span class='ocr_line' id='line_1_83' title="bbox 109 2710 2228 2754; baseline -0.003 -8"><span class='ocrx_word' id='word_1_732' title='bbox 109 2717 324 2754; x_wconf 75' lang='lat' dir='ltr'>excerptorem</span> <span class='ocrx_word' id='word_1_733' title='bbox 346 2715 473 2745; x_wconf 74' lang='lat' dir='ltr'>redolet.</span> <span class='ocrx_word' id='word_1_734' title='bbox 491 2731 532 2736; x_wconf 85' lang='lat'>—-</span> <span class='ocrx_word' id='word_1_735' title='bbox 553 2719 599 2745; x_wconf 78' lang='lat'>20.</span> <span class='ocrx_word' id='word_1_736' title='bbox 623 2713 813 2753; x_wconf 65' lang='grc' dir='ltr'>Οἱὲάρας]</span> <span class='ocrx_word' id='word_1_737' title='bbox 830 2715 863 2743; x_wconf 93' lang='lat' dir='ltr'>ln</span> <span class='ocrx_word' id='word_1_738' title='bbox 877 2722 944 2752; x_wconf 77' lang='lat' dir='ltr'>sqq.</span> <span class='ocrx_word' id='word_1_739' title='bbox 970 2713 1069 2744; x_wconf 77' lang='lat' dir='ltr'>codex</span> <span class='ocrx_word' id='word_1_740' title='bbox 1085 2713 1269 2751; x_wconf 80' lang='lat' dir='ltr'>plerumque</span> <span class='ocrx_word' id='word_1_741' title='bbox 1287 2711 1431 2750; x_wconf 68' lang='grc' dir='ltr'>Οἱὸάρας,</span> <span class='ocrx_word' id='word_1_742' title='bbox 1457 2719 1526 2741; x_wconf 84' lang='lat' dir='ltr'>raro</span> <span class='ocrx_word' id='word_1_743' title='bbox 1549 2710 1685 2749; x_wconf 67' lang='grc' dir='ltr'>Οἱὸάρας</span> <span class='ocrx_word' id='word_1_744' title='bbox 1710 2710 1838 2749; x_wconf 72' lang='lat' dir='ltr'>praebet.</span> <span class='ocrx_word' id='word_1_745' title='bbox 1867 2710 2042 2741; x_wconf 81' lang='lat' dir='ltr'>Posteriora</span> <span class='ocrx_word' id='word_1_746' title='bbox 2062 2710 2154 2749; x_wconf 88' lang='lat' dir='ltr'>hujus</span> <span class='ocrx_word' id='word_1_747' title='bbox 2170 2710 2228 2740; x_wconf 90' lang='lat' dir='ltr'>viri</span> 
     </span>
     <span class='ocr_line' id='line_1_84' title="bbox 108 2756 2227 2799; baseline -0.003 -6"><span class='ocrx_word' id='word_1_748' title='bbox 108 2763 170 2793; x_wconf 78' lang='lat' dir='ltr'>sata</span> <span class='ocrx_word' id='word_1_749' title='bbox 184 2762 329 2792; x_wconf 77' lang='lat' dir='ltr'>novimus</span> <span class='ocrx_word' id='word_1_750' title='bbox 342 2770 379 2791; x_wconf 82' lang='lat' dir='ltr'>ex</span> <span class='ocrx_word' id='word_1_751' title='bbox 395 2760 574 2799; x_wconf 57' lang='lat' dir='ltr'>fragmentis</span> <span class='ocrx_word' id='word_1_752' title='bbox 588 2760 698 2791; x_wconf 72' lang='lat' dir='ltr'>Ctesiae</span> <span class='ocrx_word' id='word_1_753' title='bbox 714 2769 743 2799; x_wconf 92' lang='lat' dir='ltr'>p.</span> <span class='ocrx_word' id='word_1_754' title='bbox 759 2763 797 2790; x_wconf 75' lang='lat' dir='ltr'>[⁴ss</span> <span class='ocrx_word' id='word_1_755' title='bbox 812 2761 841 2790; x_wconf 84' lang='lat' dir='ltr'>et</span> <span class='ocrx_word' id='word_1_756' title='bbox 855 2760 992 2795; x_wconf 77' lang='lat' dir='ltr'>Jusiino.</span> <span class='ocrx_word' id='word_1_757' title='bbox 1009 2762 1034 2797; x_wconf 90' lang='lat'>1,</span> <span class='ocrx_word' id='word_1_758' title='bbox 1047 2762 1062 2790; x_wconf 82' lang='grc'>7</span> <span class='ocrx_word' id='word_1_759' title='bbox 1082 2772 1088 2789; x_wconf 89' lang='lat'>:</span> <span class='ocrx_word' id='word_1_760' title='bbox 1116 2759 1217 2788; x_wconf 74' lang='lat' dir='ltr'>[uilio</span> <span class='ocrx_word' id='word_1_761' title='bbox 1229 2760 1323 2796; x_wconf 76' lang='lat' dir='ltr'>rerstn&#39;</span> <span class='ocrx_word' id='word_1_762' title='bbox 1346 2759 1451 2796; x_wconf 71' lang='lat' dir='ltr'>Cyrus</span> <span class='ocrx_word' id='word_1_763' title='bbox 1472 2757 1628 2787; x_wconf 80' lang='lat' dir='ltr'>Soebaren</span> <span class='ocrx_word' id='word_1_764' title='bbox 1644 2759 1828 2795; x_wconf 69' lang='lat' dir='ltr'>emptorum</span> <span class='ocrx_word' id='word_1_765' title='bbox 1852 2758 1991 2794; x_wconf 81' lang='lat' dir='ltr'>socium,</span> <span class='ocrx_word' id='word_1_766' title='bbox 2009 2765 2107 2796; x_wconf 81' lang='lat' dir='ltr'>quem</span> <span class='ocrx_word' id='word_1_767' title='bbox 2118 2756 2227 2795; x_wconf 77' lang='lat' dir='ltr'>juxta</span> 
     </span>
     <span class='ocr_line' id='line_1_85' title="bbox 109 2803 2227 2845; baseline -0.002 -8"><span class='ocrx_word' id='word_1_768' title='bbox 109 2809 312 2838; x_wconf 75' lang='lat' dir='ltr'>nocturnum</span> <span class='ocrx_word' id='word_1_769' title='bbox 326 2808 433 2837; x_wconf 80' lang='lat' dir='ltr'>visum</span> <span class='ocrx_word' id='word_1_770' title='bbox 451 2806 623 2845; x_wconf 69' lang='lat' dir='ltr'>erqnstzclo</span> <span class='ocrx_word' id='word_1_771' title='bbox 641 2806 748 2836; x_wconf 72' lang='lat' dir='ltr'>libera</span> <span class='ocrx_word' id='word_1_772' title='bbox 756 2807 867 2843; x_wconf 79' lang='lat' dir='ltr'>verat,</span> <span class='ocrx_word' id='word_1_773' title='bbox 886 2808 1101 2844; x_wconf 74' lang='lat' dir='ltr'>comilemqiw</span> <span class='ocrx_word' id='word_1_774' title='bbox 1118 2806 1152 2834; x_wconf 78' lang='lat' dir='ltr'>in</span> <span class='ocrx_word' id='word_1_775' title='bbox 1172 2804 1324 2834; x_wconf 76' lang='lat' dir='ltr'>omnibus</span> <span class='ocrx_word' id='word_1_776' title='bbox 1342 2804 1441 2834; x_wconf 78' lang='lat' dir='ltr'>rebus</span> <span class='ocrx_word' id='word_1_777' title='bbox 1461 2803 1647 2840; x_wconf 79' lang='lat' dir='ltr'>habuerat,</span> <span class='ocrx_word' id='word_1_778' title='bbox 1667 2805 1780 2834; x_wconf 78' lang='lat' dir='ltr'>Persis</span> <span class='ocrx_word' id='word_1_779' title='bbox 1795 2804 1998 2842; x_wconf 65' lang='lat' dir='ltr'>praeposuit,</span> <span class='ocrx_word' id='word_1_780' title='bbox 2014 2809 2227 2842; x_wconf 81' lang='lat' dir='ltr'>sororemque</span> 
     </span>
     <span class='ocr_line' id='line_1_86' title="bbox 106 2847 2224 2888; baseline -0.003 -4"><span class='ocrx_word' id='word_1_781' title='bbox 106 2862 207 2884; x_wconf 79' lang='lat' dir='ltr'>suam</span> <span class='ocrx_word' id='word_1_782' title='bbox 234 2854 263 2882; x_wconf 72' lang='lat' dir='ltr'>ei</span> <span class='ocrx_word' id='word_1_783' title='bbox 282 2855 317 2883; x_wconf 78' lang='lat' dir='ltr'>in</span> <span class='ocrx_word' id='word_1_784' title='bbox 337 2854 594 2883; x_wconf 75' lang='lat' dir='ltr'>matrimonium</span> <span class='ocrx_word' id='word_1_785' title='bbox 618 2851 721 2882; x_wconf 66' lang='lat' dir='ltr'>dedit.</span> <span class='ocrx_word' id='word_1_786' title='bbox 746 2852 832 2882; x_wconf 80' lang='lat' dir='ltr'>idem</span> <span class='ocrx_word' id='word_1_787' title='bbox 857 2854 1001 2882; x_wconf 76' lang='lat' dir='ltr'>Justinus</span> <span class='ocrx_word' id='word_1_788' title='bbox 1020 2849 1248 2888; x_wconf 70' lang='lat' dir='ltr'>comparandus</span> <span class='ocrx_word' id='word_1_789' title='bbox 1270 2859 1340 2880; x_wconf 69' lang='lat' dir='ltr'>(rum</span> <span class='ocrx_word' id='word_1_790' title='bbox 1365 2849 1484 2880; x_wconf 81' lang='lat' dir='ltr'>Nostris</span> <span class='ocrx_word' id='word_1_791' title='bbox 1510 2850 1605 2886; x_wconf 84' lang='lat' dir='ltr'>esti,</span> <span class='ocrx_word' id='word_1_792' title='bbox 1635 2854 1652 2880; x_wconf 86' lang='grc'><strong>6</strong></span> <span class='ocrx_word' id='word_1_793' title='bbox 1671 2858 1678 2878; x_wconf 93' lang='lat'><strong>:</strong></span> <span class='ocrx_word' id='word_1_794' title='bbox 1700 2851 1804 2879; x_wconf 76' lang='lat' dir='ltr'>Lectis</span> <span class='ocrx_word' id='word_1_795' title='bbox 1830 2849 1890 2879; x_wconf 79' lang='lat' dir='ltr'>ille</span> <span class='ocrx_word' id='word_1_796' title='bbox 1912 2848 2050 2887; x_wconf 87' lang='lat' dir='ltr'>(Cyrus)</span> <span class='ocrx_word' id='word_1_797' title='bbox 2077 2847 2224 2887; x_wconf 70' lang='lat' dir='ltr'>epistolis</span> 
     </span>
     <span class='ocr_line' id='line_1_87' title="bbox 108 2893 2223 2937; baseline -0.002 -8"><span class='ocrx_word' id='word_1_798' title='bbox 108 2900 170 2937; x_wconf 83' lang='lat' dir='ltr'>(sc.</span> <span class='ocrx_word' id='word_1_799' title='bbox 187 2899 319 2937; x_wconf 79' lang='lat' dir='ltr'>Harpagi</span> <span class='ocrx_word' id='word_1_800' title='bbox 337 2898 374 2928; x_wconf 88' lang='lat' dir='ltr'>ad</span> <span class='ocrx_word' id='word_1_801' title='bbox 385 2897 590 2928; x_wconf 75' lang='lat' dir='ltr'>defectionem</span> <span class='ocrx_word' id='word_1_802' title='bbox 608 2897 818 2935; x_wconf 71' lang='lat' dir='ltr'>exhortantis,</span> <span class='ocrx_word' id='word_1_803' title='bbox 834 2897 878 2927; x_wconf 87' lang='lat' dir='ltr'>uti</span> <span class='ocrx_word' id='word_1_804' title='bbox 895 2897 977 2936; x_wconf 82' lang='lat' dir='ltr'>apud</span> <span class='ocrx_word' id='word_1_805' title='bbox 997 2896 1189 2927; x_wconf 69' lang='lat' dir='ltr'>llerodotum</span> <span class='ocrx_word' id='word_1_806' title='bbox 1205 2896 1234 2932; x_wconf 89' lang='lat'>1,</span> <span class='ocrx_word' id='word_1_807' title='bbox 1255 2899 1348 2933; x_wconf 76' lang='lat'>123),</span> <span class='ocrx_word' id='word_1_808' title='bbox 1364 2894 1477 2925; x_wconf 82' lang='lat' dir='ltr'>eadem</span> <span class='ocrx_word' id='word_1_809' title='bbox 1495 2897 1623 2925; x_wconf 82' lang='lat' dir='ltr'>somnio</span> <span class='ocrx_word' id='word_1_810' title='bbox 1638 2894 1780 2933; x_wconf 72' lang='lat' dir='ltr'>adqredi</span> <span class='ocrx_word' id='word_1_811' title='bbox 1791 2894 1910 2932; x_wconf 81' lang='lat' dir='ltr'>jussus</span> <span class='ocrx_word' id='word_1_812' title='bbox 1924 2896 1972 2924; x_wconf 81' lang='lat' dir='ltr'>esc</span> <span class='ocrx_word' id='word_1_813' title='bbox 1983 2918 1991 2932; x_wconf 84' lang='lat'>,</span> <span class='ocrx_word' id='word_1_814' title='bbox 2007 2893 2067 2925; x_wconf 86' lang='lat' dir='ltr'>sed</span> <span class='ocrx_word' id='word_1_815' title='bbox 2080 2901 2223 2933; x_wconf 84' lang='lat' dir='ltr'>proemo-</span> 
     </span>
     <span class='ocr_line' id='line_1_88' title="bbox 108 2940 2223 2984; baseline -0.003 -8"><span class='ocrx_word' id='word_1_816' title='bbox 108 2947 214 2980; x_wconf 77' lang='lat' dir='ltr'>nilus,</span> <span class='ocrx_word' id='word_1_817' title='bbox 236 2946 275 2975; x_wconf 79' lang='lat' dir='ltr'>ul</span> <span class='ocrx_word' id='word_1_818' title='bbox 294 2952 391 2984; x_wconf 83' lang='lat' dir='ltr'>quem</span> <span class='ocrx_word' id='word_1_819' title='bbox 402 2945 553 2983; x_wconf 79' lang='lat' dir='ltr'>primum</span> <span class='ocrx_word' id='word_1_820' title='bbox 567 2946 701 2982; x_wconf 74' lang='lat' dir='ltr'>postera</span> <span class='ocrx_word' id='word_1_821' title='bbox 717 2943 771 2973; x_wconf 82' lang='lat' dir='ltr'>die</span> <span class='ocrx_word' id='word_1_822' title='bbox 784 2944 918 2974; x_wconf 80' lang='lat' dir='ltr'>obvium</span> <span class='ocrx_word' id='word_1_823' title='bbox 934 2943 1120 2976; x_wconf 73' lang='lat' dir='ltr'>habuisset,</span> <span class='ocrx_word' id='word_1_824' title='bbox 1134 2943 1259 2971; x_wconf 77' lang='lat' dir='ltr'>socium</span> <span class='ocrx_word' id='word_1_825' title='bbox 1273 2944 1387 2980; x_wconf 63' lang='lat' dir='ltr'>caplis</span> <span class='ocrx_word' id='word_1_826' title='bbox 1399 2943 1596 2972; x_wconf 75' lang='lat' dir='ltr'>assumeret.</span> <span class='ocrx_word' id='word_1_827' title='bbox 1617 2943 1724 2980; x_wconf 73' lang='lat' dir='ltr'>Iqilnr</span> <span class='ocrx_word' id='word_1_828' title='bbox 1751 2940 1958 2971; x_wconf 75' lang='lat' dir='ltr'>milelucano</span> <span class='ocrx_word' id='word_1_829' title='bbox 1984 2942 2130 2980; x_wconf 76' lang='lat' dir='ltr'>tempore</span> <span class='ocrx_word' id='word_1_830' title='bbox 2147 2942 2223 2970; x_wconf 83' lang='lat' dir='ltr'>ruri</span> 
     </span>
     <span class='ocr_line' id='line_1_89' title="bbox 108 2986 2222 3029; baseline -0.003 -7"><span class='ocrx_word' id='word_1_831' title='bbox 108 2994 174 3022; x_wconf 76' lang='lat' dir='ltr'>iter</span> <span class='ocrx_word' id='word_1_832' title='bbox 193 2993 383 3029; x_wconf 47' lang='lat' dir='ltr'>meremus,</span> <span class='ocrx_word' id='word_1_833' title='bbox 405 2990 538 3020; x_wconf 81' lang='lat' dir='ltr'>obvium</span> <span class='ocrx_word' id='word_1_834' title='bbox 561 2989 882 3020; x_wconf 72' lang='lat' dir='ltr'>habuit.s·‹¹1·vum(le</span> <span class='ocrx_word' id='word_1_835' title='bbox 907 2988 1079 3027; x_wconf 72' lang='lat' dir='ltr'>erqastzclo</span> <span class='ocrx_word' id='word_1_836' title='bbox 1092 2986 1273 3025; x_wconf 74' lang='lat' dir='ltr'>cujusdam</span> <span class='ocrx_word' id='word_1_837' title='bbox 1287 2989 1389 3025; x_wconf 79' lang='lat' dir='ltr'>Medi,</span> <span class='ocrx_word' id='word_1_838' title='bbox 1406 2991 1538 3019; x_wconf 77' lang='lat' dir='ltr'>nomine</span> <span class='ocrx_word' id='word_1_839' title='bbox 1560 2987 1730 3018; x_wconf 65' lang='lat' dir='ltr'>scebat-en.</span> <span class='ocrx_word' id='word_1_840' title='bbox 1759 2987 1867 3026; x_wconf 77' lang='lat' dir='ltr'>Hujus</span> <span class='ocrx_word' id='word_1_841' title='bbox 1892 2988 2058 3026; x_wconf 75' lang='lat' dir='ltr'>requisita</span> <span class='ocrx_word' id='word_1_842' title='bbox 2080 2988 2222 3025; x_wconf 70' lang='lat' dir='ltr'>reytone,</span> 
     </span>
     <span class='ocr_line' id='line_1_90' title="bbox 105 3031 2222 3082; baseline -0.003 -14"><span class='ocrx_word' id='word_1_843' title='bbox 105 3040 143 3068; x_wconf 82' lang='lat' dir='ltr'>ut</span> <span class='ocrx_word' id='word_1_844' title='bbox 157 3039 191 3068; x_wconf 77' lang='lat' dir='ltr'>in</span> <span class='ocrx_word' id='word_1_845' title='bbox 206 3039 318 3068; x_wconf 68' lang='lat' dir='ltr'>Persis</span> <span class='ocrx_word' id='word_1_846' title='bbox 331 3038 480 3076; x_wconf 60' lang='lat' dir='ltr'>(lenitum</span> <span class='ocrx_word' id='word_1_847' title='bbox 491 3035 637 3073; x_wconf 68' lang='lat' dir='ltr'>audivit,</span> <span class='ocrx_word' id='word_1_848' title='bbox 653 3035 793 3074; x_wconf 72' lang='lat' dir='ltr'>demptis</span> <span class='ocrx_word' id='word_1_849' title='bbox 805 3034 1028 3073; x_wconf 77' lang='lat' dir='ltr'>compedibus,</span> <span class='ocrx_word' id='word_1_850' title='bbox 1043 3036 1283 3073; x_wconf 65' lang='lat' dir='ltr'>assumptoque</span> <span class='ocrx_word' id='word_1_851' title='bbox 1299 3036 1416 3065; x_wconf 69' lang='lat' dir='ltr'>concile</span> <span class='ocrx_word' id='word_1_852' title='bbox 1429 3033 1631 3073; x_wconf 73' lang='lat' dir='ltr'>reqrecliwr.</span> <span class='ocrx_word' id='word_1_853' title='bbox 1645 3035 1678 3063; x_wconf 90' lang='lat' dir='ltr'>ln</span> <span class='ocrx_word' id='word_1_854' title='bbox 1690 3033 1869 3062; x_wconf 86' lang='lat' dir='ltr'>universum</span> <span class='ocrx_word' id='word_1_855' title='bbox 1881 3032 1995 3063; x_wconf 84' lang='lat' dir='ltr'>Justini</span> <span class='ocrx_word' id='word_1_856' title='bbox 2005 3031 2044 3062; x_wconf 86' lang='lat' dir='ltr'>de</span> <span class='ocrx_word' id='word_1_857' title='bbox 2055 3040 2148 3070; x_wconf 79' lang='lat' dir='ltr'>regno</span> <span class='ocrx_word' id='word_1_858' title='bbox 2159 3033 2222 3082; x_wconf 78' lang='lat' dir='ltr'>Me-</span> 
     </span>
     <span class='ocr_line' id='line_1_91' title="bbox 104 3078 2223 3129; baseline -0.004 -15"><span class='ocrx_word' id='word_1_859' title='bbox 104 3084 217 3114; x_wconf 87' lang='lat' dir='ltr'>dorum</span> <span class='ocrx_word' id='word_1_860' title='bbox 239 3082 368 3121; x_wconf 86' lang='lat' dir='ltr'>ejusque</span> <span class='ocrx_word' id='word_1_861' title='bbox 393 3081 551 3112; x_wconf 80' lang='lat' dir='ltr'>eversione</span> <span class='ocrx_word' id='word_1_862' title='bbox 567 3080 704 3110; x_wconf 84' lang='lat' dir='ltr'>narratio</span> <span class='ocrx_word' id='word_1_863' title='bbox 727 3081 768 3110; x_wconf 87' lang='lat' dir='ltr'>ita</span> <span class='ocrx_word' id='word_1_864' title='bbox 783 3082 963 3118; x_wconf 84' lang='lat' dir='ltr'>comparata</span> <span class='ocrx_word' id='word_1_865' title='bbox 973 3082 1041 3118; x_wconf 86' lang='lat' dir='ltr'>est,</span> <span class='ocrx_word' id='word_1_866' title='bbox 1059 3081 1094 3109; x_wconf 87' lang='lat' dir='ltr'>ut</span> <span class='ocrx_word' id='word_1_867' title='bbox 1108 3080 1221 3118; x_wconf 89' lang='lat' dir='ltr'>partim</span> <span class='ocrx_word' id='word_1_868' title='bbox 1239 3082 1277 3113; x_wconf 83' lang='lat' dir='ltr'>ad</span> <span class='ocrx_word' id='word_1_869' title='bbox 1294 3081 1500 3112; x_wconf 80' lang='lat' dir='ltr'>llerodoteam</span> <span class='ocrx_word' id='word_1_870' title='bbox 1514 3103 1523 3117; x_wconf 91' lang='lat'>,</span> <span class='ocrx_word' id='word_1_871' title='bbox 1542 3080 1654 3119; x_wconf 88' lang='lat' dir='ltr'>partim</span> <span class='ocrx_word' id='word_1_872' title='bbox 1671 3078 1710 3108; x_wconf 85' lang='lat' dir='ltr'>ad</span> <span class='ocrx_word' id='word_1_873' title='bbox 1727 3079 1906 3109; x_wconf 86' lang='lat' dir='ltr'>Ctesianam</span> <span class='ocrx_word' id='word_1_874' title='bbox 1922 3079 2061 3108; x_wconf 87' lang='lat' dir='ltr'>nostram</span> <span class='ocrx_word' id='word_1_875' title='bbox 2082 3085 2223 3129; x_wconf 79' lang='lat' dir='ltr'>proxime</span> 
     </span>
     <span class='ocr_line' id='line_1_92' title="bbox 104 3124 2224 3176; baseline -0.005 -13"><span class='ocrx_word' id='word_1_876' title='bbox 104 3131 244 3169; x_wconf 84' lang='lat' dir='ltr'>accedat,</span> <span class='ocrx_word' id='word_1_877' title='bbox 256 3130 355 3161; x_wconf 87' lang='lat' dir='ltr'>multa</span> <span class='ocrx_word' id='word_1_878' title='bbox 365 3131 470 3160; x_wconf 87' lang='lat' dir='ltr'>tamen</span> <span class='ocrx_word' id='word_1_879' title='bbox 482 3129 574 3159; x_wconf 84' lang='lat' dir='ltr'>etiam</span> <span class='ocrx_word' id='word_1_880' title='bbox 590 3128 646 3158; x_wconf 83' lang='lat' dir='ltr'>sibi</span> <span class='ocrx_word' id='word_1_881' title='bbox 661 3127 783 3167; x_wconf 88' lang='lat' dir='ltr'>propria</span> <span class='ocrx_word' id='word_1_882' title='bbox 796 3128 918 3158; x_wconf 83' lang='lat' dir='ltr'>habeat.</span> <span class='ocrx_word' id='word_1_883' title='bbox 934 3130 1037 3164; x_wconf 87' lang='lat' dir='ltr'>Quare</span> <span class='ocrx_word' id='word_1_884' title='bbox 1048 3136 1159 3167; x_wconf 72' lang='lat' dir='ltr'>magna</span> <span class='ocrx_word' id='word_1_885' title='bbox 1173 3128 1306 3168; x_wconf 83' lang='lat' dir='ltr'>suspicio</span> <span class='ocrx_word' id='word_1_886' title='bbox 1320 3129 1366 3157; x_wconf 83' lang='lat' dir='ltr'>est</span> <span class='ocrx_word' id='word_1_887' title='bbox 1378 3127 1506 3165; x_wconf 84' lang='lat' dir='ltr'>Trojum</span> <span class='ocrx_word' id='word_1_888' title='bbox 1523 3125 1706 3165; x_wconf 85' lang='lat' dir='ltr'>l&#39;ompejum</span> <span class='ocrx_word' id='word_1_889' title='bbox 1719 3125 1847 3163; x_wconf 78' lang='lat' dir='ltr'>vestigia</span> <span class='ocrx_word' id='word_1_890' title='bbox 1859 3124 1965 3163; x_wconf 82' lang='lat' dir='ltr'>legisse</span> <span class='ocrx_word' id='word_1_891' title='bbox 1978 3124 2120 3176; x_wconf 38' lang='lat' dir='ltr'>Dinonis&#39;,</span> <span class='ocrx_word' id='word_1_892' title='bbox 2133 3131 2224 3162; x_wconf 74' lang='lat' dir='ltr'>cujus</span> 
     </span>
     <span class='ocr_line' id='line_1_93' title="bbox 103 3168 2221 3225; baseline -0.005 -15"><span class='ocrx_word' id='word_1_893' title='bbox 103 3181 220 3219; x_wconf 76' lang='lat' dir='ltr'>quanta</span> <span class='ocrx_word' id='word_1_894' title='bbox 233 3177 315 3218; x_wconf 90' lang='lat' dir='ltr'>apud</span> <span class='ocrx_word' id='word_1_895' title='bbox 327 3179 484 3208; x_wconf 76' lang='lat' dir='ltr'>Romanos</span> <span class='ocrx_word' id='word_1_896' title='bbox 497 3176 666 3206; x_wconf 80' lang='lat' dir='ltr'>auctoritas</span> <span class='ocrx_word' id='word_1_897' title='bbox 684 3176 776 3205; x_wconf 66' lang='lat' dir='ltr'>sut-rit</span> <span class='ocrx_word' id='word_1_898' title='bbox 787 3184 803 3205; x_wconf 89' lang='lat' dir='ltr'>e</span> <span class='ocrx_word' id='word_1_899' title='bbox 815 3175 949 3206; x_wconf 85' lang='lat' dir='ltr'>Cornelii</span> <span class='ocrx_word' id='word_1_900' title='bbox 962 3175 1086 3214; x_wconf 71' lang='lat' dir='ltr'>Nepotis</span> <span class='ocrx_word' id='word_1_901' title='bbox 1100 3175 1278 3206; x_wconf 88' lang='lat' dir='ltr'>testimonio</span> <span class='ocrx_word' id='word_1_902' title='bbox 1289 3175 1338 3212; x_wconf 83' lang='lat' dir='ltr'>(v.</span> <span class='ocrx_word' id='word_1_903' title='bbox 1357 3173 1457 3203; x_wconf 87' lang='lat' dir='ltr'>Dinon</span> <span class='ocrx_word' id='word_1_904' title='bbox 1469 3172 1505 3202; x_wconf 81' lang='lat' dir='ltr'>sr.</span> <span class='ocrx_word' id='word_1_905' title='bbox 1521 3175 1570 3210; x_wconf 82' lang='lat'>27,</span> <span class='ocrx_word' id='word_1_906' title='bbox 1585 3180 1615 3210; x_wconf 93' lang='lat' dir='ltr'>p.</span> <span class='ocrx_word' id='word_1_907' title='bbox 1629 3172 1681 3210; x_wconf 78' lang='lat'>94)</span> <span class='ocrx_word' id='word_1_908' title='bbox 1693 3171 1858 3209; x_wconf 82' lang='lat' dir='ltr'>colligitur.</span> <span class='ocrx_word' id='word_1_909' title='bbox 1871 3187 1911 3192; x_wconf 97' lang='lat'><strong>—</strong></span> <span class='ocrx_word' id='word_1_910' title='bbox 1922 3173 1971 3200; x_wconf 79' lang='lat'>21.</span> <span class='ocrx_word' id='word_1_911' title='bbox 1988 3168 2221 3225; x_wconf 26' lang='lat' dir='ltr'>&#39;ovavi-vany]</span> 
     </span>
     <span class='ocr_line' id='line_1_94' title="bbox 104 3213 2219 3269; baseline -0.006 -13"><span class='ocrx_word' id='word_1_912' title='bbox 104 3228 154 3257; x_wconf 78' lang='grc' dir='ltr'>τὸν</span> <span class='ocrx_word' id='word_1_913' title='bbox 173 3225 301 3264; x_wconf 78' lang='grc' dir='ltr'>ἀφέρνην</span> <span class='ocrx_word' id='word_1_914' title='bbox 314 3223 384 3254; x_wconf 86' lang='lat' dir='ltr'>cod.</span> <span class='ocrx_word' id='word_1_915' title='bbox 403 3241 440 3245; x_wconf 88' lang='lat'>-—</span> <span class='ocrx_word' id='word_1_916' title='bbox 457 3226 504 3253; x_wconf 87' lang='lat'>22.</span> <span class='ocrx_word' id='word_1_917' title='bbox 533 3221 724 3261; x_wconf 66' lang='grc' dir='ltr'>Οἰῧάραν]</span> <span class='ocrx_word' id='word_1_918' title='bbox 747 3221 882 3260; x_wconf 70' lang='grc' dir='ltr'>Οἱῧοὶραν</span> <span class='ocrx_word' id='word_1_919' title='bbox 899 3220 968 3250; x_wconf 75' lang='grc' dir='ltr'>(τού.</span> <span class='ocrx_word' id='word_1_920' title='bbox 986 3221 1017 3250; x_wconf 78' lang='lat' dir='ltr'>li.</span> <span class='ocrx_word' id='word_1_921' title='bbox 1038 3221 1058 3251; x_wconf 94' lang='grc' dir='ltr'>Ι.</span> <span class='ocrx_word' id='word_1_922' title='bbox 1077 3224 1107 3252; x_wconf 75' lang='lat' dir='ltr'>et</span> <span class='ocrx_word' id='word_1_923' title='bbox 1134 3223 1164 3252; x_wconf 87' lang='lat' dir='ltr'>in</span> <span class='ocrx_word' id='word_1_924' title='bbox 1189 3229 1256 3260; x_wconf 76' lang='lat' dir='ltr'>sqq.</span> <span class='ocrx_word' id='word_1_925' title='bbox 1280 3237 1322 3242; x_wconf 90' lang='lat'>—</span> <span class='ocrx_word' id='word_1_926' title='bbox 1344 3223 1393 3249; x_wconf 78' lang='grc'>23.</span> <span class='ocrx_word' id='word_1_927' title='bbox 1413 3217 1530 3258; x_wconf 84' lang='grc' dir='ltr'>ὁρᾶν]</span> <span class='ocrx_word' id='word_1_928' title='bbox 1556 3219 1632 3256; x_wconf 82' lang='grc' dir='ltr'>ὀρῶν</span> <span class='ocrx_word' id='word_1_929' title='bbox 1646 3216 1716 3247; x_wconf 73' lang='lat' dir='ltr'>cod.</span> <span class='ocrx_word' id='word_1_930' title='bbox 1739 3236 1779 3242; x_wconf 91' lang='lat'>—</span> <span class='ocrx_word' id='word_1_931' title='bbox 1794 3221 1843 3247; x_wconf 80' lang='lat'>25.</span> <span class='ocrx_word' id='word_1_932' title='bbox 1862 3215 1905 3269; x_wconf 54' lang='lat' dir='ltr'>Bt:</span> <span class='ocrx_word' id='word_1_933' title='bbox 1920 3216 1940 3245; x_wconf 89' lang='grc' dir='ltr'><strong>ἃ</strong></span> <span class='ocrx_word' id='word_1_934' title='bbox 1956 3213 2219 3266; x_wconf 40' lang='grc' dir='ltr'>πασχ.].οιοι.πα-</span> 
     </span>
     <span class='ocr_line' id='line_1_95' title="bbox 103 3261 2218 3311; baseline -0.006 -9"><span class='ocrx_word' id='word_1_935' title='bbox 103 3282 230 3311; x_wconf 77' lang='grc' dir='ltr'>σχουσιν</span> <span class='ocrx_word' id='word_1_936' title='bbox 245 3270 314 3301; x_wconf 86' lang='lat' dir='ltr'>cod.</span> <span class='ocrx_word' id='word_1_937' title='bbox 328 3271 407 3301; x_wconf 81' lang='lat' dir='ltr'>Ante</span> <span class='ocrx_word' id='word_1_938' title='bbox 423 3270 598 3306; x_wconf 78' lang='grc' dir='ltr'>θελήσαντες</span> <span class='ocrx_word' id='word_1_939' title='bbox 610 3267 759 3298; x_wconf 80' lang='lat' dir='ltr'>excidisse</span> <span class='ocrx_word' id='word_1_940' title='bbox 774 3266 898 3298; x_wconf 86' lang='lat' dir='ltr'>videtur</span> <span class='ocrx_word' id='word_1_941' title='bbox 909 3267 1090 3303; x_wconf 80' lang='grc' dir='ltr'>ἀποστῆναι.</span> <span class='ocrx_word' id='word_1_942' title='bbox 1104 3286 1142 3293; x_wconf 86' lang='grc'>-</span> <span class='ocrx_word' id='word_1_943' title='bbox 1157 3272 1205 3298; x_wconf 80' lang='grc'>26.</span> <span class='ocrx_word' id='word_1_944' title='bbox 1223 3266 1349 3306; x_wconf 73' lang='grc' dir='ltr'>ὀρεινὴ</span> <span class='ocrx_word' id='word_1_945' title='bbox 1362 3264 1371 3304; x_wconf 83' lang='grc'>]</span> <span class='ocrx_word' id='word_1_946' title='bbox 1386 3265 1477 3304; x_wconf 74' lang='grc' dir='ltr'>θρανή</span> <span class='ocrx_word' id='word_1_947' title='bbox 1491 3263 1560 3293; x_wconf 76' lang='lat' dir='ltr'>eod.</span> <span class='ocrx_word' id='word_1_948' title='bbox 1578 3280 1615 3287; x_wconf 87' lang='lat'><em>-</em></span> <span class='ocrx_word' id='word_1_949' title='bbox 1631 3266 1679 3293; x_wconf 87' lang='lat'>27.</span> <span class='ocrx_word' id='word_1_950' title='bbox 1695 3265 1773 3296; x_wconf 86' lang='grc' dir='ltr'>τοῖς</span> <span class='ocrx_word' id='word_1_951' title='bbox 1789 3271 1844 3301; x_wconf 89' lang='lat' dir='ltr'>pro</span> <span class='ocrx_word' id='word_1_952' title='bbox 1854 3272 1969 3296; x_wconf 84' lang='grc' dir='ltr'>τουτοις</span> <span class='ocrx_word' id='word_1_953' title='bbox 1981 3269 1997 3291; x_wconf 81' lang='lat' dir='ltr'>e</span> <span class='ocrx_word' id='word_1_954' title='bbox 2009 3261 2094 3292; x_wconf 84' lang='lat' dir='ltr'>sonte</span> <span class='ocrx_word' id='word_1_955' title='bbox 2106 3268 2218 3291; x_wconf 84' lang='lat' dir='ltr'>ionico.</span> 
     </span>
     <span class='ocr_line' id='line_1_96' title="bbox 104 3315 398 3349; baseline -0.007 -1"><span class='ocrx_word' id='word_1_956' title='bbox 104 3318 164 3349; x_wconf 61' lang='lat' dir='ltr'>Nisi</span> <span class='ocrx_word' id='word_1_957' title='bbox 182 3317 273 3348; x_wconf 81' lang='lat' dir='ltr'>scrib.</span> <span class='ocrx_word' id='word_1_958' title='bbox 292 3315 398 3347; x_wconf 85' lang='grc' dir='ltr'>τοῖσδ’.</span> 
     </span>
    </p>
   </div>
   <div class='ocr_carea' id='block_1_6' title="bbox 2307 2057 2338 3765">
    <p class='ocr_par' dir='ltr' id='par_1_7' title="bbox 2307 2057 2338 3765">
     <span class='ocr_line' id='line_1_97' title="bbox 2307 2057 2338 3765; baseline 0 0"><span class='ocrx_word' id='word_1_959' title='bbox 2307 2057 2338 3765; x_wconf 95' lang='lat' dir='ltr'> </span> 
     </span>
    </p>
   </div>
  </div>
 </body>
</html>
