2338 3765
914 200 1242 238 FRAGMENTA.

29 292 222 344 ἀπάρχεται
233 293 292 335 τῆς
304 294 360 327 τοῦ
380 288 682 340 Σαγχουνιάθωνος
693 287 873 337 ἑρμηνείας
884 317 892 332 ,
907 281 972 324 ὧδέ
987 302 1056 327 πως

27 348 88 394 τὴν
123 347 326 392 Φοινικικὴν
372 347 581 394 ἐκτιθέμενος
619 345 802 394 θεολογίαν.
846 346 855 392 ζ
874 348 1058 381 Postrema

27 403 112 438 inde
131 403 177 437 ab
198 402 227 437 οἱ
246 399 454 436 παλαίτατοι
476 408 649 446 tanquam
671 411 714 434 ex
735 399 922 435 Clemente
948 399 1051 434 Alex.

25 462 133 496 affert
148 460 306 506 Cyrillus
326 461 366 493 ln
385 459 458 494 1111.
484 460 532 493 VI
549 486 557 501 ,
578 470 613 504 11.
636 456 727 501 205,
748 459 790 492 E.
810 458 818 501 )

523 568 557 590 ’),.

79 650 184 685 Idem
206 650 282 691 111.,
302 661 382 695 cap.
409 661 451 682 10
476 660 483 683 :

27 711 122 744 θεται
149 705 233 755 ἀέρα
264 704 398 756 ζοφώδη
419 719 477 741 και
504 703 755 752 πνευματώδη,
784 702 805 748 ἢ
837 702 942 748 πνοὴν
964 702 1059 752 ἀέρος

508 645 581 690 Ἰὴν
602 662 667 682 των
689 645 776 682 ὅλων
803 644 912 696 ἀρχὴν
937 645 1055 681 υποτί-

26 763 214 816 ζοφώδους,
236 763 295 800 καὶ
319 762 403 813 χάος
423 761 572 812 θολερὸν,
592 762 765 812 ἐρεὸωδες·
789 764 899 798 ταῦτα
919 760 953 797 δὲ
975 764 1060 798 εἶναι

27 822 170 872 ἄπειρα,
184 820 242 858 καὶ
260 819 315 857 διὰ
326 818 432 857 πολυν
446 820 552 856 αἰωνα
571 819 618 868 μὴ
639 819 727 869 ἔχειν
745 818 862 870 πέρας
879 838 892 852 ιι
907 818 1026 857 ‘'O-cs
1009 818 1058 868 οὲ,

26 878 142 930 φησὶν,
173 877 308 928 ἠράσθη
331 877 370 914 τὸ
395 880 530 925 πνεῦμα
551 880 617 913 τῶν
640 878 730 913 ἰδίων
752 878 881 928 ἀρχῶν,
902 877 960 913 καὶ
981 876 1059 925 ἐγέ-

24 951 99 973 νετο
119 935 321 986 σύγκρασις,
338 937 359 980 ἡ
383 933 493 979 πλοκὴ
516 934 627 980 ἐκείνη
650 934 776 980 ἐκλήθη
798 934 911 977 πόθος.
961 934 1057 980 Αὕτη

26 993 61 1031 δὲ
82 991 172 1044 ἀρχὴ
192 992 337 1064 κτίσεως
365 992 540 1029 ἁπάντων.
564 992 657 1030 Αὐτὸ
675 993 709 1029 δὲ
729 994 789 1029 οὐκ
816 992 975 1043 ἐγίνωσκε
998 992 1059 1038 τὴν

25 1053 128 1088 αὐτοῦ
146 1050 275 1088 κτίσιν·
297 1051 355 1088 καὶ
373 1051 410 1088 ἐκ
424 1066 484 1096 της
501 1052 603 1087 αὐτου
623 1052 823 1100 συμπλοκῆς
836 1054 893 1088 τοῦ
912 1050 1060 1099 πνεύμα-

24 1125 78 1151 τος
99 1108 231 1158 εγένετο
253 1108 358 1147 Μώτ·
380 1108 479 1146 τοῦτό
495 1124 565 1146 τινε
569 1125 582 1150 ς
603 1123 704 1160 φασιν
723 1107 808 1145 ἰλύν·
826 1110 856 1146 οἱ
878 1107 911 1145 δὲ
932 1109 1061 1146 ὑδατω-

25 1168 99 1210 δους
120 1166 240 1215 μίξεως
261 1168 380 1218 σηψ.ιν
398 1166 499 1204 Koet'
485 1182 524 1203 εκ
539 1166 666 1211 ταύτης
684 1165 815 1215 ἐγένετο
835 1172 932 1202 πᾶσα
948 1165 1059 1216 σπορὰ

24 1223 182 1270 κτίσεως,
204 1224 263 1261 καὶ
283 1224 410 1274 γένεσις
431 1226 498 1261 τῶν
517 1222 619 1260 ὅλων.
681 1224 721 1273 (2)
747 1219 818 1261 τΗν
841 1223 876 1261 δέ
895 1239 969 1260 τινα
990 1227 1060 1276 ζῷα

25 1283 86 1320 οὐκ
113 1283 237 1333 ἔχοντα
273 1282 442 1328 αἴσθησιν,
464 1281 496 1325 ἐξ
525 1276 570 1319 ὧν
596 1282 727 1332 ἐγένετο
748 1284 817 1333 ζῷα
850 1281 970 1334 νοερὰ,
1002 1283 1060 1319 καὶ

27 1339 153 1386 ἐκλήθη
168 1339 382 1392 Ζωφασημὶν
401 1339 638 1391 (Ζωφισημὰν
655 1341 740 1377 cod,
760 1343 807 1378 H.
819 1342 828 1389 )
840 1370 848 1384 ‚
865 1342 955 1377 τοῦτ’
971 1336 1060 1377 ἔστιν

27 1399 168 1448 οὐρανοῦ
187 1398 369 1434 κατόπται.
430 1397 501 1436 Καὶ
522 1396 716 1441 ἀνεπλάσθη
739 1397 862 1445 ὁμοίως
881 1400 948 1435 ὠοῦ
969 1398 1060 1449 σχή-

27 1470 124 1504 ματι.
149 1455 220 1494 Καὶ
239 1454 408 1506 ἐξέλαμψε
427 1455 513 1492 Μὼτ
534 1454 627 1500 ἥλιός
646 1471 681 1492 τε
700 1454 757 1491 καὶ
777 1455 902 1499 σελήνη
922 1455 1061 1507 ἀστέρες

27 1528 61 1550 τε
80 1513 140 1550 καὶ
155 1513 267 1564 ἄστρα
286 1513 435 1563 μεγάλα.
463 1532 475 1546 »

76 1570 263 1616 Τοιαύτη
282 1570 352 1619 μὲν
371 1572 507 1607 αὐτῶν
524 1574 544 1613 ἢ
566 1571 848 1620 κοσμογονία,
867 1570 1062 1623 ἀντικρὺς

27 1629 239 1674 ἀθεότητα
261 1644 433 1678 εισαγου
447 1644 510 1667 σα
531 1629 711 1677 Ἵδωμεν
731 1628 770 1665 δὲ
793 1628 937 1674 ἑξῆς,
921 1645 971 1671 ως
993 1629 1062 1666 καὶ

24 1685 98 1732 τὴν
115 1686 377 1738 ζωογονίαν
365 1689 606 1731 υποστηναι
628 1686 671 1723 λέ
656 1701 758 1735 ε.γει
785 1687 927 1731 Φησιν
945 1690 1032 1723 οὐν

77 1752 104 1776 3.
127 1757 140 1772 a
169 1738 239 1776 Καὶ
258 1741 316 1775 τοῦ
339 1738 434 1788 ἀέρος
461 1740 537 1775 διαυ
541 1738 727 1788 γάσαντος,
750 1737 805 1774 διὰ
831 1739 983 1790 πύρωσιν
1003 1739 1062 1775 καὶ

27 1800 87 1842 τῆς
111 1796 280 1842 θαλάττης
301 1813 360 1834 και
385 1813 444 1842 της
460 1812 559 1846 γηςε
550 1797 676 1847 γένετο
697 1796 877 1846 πνεύματα
901 1813 959 1834 και
979 1798 1060 1849 νέφη

28 1854 87 1891 καὶ
116 1854 279 1905 οὐρανίων
301 1854 431 1891 ὑδάτων
449 1854 608 1905 μέγισται
627 1854 821 1906 καταφοραὶ
846 1854 904 1891 καὶ
928 1854 1057 1905 χύσεις.

26 1967 184 1998 niatlionis
200 1967 491 2006 interpretationem
511 1966 720 2006 progreditur,
740 1966 787 1997 liis
808 1966 913 1997 verbis
937 1966 1062 1997 Phoeni-

26 2026 99 2049 cum
115 2017 303 2057 theologiam
317 2017 499 2048 edisserens.

529 2073 559 2103 2.

68 2127 258 2168 Principium
288 2128 425 2159 universi
453 2127 547 2158 Pliilo
572 2130 659 2167 ponit
683 2137 787 2158 aerem
809 2129 1010 2159 tenebrosum
1030 2136 1066 2157 ae

27 2180 134 2220 spiritu
162 2181 289 2219 fretum,
318 2188 372 2211 seu
396 2179 498 2210 mavis
526 2179 683 2210 tenebrosi
711 2180 791 2210 aeris
810 2179 922 2211 ilatum
944 2188 981 2210 ac
1002 2180 1064 2219 spi-

29 2233 124 2264 ritum
137 2257 145 2271 ‚
163 2233 321 2272 chaosque
338 2231 498 2263 turbidum
522 2232 649 2271 altaque
668 2231 801 2271 caligine
821 2232 1060 2262 circumfusum.

30 2286 105 2316 Haec
126 2293 220 2324 porro
245 2283 365 2315 infinita
383 2292 449 2314 esse
461 2307 469 2321 ‚
486 2283 676 2322 nullumque
693 2283 750 2314 nisi
768 2284 859 2322 longo
876 2283 1065 2314 saeculorum

29 2335 192 2366 intervallo
206 2335 378 2366 terminum
393 2334 519 2365 habere.
537 2347 551 2361 «ι
568 2337 689 2365 Verum
703 2334 757 2364 ubi
776 2334 923 2373 spiritus,
946 2334 1064 2373 inquit,

30 2394 139 2417 amore
151 2386 378 2426 principiorum
393 2394 521 2416 suorum
545 2385 674 2424 flagrare
687 2386 851 2424 coepisset,
872 2394 1011 2424 eumque
1029 2385 1065 2414 si-

31 2428 96 2469 111111
111 2440 192 2470 esset
207 2439 319 2469 mixtio
337 2439 508 2469 consecuta
518 2462 526 2477 ,
541 2447 658 2469 nexum
673 2438 757 2468 1111110
770 2438 919 2468 mutuum
934 2436 1064 2476 Cupidi-

30 2499 103 2521 nem
118 2490 325 2530 appellarunt.
373 2492 400 2521 ls
414 2490 541 2529 quidem
561 2498 665 2520 rerum
685 2489 827 2520 omnium
843 2489 1067 2528 procreationis

31 2541 219 2580 principium
237 2541 304 2572 ruit.
350 2541 484 2580 Spiritus
501 2549 575 2571 vero
589 2549 678 2571 suam
700 2540 796 2579 ipsius
818 2540 1065 2579 procreationem

31 2592 161 2623 minime
191 2593 388 2632 agnoscebat.
434 2595 481 2623 Ex
506 2593 565 2622 liae
588 2592 672 2622 illius
699 2592 924 2630 conjunctione
952 2592 1067 2631 prodiit

0 2652 1 2655 ’
33 2645 99 2676 Mot
116 2644 168 2684 (v.
184 2646 270 2675 Mov.
297 2644 319 2675 l.
340 2644 362 2674 l.
382 2652 412 2683 p.
441 2645 528 2683 134);
552 2644 581 2673 id
604 2643 687 2682 quod
704 2644 815 2674 limum
832 2644 996 2682 nonnulli,
1014 2644 1065 2674 alii

33 2704 161 2735 aquosae
184 2695 345 2727 mixtionis
359 2695 556 2735 putredinem
573 2703 638 2726 esse
655 2695 781 2731 volunt,
807 2705 845 2726 ex
868 2704 930 2735 qua
951 2697 1067 2726 secuta*

33 2746 249 2787 productionis
261 2746 379 2777 semina
391 2769 398 2782 ,
417 2746 545 2785 ipsaque
558 2745 636 2776 adeo
656 2755 762 2776 rerum
782 2747 998 2777 universarum
1013 2755 1066 2785 ge-

33 2798 152 2829 uenatio
169 2797 334 2829 exstiterit.
382 2797 424 2835 (2)
449 2798 596 2828 Ceterum
622 2797 792 2827 animantia
812 2796 958 2835 quaedam
977 2798 1065 2827 erant

34 2850 118 2882 omni
132 2859 223 2881 sensu
235 2850 372 2881 carentia
386 2874 394 2889 ‚
406 2858 477 2889 quae
491 2848 693 2888 postmodum
705 2849 907 2888 intelligentia
920 2848 1067 2887 praeditos

35 2903 212 2933 animantes
227 2903 443 2942 procrearunt.
489 2903 548 2932 Eos
568 2901 612 2931 illi
626 2901 845 2940 Zopliasemin,
863 2901 922 2931 1100
938 2901 984 2931 est
998 2900 1067 2931 eoeli

35 2954 298 2993 contemplatores
309 2977 317 2992 ,
337 2952 559 2990 nominarunt,
576 2952 607 2982 in
626 2952 677 2983 ovi
693 2952 823 2991 figuram
843 2952 1064 2982 conformatos.

39 3004 123 3035 111100
139 3005 245 3035 autem
259 3005 326 3035 Mot
343 3012 415 3034 cum
430 3004 513 3041 sole,
531 3003 625 3041 luna,
649 3003 762 3042 stellis,
784 3012 820 3033 ae
842 3002 959 3041 reliqua
973 3002 1069 3040 11131οι

38 3063 107 3085 111111
124 3055 280 3085 astrorum
301 3053 502 3084 multitudine
522 3053 662 3083 emicuit.
685 3066 698 3078 >1

79 3105 263 3144 Hujusmodi
274 3114 291 3135 a
306 3104 506 3135 Phoenicibus
515 3103 623 3133 mundi
637 3104 727 3134 ortus
738 3103 863 3142 ponitur
877 3103 929 3141 qui
941 3111 1067 3132 omnem

39 3158 129 3196 plane
148 3157 343 3188 divinitatem
358 3156 556 3187 exterminet.
600 3158 670 3186 Jam
685 3155 784 3194 qualis
799 3154 838 3185 ab
853 3155 962 3185 iisdem
985 3155 1068 3185 inve-

41 3208 133 3239 liatur
152 3207 334 3239 animalium
361 3207 519 3246 generatio
548 3206 722 3236 videamus.
767 3205 817 3237 Sic
846 3214 917 3244 ergo
938 3206 1068 3244 philoso-

41 3259 153 3298 phatur
174 3272 179 3289 :

82 3315 110 3342 3.
130 3323 144 3337 r<
161 3312 266 3346 Quum
281 3311 406 3349 igneum
422 3310 619 3349 splendorem
636 3319 688 3339 aer
705 3309 871 3347 emisisset,
890 3318 927 3339 ex
948 3309 1069 3339 ardenti

44 3362 137 3391 maris
151 3362 179 3392 et
195 3362 350 3393 terrarum
369 3361 612 3392 inflammatione
626 3385 632 3399 ‚
648 3360 745 3393 venti,
763 3360 880 3399 nubes,
895 3369 1069 3399 magnoque

2078 215 2149 244 sifi-¹⁴)

1122 289 1189 325 Καὶ
1217 290 1333 334 ἐπειδὴ
1365 291 1512 340 διεκρίθη
1534 291 1591 326 καὶ
1622 296 1679 328 τοῦ
1703 291 1784 328 ἰδίου
1815 292 1917 329 τόπου
1949 295 2150 345 διεχωρίσθη

1119 345 1173 382 διὰ
1198 346 1258 390 τὴν
1280 350 1337 383 τοῦ
1359 348 1455 390 ἡλίου
1476 349 1640 398 πύρωσιν,
1662 349 1718 385 καὶ
1736 350 1848 386 πάντα
1872 351 2060 397 συνήντησε
2077 353 2148 389 πά-

1119 405 1169 439 λιν
1203 406 1235 440 ἐν
1268 404 1341 455 ἀέρι
1372 406 1451 442 τάδε
1472 408 1602 452 τοῖσδε,
1634 408 1691 444 καὶ
1713 408 1932 459 συνέρραξαν,
1956 410 2094 460 βρονταί
2116 426 2150 447 τε

1121 461 1396 507 ἀπετελέσθησαν
1417 479 1475 500 και
1505 465 1697 514 ἀστραπαι,
1718 482 1776 502 και
1797 481 1878 515 προς
1907 482 1963 504 τον
1991 468 2145 518 πάταγον

1120 535 1187 555 των
1210 522 1356 589 βρρντων
1375 520 1416 556 τὰ
1437 523 1727 591 προγεγραμμένα
1755 539 1852 574 νοερα
1873 526 2151 577 ζ(’1οιέγρηγόρη-

1120 592 1192 625 σεν,
1210 592 1268 614 και
1283 577 1365 647 πρὸς
1379 594 1433 614 τον
1451 582 1534 628 ἦγον
1551 580 1692 628 ἐπτύρη,
1708 596 1766 616 και
1784 582 1956 627 ἐκινηθη
1939 598 1972 618 εν
1985 598 2019 619 τε
2035 586 2078 633 γῇ
2094 599 2150 620 και

1120 635 1301 684 θαλάττῃ
1288 650 1387 686 αρρεν
1405 651 1463 672 και
1479 638 1573 682 θ’ἧλυ.
1597 657 1608 669 ι

1172 707 1199 731 4.
1239 693 1429 738 Τοιαύτη
1464 695 1608 737 αὐτοῖς
1641 697 1709 732 καὶ
1733 700 1753 742 ἡ
1788 700 2011 748 ζῳογονία.
2044 701 2150 738 Τού-

1121 767 1204 794 τοις
1223 750 1319 796 ἑξῆς
1342 755 1358 788 ὃ
1377 752 1500 795 αὐτὸς
1522 754 1785 804 συγγραφεὺς
1800 756 1993 807 ἐπιφέρει
2011 758 2150 807 λέγων·

1126 830 1139 842 ι(
1164 809 1270 848 Ταυθ’
1290 809 1418 860 ηυρέθη
1443 810 1475 845 ἐν
1501 813 1542 860 τη
1565 812 1769 863 κοσμογονία
1791 814 2012 863 γεγ.ρα1]ρένα
2031 815 2152 853 'lwd-

1121 883 1179 905 του
1202 883 1259 904 και
1288 873 1357 909 τοῖς
1381 867 1509 904 ἐκείνου
1538 869 1852 917 υπο1].·νημασιν,έκ
1878 887 1914 908 τε
1945 888 2150 923 στογασμων

1121 941 1179 963 και
1202 925 1396 997 τεκμηρίων
1417 929 1462 962 ὡν
1485 926 1632 976 ἑώρακεν
1664 929 1765 964 αὐτου
1789 932 1809 973 ἠ
1840 930 1969 966 οιάνοια
1991 947 2048 968 και
2077 947 2151 983 ευρε

1120 984 1178 1021 καὶ
1199 986 1281 1033 ἡμῖν
1299 982 1477 1035 ἐφώτισεν.
1500 1003 1511 1013 ιν

1172 1042 1292 1088 Ἑξῆς
1317 1042 1488 1083 τούτοις
1508 1042 1608 1090 ὀνόμ
1618 1058 1693 1079 ατα
1721 1046 1797 1080 των
1824 1045 1985 1093 ἀνεμων
2023 1047 2151 1083 εἰπων

1122 1100 1257 1138 Νότου
1275 1115 1347 1137 και
1370 1098 1523 1151 Βορέου
1548 1115 1619 1136 και
1637 1103 1692 1136 τω
1703 1116 1718 1135 ν
1741 1102 1912 1147 λοιπῶν,
1943 1105 2060 1141 ἐπιλ’
2047 1120 2060 1140 ε
2068 1119 2151 1153 γει·

1121 1177 1135 1191 «
1154 1158 1245 1196 ”Αλλ
1262 1152 1355 1195 ουτοί
1369 1174 1406 1208 γε
1425 1174 1554 1209 πρωτοι
1572 1158 1765 1209 ἀφιέρωσαν
1786 1159 1828 1196 τὰ
1847 1176 1905 1205 της
1919 1176 1980 1210 γης
1967 1161 2154 1211 ςβλαστή-

1122 1231 1215 1264 ματα
1236 1215 1295 1252 καὶ
1312 1216 1404 1258 θεους
1425 1215 1601 1265 ἐνόμισαν,
1625 1231 1682 1252 και
1698 1217 1925 1267 προσεκύνουν
1945 1234 2071 1264 ταυτα,
2098 1220 2154 1270 ἀφ

1121 1289 1167 1310 ων
1185 1274 1282 1311 αυτοί
1298 1290 1334 1311 τε
1352 1273 1558 1324 διεγένοντο,
1575 1289 1632 1311 και
1652 1290 1681 1311 οι
1699 1275 1878 1323 επόμενοι
1897 1291 1954 1312 και
1970 1292 1999 1313 οι
2017 1277 2083 1327 πρὸ
2101 1294 2157 1314 αυ-

1122 1347 1188 1368 των
1209 1332 1352 1378 πάντες,
1373 1348 1430 1369 και
1447 1332 1530 1382 χοὰς
1550 1332 1608 1369 καὶ
1628 1333 1830 1374 ἐπιθύσεις
1816 1333 1962 1370 ἐποίουν.
1987 1353 1999 1366 ›

1176 1405 1204 1428 5.
1231 1390 1313 1429 Και
1331 1390 1538 1441 επιλέγει·
1561 1409 1573 1423 «
1593 1385 1742 1429 Aba-ott
1725 1394 1754 1428 0'
1772 1385 1859 1436 ἦσαν
1882 1395 1915 1428 αἱ
1935 1392 2081 1429 ἐπίνοιαι
2098 1409 2157 1437 ττς

1123 1464 1389 1499 προσκυνησεως
1409 1448 1526 1486 ὅμοιαι
1552 1465 1618 1486 των
1649 1465 1758 1486 αυτων
1783 1450 1939 1487 ἀσθενεια
1959 1451 2016 1487 καὶ
2047 1453 2159 1502 ψυχῆς

1123 1507 1283 1558 ἀτολμία.
1303 1501 1412 1545 Εἶτά
1406 1522 1490 1559 φησι
1507 1523 1544 1557 γε
1547 1509 1739 1557 γενησθαι
1725 1524 1761 1545 εκ
1781 1523 1837 1544 του
1862 1510 1936 1546 Κολ
1940 1508 1999 1545 πίοι
2015 1507 2160 1557 ἀνέμου,

1123 1581 1182 1601 και
1200 1565 1359 1615 γυναικὸς
1380 1565 1499 1604 Βάαυ.
1518 1581 1615 1602 τουτο
1636 1565 1670 1602 δε
1689 1565 1793 1602 νύκτα
1812 1567 2023 1616 ερμηνεύειν,
2046 1569 2160 1603 Αἷῶνα

1124 1623 1180 1659 καὶ
1205 1623 1442 1674 Πρωτόγονον,
1468 1623 1608 1668 θνητοὺς
1628 1623 1772 1674 ἄνδρας,
1799 1624 1886 1660 οὕτω
1913 1624 2159 1673 καλουμένους·

1124 1685 1232 1732 εὑρεῖν
1250 1681 1283 1717 δὲ
1300 1681 1356 1717 τὸν
1378 1683 1491 1718 Αἷῶνα
1512 1681 1573 1726 τὴν
1594 1681 1662 1718 ἀπὸ
1679 1684 1745 1717 τῶν
1763 1681 1907 1731 δένδρων
1925 1682 2067 1732 τροφήν.
2096 1683 2160 1720 Ἐκ

1124 1738 1250 1776 τούτων
1276 1738 1352 1781 τοὺς
1381 1739 1578 1788 γενομένους
1608 1740 1775 1784 κληθῆναι
1807 1739 1905 1781 Γένος
1934 1739 1990 1776 καὶ
2022 1739 2159 1781 severim,

1125 1796 1182 1833 καὶ
1211 1798 1349 1841 οἰκῆσαι
1374 1796 1434 1842 τὴν
1457 1796 1645 1842 Φοινίκην·
1674 1797 1816 1847 αὐχμῶν
1839 1796 1872 1833 δέ
1893 1797 2082 1846 γενομένων
2102 1797 2161 1839 τὰς

1123 1860 1239 1905 χεῖρας
1256 1856 1301 1897 εἷς
1321 1854 1459 1906 οὐρανὸν
1478 1854 1605 1904 ὀρέγειν
1624 1854 1704 1905 πρὸς
1718 1855 1774 1891 τὸν
1796 1854 1905 1900 ἥλιον.
1925 1857 2055 1892 Τοῦτον
2069 1855 2156 1906 γὰρ,

1129 1973 1288 2004 ruentium
1305 1972 1423 2011 impetu
1439 1972 1613 2003 coelestium
1627 1973 1777 2004 imbrium
1791 1981 1828 2003 ac
1838 1972 2018 2003 nimborum
2035 1974 2160 2004 effusio·

1124 2032 1180 2055 nes
1192 2024 1339 2055 exstitere
1354 2037 1359 2054 ε
1373 2033 1472 2064 (11111111
1484 2025 1590 2054 autem
1606 2024 1674 2054 haec
1687 2024 1804 2062 omnia,
1817 2032 1888 2063 quae
1896 2024 2041 2055 distincta
2054 2025 2159 2064 paullo

1125 2077 1198 2107 ante
1211 2100 1219 2114 ‚
1236 2085 1273 2106 ac
1285 2078 1410 2116 propter
1424 2076 1690 2107 vehementiorem
1705 2075 1777 2106 solis
1791 2077 1903 2106 aestum
1919 2085 1936 2106 a
1950 2076 2073 2115 propria
2088 2077 2159 2108 sede

1125 2128 1282 2166 disjuncta
1299 2130 1438 2164 ruerant,
1457 2129 1486 2159 in
1503 2128 1613 2159 eodem
1633 2137 1740 2158 rursus
1761 2136 1831 2158 aere
1852 2130 2095 2167 concurrerent,
2114 2132 2159 2160 at-

1126 2188 1187 2218 que
1198 2180 1257 2209 alia
1269 2188 1341 2209 cum
1353 2179 1419 2210 aliis
1430 2179 1705 2210 committerentur
1715 2189 1722 2216 ;
1734 2179 1873 2209 tonitrua
1884 2178 1976 2210 simul
1991 2188 2026 2209 ac
2038 2180 2159 2219 fulgura

1127 2239 1274 2269 peperere
1293 2243 1299 2260 ι
1319 2239 1455 2269 (1110111111
1469 2230 1506 2260 ad
1522 2230 1698 2260 tonitruum
1720 2230 1890 2269 fragorem,
1905 2230 2050 2269 descripti
2070 2233 2161 2261 antea

1131 2281 1292 2312 intellectu
1307 2281 1429 2320 praediti
1451 2282 1627 2312 animantes
1645 2281 1731 2312 velut
1750 2291 1767 2311 a
1789 2290 1898 2312 50111110
1921 2283 2065 2320 excitati,
2087 2283 2159 2313 lior-

1126 2332 1287 2372 rendoque
1308 2334 1412 2364 sonitu
1431 2333 1589 2371 exterriti,
1611 2342 1712 2363 mares
1725 2333 1840 2372 pariter
1853 2342 1889 2364 ac
1907 2334 2030 2365 feminae
2050 2335 2160 2365 tamin

1127 2385 1209 2414 terra
1223 2392 1318 2423 quam
1333 2384 1458 2414 inmari
1473 2384 1594 2414 moveri
1613 2393 1745 2423 coepere.
1767 2400 1780 2412 υ

1169 2437 1199 2465 4.
1220 2434 1378 2473 Ejusmodi
1396 2436 1461 2473 est,
1481 2444 1554 2474 quae
1568 2435 1607 2465 ab
1621 2435 1687 2466 istis
1703 2437 1890 2475 somniatur,
1908 2438 2091 2468 animalium
2112 2448 2161 2477 ge-

1126 2486 1258 2524 neratio,
1271 2495 1366 2525 quam
1378 2486 1446 2516 haec
1455 2486 1592 2525 ejusdem
1604 2487 1741 2517 auctoris
1755 2487 1850 2518 verba
1864 2488 2043 2527 excipiunt:
2059 2501 2071 2514 «
2087 2491 2160 2519 Haic

1128 2537 1158 2567 111
1172 2537 1285 2567 'raauti
1296 2537 1334 2567 de
1348 2537 1458 2567 mundi
1473 2538 1545 2567 ortu
1560 2538 1794 2568 commentariis
1807 2539 1924 2577 scripta
1941 2541 2061 2578 reperta
2075 2543 2159 2577 sunt,

1125 2596 1197 2627 quae
1210 2588 1337 2627 quidem
1351 2588 1416 2627 ipse
1431 2597 1505 2618 cum
1522 2589 1774 2628 argumentis(v.
1794 2591 1876 2620 Mov.
1896 2598 1925 2628 p.
1947 2591 2023 2627 136)
2042 2592 2072 2621 et
2086 2600 2160 2621 con-

1123 2638 1271 2678 jecturis,
1295 2648 1373 2678 quas
1399 2640 1513 2670 mentis
1541 2640 1607 2670 acie
1632 2640 1825 2679 perviderat,
1856 2641 2063 2679 excogitavit3
2091 2644 2159 2671 tum

1126 2699 1233 2720 eorum
1251 2699 1376 2729 quoque
1393 2690 1492 2720 facem
1515 2691 1606 2721 nobis
1623 2691 1957 2730 1111116110110111-1111111111.
1981 2706 1994 2717 >1

1169 2745 1240 2774 Mox
1260 2743 1365 2774 Austri
1388 2752 1424 2774 ac
1444 2745 1551 2774 Boreae
1571 2744 1812 2783 ceterorumque
1831 2746 1999 2775 ventorum
2025 2745 2157 2774 nomini-

1128 2793 1186 2824 bus
1198 2795 1358 2833 appositis,
1375 2795 1416 2825 ita
1428 2795 1628 2833 prosequitur
1646 2809 1651 2826 :
1669 2808 1683 2821 «
1698 2796 1736 2826 At
1753 2796 1795 2826 illi
1811 2796 1952 2826 omnium
1964 2796 2054 2834 primi
2068 2797 2160 2826 term·

1128 2845 1266 2883 germina
1280 2846 1504 2875 consecrarunt
1515 2868 1522 2882 ,
1538 2846 1636 2884 iisque
1649 2846 1781 2877 deorum
1798 2848 1829 2876 111
1844 2847 1912 2877 1000
1932 2847 2044 2878 habitis
2057 2847 2160 2877 adora-

1128 2895 1221 2926 tionis
1237 2896 1359 2926 cultum
1374 2895 1573 2934 tribuerunt,
1588 2896 1704 2935 quibus
1719 2897 1815 2927 vitam
1831 2906 1893 2927 11011
1910 2898 1966 2936 11151
1980 2898 2092 2935 modo,
2107 2898 2158 2928 sed

1128 2946 1266 2985 ipsorum
1281 2947 1376 2977 etiam
1389 2947 1524 2985 posteri,
1538 2948 1736 2987 majoresque
1748 2957 1859 2979 omnes
1875 2949 2070 2986 tolerarunt,
2086 2949 2157 2978 inse-

1129 2997 1253 3036 riasque
1267 3006 1304 3027 ac
1320 2997 1469 3027 libamina
1483 2998 1692 3036 perfecerunt.
1712 3012 1731 3025 1»

1169 3054 1199 3080 5.
1218 3062 1232 3075 «
1248 3051 1349 3088 Atque
1362 3049 1410 3079 liae
1424 3048 1519 3079 divini
1534 3050 1639 3080 cultus
1652 3050 1865 3089 cogitationes,
1882 3051 1993 3089 inquit,
2009 3059 2078 3080 rum
2094 3051 2157 3080 illo-

1130 3109 1199 3130 rum
1224 3100 1436 3130 imbecillitate
1455 3101 1616 3140 animique
1638 3102 1789 3140 angustiis
1809 3102 2030 3140 congruebant.
2077 3104 2155 3131 Tum

1129 3151 1254 3189 scribit,
1284 3160 1321 3181 ex
1345 3151 1452 3190 Colpia
1481 3153 1574 3182 vento
1600 3154 1696 3191 atque
1719 3153 1786 3190 eJ'us
1809 3161 1907 3182 uxore
1934 3154 2036 3189 Baau,
2062 3160 2155 3190 quam

1130 3202 1232 3233 Graeci
1250 3202 1356 3240 νύκτα,
1375 3202 1406 3233 11.
1423 3211 1451 3233 e.
1467 3205 1606 3240 noctem,
1622 3203 1878 3242 interpretantur,
1896 3204 2023 3232 AEonem
2038 3210 2074 3231 ac
2090 3204 2155 3232 Pri-

1131 3253 1322 3292 mogcnitum
1332 3277 1340 3292 ,
1357 3254 1506 3284 mortales
1519 3254 1611 3284 ambo
1625 3257 1820 3292 procreatos,
1836 3256 2028 3291 AEonemque
2042 3253 2100 3282 01111
2118 3262 2154 3283 ex

1131 3304 1295 3335 arboribus
1310 3305 1433 3343 petendi
1448 3307 1608 3335 auctorem
1627 3305 1717 3335 tuisse
1737 3318 1741 3335 :
1764 3305 1816 3343 (1111
1831 3303 1941 3333 abillis
1962 3303 2053 3340 geniti
2073 3304 2133 3334 sint
2147 3327 2154 3340 ,

1131 3365 1182 3386 res
1201 3359 1306 3386 Genus
1324 3365 1358 3386 ac
1378 3356 1558 3394 Progeniem
1577 3356 1764 3394 appellatos,
1788 3355 1953 3384 l'lnrnircn
1975 3355 2153 3392 incoluisse,
