2289 3728
931 90 1057 126 FRAG
1069 87 1256 125 MENTA.
2130 90 2146 117 7

471 193 516 215 22
539 192 571 215 a.

81 286 269 323 Iamblich.
289 286 332 319 v.
354 284 459 331 eynt.
480 297 511 317 ρ.
535 283 575 316 31
596 309 604 324 ‚
624 281 644 328 ς
666 281 734 325 ιὸγ,
756 292 762 312 ;
785 276 852 314 καὶ
868 275 900 319 εξ
918 270 964 312 ὧν
985 275 1057 312 Ἱπ-

28 336 172 385 πόὸοτος
195 341 253 378 καὶ
274 340 427 384 Νεάνθης
452 338 529 390 περὶ
551 336 706 375 Μυλλίου
730 351 788 372 και
808 333 968 383 Τιμύχας
993 335 1059 369 τῶν

33 399 270 450 Πυθαγορείων
290 400 490 448 ἱστοροῦσι
485 394 640 432 μαθεῖν’
622 409 731 431 ενεστι
753 392 814 437 τὴν
837 391 973 429 εκείνων
993 393 1059 427 των

31 461 157 510 ἀνδρῶν
185 455 420 508 σωφροσύνην,
438 470 496 491 και
516 452 606 494 ὅπως
627 452 732 496 αὐτ-κν
755 449 960 501 Πυθαγόρας
987 464 1058 485 πα-

33 518 171 569 ρέδωκε.

32 574 142 612 πάντα
170 587 276 610 ποιων
307 569 439 612 οὐδενὸς
468 571 577 606 αὐτων
609 565 820 617 ἐπετύγχανε
844 569 903 610 τῆς
932 564 1061 617 φιλίας,

34 630 295 682 φυλαττομένων
326 628 363 666 τὸ
395 625 604 678 μοναρχικὸν
634 626 736 662 αὐτοῦ
764 639 822 660 και
848 623 1062 674 παράνομον7

32 671 131 741 λόχον
151 688 226 725 τινὰ
246 686 431 739 τριάκοντα
458 686 603 736 ἀνδρῶν,
624 681 818 733 ἡγουμένου
840 681 1061 733 Ευρυμένους

34 745 266 799 Συρακουσίου
279 774 288 791 ,
304 745 432 786 Δίωνος
448 744 614 794 ἀδελφοῦ,
630 740 824 792 επιπέμψαι
838 745 905 782 τοῖς
922 739 1065 791 ἀνδράσι

201 515 270 553 Ἰὸν
302 513 368 564 γὰρ
396 511 571 550 Διονύσιον
598 510 654 546 τὸν
683 507 844 559 τύραννόν
870 522 992 559 φασιν,
1019 508 1062 548 ὡς

35 804 226 857 λοχήσοντα
259 802 319 849 τὴν
353 801 545 852 μετάὸασιν
576 801 688 836 αὐτῶν
721 799 788 836 ἀπὸ
814 798 990 849 Τάραντος
1021 799 1066 839 εἰς

35 861 274 903 Μεταπόντιον
285 862 439 898 εἰωθυῖαν
454 857 543 895 κατὰ
558 858 674 908 καιρὸν
690 856 860 906 γίνεσθαι
875 855 1065 906 ἡρμόζοντο

34 921 98 973 γἀρ
115 919 198 971 πρὸς
217 919 277 962 τὰς
292 934 359 955 των
377 918 474 967 ὡρῶν
499 914 714 963 μεταὸολὰς,
735 930 793 951 και
813 913 936 955 τόπους
955 915 1001 956 εἷς
1023 913 1066 949 τὰ

35 978 144 1017 τοιάδε
166 976 366 1026 ἐπελέγοντο
390 973 612 1018 επιτηδείους.
669 972 766 1010 Ἔν
750 971 789 1017 οὴ
810 972 948 1013 Φάλαις
968 971 1068 1021 (ψά-

36 1052 107 1079 ναις
126 1038 258 1084 Scalig.
275 1036 285 1085 )
301 1063 310 1083 ,
326 1032 443 1085 χωρίῳ
463 1035 522 1077 τῆς
539 1031 718 1082 Τάραντος
732 1029 970 1080 φαραγγώδει,
990 1031 1065 1066 καθ’

36 1094 54 1132 ὃ
72 1092 279 1132 συνέῧαινειν
309 1093 422 1132 αὐτοῖς
451 1088 644 1138 ἀναγκαίως
665 1087 725 1132 τὴν
747 1086 940 1139 ὁδοιπορίαν
963 1087 1064 1137 γενή-

37 1154 174 1200 σεσθαι,
206 1149 310 1200 ἐλόχα
336 1147 559 1198 κατακρύψας
585 1146 623 1183 τὸ
651 1147 779 1191 πλῆθος
808 1148 824 1182 ὁ
852 1145 1065 1196 Εὐρυμένης.

38 1207 180 1253 Ἐπειδὴ
202 1207 237 1244 δὲ
256 1206 351 1244 οὐδὲν
368 1204 603 1256 προειδόμενοι
620 1203 781 1255 ἀφίκοντο
799 1204 828 1239 οἵ
854 1202 971 1260 ἄνδρες
990 1203 1068 1254 περὶ

39 1267 140 1317 μέσον
160 1265 290 1317 ἡμέρας
316 1266 362 1307 εἷς
379 1263 435 1300 τὸν
455 1262 575 1310 τόπον,
597 1264 788 1314 λῃστρικῶς
808 1263 920 1303 αὐτοῖς
937 1263 1067 1298 ἐπαλα-

39 1324 197 1368 λάξαντες
214 1322 371 1360 ἐπέθεντο
391 1323 422 1358 οἱ
436 1323 658 1372 στρατιῶται.
717 1322 762 1358 Οἱ
784 1319 818 1356 δὲ
839 1319 1069 1371 ἐκταραχθέν·

39 1397 90 1424 τες
105 1383 178 1431 μετ’
196 1379 374 1422 εὐλαὸείας
391 1378 465 1428 ἅμα
482 1393 518 1415 τε
539 1377 593 1414 διὰ
614 1378 652 1414 τὸ
670 1377 833 1430 αἰφνίδιον
851 1377 909 1415 καὶ
926 1378 1009 1414 αὐτὸ
1031 1377 1069 1414 τὸ

40 1442 164 1484 πλῆθος
183 1433 291 1488 (ἦσαν
311 1436 376 1488 γὰρ
395 1436 490 1474 αὐτοὶ
514 1435 710 1485 σύμπαντες
737 1434 819 1472 δέκα
836 1451 900 1472 που
917 1435 973 1472 τὸν
991 1439 1067 1486 ἀρι-

39 1496 164 1547 θμόν),
192 1496 251 1534 καὶ
279 1495 330 1533 ὅτι
363 1494 504 1532 ἄνοπλοι
534 1494 617 1544 πρὸς
645 1493 807 1536 ποικίλως
834 1493 1070 1541 ὡπλισμένους

40 1553 317 1604 διαγωνισόμενοι
339 1552 480 1602 ἔμελλον
503 1551 731 1600 ἁλίσκεσθαι,
754 1551 870 1602 δρόμῳ
898 1551 956 1587 καὶ
981 1555 1070 1603 φυγῇ

41 1611 216 1656 διασώζειν
248 1610 370 1653 αὒτοὺς
409 1610 611 1660 διέγνωσαν,
648 1608 724 1646 οὐδὲ
762 1612 860 1646 τοῦτο
892 1608 1069 1660 ἀλλότριον

43 1671 163 1721 ἀρετῆς
188 1668 372 1718 τιθέμενοι·
392 1667 453 1709 τὴν
473 1667 539 1719 γὰρ
567 1666 723 1718 ἀνδρείαν
743 1666 870 1718 ᾔδεσαν
900 1666 1072 1718 φευκτέων

42 1728 99 1764 καὶ
117 1727 350 1777 ὑπομενετέων
375 1726 582 1775 ἐπιστήμην,
608 1727 653 1768 ὡς
674 1724 714 1762 ἂν
731 1728 748 1762 ὁ
765 1724 858 1776 ὀρθὸς
878 1726 1071 1777 ὑπαγορεύῃ

42 1785 157 1834 λόγος·
187 1784 244 1821 καὶ
275 1784 505 1834 ἐπετύγχανον
538 1782 572 1820 δὲ
593 1783 660 1829 ἤδη
685 1783 822 1819 τούτου·
851 1782 1073 1833 βαρυνόμενοι

41 1841 106 1893 γέιρ
136 1847 204 1883 τοῖς
231 1840 346 1884 ὅπλοις
380 1841 606 1878 ἀπελείποντο
636 1842 665 1878 οἱ
699 1839 759 1877 σὺν
792 1841 982 1891 Εὐρυμένει
1013 1845 1072 1877 τοῦ

509 1939 553 1985 2⁷2
573 1962 606 1985 a.

86 2049 203 2081 Licebit
217 2050 368 2089 praeterea
384 2048 527 2079 virorum
540 2048 666 2079 illorum
680 2049 907 2079 continentiam
923 2073 931 2086 ‚
948 2051 980 2080 et
994 2058 1074 2088 quo-

46 2101 136 2133 modo
150 2102 234 2133 illam
253 2102 443 2141 Pythagoras
458 2101 617 2140 docuerit,
635 2109 675 2131 ex
688 2100 749 2132 illis
765 2101 860 2132 etiam
877 2102 1074 2140 cognoscere,

46 2162 119 2193 quae
140 2153 336 2192 Hippobotus
353 2154 385 2184 et
400 2152 558 2184 Neanthes
571 2152 609 2182 de
626 2152 732 2191 Myllia
750 2153 781 2182 et
798 2152 951 2191 Timycha
965 2152 1077 2191 Pytha·

45 2204 142 2244 goreis
158 2203 320 2234 memoriae
343 2203 562 2244 prodiderunt.
608 2204 757 2234 Referunt
779 2204 862 2234 enim
886 2204 1072 2243 Dionysium

47 2259 227 2296 tyrannum,
241 2265 341 2296 quum
355 2256 431 2287 nihil
449 2256 650 2295 inexpertum
667 2256 846 2294 omitteret,
861 2265 923 2286 non
939 2256 1078 2296 potuisse

47 2309 150 2338 tamen
168 2307 260 2338 ullius
276 2307 461 2346 Pythagorei
485 2307 656 2338 amicitiam
679 2308 737 2338 sibi
754 2308 942 2345 conciliate,
969 2310 1078 2347 utpote

49 2359 101 2398 qui
128 2359 286 2398 ingenium
313 2359 381 2398 ejus
403 2359 609 2398 imperiosum
630 2360 662 2389 et
690 2368 708 2389 a
729 2359 833 2398 legum
859 2360 1078 2390 observatione

48 2409 216 2441 abhorrens
228 2412 320 2440 caute
339 2409 547 2440 declinabant.
566 2412 718 2440 Turmam
734 2410 838 2449 itaque
852 2410 980 2449 triginta
998 2411 1078 2441 mili-

48 2460 133 2499 tum,
150 2460 230 2491 duce
246 2463 424 2500 Eurymene
443 2463 637 2499 Syracusano
650 2485 658 2499 ,
674 2460 782 2491 Dionis
801 2461 913 2498 fratre,
929 2461 1004 2492 viris
1017 2461 1077 2492 im-

50 2512 176 2552 misisse,
187 2514 223 2543 ut
232 2537 241 2552 ‚
250 2521 350 2552 quum
361 2521 416 2552 pro
429 2521 516 2543 more
527 2515 558 2543 et
568 2513 717 2552 temporis
728 2513 848 2544 ratione
862 2515 1078 2553 Metapontum

49 2563 181 2593 Tarento
194 2563 454 2603 commigrarent,
469 2563 506 2594 iis
518 2563 644 2594 insidias
657 2563 801 2594 tenderet
820 2576 826 2593 :
845 2564 876 2594 in
890 2573 948 2594 usu
964 2565 1079 2604 quippe

51 2614 222 2654 habebant,
239 2617 274 2647 ut
296 2625 354 2655 pro
375 2615 506 2646 diversis
523 2616 598 2646 anni
621 2616 860 2655 tempestatibus
881 2616 1078 2647 domicilium

50 2668 222 2707 mutarent,
241 2669 273 2699 et
294 2669 362 2699 loca
387 2668 461 2698 huic
482 2668 526 2699 rei
545 2670 618 2708 apta
634 2669 810 2708 seligerent.
832 2670 942 2708 ltaque
958 2670 988 2699 in
1006 2678 1079 2708 agro

51 2719 235 2758 Tarentino,
249 2719 374 2758 regione
387 2719 584 2750 convallibus
599 2719 700 2750 obsita
710 2743 718 2758 ‚
736 2728 832 2758 quam
850 2719 962 2750 Phalas
975 2720 1078 2750 nomi-

51 2767 166 2800 nabant
177 2793 187 2808 ,
201 2778 263 2809 qua
276 2769 337 2800 illis
351 2769 526 2801 necessario
541 2770 768 2800 transeundum
787 2771 874 2809 erat,
889 2771 995 2810 copias
1009 2780 1080 2801 suas

52 2822 240 2860 Eurymenes
261 2822 293 2852 in
314 2822 434 2853 insidiis
459 2822 670 2853 collocaverat
686 2835 693 2853 :
712 2832 875 2862 quumque
894 2823 1079 2863 Pythagorei

54 2871 129 2903 nihil
144 2873 208 2904 tale
222 2874 399 2905 metuentes
410 2874 492 2904 circa
506 2874 671 2905 meridiem
691 2883 728 2905 eo
748 2875 980 2914 pervenissent,
998 2876 1081 2906 mili-

53 2923 114 2961 tes,
134 2923 270 2955 clamore
285 2924 387 2963 edito,
410 2925 571 2956 latronum
592 2934 681 2956 more
705 2926 737 2956 in
752 2934 804 2956 eos
828 2926 1001 2957 irruerunt.
1033 2927 1081 2957 llli

54 2980 126 3003 vero
150 2982 184 3004 re
202 2974 373 3014 improvisa
387 2984 584 3015 numeroque
604 2976 817 3007 insidiantium
837 2977 933 3015 (nam
947 2977 1004 3016 ipsi
1018 2986 1080 3007 non

55 3022 187 3062 amplius
199 3024 308 3056 decem
332 3026 440 3065 erant)
457 3026 488 3057 in
501 3028 624 3057 metum
640 3028 858 3066 terroremque
874 3028 1008 3066 conjecti
1020 3052 1029 3067 ,
1044 3036 1081 3058 ac

55 3081 88 3103 se
100 3074 188 3105 facile
212 3077 340 3115 captum
362 3076 399 3107 iri
416 3077 498 3116 rati,
516 3077 600 3116 quod
619 3077 755 3108 inermes
769 3077 920 3109 adversus
939 3078 1017 3110 bene
1034 3088 1082 3109 ar-

55 3124 154 3156 matos
173 3126 338 3165 pugnaturi
364 3130 483 3166 essent,
505 3136 598 3158 cursu
619 3129 754 3168 fugaque
772 3128 830 3159 sibi
845 3129 1008 3160 consulere
1024 3129 1080 3160 de-

55 3178 241 3216 creverunt,
270 3178 399 3209 minime
424 3178 456 3209 id
482 3187 501 3209 a
536 3179 654 3210 virtute
680 3180 818 3210 alienum
843 3181 1080 3219 existimantes;

55 3225 168 3266 quippe
184 3227 238 3267 qui
260 3229 358 3267 probe
382 3230 535 3261 noverant
561 3230 778 3262 fortitudinem
809 3231 1027 3270 fugiendorum
1050 3234 1080 3263 et

57 3277 305 3310 sustinendornm
317 3305 324 3319 ,
346 3283 438 3319 prout
467 3283 550 3313 recta
584 3282 661 3313 ratio
694 3282 879 3321 dictaverit,
909 3282 1076 3314 seientiam

1120 173 1291 220 διωγμοῦ·
1322 172 1349 206 εί
1382 170 1429 218 μή
1465 168 1729 220 περιφεύγοντες
1762 166 1918 217 ἐνέτυχον
1949 166 2054 217 πεδίῳ
2088 168 2151 203 τινὶ

1120 229 1260 277 κυάμοις
1281 227 1485 277 ἐσπαρμένιγ)
1506 227 1562 263 καὶ
1582 226 1737 272 τεθηλότι
1758 227 1900 266 ἱκανῶς·
1923 224 1979 261 καὶ
1998 225 2045 273 μὴ
2069 228 2153 274 βου-

1120 286 1202 333 λομε
1192 301 1256 322 -νοι
1286 284 1396 333 δόγμα
1436 284 1662 334 παραῧαίνειν
1693 284 1731 320 τὸ
1761 285 1897 320 κελεῦον
1932 282 2074 329 κυάμων
2105 282 2152 330 μὴ

1121 347 1191 392 θιγγ
1189 342 1289 378 άνειν
1304 342 1496 389 ,ἔστησαν.,
1520 358 1576 378 και
1598 342 1652 378 υττ’
1680 342 1829 391 ἀνάγκης
1851 340 1953 382 λίθοις
1974 356 2031 377 και
2050 339 2155 383 ξύλοις

1122 416 1179 436 και
1196 416 1264 441 τοις
1279 403 1527 449 προστυχοῦσιν
1545 415 1684 441 εκαστος
1698 416 1721 448 μ
1715 400 1799 450 ε’χρι
1814 403 1971 437 τοσοῦτον
1987 397 2157 447 ἠμύνοντο

1125 457 1198 499 τοὺς
1217 456 1412 501 διώκοντας,
1433 456 1634 506 με’χριτινὰς
1649 460 1759 494 αὐτῶν
1777 458 1836 506 μὲν
1848 456 2067 507 ἀνῃρηκέναι,
2080 458 2158 492 πολ-

1123 515 1200 557 λοὺς
1226 515 1260 551 δὲ
1278 514 1602 565 τετραυματικέναι,
1621 515 1750 557 πάντας
1771 514 1830 564 μὲν
1845 515 1909 552 ὑπὸ
1925 518 1989 551 τῶν
2012 514 2153 565 δορυφό-

1126 588 1192 623 ρων
1211 573 1428 621 ἀναιρεθῆναι
1444 600 1452 616 ,
1475 570 1532 606 καὶ
1550 571 1679 618 μηδένα
1698 572 1902 621 τοπαράπαν
1924 575 2157 623 ζωγρηθῆναι,

1126 627 1215 666 ἀλλὰ
1235 627 1300 679 πρὸ
1323 626 1449 664 toti-„mv
1471 627 1615 663 θάνατον
1635 628 1816 676 ἀσμενίσαι
1838 629 1925 666 κατὰ
1945 628 2004 671 τὰς
2020 632 2079 674 τῆς
2103 631 2158 664 αἱ-

1127 686 1248 738 ρέσεως
1269 685 1416 727 ἐντολάς.
1474 685 1532 722 'le
1560 685 1723 734 συγχύσει
1745 686 1777 722 δὲ
1797 689 1906 738 πολλῇ
1929 688 1983 724 τὀι
2006 687 2066 736 μὲν
2093 689 2158 724 EO<

1129 743 1274 795 ρυμένην
1291 743 1349 780 καὶ
1364 741 1439 784 τοὺς
1454 741 1513 778 σὺν
1532 743 1624 793 αὐτῷ
1642 742 1699 779 καὶ
1714 744 1749 778 οὐ
1764 747 1805 793 τῇ
1823 745 1970 795 τυχούσῃ
1986 745 2160 794 γενέσθαι,

1128 803 1156 837 εἰ
1178 799 1263 850 μηδὲ
1292 799 1350 836 ἕνα
1375 802 1484 843 ζῶντα
1513 799 1671 849 ἀγάγοιεν
1698 802 1746 851 τῷ
1772 799 1946 851 πέμψαντι
1969 803 2158 851 Διονυσίῳ,

1129 861 1173 900 εἷς
1203 873 1285 894 αυτο
1317 857 1416 906 μόνον
1438 861 1536 893 τοῦτο
1552 860 1783 925 προτρεψαμε
1787 875 1831 893 νω
1859 859 1991 901 αὐτούς.
2018 863 2082 905 lh<
2105 855 2161 897 οὖν

1129 915 1370 966 ἐπαμησαντες
1384 930 1452 957 τοις
1467 930 1627 960 πεσουσι,
1647 930 1705 951 και
1720 917 1788 966 ὴριγ
1775 930 1829 951 γιον
1844 917 2066 968 ποὶυάνδριον

2106 933 2161 953 -ι-ι.

2089 940 2114 953 ιλ

1128 974 1302 1025 χώσαντες
1323 973 1439 1009 αυτόθι
1450 972 1696 1024 ,υπέστρεροι
1757 975 1842 1010 Ιοίτα
1857 989 1967 1016 αυτοις
1989 975 2163 1020 ατὴντησε

1133 1031 1292 1073 Μυλλίας
1327 1030 1570 1081 Κροτωνιάτης
1614 1046 1670 1067 και
1709 1030 1853 1080 Τιμύγα
1885 1032 2164 1080 Λακεδαιμονία

1128 1104 1212 1139 γυνη
1239 1091 1362 1134 αυτοῦ,
1390 1088 1683 1137 ἀπολελειμμέναι
1701 1091 1757 1124 τοῦ
1780 1089 1825 1125 πλ
1828 1088 1949 1137 ηθους,
1971 1090 2021 1126 ὅτι
2048 1089 2163 1139 ἔγκυο,

1129 1151 1214 1185 ουσα
1242 1150 1263 1192 ἦ
1288 1145 1434 1196 Ἰιμύγα
1454 1145 1510 1183 τὸν
1537 1144 1676 1182 δέκατον
1707 1161 1771 1191 ηοη
1794 1163 1861 1195 μην
1847 1162 1885 1182 να
1905 1150 1975 1197 εἶχε
1996 1163 2053 1184 και
2081 1164 2164 1198 σγο

1133 1205 1238 1247 λαίως
1267 1203 1322 1241 δια
1350 1209 1450 1241 τουτο
1479 1204 1624 1248 §Cotonea
1691 1204 1841 1247 Τούτους
1871 1204 1904 1241 δε
1933 1206 2167 1256 ζωγρήσαντες

1133 1263 1276 1312 ἄσμενοι
1296 1262 1379 1314 πρὸς
1400 1262 1456 1299 τὸν
1477 1262 1638 1314 τύραννον
1661 1262 1804 1312 ἤγαγον,
1825 1261 1912 1311 μετὰ
1932 1263 2045 1309 πάσης
2062 1280 2164 1311 xopt-

1132 1322 1190 1367 δῆς
1216 1321 1273 1358 καὶ
1291 1320 1489 1369 ἐπιμελείας
1510 1320 1752 1363 διασώσαντες.
1810 1321 1853 1359 Ὁ
1875 1320 1909 1358 δὲ
1927 1321 2004 1374 περὶ
2026 1324 2092 1358 τῶν
2111 1338 2166 1372 γε-

1131 1379 1276 1429 γονότων
1299 1378 1542 1428 διαπυθόμενος
1562 1380 1620 1416 καὶ
1643 1379 1823 1428 ἀθυμήσας
1849 1379 1983 1430 ἔφαινεν
2007 1381 2071 1429 (ὡς
2099 1381 2168 1417 ἐνέ-

1133 1453 1247 1489 φαινεν
1279 1439 1377 1485 conj.
1410 1438 1592 1487 Kiessl.),
1625 1438 1713 1475 Ἀλλ’
1747 1440 1843 1487 ὑμεῖς
1874 1454 1930 1488 γε,
1949 1432 2054 1485 εἶπεν,
2086 1439 2169 1489 ὑπὲρ

1131 1495 1270 1532 πάντων
1291 1499 1349 1541 τῆς
1365 1495 1458 1538 ἀξίας
1469 1495 1622 1539 τεύξεσθε
1635 1496 1716 1547 παρ’
1732 1497 1814 1545 ἐμοῦ
1829 1499 1951 1545 τιμῆς,
1970 1497 2000 1533 εἴ
2014 1512 2071 1546 μοι
2087 1512 2169 1545 συμ-

1134 1553 1316 1591 60qu50<5542
1339 1557 1348 1603 (
1370 1554 1969 1604 cod.Ciz.cu5100tc5th=.⁶'uw·.xgo)
1993 1558 2026 1591 θε
2030 1554 2166 1600 λησετε.

1185 1611 1250 1624 mvxl

1132 1614 1204 1650 'sou'
1220 1627 1254 1648 05
1273 1611 1428 1649 Μυλλιου
1448 1611 1507 1649 καὶ
1528 1628 1586 1656 της
1604 1593 1776 1683 Τιγαύμας
1786 1626 1869 1663 προς
1892 1612 2005 1648 πάντα
2033 1611 2082 1648 α
2070 1613 2169 1660 ἐπηγ-

1133 1669 1214 1719 γε’λ)
1219 1685 1272 1706 ετο
1293 1669 1549 1718 ἀνανευόντων,
1567 1669 1707 1706 ’AJJcae'
1689 1686 1722 1706 εν
1737 1685 1774 1719 γε
1793 1685 1856 1718 με,
1876 1669 1938 1721 ἔφη
1935 1699 1958 1715 5,
1978 1669 2170 1712 διδάξαντες

1136 1727 1222 1777 μετὰ
1241 1743 1330 1771 τηςε
1318 1726 1465 1764 επιοαλ)
1469 1726 1569 1772 ούσης
1593 1730 1801 1777 προπομπῆς
1817 1728 2033 1770 οιασώζεσθε.
2057 1729 2170 1764 Πυθο-

1137 1785 1237 1834 μένου
1259 1785 1292 1821 δὲ
1312 1789 1367 1821 τοῦ
1392 1785 1547 1822 Μυλλίου
1560 1815 1568 1830 ,
1584 1785 1641 1821 καὶ
1660 1785 1692 1821 τί
1714 1788 1789 1822 ποτ’
1809 1787 1897 1822 ἔστιν
1916 1785 1933 1822 ὃ
1950 1788 2069 1834 μαθεῖν
2087 1801 2172 1835 πρῖ-

1137 1845 1312 1890 θυμεῖται·
1336 1842 1469 1880 Ἐκεῖνο
1483 1873 1492 1891 ,
1508 1837 1599 1878 εἶπεν
1611 1845 1627 1878 ὁ
1643 1842 1836 1888 Διονύσιος,
1852 1843 1900 1885 τίς
1916 1846 1935 1888 ἡ
1949 1842 2040 1879 αἰτία
2052 1872 2061 1890 ‚
2078 1843 2118 1879 δι’
2129 1844 2170 1888 ἣν

1139 1962 1216 1983 esse.
1261 1954 1325 1983 Nec
1344 1955 1479 1984 cesserat
1502 1953 1665 1984 infeliciter
1688 1954 1854 1984 consilium
1869 1965 1877 1993 ;
1895 1954 2051 1993 siqnidem
2072 1956 2171 1992 Eury-

1139 2005 1239 2035 menis
1262 2005 1377 2035 milites
1401 2005 1497 2035 armis
1517 2014 1628 2043 graves
1646 2005 1835 2044 fugientibus
1854 2006 1977 2045 segnius
1991 2006 2145 2036 instabant
2164 2017 2171 2041 ς

1139 2055 1196 2085 nisi
1211 2055 1251 2085 ad
1271 2064 1418 2094 campum
1443 2056 1521 2086 fabis
1542 2056 1699 2086 consitum
1720 2057 1905 2095 affatimque
1921 2057 1985 2094 jam
2010 2057 2171 2087 florentem

1137 2106 1364 2144 pervenissent.
1382 2108 1462 2140 Tum
1482 2107 1566 2136 enim
1584 2106 1734 2145 placitum
1757 2107 1832 2137 illud
1847 2131 1854 2144 ,
1870 2107 1953 2146 quod
1970 2107 2056 2137 fabas
2080 2107 2173 2137 attin-

1137 2167 1208 2196 gere
1224 2158 1370 2197 vetabat,
1388 2158 1507 2189 violare
1530 2158 1703 2189 abnuentes
1719 2159 1829 2198 pedem
1849 2159 2002 2197 fixerunt,
2016 2162 2047 2189 ct
2063 2168 2170 2189 neces-

1137 2208 1228 2239 sitate
1245 2209 1399 2248 compulsi
1415 2209 1588 2249 lapidibus,
1605 2209 1738 2239 fustibus
1752 2211 1782 2240 et
1794 2210 1877 2248 aliis,
1895 2219 2093 2248 qnzecunqne
2109 2219 2172 2248 prae

1137 2261 1283 2291 manibus
1299 2263 1388 2292 erant
1398 2286 1405 2300 ‚
1418 2261 1539 2291 tamdiu
1553 2270 1584 2292 se
1598 2263 1707 2291 contra
1721 2261 1825 2291 hostes
1836 2261 2060 2299 ‹inferior-runt,
2073 2261 2172 2291 donec

1137 2312 1265 2351 quidam
1289 2321 1329 2343 ex
1349 2312 1422 2351 ipsis
1439 2315 1532 2349 caesi,
1553 2312 1658 2351 plures
1676 2312 1851 2350 vulnerati,
1870 2312 2004 2352 deniqne
2026 2321 2135 2342 onmes
2155 2322 2172 2342 a

1137 2363 1329 2394 satellitibus
1343 2363 1500 2394 interfecti
1523 2365 1597 2393 sunt
1613 2376 1619 2393 ;
1638 2364 1836 2402 nequeenim
1858 2364 1941 2394 ullus
1959 2372 2069 2393 eorum
2085 2363 2174 2392 vivus

1138 2415 1205 2454 capi
1232 2416 1399 2452 sustinuit,
1428 2415 1482 2445 sed
1510 2424 1620 2445 omnes
1640 2415 1816 2445 secundnm
1843 2418 1936 2445 secla»
1963 2424 2028 2445 suae
2053 2415 2174 2453 regulas

1138 2466 1241 2506 perire
1262 2468 1453 2498 maluerunt,
1500 2468 1539 2498 At
1555 2469 1750 2506 Eurymenes
1768 2469 1900 2505 ejusque
1916 2467 2065 2497 satellites
2083 2466 2173 2497 valde

1139 2518 1319 2549 conturbati
1337 2520 1426 2549 erant
1439 2542 1447 2556 ‚
1466 2518 1552 2557 quod
1566 2526 1604 2548 ne
1618 2527 1718 2548 unum
1729 2518 1855 2557 quidem
1870 2517 1907 2548 ad
1923 2517 2106 2556 Dionysium
2120 2517 2172 2547 ad-

1138 2569 1255 2600 ducere
1272 2572 1408 2609 possent,
1420 2579 1520 2609 quum
1532 2572 1639 2601 tamen
1653 2570 1683 2600 in
1701 2570 1784 2600 hunc
1797 2570 1888 2600 unice
1902 2570 1995 2600 tinem
2010 2579 2027 2600 a
2041 2572 2173 2608 tyranno

1139 2621 1224 2652 missi
1254 2623 1367 2652 essent.
1403 2623 1499 2651 'serra
1532 2622 1637 2660 itaque
1664 2621 1752 2651 cresis
1786 2621 1898 2660 injecta
1911 2645 1921 2659 ,
1949 2621 2174 2660 communique

1139 2673 1262 2702 tumulo
1277 2672 1313 2703 iis
1326 2672 1441 2703 ibidem
1462 2674 1645 2703 constructo
1656 2696 1663 2710 ,
1679 2673 1810 2703 domum
1829 2673 1872 2703 ire
1888 2673 2057 2712 parabant,
2073 2682 2170 2712 quum

1142 2723 1178 2754 iis
1194 2723 1412 2756 forteohxiam
1432 2724 1502 2754 facti
1523 2726 1596 2754 sunt
1618 2724 1738 2763 Myllias
1757 2725 1955 2755 Crotoniates
1974 2726 2004 2755 et
2021 2725 2172 2763 Timychn

1141 2774 1378 2805 Lacediemonia
1391 2799 1399 2812 ‚
1415 2784 1495 2805 uxor
1518 2775 1584 2813 ejus
1597 2798 1605 2813 ‚
1622 2784 1703 2814 quos
1716 2775 1837 2814 reliqua
1859 2775 2030 2805 multitudo
2050 2784 2068 2806 a
2085 2777 2170 2813 tergo

1141 2825 1327 2864 reliquerat,
1345 2835 1444 2865 quum
1460 2826 1612 2864 'l'imycha
1637 2826 1704 2864 jam
1730 2825 1838 2856 decem
1863 2826 2021 2857 mensibus
2045 2825 2173 2864 gravida

1140 2877 1262 2907 tardius
1281 2876 1452 2907 incederet.
1481 2879 1544 2907 Hos
1558 2877 1653 2916 igitur
1668 2877 1758 2907 vivos
1774 2877 1805 2907 in
1825 2878 2012 2916 potestatem
2031 2877 2173 2907 redactos

1140 2928 1179 2958 ad
1193 2929 1363 2967 tyrannum
1377 2929 1440 2959 laeti
1453 2928 1665 2967 deduxerunt,
1681 2929 1768 2960 nullo
1780 2928 1884 2959 studio
1895 2937 2033 2967 curaque
2046 2929 2172 2964 omissa,

1143 2989 1206 3018 quo
1220 2979 1290 3009 illos
1306 2979 1480 3011 incolumes
1493 2982 1727 3010 conservarent.
1747 2980 1914 3018 Dionysius
1926 2980 2030 3009 antem
2046 2979 2169 3018 cognito

1144 3030 1230 3069 quod
1250 3030 1408 3061 acciderat
1428 3040 1563 3062 moerore
1579 3032 1728 3069 affectus,
1753 3031 1805 3061 ubi
1820 3031 1982 3070 apparuit,
1999 3033 2063 3061 Vos
2079 3040 2168 3067 vero,

1140 3082 1201 3120 ait,
1216 3082 1325 3121 dignos
1346 3092 1364 3113 a
1386 3092 1436 3113 me
1456 3084 1588 3113 honores
1605 3083 1853 3122 consequimini,
1870 3083 1894 3113 si
1914 3082 2049 3113 consiliis
2063 3084 2172 3112 vestris·

1140 3135 1256 3172 praesto
1283 3132 1390 3164 adesse
1417 3134 1493 3164 mihi
1523 3133 1697 3164 volueritis.
1725 3136 1804 3170 Quae
1831 3134 1981 3173 promissa
2003 3141 2101 3171 quum
2129 3132 2168 3162 illi

1142 3184 1349 3222 respuissent,
1365 3185 1403 3214 At
1427 3193 1523 3214 unum
1537 3184 1646 3215 saltem
1664 3184 1688 3214 si
1704 3193 1753 3214 me
1767 3184 1936 3215 docueritis
1948 3207 1955 3221 ,
1979 3182 2081 3221 inquit
2097 3182 2169 3212 Dio-

1142 3233 1266 3272 nysius,
1281 3234 1456 3265 incolumes
1466 3234 1539 3265 dato
1554 3234 1721 3265 sufficienti
1737 3234 1880 3273 praesidio
1891 3233 2045 3263 dimittam
2060 3242 2065 3260 :
2078 3232 2179 3261 inter-'

1144 3285 1336 3323 roannteque
1368 3284 1491 3324 Myllia,
1522 3284 1596 3323 qnid
1621 3285 1747 3315 tandem
1776 3285 1870 3321 esset,
1901 3282 1983 3316 qumi
2009 3284 2015 3298 ⁸
