2338 3765
966 123 1294 161 FRAGMENTA.

47 217 209 264 Pyrrhus
239 217 287 267 (i.
319 227 352 251 e.
378 211 657 262 Neoptolemus)
689 225 795 259 quum
832 215 869 245 in
901 213 1075 258 templum

46 276 225 309 Dodonaei
252 275 350 308 lovis
373 274 426 307 acl
450 272 705 307 consui'endum
725 273 897 310 venisset,
927 269 977 302 ibi
998 269 1075 301 La-

46 345 208 374 mmsam,
236 339 378 378 neptem
405 330 585 370 Herculis,
620 332 745 375 rapuit
773 340 784 361 .·
811 339 858 361 (ιτ
877 330 978 371 cujus
998 338 1077 359 ηια-

48 393 212 423 trimonio
229 398 307 423 octo
324 386 455 422 liberos
470 387 625 422 sustulit.
644 387 705 420 Ea·
718 385 776 419 his
792 385 987 419 nonnullas
999 387 1076 417 vit·-

46 450 151 494 gines
177 454 325 493 nuptum
340 445 520 492 finitimis
549 445 695 489 regibus
726 443 894 483 tradidit,
922 453 1078 489 opesque

46 503 291 550 asfi'nitacium
308 504 452 537 auxilio
473 514 629 548 magnas
649 505 810 548 paravit.
833 501 998 536 Fortasse
1018 500 1078 534 illa

46 566 202 599 Lanassa
236 563 273 596 in
310 573 439 609 regum
467 561 706 608 Epirotarum
738 560 889 605 stirpem
924 558 969 593 ab
998 559 1077 604 ipso

48 622 217 656 Proxeno
243 619 393 654 demum
412 619 545 665 Pyrrhi
564 618 660 665 regis
693 617 822 664 aequali
844 617 943 650 illata
968 622 1020 649 est
1042 616 1079 649 in

47 680 231 714 honorem
257 680 420 713 Lanassae
439 677 588 719 Siculae,
610 675 822 723 Agathoclis
842 672 943 717 filiae,
968 685 1079 719 quam

48 737 210 783 Pyrrhus
242 747 397 769 uxorem
430 734 589 769 duxerat
622 733 684 779 (v.
721 731 908 767 Plutarch.
943 731 1076 777 Pyrrh.

49 807 81 830 c,
112 806 176 837 103
195 792 355 828 Diodor.
385 793 503 838 XXI,
531 796 567 833 4.
597 791 731 833 XXII,
755 790 798 833 6,
821 788 882 836 2).
909 789 1079 824 Ceterum

49 851 226 897 quoniam
245 850 409 884 Justinns
432 856 517 883 octo
540 848 777 895 Neoptolemi
797 846 934 881 liberos
952 847 1078 892 ponit,

50 910 143 944 inter
176 919 312 954 eosque
339 907 421 942 duae
443 907 640 941 minimum
668 904 751 940 fitiae
779 903 887 939 fuisse
919 903 1078 946 debent,

49 973 177 1001 nostro
198 972 321 1000 antem
340 966 424 999 loco
446 972 583 1012 septem
610 971 752 998 tantum
781 963 952 1006 nomina,
984 962 1082 995 inter

53 1036 170 1070 eaque
191 1036 307 1059 unum
327 1029 472 1058 tantum
495 1022 732 1065 femininum,
762 1027 1010 1063 recensentur,
1033 1019 1082 1053 fa-

51 1083 120 1117 cile
136 1083 212 1116 haec
230 1081 419 1116 conciliari
431 1087 604 1128 possunt,
623 1080 651 1114 si
665 1079 777 1114 verba
795 1076 853 1113 καὶ
868 1075 1019 1127 Τρωάδα
1037 1089 1081 1111 ex

50 1140 364 1182 antecedentibus,
378 1140 443 1173 ubi
458 1139 663 1182 abundant,
680 1139 718 1172 in
729 1138 861 1172 seriem
875 1136 1083 1171 liberorum

50 1200 213 1233 Lanassae
230 1198 516 1244 transponimus.

541 1263 597 1300 14.

106 1324 209 1359 Idem
222 1323 314 1360 ibid.
336 1322 382 1358 33
402 1336 410 1357 :
428 1320 472 1358 Ὁ
487 1319 548 1369 μὲν
561 1319 750 1370 Εὐριπίδης
767 1318 834 1356 ἀπὸ
848 1317 1082 1368 Νεοπτολέμῳ

53 1382 153 1434 φησὶν
170 1375 255 1418 εἶναι
269 1379 330 1426 τὴν
347 1379 547 1429 εΕρμιόνην,
563 1380 580 1415 ὁ
597 1378 632 1414 δὲ
647 1377 851 1429 Λυσίμαχος
869 1376 997 1422 ταύτην
1014 1392 1082 1413 πα-

55 1439 225 1490 ραινείου,
246 1437 281 1481 ὃς
309 1436 448 1489 γράφει·
467 1456 483 1469 «ι
508 1435 674 1486 Γήμας...
703 1435 879 1486 (Γήμαντι
904 1436 1082 1486 πρῶτονὲ)

53 1496 240 1547 εΕρμιόνην
258 1495 319 1542 τὴν
341 1493 739 1540 Μενέλεωκαί“Ελένης,
756 1493 845 1542 μετὰ
854 1497 965 1531 ταῦτα
980 1493 1083 1531 Λεώ-

53 1570 182 1592 νασσαν
204 1554 266 1600 τὴν
288 1553 479 1594 Κλεοδαίου
501 1556 560 1590 τοῦ
584 1551 867 1604 [(Ηρακλέους],
888 1551 920 1594 ἐξ
952 1551 1082 1597 ἐκείνης

54 1613 115 1661 μὲν
125 1612 279 1663 γενέσθαι
297 1612 476 1650 Μολοσσὸν
495 1610 676 1660 ὁμώνυμον
693 1613 735 1660 τῇ
750 1609 848 1661 χώρα
863 1610 920 1646 καὶ
936 1609 1085 1660 [ταύτην

55 1672 114 1707 ἀπ’
135 1671 258 1721 αὐτοῦ]
278 1671 457 1716 κληθῆναι·
481 1671 519 1707 ἐκ
537 1668 571 1706 δὲ
588 1672 648 1714 τῆς
668 1668 877 1713 Αεωνάσσης
883 1696 953 1707 .....
973 1682 1084 1716 γενον,

55 1728 208 1779 Δωριέα,
223 1727 423 1778 Πέργαμον,
563 1741 688 1778 χωρον.
714 1744 729 1759 υ
747 1728 869 1764 Ταῦτα
892 1725 952 1774 μὲν
974 1725 1087 1763 Λυσί-

57 1801 192 1836 μαχος..
201 1817 209 1824 .
224 1785 259 1823 δὲ
271 1788 287 1822 ὃ
298 1784 574 1837 τραγῳδιοποιὸς.
583 1814 606 1822 ..
615 1814 622 1823 .
635 1783 773 1835 ὕστερον
784 1783 818 1820 δὲ
830 1783 995 1831 Διομήδει
1008 1799 1085 1820 συν-

56 1847 219 1890 οικῆσαι..
293 1842 566 1894 [Νεοπτο]λέμῳ
584 1841 764 1892 Ἀγχίαλον
779 1840 934 1892 γενέσθαι
940 1870 1031 1880 ......
1050 1841 1084 1878 δὲ

56 1904 90 1939 ἐν
111 1901 171 1950 μὲν
190 1901 466 1953 Ἀνδρομάχῃ...
485 1901 519 1937 δὲ
540 1899 602 1937 καὶ
619 1899 869 1950 Ἀπολλόδωρος
875 1928 964 1938 ......

109 1977 125 1993 «
145 1962 387 1996 Minutissima
408 1960 547 1995 codicis
574 1960 755 2006 scriptura
773 1959 834 1993 hic
854 1959 986 2006 passim
1017 1959 1087 1993 situ

58 2025 93 2053 et
112 2019 265 2054 madore
281 2019 398 2054 deleta
414 2025 478 2054 est.
501 2033 515 2048 υ
536 2018 674 2053 Coum.
692 2036 744 2043 -
759 2017 871 2051 Initio
892 2015 1089 2063 fragmenti

59 2076 222 2113 Cobetus
250 2077 395 2123 scripsit
424 2073 520 2124 παρὰ
540 2072 815 2123 Νεοπτολέμῳ...
847 2071 931 2123 παρ’
949 2071 1085 2123 Αἰνεία.

58 2136 197 2169 Verum
214 2135 293 2169 haec
313 2134 403 2168 nihil
419 2133 651 2180 pertinerent
669 2144 792 2178 neque
809 2131 856 2166 ad
873 2132 996 2165 locum
1015 2133 1088 2166 Eu·

58 2191 188 2238 ripidis
205 2203 326 2238 neque
346 2191 393 2226 ad
413 2203 455 2225 ea
468 2202 549 2237 quae
562 2197 766 2237 sequuntur
788 2190 826 2225 in
843 2189 984 2223 scholio
999 2215 1008 2232 ,
1025 2201 1089 2223 ne-

59 2261 132 2295 que
143 2260 187 2283 ex
198 2249 275 2295 ipsa
288 2248 518 2295 mythologia
532 2248 819 2294 explicationem
836 2246 1087 2284 admitterent.

59 2307 191 2341 Sensus
209 2312 336 2353 aperte
356 2306 417 2340 hic
442 2317 516 2340 esse
537 2305 649 2340 debet·
668 2317 677 2341 ε
702 2304 900 2351 Euripides
921 2305 971 2339 ait
993 2305 1090 2339 Her-

59 2365 207 2399 mionen
220 2365 341 2398 nullos
354 2364 385 2398 Ν
388 2364 573 2410 eptolemo
587 2363 725 2397 liberos
737 2363 920 2409 peperisse
932 2375 940 2406 3
960 2369 1090 2397 contra

59 2422 294 2468 Lysimachus
325 2420 406 2469 (vel
437 2428 568 2456 auctor
606 2433 719 2468 quem
754 2420 990 2467 Lysimachus
1020 2433 1091 2466 pro

61 2492 166 2514 more
185 2492 251 2514 sno
279 2478 452 2528 adducit)
475 2478 594 2513 filium
612 2479 718 2513 novit
738 2478 979 2525 Hermiones,
1009 2479 1092 2512 Mo-

62 2538 195 2572 lossum
223 2538 374 2574 scilicet.
401 2540 450 2572 At
476 2537 602 2584 graecis
630 2536 915 2583 corruptissimis
944 2536 1090 2571 mederi

61 2596 199 2642 absque
227 2595 346 2630 multo
371 2595 526 2630 arbitrio
557 2607 636 2629 non
666 2595 819 2642 poteris.
857 2595 958 2628 Verti
989 2595 1093 2640 quasi

558 2706 613 2737 14.

104 2758 308 2798 [Euripides
326 2758 411 2789 dicit
424 2767 445 2789 α
463 2759 677 2798 Neoptolemo
701 2758 813 2789 nullos
842 2759 1034 2789 Hermionae
1052 2757 1093 2787 li-

65 2809 157 2840 beros
178 2808 308 2847 fuiss&
330 2809 551 2848 Lysimachus
569 2817 646 2840 vero
673 2808 757 2840 dicit
775 2808 977 2848 eamfilium
998 2816 1095 2847 pepe-

64 2863 161 2896 risse,
174 2861 346 2892 secundum
361 2861 490 2892 Cineam
500 2885 508 2899 ‚
523 2861 576 2900 qui
590 2861 704 2892 scribat
721 2873 728 2891 ;
743 2860 839 2891 ducta
852 2860 1021 2891 Hermione
1032 2862 1095 2891 Me-

65 2912 145 2942 nelai
159 2913 191 2943 et
205 2912 330 2943 Helenae
346 2911 409 2942 tilia
419 2934 428 2950 ‚
444 2913 476 2942 et
491 2911 604 2943 deinde
616 2914 770 2943 Leonassa
787 2910 923 2941 Cleodaei
938 2910 1000 2940 lilia
1014 2912 1093 2941 Her-

67 2962 210 3002 culisque
222 2962 359 3002 neptide,
371 2971 410 2993 ex
421 2963 473 2993 illa
486 2963 728 3001 Neoptolemum
740 2961 912 3000 suscepisse
925 2961 1095 2992 Molossum

66 3013 200 3052 regioni,
213 3013 253 3044 ab
268 3014 334 3053 ipso
350 3022 464 3045 nomen
481 3013 603 3053 adeptae
614 3038 622 3052 ‚
640 3013 875 3052 cognominem,
891 3022 929 3043 ex
943 3014 1096 3043 Leonassa

67 3066 172 3094 autem
233 3073 346 3103 genum
357 3089 365 3103 ‚
381 3065 548 3103 Doricum,
561 3067 747 3103 Pergamum
761 3087 769 3101 ,
829 3064 973 3093 chorum.
994 3077 1007 3089 n
1020 3065 1096 3094 Ila-c

70 3114 270 3153 Lysimachus
285 3115 388 3145 asseri.

562 3165 616 3196 15.

110 3216 169 3247 Alii
185 3218 377 3248 Samiorum
398 3218 562 3257 populum
584 3217 870 3248 munificet-arzon
885 3216 944 3246 dici
960 3215 1070 3255 putant
1087 3239 1095 3254 ‚

70 3275 106 3297 eo
125 3267 209 3306 quod
230 3268 431 3299 Athenienses
445 3268 565 3300 Samios
586 3268 669 3299 hello
683 3269 790 3307 captos
803 3267 889 3306 signo
906 3268 1031 3297 noc-tum
1045 3275 1097 3297 no·

2092 121 2163 152 339

1136 210 1326 243 scholiasta
1348 210 1446 242 hunc
1468 208 1541 242 foere
1564 209 1599 241 in
1618 207 1769 242 niodum
1788 205 1981 252 scripsisset
2002 214 2010 238 ;
2037 200 2080 237 ‘O
2103 201 2163 249 μὲν

1140 267 1226 315 Erip.
1250 266 1379 301 ἄπαιδα
1406 265 1473 300 ἀπὸ
1494 264 1736 312 Νεοπτολέμου
1765 262 1866 315 φησὶν
1890 255 1975 298 εἶναι
1995 259 2056 305 τὴν
2078 259 2164 310 ‘Ep-

1139 322 1274 372 μιόνην,
1291 325 1308 359 ὁ
1328 322 1363 358 δὲ
1387 322 1589 371 Λυσίμαχος
1608 328 1715 358 τεκεῖν
1738 321 1842 366 αὐτήν
1869 321 1966 371 [φησι
1985 318 2163 367 λέγεσθαι]

1138 379 1232 430 παρὰ
1251 379 1379 430 Κινέα,
1395 379 1428 421 ὃς
1447 379 1568 430 γράφει
1588 380 1663 416 κτλ.
1682 377 1982 427 Cincasssx'tvs'otc,
2001 375 2164 423 Κεινέας)

1138 439 1326 486 Epirotica
1337 445 1505 472 tractasse
1525 450 1568 472 ex
1581 438 1792 483 fragmentis
1811 437 1923 484 (tom.
1942 437 1999 484 II,
2014 447 2050 482 p.
2068 434 2140 477 [563
2156 434 2166 482 )

1139 497 1369 543 intelligitur.
1391 495 1650 541 Lysimachum
1670 508 1758 529 vero
1780 496 1817 529 in
1838 493 2082 541 congerendis
2098 505 2167 528 an-

1139 554 1343 599 tiquiorum
1364 553 1588 598 scriptorum
1607 552 1822 586 testimoniis
1839 564 1991 598 operam
2005 552 2170 597 posuisse

1138 612 1363 658 praecipuam
1383 623 1427 645 ex
1441 610 1606 655 reliquiis
1621 610 1704 643 satis
1722 610 1849 655 liquet.
1869 630 1919 635 -—
1940 606 2166 656 Αεώνασσαν]

1145 666 1363 705 Κλεόνασσαν
1381 675 1417 702 et
1433 679 1522 701 mox
1541 664 1760 710 Κλεονάσσης
1775 667 1904 703 codex.
1924 666 2006 701 Vid.
2026 673 2106 701 not.
2124 666 2171 701 ad

1141 726 1187 762 fr.
1222 726 1280 762 13.
1302 725 1448 761 Deinde
1467 724 1635 770 supplevi
1656 724 1794 758 inclusa
1812 725 1993 758 cancellis.
2017 724 2069 759 De
2097 736 2171 757 no—

1141 784 1302 818 minibus
1326 783 1531 818 liberorum
1551 782 1679 816 Cineas
1697 782 1751 816 vel
1775 782 2002 828 quicumque
2020 781 2173 815 demum

1141 842 1204 884 sit,
1224 842 1331 876 aliter
1346 841 1472 875 statuit
1488 847 1598 886 atque
1616 840 1806 873 Proxenus
1823 846 1858 872 et
1871 839 2108 886 Nicomedes,
2124 839 2174 872 si—

1143 901 1295 947 quidem
1316 907 1416 934 recte
1436 911 1472 933 se
1491 898 1628 933 habent
1643 898 1755 931 literae
1770 897 1989 942 superstites.

1630 966 1688 1002 15.

1195 1046 1348 1080 Photius
1375 1055 1383 1081 Ξ

1142 1117 1163 1151 γ
1176 1100 1223 1153 ρά
1233 1117 1258 1149 μ
1268 1117 1321 1150 μα
1331 1116 1374 1138 το
1384 1117 1397 1142 ς
1408 1100 1469 1150 ]...
1480 1101 1526 1138 Οἱ
1539 1098 1572 1135 δὲ
1585 1098 1636 1135 ὅτι
1648 1097 1818 1144 Ἀθηναῖοι
1831 1096 1891 1145 μὲν
1901 1096 1975 1138 τοὺς
1988 1096 2176 1147 ληφθέντας

1145 1161 1177 1196 ἐν
1209 1158 1351 1209 πολέμῳ
1383 1157 1536 1206 Σαμίους
1560 1156 1690 1200 ἔστιζον
1720 1154 1868 1205 γλαυκὶ,
1890 1154 2018 1202 Σάμιοι
2040 1153 2074 1190 δὲ
2105 1154 2176 1202 (se.

1144 1217 1220 1261 τοὺς
1240 1216 1427 1268 ληφθέντας
1444 1218 1477 1253 ἐν
1494 1214 1637 1265 πολέμῳ
1658 1212 1870 1263 Ἀθηναίους)
1886 1211 2052 1262 σαμαίνῃ·
2073 1210 2093 1247 ὅ
2107 1213 2178 1247 ἐστι

1407 1042 1581 1091 Σαμίων
1601 1043 1618 1077 ὃ
1640 1039 1768 1089 δῆμός
1795 1040 1933 1075 ἐστιν·
1964 1042 2018 1081 ὡς
2047 1041 2176 1076 πολυ-

1145 1277 1262 1313 πλοῖον
1284 1276 1453 1324 δίκροτον,
1482 1273 1548 1310 ὑπὸ
1571 1270 1813 1322 Πολυκράτους
1835 1272 1968 1321 πρῶτον
1986 1284 2178 1306 κατασκευ-

1146 1333 1247 1371 ασθὲν
1263 1337 1321 1370 τοῦ
1341 1332 1484 1380 Σαμίων
1502 1331 1684 1382 τυράννου,
1701 1332 1746 1372 ὡς
1762 1328 1969 1379 Λυσίμαχος
1981 1329 2015 1364 ἐν
2034 1327 2179 1379 δευτέρῳ

1146 1391 1301 1429 Νόστων.
1319 1391 1368 1428 Τὸ
1386 1389 1420 1427 δὲ
1433 1388 1577 1438 πλάσμα
1593 1387 1764 1439 Δούριδος.
1782 1389 1874 1425 Vide
1884 1387 2035 1424 Duridis
2049 1388 2179 1435 fragm.

1148 1450 1195 1498 59
1209 1458 1307 1497 not.,
1322 1457 1412 1486 tom.
1428 1451 1480 1493 II,
1494 1462 1530 1496 p.
1549 1448 1637 1491 483.
1653 1469 1703 1474 -
1717 1447 1859 1493 Quodsi
1871 1446 2120 1493 Lysimachus,
2134 1445 2181 1480 ad

1147 1509 1357 1555 exemplum
1376 1508 1534 1542 aliorum
1549 1507 1613 1553 qui
1634 1504 1785 1545 Νόστους
1803 1505 2027 1551 scripserunt
2041 1530 2052 1550 ,
2071 1504 2180 1538 etiam

1149 1579 1209 1601 eas
1239 1566 1499 1608 Reversiones‚
1533 1576 1613 1612 quae
1645 1563 1877 1610 temporibus
1908 1562 2067 1596 historiae
2100 1562 2182 1596 luce

1148 1625 1253 1659 elaris
1271 1624 1372 1658 faetae
1391 1630 1492 1666 sunt,
1512 1622 1714 1665 recensuit,
1734 1621 1897 1668 ideoque
1914 1621 2021 1655 etiam
2046 1619 2092 1654 de
2115 1620 2180 1654 Sa-

1148 1683 1229 1717 miis
1245 1682 1361 1716 insula
1376 1693 1439 1716 sua
1458 1681 1572 1727 pulsis
1588 1692 1628 1715 ac
1648 1687 1775 1726 postea
1796 1679 1833 1712 in
1851 1679 2009 1725 patriam
2028 1678 2181 1713 reversis

1149 1740 1293 1774 locutus
1321 1745 1391 1781 est,
1412 1738 1459 1773 ad
1482 1749 1637 1783 eamque
1657 1737 1908 1771 narrationem
1935 1742 2061 1770 noster
2079 1739 2181 1770 locus

1147 1798 1308 1844 pertinet
1331 1795 1394 1843 (id
1409 1795 1513 1842 quod
1526 1795 1843 1829 verisimillimum
1862 1792 1935 1840 est)
1954 1804 1962 1829 ε
1985 1792 2182 1838 consequi—

1149 1861 1208 1889 tur
1223 1854 1316 1888 illud
1333 1854 1366 1888 ἐν
1384 1852 1414 1901 β’
1431 1851 1573 1890 Νόστων
1587 1858 1806 1898 corruptum
1820 1862 1906 1895 esse,
1923 1850 2181 1897 reponendum

1150 1925 1239 1947 vero
1258 1913 1317 1947 vel
1334 1911 1367 1947 ἐν
1388 1909 1431 1946 ιδ’
1449 1912 1506 1946 vel
1524 1910 1556 1945 ἐν
1574 1908 1620 1953 η’.
1642 1909 1698 1946 Cf.
1720 1915 1799 1945 not.
1820 1908 1867 1943 ad
1881 1907 2057 1943 Anticlid.
2077 1907 2124 1944 fr.
2142 1906 2177 1942 8.

1451 2006 1479 2039 E
1508 2004 1657 2038 LIBRO
1686 2003 1876 2038 TERTIO.

1628 2084 1687 2120 16.

1205 2162 1401 2196 Athenaeus
1419 2161 1479 2204 IV,
1496 2172 1535 2206 p.
1560 2158 1649 2202 158,
1663 2161 1696 2194 D
1714 2171 1722 2192 z
1745 2150 1833 2194 Οἶδα
1849 2154 1882 2191 δὲ
1902 2154 1960 2191 καὶ
1980 2153 2042 2199 τὴν
2056 2153 2181 2192 Ὀδυσ-

1153 2217 1284 2258 σέως...
1316 2215 1465 2267 ἀδελφὴν
1497 2217 1624 2261 Φακῆν
1646 2213 1874 2262 καλουμένην,
1895 2212 1936 2257 ἣν
1966 2211 2064 2248 ἄλλοι
2093 2210 2180 2253 τινὲς

1157 2273 1341 2312 Καλλιστὼ
1358 2273 1595 2322 ὀνομάζουσιν,
1617 2274 1662 2314 ὡς
1677 2272 1822 2322 ἱστορεῖν
1843 2269 2006 2308 Μνασέαν
2023 2269 2079 2306 τὸν
2103 2270 2180 2306 Πα-

1153 2332 1235 2382 τρέα
1261 2333 1293 2368 ἐν
1313 2331 1416 2382 τρίτῳ
1438 2332 1676 2381 Εὐρωπιακῶν
1694 2345 1776 2381 φησι
1797 2329 1998 2378 Λυσίμαχος
2022 2328 2056 2364 ἓν
2080 2326 2183 2377 τρίτῳ

1154 2395 1307 2433 Νόστων.

1643 2472 1654 2492 1
1666 2471 1697 2503 7.

1208 2536 1368 2570 Eustath.
1389 2535 1435 2569 ad
1449 2535 1520 2569 Od.
1534 2547 1572 2581 p.
1596 2534 1710 2580 1796,
1729 2544 1796 2567 10:
1816 2528 1916 2567 Κατὰ
1929 2527 1963 2565 δὲ
1977 2526 2181 2577 Λυσίμαχον

1155 2593 1247 2642 αὐτῷ
1265 2591 1337 2642 (τῷ
1367 2590 1548 2638 Ὀδυσσεῖ)
1572 2589 1606 2632 ἐξ
1638 2587 1797 2632 Εὗίππης
1816 2586 2056 2636 Θεσπρωτίδος
2076 2586 2184 2622 Λεον-

1120 2712 1126 2756 Ῑ
1153 2701 1268 2739 tarint,
1283 2700 1377 2731 Samii
1392 2708 1466 2730 vero
1489 2698 1597 2738 captos
1610 2696 1814 2728 Athenienses
1830 2703 1990 2726 samaenae.
2005 2695 2060 2725 Est
2078 2694 2185 2723 antem

1152 2759 1289 2782 samaena
1300 2750 1458 2789 navigium
1467 2749 1585 2780 bireme
1596 2757 1614 2778 a
1627 2748 1788 2786 polycrate
1796 2746 1973 2778 Samiorum
1984 2746 2118 2784 tyranno
2130 2743 2185 2783 pri-

1153 2811 1242 2832 mum
1260 2802 1445 2832 fabricatum
1457 2825 1465 2839 ‚
1484 2802 1518 2830 ut
1536 2800 1580 2830 ait
1596 2798 1802 2838 Lysimachus
1818 2797 1898 2828 libro
1912 2796 2051 2828 secundo
2066 2797 2185 2827 Rever-

1154 2853 1291 2884 sionum.
1308 2852 1398 2889 Quod
1415 2851 1543 2891 quidem
1558 2850 1683 2881 Duridis
1697 2850 1743 2880 est
1759 2850 1986 2879 commentum.

1650 2905 1704 2936 16.

1195 2962 1275 2994 Novi
1299 2961 1393 2992 etiam
1412 2960 1531 3000 Ulyssis
1552 2968 1691 2991 sororem
1715 2958 1838 2990 Phacen
1862 2957 2006 2995 nomine,
2024 2964 2118 2996 quam
2134 2955 2185 2986 alii

1155 3013 1283 3052 quidam
1298 3011 1426 3043 Callisto
1439 3012 1614 3051 appellant,
1628 3010 1675 3041 uti
1690 3012 1847 3041 Mnaseam
1863 3010 2042 3039 Patrensem
2059 3015 2186 3038 narrare

1156 3064 1234 3095 libro
1257 3064 1350 3095 tertio
1373 3066 1418 3095 De
1437 3065 1559 3102 Europa
1576 3063 1672 3094 tradit
1688 3061 1892 3101 Lysimachus
1914 3061 1944 3091 in
1959 3059 2184 3091 Reversionum

1155 3116 1258 3147 tertio.

1647 3158 1702 3189 17.

1197 3215 1377 3246 Secundum
1388 3214 1607 3254 Lysimachum
1621 3212 1719 3252 Ulyssi
1731 3221 1770 3243 ex
1782 3212 1899 3250 Euippe
1910 3208 2092 3248 Thesprotia
2103 3207 2184 3238 filius

1159 3268 1225 3297 erat
1240 3266 1459 3305 Leontophron
1470 3290 1478 3304 ‚
1493 3274 1587 3304 quem
1603 3264 1653 3294 alii
1673 3263 1843 3302 Doryclum
1859 3261 1982 3292 vocant.

1999 3314 2042 3337 ⁴22.
