2338 3765
135 213 208 245 5278

134 294 235 330 αὐτὸν
258 294 315 330 καὶ
337 293 495 344 στρόφιον
526 293 698 329 ἐπιθέσθαι
718 297 882 345 χρυσοῦν,
902 296 946 336 ὣς
965 295 1171 346 ψαῧωρῖνος
1201 302 1206 319 ¹

132 354 165 388 ἐν
186 351 565 400 Ἀπομνημονευμάτων
585 350 730 402 πρώτῳ·
750 351 798 387 ἔτι
815 354 845 388 τ’
865 352 1019 400 §fidem
1039 355 1172 403 χαλκᾶς

134 410 192 447 καὶ
211 409 349 458 στέμμα
367 407 544 460 Δελφικόν.
567 410 620 445 Cf.
643 411 818 445 Neanthis
840 411 885 447 sr.
907 424 973 455 22,
989 425 1028 459 p.
1053 413 1090 448 6.

189 470 295 516 Diog.
319 471 361 505 L.
382 470 481 511 vlu,
504 467 549 503 53
574 480 582 502 ε
605 466 700 516 Ἐγὼ
723 461 859 516 δἐἷρον
873 468 905 504 ἐν
920 471 988 510 τοῖς
1002 469 1174 517 Ὕπομνή

134 541 218 574 μασι
230 524 438 575 Φαέωρίνου
455 525 505 561 ὅτι
520 523 578 560 καὶ
597 526 677 573 βοῦν
696 524 791 561 ἔθυσε
809 526 877 567 τοῖς
894 527 1029 577 θεωροῖς
1049 530 1065 563 ὁ
1083 527 1174 576 Ἔμ-

133 585 302 628 πεδοκλῆς
330 585 366 619 ἐκ
392 583 528 632 μέλιτος
558 583 616 619 καὶ
643 582 809 634 ἀλφίτων,
839 584 898 622 καὶ
926 586 1070 637 ἀδελφὸν
1094 585 1175 636 ἔσχε

134 641 433 693 Καλλικρατίδην.

187 701 292 736 Idem
313 702 419 743 VIII,
441 700 487 735 (Β
507 713 514 734 :
535 698 664 740 Αὐτοὺς
677 698 710 736 δὲ
725 698 863 742 τούτους
877 700 952 743 τοὺς
969 701 1177 751 Καθαρμοὺς

137 759 202 806 (se.
220 757 510 807 Ἐμπεδοκλέους)
531 758 564 793 ἐν
583 756 762 809 Ὀλυμπίᾳ
786 758 1068 810 διαρραψῳδῆσαι
1085 758 1177 808 λέγε-

134 831 191 852 ται
205 815 405 865 Κλεομένην
421 815 477 852 τὸν
494 814 664 867 ῥαψῳδὸν,
677 818 720 858 ὡς
737 815 795 853 καὶ
811 816 1016 868 Φαῧωρῖνος
1033 818 1067 853 ἐν
1080 817 1177 854 Ἀπο-

136 873 410 923 μνημονεύμασι.

640 969 673 1006 J..

189 1070 293 1104 Idem
314 1071 370 1114 ΙΙ,
394 1070 442 1104 23
464 1083 472 1105 2
499 1067 567 1106 Καὶ
589 1068 733 1105 Πυθώδε
752 1069 861 1104 ἐλθεῖν
885 1068 945 1115 (sc.
968 1064 1173 1115 Σωκράτην)

137 1126 370 1177 Ἀριστοτέλης
383 1127 496 1177 φησίν·
513 1126 601 1163 ἀλλὰ
613 1126 671 1163 καὶ
686 1127 732 1168 εἷς
748 1125 896 1174 Ἰσθμὸν,
911 1126 956 1166 ὡς
971 1123 1176 1174 ψαίίηρῖνος

137 1186 170 1222 ἐν
192 1188 240 1236 τῷ
260 1185 388 1237 πρώτῳ
406 1188 473 1222 τῶν
494 1184 893 1235 Ἀπομνημονευμάτων.

640 1291 672 1326 5.

192 1390 297 1424 Idem
319 1391 374 1433 11,
396 1390 443 1437 39
467 1402 474 1424 ε

139 1448 206 1482 τῶν
225 1445 607 1495 Ἀπομνημονευμάτων
628 1445 676 1494 μὴ
694 1440 779 1482 εἶναι
800 1448 909 1491 ἀληθῆ
925 1445 981 1482 τὸν
1001 1445 1099 1494 λόγον
1121 1445 1176 1481 τὸν

141 1504 385 1556 Πολυκράτους
413 1503 502 1541 κατὰ
530 1503 754 1554 Σωκράτους·

506 1387 713 1439 ψαὲωρῖνος
740 1387 776 1425 δέ
797 1403 898 1439 φησιν
928 1388 961 1423 ἐν
982 1389 1030 1437 τῷ
1049 1385 1177 1438 πρώτῳ

785 1505 818 1541 ἓν
843 1504 936 1552 αὐτῷ
957 1503 1044 1553 γὰρ,
1075 1504 1177 1554 φησὶ,

141 1561 348 1611 μνημονεύει
365 1564 431 1599 τῶν
449 1561 516 1598 ὑπὸ
537 1561 691 1603 Κόνωνος
716 1576 837 1611 τειχων
861 1561 1135 1609 ἀνασταθέντων,
1157 1560 1177 1596 ἃ

138 1619 274 1670 γέγονεν
294 1620 432 1657 ἔτεσινέ
419 1635 452 1663 ες
438 1619 529 1665 τῆς
546 1635 606 1656 του
628 1619 833 1670 ,Σωκράτους
852 1621 910 1656 τελ
915 1634 1011 1663 ευτης
1026 1618 1178 1669 ὕστερον.

138 1677 245 1716 Και
227 1694 318 1715 εστιν
335 1693 440 1719 ουτως
455 1677 546 1728 ἔχον.
565 1677 608 1715 Ἡ
625 1679 654 1714 δ’
665 1677 864 1726 ἀντωμοσία
878 1681 938 1723 τῆς
955 1677 1050 1723 δίκης
1063 1680 1180 1714 τοῦτον

139 1739 211 1786 eise
228 1736 285 1773 τὸν
300 1735 436 1787 τρόπον·
453 1735 629 1772 ἀνάκειται
642 1734 708 1786 γὰρ
723 1735 773 1772 ἔτι
788 1751 845 1772 και
863 1738 934 1781 νῦν,
949 1750 1032 1786 φησι
1049 1734 1182 1772 Φαῖἷω-

141 1798 247 1844 ρῖνος,
265 1809 298 1830 εν
319 1796 367 1830 τῶ
387 1792 567 1844 Μητριοχὸω·
589 1811 603 1826 «
620 1793 716 1830 Τάδε
744 1792 919 1844 ἐγράψατο
939 1793 996 1830 καὶ
1023 1792 1180 1841 ἀντωμό-

140 1867 224 1889 σατο
245 1852 405 1897 Μέλητος
417 1851 580 1896 Μελήτου
592 1851 737 1894 Πιτθεὺς
747 1852 926 1903 Σωκράτει
941 1851 1182 1903 Σωφρονίσκου

140 1908 389 1955 Ἀλωπεκῆθεν·
410 1910 521 1946 ἀδικεῖ
533 1909 723 1961 Σωκράτης
735 1940 743 1956 ,
759 1909 814 1952 οὒς
830 1909 891 1959 μὲν
905 1913 926 1955 ἡ
944 1909 1041 1951 πόλις
1055 1908 1183 1957 νομίζει

140 1967 232 2009 θεοὺς
260 1969 296 2004 οὐ
319 1968 477 2016 νομίζων,
498 1967 595 2019 ἕτερα
617 1968 651 2004 δὲ
668 1967 771 2004 καινὰ
792 1967 953 2017 δαιμόνια
975 1967 1184 2018 εἰσηγούμε-

140 2041 213 2068 νος·
233 2027 341 2063 ἀδικεῖ
360 2025 394 2062 δὲ
412 2026 470 2062 καὶ
490 2025 567 2068 τοὺς
599 2025 691 2069 νέους
710 2026 928 2078 διαφθείρων.
951 2028 1101 2075 Τίμημα
1124 2024 1184 2062 θά-

141 2099 252 2126 νατος.
278 2103 291 2116 υ
317 2086 370 2121 Cf.
389 2086 434 2123 ss.
456 2085 515 2121 38.

143 2247 211 2269 rain
237 2248 309 2270 eum
331 2239 485 2278 induisse,
515 2243 546 2271 et
569 2240 746 2279 strophium
779 2249 912 2270 aureum
940 2239 1185 2270 circumdedisse

143 2290 319 2321 Favorinus
335 2290 366 2320 in
383 2291 485 2329 primo
505 2291 814 2322 Commentariorum
827 2292 939 2321 auctor
954 2293 1019 2329 est3
1041 2290 1185 2330 crepidas

147 2341 222 2372 item
235 2350 332 2371 aereas
346 2343 377 2371 et
393 2342 576 2381 Delphicam
591 2342 761 2381 sumpsisse,
773 2350 934 2372 coronam.

187 2396 222 2424 In
245 2394 393 2425 Favorini
411 2395 656 2426 Commentariis
669 2395 768 2434 reperi
784 2394 1008 2433 Empedoclem
1023 2396 1054 2425 et
1071 2394 1184 2425 bovem

146 2447 300 2476 mactasse
320 2445 429 2483 legatis
454 2445 493 2476 ad
518 2445 634 2476 festum
660 2445 761 2476 missis
786 2446 965 2476 consectum
982 2454 1020 2476 ex
1046 2446 1137 2476 melle
1154 2447 1186 2476 ct

147 2497 247 2528 farina
258 2520 266 2535 ‚
291 2498 484 2536 fratremque
501 2497 647 2528 habuisse
662 2496 904 2528 Callicratidem.

189 2550 249 2578 Eas
263 2548 343 2586 ipsas
358 2548 559 2587 Expiationes
575 2547 796 2586 (Empedoclis
809 2548 955 2587 carmen)
967 2548 1116 2578 cecinisse
1128 2548 1186 2578 ter-

147 2602 200 2631 tur
212 2600 400 2631 Cleomenes
414 2600 599 2640 rhapsodus,
614 2599 887 2639 quemadmodmn
898 2602 930 2631 et
964 2602 1022 2631 Fax
1032 2599 1141 2630 orinus
1154 2600 1184 2629 in

148 2651 394 2682 Commentariis
412 2651 466 2682 ait.

650 2706 685 2736 4.

189 2759 371 2790 Aristoteles
380 2759 541 2789 Socratem
556 2760 586 2789 et
599 2758 736 2797 Delphos
745 2759 866 2789 venisse
880 2759 988 2789 narrat
1006 2768 1012 2788 z
1031 2759 1185 2789 isthmum

149 2818 277 2849 quoque
292 2809 463 2841 Favorinus
474 2809 505 2839 in
517 2809 619 2848 primo
637 2810 944 2841 Cormiuentariorum
956 2809 1067 2840 adiisse
1078 2811 1183 2841 refert.

651 2865 685 2896 5.

191 2918 368 2950 Favorinus
403 2917 434 2948 in
461 2917 562 2956 primo
594 2918 903 2949 Commentariorum
929 2918 1096 2957 genuinam
1123 2927 1185 2949 non

150 2978 216 3000 esse
232 2968 403 3008 Polycratis
419 2968 448 2998 in
473 2968 635 2999 Socratem
661 2968 834 2999 orationem
849 2968 967 3007 tradit,
982 2969 1066 3008 quod
1091 2969 1121 2999 in
1149 2978 1185 3000 ea

151 3023 233 3051 sacta
249 3021 287 3051 sit
303 3020 422 3051 mentio
437 3028 601 3050 murorum
614 3027 631 3049 a
642 3021 770 3050 Conone
785 3020 1034 3051 instauratorum
1049 3029 1055 3050 z
1069 3020 1098 3050 id
1111 3030 1185 3051 vero

151 3072 270 3102 sactum
287 3080 354 3102 esse
366 3070 442 3101 dicit
455 3072 544 3101 sexto
558 3078 640 3100 anno
658 3072 728 3109 post
742 3072 876 3101 mortem
891 3072 1037 3102 Socratis.
1083 3074 1186 3111 Atque

150 3123 194 3153 ita
204 3132 236 3153 se
254 3131 302 3153 res
320 3122 426 3152 habet.
471 3121 618 3152 Formula
632 3121 840 3152 accusationis
858 3123 925 3152 erat
937 3122 983 3153 his
996 3122 1100 3153 verbis
1113 3132 1186 3153 con-

151 3175 243 3212 cepta
260 3185 267 3203 :
285 3175 428 3205 servatur
448 3172 530 3202 enim
557 3172 727 3210 haetenus,
754 3174 789 3202 ut
813 3172 910 3203 tradit
934 3173 1128 3211 Favorinus,
1153 3174 1184 3204 in

151 3227 273 3256 Metroo
289 3233 296 3254 ε
312 3237 325 3250 «
343 3225 430 3254 lianc
443 3223 677 3253 accusationem
692 3222 805 3253 detulit
819 3224 849 3253 et
861 3222 1065 3261 jurejurando
1077 3224 1186 3255 contir-

153 3275 253 3305 mavit
270 3274 401 3305 Meletus
418 3273 522 3304 Meteti
544 3273 625 3303 filius
640 3272 826 3303 l‘ittheensis
848 3272 999 3303 adversus
1024 3276 1185 3305 Socratem

153 3325 351 3364 Sophronisci
371 3325 468 3355 tilium
484 3325 704 3364 Alopecensem
719 3336 725 3353 z
744 3324 815 3361 jura
831 3323 926 3353 violat
941 3325 1095 3362 Socrates,
1108 3334 1187 3363 quos

154 3386 192 3407 cx
219 3377 372 3415 majorum
396 3377 540 3407 instituto
557 3377 689 3415 suscepit
714 3375 840 3413 civitas,
870 3374 943 3404 deos
967 3383 1032 3405 esse
1053 3384 1186 3414 negans,

141 2187 224 2218 disse
242 2188 467 2227 Empedoclem
487 2188 526 2219 de
543 2189 632 2228 copia
646 2188 829 2219 divitiarum
840 2212 848 2227 ‚
865 2188 1001 2228 ideoque
1016 2189 1046 2219 et
1062 2196 1185 2227 purpu-

882 205 1127 245 FAVORINI
1157 208 1500 247 ARELATENSIS

1735 298 1770 335 6.

1289 386 1390 420 Idem
1414 387 1484 428 111,
1515 398 1556 419 ιι)
1576 396 1582 420 ;
1602 383 1671 420 Τὸν
1696 383 1812 431 μέντοι
1831 384 1960 421 Πόλλιν
1984 385 2060 434 (qui
2083 386 2272 421 Platonem

1237 443 1474 490 vendiderat)
1505 440 1604 489 λόγος
1637 441 1703 477 ὑπό
1734 457 1770 478 τε
1802 441 1960 492 Χαῧρίου
1995 445 2183 487 ’ἡττηθῆναι
2215 444 2272 479 καὶ

1237 499 1324 548 μετὰ
1346 503 1453 535 ταυτα
1472 500 1505 535 ἐν
1524 498 1563 535 ‘⁴1
1558 498 1648 547 λικῃ
1675 502 2001 544 καταποντωθῆναι,
2019 502 2076 536 τοῦ
2099 499 2273 548 δαιμονίου

1237 557 1442 606 μηνίσαντος
1471 572 1563 592 αυτω
1593 555 1648 592 διὰ
1673 556 1729 593 τὸν
1759 556 1952 608 φιλόσοφον,
1981 558 2026 599 ὡς
2053 572 2112 594 και
2140 557 2273 595 (bafia-i

1238 609 1323 660 ρῖνός
1343 624 1444 660 φησιν
1469 611 1502 646 ἐν
1531 607 1658 659 πρώτω
1684 610 1751 646 τῶν
1782 609 2178 659 Απομνημονευαάτων.
2214 612 2271 649 Cf.

1239 670 1367 711 f1.2‘,.

1740 734 1775 764 7.

1292 808 1395 843 Idem
1414 810 1488 852 ΙΙΙ,
1508 807 1555 842 25
1578 820 1586 844 ε
1607 806 1668 844 ’liv
1689 805 1723 843 δὲ
1739 807 1788 858 τῷ
1809 805 1935 858 πρώτῳ
1956 809 2022 844 τῶν
2051 809 2274 858 Ἀπομνημο-

1236 865 1412 914 νευμάτων
1430 864 1640 915 ψαὸωρίνου
1657 863 1794 915 φέρεται
1811 863 1862 902 ὅτι
1877 865 2090 916 Μιθριδάτης
2104 869 2121 903 ὁ
2141 867 2277 919 Πέρσης

1238 923 1421 974 ἀνδριάντα
1449 923 1635 965 Πλάτωνος
1662 922 1798 960 ἀνέθετο
1818 924 1863 966 εἷς
1890 922 1951 969 τὴν
1982 924 2194 972 Ἀκαδημίαν
2218 927 2277 963 καὶ

1237 981 1429 1033 ἐπέγραψε,
1454 999 1467 1014 «
1500 980 1714 1032 Μιθριδάτης
1732 983 1750 1017 ὁ
1770 980 1982 1019 εΡοδοδάτου
2015 982 2153 1034 Πέρσης
2179 983 2274 1021 Μού-

1238 1055 1313 1082 σαις
1328 1039 1441 1076 εἰκόνα
1457 1039 1593 1076 ἀνέθετο
1612 1039 1816 1086 Πλάτωνος,
1835 1039 1878 1085 ἣν
1896 1039 2067 1078 Σιλανίων
2087 1040 2242 1088 ἐποίησε.
2262 1061 2276 1076 u

1734 1127 1771 1164 8.

1288 1216 1394 1252 Idem
1412 1218 1461 1260 V,
1489 1216 1535 1261 75
1550 1245 1558 1261 ‚
1588 1216 1635 1251 de
1655 1217 1846 1251 Demetrio
1872 1217 2050 1253 Phalereo
2069 1228 2077 1254 :
2098 1216 2221 1254 Πολλὰ
2242 1216 2276 1254 δὲ

1236 1272 1294 1310 καὶ
1311 1272 1480 1309 κάλλιστα
1497 1276 1539 1323 τῇ
1557 1272 1696 1323 πατρίδι
1716 1273 1974 1311 ἐπολιτεύσατο.
1999 1273 2068 1311 Καὶ
2085 1273 2151 1326 γὰρ
2166 1290 2277 1326 προσ-

1237 1332 1324 1374 όδοις
1354 1331 1411 1368 καὶ
1432 1336 1661 1373 κατασκευαῖς
1689 1330 1816 1377 ηὔςησε
1846 1330 1907 1377 τὴν
1933 1332 2048 1378 πόλιν,
2069 1332 2194 1385 καίπερ
2219 1335 2278 1371 οὐκ

1238 1389 1374 1439 εὐγενὴς
1394 1388 1454 1426 ὤν.
1483 1391 1548 1426 ΙΙν
1566 1404 1632 1440 γαρ
1653 1390 1691 1426 ἐκ
1710 1405 1771 1435 της
1799 1388 1954 1432 Κόνωνος
1973 1390 2098 1439 οἰκίας,
2127 1392 2171 1433 ὡς
2199 1392 2279 1429 Φα-

1240 1447 1379 1498 ὅωρῒνος
1397 1448 1429 1483 ἐν
1447 1446 1572 1497 πρώτω
1591 1449 1655 1483 τῶν
1677 1446 2059 1497 Απομνημονευμάτων
2075 1464 2189 1497 φησιν,
2204 1449 2282 1488 ἀλλ’

1240 1507 1327 1555 ἀστῇ
1346 1504 1404 1542 καὶ
1426 1506 1555 1554 εὐγενεῖ
1571 1504 1716 1557 συνῴκει
1736 1505 1857 1557 Λαμίᾳ
1875 1509 1915 1557 τῇ
1934 1506 2107 1558 ἐρωμένῃ,
2123 1507 2280 1558 καθάπερ

1240 1566 1257 1600 ὁ
1277 1563 1377 1605 αὐτὸς
1398 1564 1431 1599 ἐν
1451 1565 1501 1614 τῷ
1520 1561 1647 1612 πρώτῳ
1676 1563 1791 1614 φησίν·
1821 1562 1910 1601 ἀλλὰ
1939 1564 1998 1601 καὶ
2027 1564 2094 1602 ὑπὸ
2126 1564 2282 1607 Κλέωνος

1240 1620 1446 1658 πεπονθέναι
1467 1623 1500 1658 ἐν
1524 1622 1573 1671 τῷ
1594 1621 1741 1673 δευτέρῳ
1758 1623 1902 1673 ἱστορεῖ.

1529 1724 1557 1757 Ε
1586 1722 1731 1757 LIBRO
1761 1723 1998 1759 SECUNDO.

1746 1833 1781 1866 ς).

1296 1909 1400 1944 Idem
1420 1911 1464 1953 V,
1489 1921 1550 1953 21,
1573 1908 1620 1943 de
1641 1908 1839 1944 Aristotele
1864 1919 1872 1944 :
1904 1906 2002 1953 Φησὶ
2023 1907 2056 1944 δὲ
2077 1908 2282 1960 Φαδωρῒνος

1244 1967 1278 2002 ἐν
1298 1968 1346 2017 τῷ
1379 1964 1525 2017 δευτέρῳ
1549 1967 1621 2002 ’τῶν
1643 1964 2023 2014 Ἀπομνημονευμάτων
2045 1967 2090 2008 ὡς
2118 1967 2281 2005 ἑκάστοτε

1243 2023 1336 2074 λέγοι
1347 2053 1357 2071 .,
1376 2041 1389 2056 τι
1405 2017 1431 2073 ᾧ
1447 2022 1555 2074 φίλοι,
1572 2022 1678 2064 οὐδεὶς
1695 2021 1805 2074 φίλος·
1823 2041 1836 2054 »
1856 2022 1943 2060 ἀλλὰ
1952 2023 2020 2073 Δκαὶ
2034 2025 2067 2060 ἐν
2082 2026 2130 2076 τῷ
2146 2024 2283 2075 ἑὸδόμῳ

1244 2083 1311 2118 τῶν
1330 2081 1481 2119 Ἠθικῶν
1498 2082 1584 2120 ἐστι.

1244 2186 1304 2216 alia
1321 2194 1396 2216 vero
1410 2194 1493 2215 nova
1506 2185 1663 2218 ‹immonia
1675 2184 1827 2215 inducens
1845 2197 1852 2215 z
1868 2184 2037 2223 contrajus
2049 2186 2080 2216 et
2095 2185 2284 2224 sasjuvenes

1243 2236 1429 2276 corrumpit.
1478 2238 1574 2267 Poena
1591 2236 1634 2266 illi
1655 2244 1750 2266 mors.
1769 2249 1784 2262 υ

1746 2290 1779 2321 6.

1286 2344 1442 2375 Pollidem
1456 2352 1473 2374 a
1490 2343 1627 2375 Chabria
1641 2344 1822 2382 superatum
1845 2344 1876 2373 et
1890 2344 1996 2382 postea
2013 2343 2044 2373 in
2062 2343 2169 2374 Helice
2192 2341 2283 2372 tuisse

1244 2395 1444 2426 submersum
1466 2395 1547 2425 sama
1564 2397 1626 2433 est,
1649 2403 1688 2424 ex
1706 2395 1752 2424 ira
1770 2394 1910 2424 numinis
1929 2396 2057 2433 propter
2080 2394 2190 2424 laesum
2216 2393 2283 2423 Pla-

1244 2449 1370 2484 tonem,
1394 2448 1430 2477 ut
1449 2446 1622 2477 Favorinus
1646 2454 1774 2485 quoque
1792 2446 1823 2476 in
1846 2445 1949 2484 primo
1972 2445 2282 2477 Commentariorum

1244 2499 1398 2530 meminit.

1662 2552 1679 2563 ¹
1747 2543 1781 2574 7.

1287 2598 1321 2627 ln
1339 2596 1440 2636 primo
1465 2596 1775 2628 Commentariorum
1800 2596 1945 2627 Favorini
1971 2596 2070 2627 fertur
2087 2596 2283 2628 Mithridates

1244 2649 1337 2678 Persa
1356 2647 1493 2678 Platonis
1506 2649 1642 2678 statuam
1657 2648 1687 2678 in
1707 2648 1878 2679 Academia
1891 2648 2009 2678 locasse
2023 2648 2066 2679 ita
2078 2647 2279 2687 inscriptam:

1249 2699 1468 2731 Mithridates
1500 2700 1685 2731 Rlzodoban
1703 2700 1804 2738 filius
1838 2702 1944 2732 Persa
1968 2702 2074 2732 Musis
2099 2701 2282 2739 imaqinem

1245 2751 1403 2782 Platonis
1415 2751 1541 2783 dicavit
1557 2752 1745 2783 Silanionis
1755 2760 1849 2792 opus.

1747 2807 1782 2838 8.

1287 2861 1466 2893 Demetrius
1491 2861 1662 2892 Phalereus
1683 2861 1737 2891 diu
1754 2865 1851 2897 atque
1876 2861 2028 2900 praeclare
2052 2859 2280 2900 rempublicam

1245 2913 1497 2945 administravit:
1517 2922 1655 2952 namque
1679 2914 1710 2943 et
1731 2912 1883 2943 reditibus
1907 2913 1939 2943 et
1961 2911 2102 2942 aedificiis
2119 2911 2280 2945 civitatem

1244 2967 1351 3004 auxit,
1379 2966 1525 3005 quamvis
1549 2965 1703 3005 ignobilis.
1749 2966 1823 2996 Erat
1854 2964 1955 3003 enim,
1985 2966 2020 2995 ut
2045 2964 2219 2996 Favorinus
2248 2963 2280 2994 in

1244 3018 1345 3057 primo
1361 3017 1671 3048 Commentariorum
1685 3016 1746 3054 ait,
1761 3025 1802 3047 ex
1819 3016 1958 3048 Cononis
1974 3015 2091 3046 familia
2102 3038 2111 3053 ,
2130 3014 2184 3046 sed
2198 3014 2280 3045 ami·

1244 3078 1314 3099 cam
1332 3067 1440 3098 hahuit
1451 3067 1553 3098 civem
1567 3067 1703 3101 Atticam
1715 3067 1852 3098 nobilem
1865 3067 2017 3105 Lamiam,
2028 3067 2065 3097 ut
2078 3065 2159 3097 idem
2170 3067 2281 3096 auctor

1246 3121 1292 3151 est
1309 3120 1339 3149 in
1354 3118 1433 3149 libro
1453 3118 1555 3158 primo
1572 3130 1579 3149 ε
1597 3118 1651 3149 sed
1667 3119 1698 3149 et
1714 3127 1732 3149 a
1750 3118 1868 3150 Cleone
1883 3126 1957 3149 eum
1971 3125 2151 3157 perpessum
2164 3125 2230 3149 esse
2249 3117 2280 3147 in

1246 3170 1385 3203 secundo
1396 3169 1503 3201 tradit.
1743 3213 1765 3246 9

1288 3273 1394 3304 Refert
1410 3273 1584 3304 Favorinus
1599 3273 1628 3303 in
1651 3273 1790 3304 secundo
1804 3273 2112 3304 Commentariorum
2132 3272 2276 3304 Aristote-

1247 3325 1309 3355 lem
1325 3324 1436 3355 crebro
1454 3324 1558 3355 dicere
1579 3324 1724 3362 solitum,
1738 3337 1752 3350 «
1767 3324 1822 3355 Cui
1838 3323 1941 3362 amici,
1956 3323 2076 3354 amicus
2092 3332 2195 3354 nemo.
2213 3335 2228 3349 n
2245 3321 2279 3354 ld

1247 3376 1341 3406 etiam
1356 3374 1467 3413 legitur
1483 3375 1514 3404 in
1531 3374 1610 3405 libro
1625 3376 1757 3414 septimo
1777 3375 1844 3413 eJ'us
1860 3375 1898 3405 de
1912 3374 2060 3406 Moribus.
