2338 3765
163 213 234 244 374

159 291 323 339 ἰσχύσας,
352 291 542 336 Δαμασκοῦ
571 303 606 325 τε
632 289 690 325 καὶ
721 291 779 334 τ’ἧς
812 288 916 335 ἄλλης
946 291 1093 343 Συρίας,
1123 290 1185 333 ἔξω

159 346 339 391 Φοινίκης,
379 345 590 382 ἐῖασίλευσε.
630 345 790 395 Πόλεμον
825 346 860 384 δὲ
895 347 1069 399 ἐξενέγκας
1103 348 1186 400 πρὸς

157 403 307 448 Δαυίδην
325 404 352 452 (3
354 404 365 453 )
390 402 511 453 βασιλ
496 418 534 439 εα
554 406 613 448 τῆς
633 403 800 447 Ἰουδαίας
819 421 877 442 και
894 407 1036 448 πολλαῖς
1057 407 1185 457 μάχαις

156 461 296 511 κριΟεις,
319 461 449 511 ὑστάτῃ
470 463 512 511 τῇ
533 460 628 512 παρὰ
647 461 703 498 τὸν
724 463 924 514 Εὐφράτην,
945 465 978 500 ἐν
998 480 1019 514 ῃ
1039 467 1183 511 ηττᾶτο,

158 519 293 570 ἄριστος
323 518 432 562 ἔδοξεν
463 522 548 555 εἶναι
578 519 745 569 βασιλέων
780 520 879 572 ῥώμῃ
906 521 964 558 καὶ
996 521 1146 572 ἀνδρείᾳ.
1169 538 1183 554 υ

156 576 250 627 Προς
277 576 406 618 τούτοις
424 577 457 613 δὲ
474 591 532 613 και
561 577 639 628 περὶ
655 580 722 615 τῶν
745 578 921 628 ἀπογόνων
939 581 1043 616 αὐτοῦ
1064 594 1182 629 φησιν,

155 637 200 676 ὡς
218 633 304 683 μετὰ
320 633 379 678 τὴν
395 633 524 671 ἐκείνου
537 635 698 687 τελευτὴν
715 635 907 687 ἐξεδέχοντο
924 652 971 673 πα
979 637 1004 687 ρ’
1023 637 1182 682 ἀλλήλων

154 691 212 728 καὶ
235 691 296 736 τὴν
317 691 493 741 βασιλείαν
517 690 575 728 καὶ
595 692 632 729 τὸ
652 691 779 742 ὄνομα,
807 694 913 743 λέγων
932 693 1052 736 οὕτως·
1077 713 1090 726 «
1112 695 1184 731 Τε-

156 749 389 794 λευτήσαντος
415 750 444 785 δ’
465 749 594 787 ἐκείνου
626 752 656 787 οἱ
681 750 841 802 ἀπόγονοι
873 751 928 788 ἐπὶ
960 750 1040 788 δέκα
1067 750 1183 800 γενεὰς

154 806 367 852 ἐδασίλευον,
400 806 545 844 ἑκάστου
565 807 661 859 παρὰ
690 811 749 845 τοῦ
778 808 906 859 πατρὸς
927 808 999 856 ἅμα
1027 811 1068 859 τῇ
1093 810 1183 859 ἀρχῇ

156 878 214 900 και
235 863 387 913 τοῦνομα
404 868 504 902 τοῦτο
521 865 764 915 ἐκδεχομένου,
789 866 904 917 ὥσπερ
925 868 954 904 οἱ
974 866 1184 914 Πτο)εμαιοι

155 923 188 958 ἐν
217 922 400 973 Αἶγύπτω.
428 923 600 971 Μέγιστον
626 922 661 959 δὲ
677 922 817 959 πάντων
844 923 994 967 ουνηΟεὶς
1019 925 1035 959 ὅ
1054 923 1183 972 τρίτος,

154 977 443 1029 ἅναυαχέσασθαι
460 980 663 1029 βουλόμενος
678 980 739 1025 τὴν
755 984 815 1017 τοῦ
829 980 1044 1059 προπάτορος
1060 983 1181 1024 ἧτταν,

153 1036 363 1087 στρατεύσας
377 1037 432 1074 ἐπὶ
444 1036 630 1080 Ἰουδαίους
644 1037 809 1088 ἐπόρθησε
824 1036 884 1082 τὴν
898 1053 956 1073 νυν
973 1037 1184 1088 Σαμαρεῖτιν

153 1094 380 1143 καλουμένην
413 1112 427 1127 υ
455 1097 508 1133 Οὐ
536 1095 702 1146 διήμαρτε
733 1096 767 1132 δε
794 1111 853 1141 της
881 1095 1057 1141 ἀληθείας
1089 1099 1183 1137 οὗτος

152 1152 219 1203 γάρ
254 1154 326 1189 ἐστι
358 1152 498 1194 Ἄδαδος
527 1155 544 1189 ὁ
570 1153 865 1204 στρατευσάμενος
895 1154 949 1190 ἐπὶ
980 1152 1180 1203 Σαμαρίαν

153 1209 300 1261 Ἀχάὸου
323 1210 559 1261 βασιλεύοντος
581 1214 644 1248 τῶν
667 1210 905 1261 Ἰσραηλιτῶν.

638 1310 696 1345 ²32.

205 1402 329 1439 Const.
361 1404 496 1449 Porph.
521 1404 575 1437 De
597 1403 708 1438 them.
737 1403 793 1444 ΙΙ,
825 1402 866 1446 6,
894 1415 931 1448 p.
961 1401 1007 1436 52
1032 1404 1147 1438 Bonn.
1172 1415 1179 1436 ε

153 1457 197 1495 ‘H
217 1457 252 1494 δὲ
273 1458 536 1504 Πελοπόννησος
555 1463 643 1509 τρεῖς
666 1457 738 1509 ἔχει
759 1457 974 1506 ἐπωνυμίας,
997 1460 1042 1500 ὡς
1070 1457 1182 1496 Νικό-

149 1516 229 1558 λαος
246 1519 263 1553 ὁ
284 1516 513 1565 Δαμασκηνὸς
526 1516 649 1566 γράφει
665 1517 698 1551 ἐν
718 1515 865 1567 τετάρτῃ
884 1514 1054 1567 Ἱστορία-
1071 1532 1085 1548 «
1108 1514 1182 1552 Μέ-

151 1588 268 1622 γιστον
283 1568 339 1610 οὖν
356 1576 422 1609 τῶν
438 1573 514 1610 τότε
531 1573 649 1623 ἴσχυον
666 1575 695 1609 οἷ
712 1573 919 1615 Πελοπίδαι,
946 1573 1004 1608 καὶ
1024 1575 1045 1618 ἡ
1064 1574 1181 1610 Πελο-

149 1631 316 1677 πόννησος
336 1633 380 1674 εἷς
399 1631 518 1672 αὐτοὺς
537 1630 693 1682 ἀφεώρα,
710 1631 768 1667 καὶ
784 1630 866 1667 αὐτὸ
886 1630 1035 1678 τοῦνομα
1054 1629 1181 1680 ἔχουσα

149 1692 209 1726 ἀπ’
228 1689 378 1735 ἐκείνων,
399 1690 488 1738 τρεῖς
510 1689 573 1734 ἤδη
594 1690 758 1740 πρότερον
776 1687 955 1730 ἀλλάξασα
969 1688 1029 1730 τὰς
1049 1689 1181 1724 ἐπωνυ-

149 1748 243 1795 μίας.
302 1747 384 1785 Ἐπὶ
406 1747 466 1795 μὲν
488 1747 555 1797 γὰρ
583 1744 715 1788 Ἄπεως
735 1750 793 1783 τοῦ
816 1746 1006 1797 Φορωνέως
1026 1746 1181 1782 ἐκαλεῖτο

149 1805 249 1850 Ἀπίη
261 1805 341 1851 ,ἐπὶ
363 1804 396 1841 δὲ
418 1807 600 1855 Πελασγοῦ
618 1808 676 1842 τοῦ
697 1803 900 1854 αὐτόχθονος
917 1802 1110 1852 Πελασγία,
1125 1803 1181 1841 ἐπὶ

149 1862 182 1899 δὲ
198 1862 233 1900 Ἄ
243 1878 321 1914 ργου
342 1862 400 1899 καὶ
419 1860 504 1907 αὐτὴ
522 1861 712 1911 ὁμωνύμως
731 1861 886 1899 ἐκαλεῖτο
905 1859 1025 1911 Ἄργος
1037 1890 1047 1908 ,
1067 1860 1123 1897 ἐπὶ
1147 1859 1181 1897 δὲ

150 1920 304 1963 Πέλοπος
332 1924 391 1957 τοῦ
412 1921 469 1956 τὸν
501 1920 674 1968 Οἰνόμαον
697 1919 899 1965 νικήσαντος
920 1917 1182 1964 Πελοπόννησος

149 1978 228 2029 ἔσχε
247 1982 345 2016 τοῦτο
367 1978 404 2014 τὸ
425 1977 538 2029 κύριον
561 1978 684 2027 ὄνομα.
711 1997 725 2010 »

634 2072 694 2108 33.

170 2183 173 2186 ⁴
199 2167 286 2201 Exc.
313 2167 364 2200 De
383 2167 468 2201 virt.
493 2178 499 2198 :

147 2222 310 2257 Οαονιδῶν
329 2222 375 2271 (1)
395 2220 487 2269 γένος
510 2219 548 2257 τὸ
571 2219 718 2256 παλαιὸν
748 2221 782 2256 ἐν
813 2222 882 2261 τοῖς
900 2216 1053 2265 εΈλλησι
1081 2235 1180 2270 πρω-

146 2278 265 2315 τεύειν·
287 2278 402 2328 ὥσπερ
424 2278 481 2314 καὶ
502 2277 661 2320 (Ησίοδος
681 2292 783 2328 φησιν
807 2278 840 2314 ἐν
855 2276 1003 2319 τούτοις·

522 2160 607 2200 ςὈτι
627 2162 736 2198 ἐδόκει
753 2162 913 2213 φρονήσει
929 2160 967 2197 τὸ
990 2163 1057 2197 τῶν
1075 2161 1179 2210 Ἀμυ-

187 2358 290 2395 Ἀλκην
309 2359 360 2397 μὲν
375 2359 431 2398 γὰρ
446 2359 557 2388 ἔδωκεν
572 2358 739 2397 Ὀλύμπιος
753 2358 915 2397 Αἰακίδῃσι
926 2380 934 2394 ,

186 2409 256 2435 νοῦν
271 2405 296 2435 r3⁷
312 2405 537 2444 Ἀμυθάονίδαις
550 2428 558 2442 ,
578 2406 708 2435 πλοῦτον
722 2405 747 2434 δ’
760 2404 843 2444 ἔπορ’
863 2404 906 2442 (2)
921 2403 1095 2443 Ἀτρείδῃσι.

633 2493 694 2533 311.

203 2587 288 2618 Ιὲκς.
314 2587 367 2619 De
386 2585 494 2620 insid.
520 2598 525 2618 :
549 2582 630 2619 ’Ότι
653 2582 811 2632 Αἴγισθος
828 2582 1067 2632 Ἀγαμέμνονα
1089 2582 1180 2619 κτεί-

147 2656 204 2682 νας
224 2640 279 2677 τον
312 2640 455 2690 βασιλέα
477 2640 658 2689 συμὸὀυλῇ
687 2643 748 2685 τῆς
770 2639 928 2689 γυναικὸς
955 2638 1178 2687 Κλυταιμνή-

950 206 1157 245 NlCOLAl
1188 207 1483 247 DAMASCENI

1247 298 1357 329 tenuit.
1377 298 1528 337 Suscepto
1550 297 1657 328 autem
1682 296 1714 327 in
1737 296 1890 329 Davidem
1915 298 2036 330 Judaeae
2052 307 2156 339 regem
2172 299 2273 339 bello,

1245 379 1345 410 quum
1359 370 1466 401 multis
1486 370 1599 409 praeliis
1612 369 1818 409 decertasset,
1841 371 1999 410 postremo
2021 371 2061 402 ad
2083 372 2274 412 Euphratem

1246 445 1413 475 commisso
1425 445 1478 484 ,111
1491 453 1555 483 quo
1578 444 1681 475 victus
1702 445 1770 483 est,
1793 444 2070 484 praestantissimus
2088 455 2196 486 regum
2208 455 2277 479 esse

1246 526 1346 557 quum
1367 517 1479 549 robore
1498 519 1568 548 tum
1585 517 1769 548 fortitudine
1794 517 1880 549 visus
1895 519 1953 549 est.
1982 532 1995 545 υ
2018 519 2064 551 Ad
2084 519 2152 551 haec
2168 524 2275 552 autem

1245 592 1276 621 et
1295 590 1334 621 de
1354 591 1483 630 posteris
1498 591 1565 629 ejiis
1578 591 1686 622 narrat
1702 590 1787 630 quod
1804 592 1873 630 post
1889 591 1973 622 illius
1989 592 2111 623 obitum
2135 593 2216 624 alius
2236 594 2277 625 ab

1245 660 1306 691 alio
1322 669 1450 699 regnum
1460 661 1552 691 simul
1567 663 1598 692 et
1611 670 1726 692 nomen
1739 663 1940 701 acceperunt,
1955 663 2040 695 hisce
2053 664 2177 695 verbis:
2195 677 2210 691 «
2224 667 2269 696 Eo

1246 737 1391 774 mortuo,
1412 736 1527 775 posteri
1546 736 1614 775 ejus
1631 736 1663 766 in
1677 736 1784 767 decem
1808 738 1918 768 aetates
1933 740 2120 778 regnarunt,
2134 747 2278 779 unoquo·

1245 817 1307 848 que
1331 817 1350 839 a
1373 809 1461 848 patre
1482 808 1575 839 simul
1603 817 1675 839 cum
1701 809 1833 848 imperio
1855 809 1916 840 hoc
1937 809 2032 841 etiam
2055 819 2172 842 nomen
2191 811 2276 842 acci-

1245 878 1366 917 piente,
1393 878 1430 908 ut
1453 877 1615 909 Ptolemaei
1644 877 1675 908 in
1700 879 1846 917 AEgypto.
1884 880 2006 909 Horum
2036 887 2111 910 vero
2145 880 2274 919 tertius,

1244 955 1343 985 quum
1367 946 1504 977 multum
1532 946 1730 985 invaluisset,
1759 947 1810 977 avi
1836 946 1957 978 cladem
1983 947 2065 978 bello
2101 948 2276 980 instaurare

1249 1016 1377 1054 volens,
1407 1016 1584 1055 regionem,
1601 1024 1675 1055 quae
1702 1024 1787 1046 nunc
1815 1017 1977 1048 samaritis
1989 1016 2117 1055 dicitur,
2141 1018 2271 1057 popula·

1245 1086 1295 1115 tus
1318 1085 1376 1115 est.
1394 1097 1408 1110 »
1425 1086 1460 1114 ln
1482 1084 1542 1114 hoc
1564 1085 1699 1114 autema
1712 1084 1846 1115 veritate
1859 1093 1921 1115 non
1939 1084 2106 1116 aberravit.
2122 1086 2180 1117 Hic
2192 1086 2274 1117 enim

1245 1155 1291 1184 est
1304 1152 1431 1185 Adadus
1446 1153 1514 1192 qui,
1527 1152 1652 1184 Achabo
1664 1152 1746 1192 apud
1760 1152 1915 1184 israelitas
1927 1155 2088 1193 regnante,
2102 1155 2275 1186 Samariam

1245 1223 1370 1253 invasit.

1732 1320 1786 1350 32,

1286 1407 1520 1447 Peloponnesus
1536 1406 1687 1437 trifariam
1700 1406 1856 1446 appellata
1872 1408 1936 1446 est,
1962 1408 1998 1438 ut
2011 1407 2119 1438 scribit
2129 1407 2276 1440 Nicolaus

1246 1475 1458 1507 Damascenus
1466 1475 1545 1506 libro
1555 1476 1670 1515 quarto
1678 1475 1886 1507 Historiarum
1895 1475 1942 1506 his
1952 1475 2073 1507 verbis:
2087 1489 2100 1502 «
2113 1478 2182 1513 Qua
2192 1478 2274 1508 tem-

1244 1545 1364 1583 pestate
1377 1553 1470 1584 super
1483 1545 1604 1575 ceteros
1621 1545 1775 1584 potestate
1787 1545 1878 1584 longe
1899 1544 2081 1575 eminebant
2094 1545 2253 1585 Pelopidae
2265 1570 2274 1584 ,

1243 1609 1373 1647 totaque
1387 1608 1431 1639 eis
1449 1608 1680 1648 Peloponnesus
1695 1607 1842 1647 parebat,
1857 1608 1897 1638 ab
1918 1608 1956 1639 iis
1970 1617 2095 1648 quoque
2118 1609 2195 1640 illud
2214 1617 2272 1640 no·

1243 1680 1316 1702 men
1329 1673 1450 1710 sortita,
1463 1680 1563 1711 quum
1576 1672 1670 1702 antea
1677 1671 1777 1702 tribus
1790 1671 1920 1702 diversis
1929 1672 2110 1704 nominibus
2118 1673 2273 1712 appellata

1241 1736 1307 1775 jam
1329 1735 1449 1766 suisset.
1465 1735 1522 1774 Api
1539 1735 1624 1766 enim
1649 1736 1797 1774 regnante
1822 1735 1894 1774 (qui
1912 1735 2068 1767 Phoronei
2084 1736 2167 1768 filius
2189 1737 2270 1776 suit)

1244 1799 1321 1838 Apia
1337 1799 1475 1830 vocitata
1490 1799 1549 1829 est.
1571 1799 1698 1838 Pelasgo
1717 1800 1823 1830 autem
1841 1799 1983 1838 indigena
2000 1808 2048 1830 res
2069 1801 2195 1832 tenente
2209 1803 2268 1832 Pe-

1244 1862 1339 1901 lasgia
1355 1863 1402 1893 est
1425 1863 1549 1892 vocata.
1564 1864 1647 1901 Argo
1660 1861 1772 1893 deinde
1785 1861 1976 1902 imperante,
1998 1871 2038 1893 ex
2057 1862 2124 1902 ejus
2141 1864 2268 1895 nomine

1246 1926 1332 1956 dicta
1342 1928 1441 1965 Argos
1451 1926 1509 1956 est.
1524 1926 1684 1956 Postremo
1698 1925 1756 1956 sub
1769 1925 1896 1964 Pelope,
1908 1926 1961 1965 11111
1977 1927 2173 1958 OEnomaum
2191 1928 2272 1958 vice-

1244 1990 1304 2028 rat,
1324 1989 1558 2028 Peloponnesus
1571 1988 1833 2028 cognominatam
1846 1997 1883 2019 eo
1897 1988 2024 2020 nomine
2037 1989 2207 2028 acquievit.
2228 2003 2243 2018 »

1731 2078 1788 2110 33.

1284 2166 1525 2206 Amythaonidae
1543 2166 1618 2197 olim
1632 2166 1714 2206 apud
1739 2168 1866 2198 Graecos
1890 2175 1955 2206 prae
1977 2169 2090 2199 ceteris
2106 2167 2273 2207 prudentia

1245 2224 1377 2255 valuisse
1393 2224 1552 2263 videntur,
1572 2224 1842 2264 quemadmodum
1864 2224 2018 2257 Hesiodus
2033 2234 2159 2264 quoque
2175 2227 2271 2256 testa-

1243 2283 1296 2313 tur
1313 2282 1359 2313 his
1375 2282 1514 2313 versibus
1532 2296 1537 2312 :

1313 2357 1449 2392 Juppiter
1465 2357 1590 2384 AEacidis
1605 2357 1696 2385 robur
1709 2357 1839 2391 donavit,
1854 2364 1979 2393 opesque

1313 2408 1436 2441 Atridis,
1450 2411 1579 2435 mentem
1596 2408 1677 2435 vobis
1687 2428 1694 2440 ,
1711 2408 1896 2442 Amythaone
1910 2409 1982 2435 nati.

1729 2499 1785 2530 34.

1283 2588 1440 2627 AEgisthus
1454 2589 1621 2627 postquam
1636 2591 1901 2626 Agamemnonem
1922 2595 2025 2626 regem
2047 2588 2176 2619 consilio
2191 2589 2267 2628 Cly—

1241 2646 1434 2676 taemnestrae
1460 2645 1567 2675 uxoris
1593 2644 1809 2683 interfecerat,
1842 2645 1985 2675 Orestem
2016 2653 2145 2685 quoque
2168 2646 2268 2677 filium

146 2750 218 2780 «lem
241 2749 365 2788 propria
383 2749 442 2779 illis
465 2749 666 2779 Damascenis
689 2749 812 2787 regibus
829 2749 940 2786 fuisse,
959 2748 1012 2779 sed
1030 2748 1190 2778 communi
1208 2748 1394 2786 cognomine
1412 2748 1519 2778 Adadi.
1539 2750 1615 2779 Nam
1635 2748 1685 2778 cui
1705 2748 1817 2778 melius
1833 2748 1872 2779 de
1889 2748 1948 2778 hac
1962 2757 1995 2779 re
2011 2748 2158 2779 credetur
2171 2757 2268 2788 quam

148 2795 294 2832 Nicolao,
313 2795 366 2832 qui
386 2796 598 2825 l)amasc‹=1ms
615 2796 681 2825 erat
698 2797 728 2825 et
742 2804 778 2825 ex
800 2796 1066 2825 Damascenorum
1084 2794 1282 2825 tabularibus
1304 2794 1363 2825 ista
1377 2793 1602 2834 depromserat.
1624 2807 1637 2820 »ι
1654 2796 1821 2825 semona.
1842 2811 1883 2816 -—
1897 2798 1926 2825 3.
1950 2805 1972 2824 π
1983 2794 2025 2824 ὄλ
2036 2805 2049 2824 ε
2062 2805 2082 2833 μ
2093 2805 2160 2824 ον..
2177 2796 2268 2834 πρὸς

148 2840 354 2879 Δαυίδην]
376 2841 426 2870 Cl‘.
450 2841 586 2871 Samuel.
611 2842 635 2870 ΙΙ
651 2864 658 2878 ,
678 2845 714 2877 8,
737 2845 772 2879 53
794 2840 910 2871 Chrou.
929 2843 960 2878 Ι,
979 2844 1026 2871 18.

188 2891 238 2917 32.
264 2888 326 2917 Res
352 2889 577 2918 Perorossizsi.
604 2886 750 2917 Nicotaus
775 2887 854 2917 libro
871 2889 983 2925 quarto
1001 2887 1203 2927 Peloponnesi
1227 2888 1388 2918 historiam
1408 2887 1480 2917 inde
1500 2896 1518 2918 a
1534 2887 1676 2926 Trojanis
1688 2886 1896 2926 temporibus,
1913 2888 1944 2918 et
1958 2895 2022 2926 prae
2035 2886 2145 2918 ceteris
2163 2895 2267 2918 rerum

148 2933 386 2970 conversioneS,
404 2941 475 2971 111110
498 2933 735 2963 Heraclidarum
752 2933 936 2963 descensum
954 2936 1071 2964 secutae
1092 2936 1182 2972 sunt,
1201 2934 1357 2974 exposuit.
1374 2934 1591 2972 Antiquiorem
1611 2933 1814 2972 Peloponnesi
1841 2933 2003 2964 historiam
2016 2957 2025 2972 ,
2047 2937 2132 2964 certe
2148 2933 2268 2964 fabulas

146 2981 215 3019 ejus
234 2979 463 3018 celeberrimas,
477 2979 540 3017 jam
555 2981 739 3009 nam-avvrat
753 2980 832 3009 libro
853 2980 956 3010 tertio.
976 2982 1095 3011 Verum
1111 2981 1216 3012 denuo
1233 2982 1272 3012 ad
1289 2981 1417 3020 antiqua
1431 2980 1481 3010 illa
1500 2980 1531 3010 in
1549 2980 1608 3010 hoc
1622 2979 1700 3010 libro
1719 2978 1898 3017 adscendit,
1921 2979 1987 3010 sive
1999 2979 2083 3018 1111011
2101 2987 2185 3009 1111110
2205 2978 2262 3009 de·

147 3035 233 3058 mum
248 3026 438 3062 singularum
458 3026 589 3055 Gra-eim
609 3025 772 3055 civitatum
793 3026 951 3056 historiam
967 3035 1005 3056 ex
1025 3027 1162 3064 professo
1181 3029 1238 3059 sibi
1253 3028 1448 3059 tractandam
1465 3028 1594 3064 sumsit,
1615 3027 1680 3057 sive
1696 3026 1780 3064 1111011
1794 3026 1910 3065 priscas
1925 3034 2029 3056 rerum
2047 3025 2266 3056 conversiones

147 3073 253 3113 paucis
272 3071 535 3110 eomprehemlere
552 3072 651 3102 voluit
663 3096 670 3110 ,
693 3073 862 3110 antequam
879 3072 917 3102 ad
937 3081 1084 3109 magnum
1107 3075 1201 3106 istum
1220 3074 1458 3106 lleraclidarum
1475 3077 1597 3104 motum
1614 3072 1785 3104 accederet.
1806 3073 1904 3112 idque
1921 3080 1984 3102 non
2005 3073 2069 3102 tam
2091 3080 2147 3102 suo
2161 3072 2262 3103 Marte

147 3121 291 3152 Nicolaus
315 3120 439 3157 lecerit,
462 3128 558 3157 quam
581 3119 666 3157 quod
690 3119 733 3148 sic
757 3119 871 3149 fecerat
894 3120 1055 3158 Ephorus,
1079 3121 1133 3159 11111
1156 3121 1281 3151 initimn
1303 3129 1369 3150 suae
1393 3119 1530 3150 historiae
1550 3119 1685 3149 reditiun
1702 3118 1940 3149 Heraclidarnm
1965 3119 2127 3157 posuerat,
2151 3127 2263 3157 quem-

147 3176 209 3206 que
226 3167 255 3197 in
277 3166 334 3196 hae
349 3165 556 3196 Historiarum
576 3169 661 3203 part«¹
679 3165 824 3195 Nicolaus
843 3166 954 3195 ducein
978 3165 1036 3195 sibi
1052 3167 1170 3205 selegit.
1187 3187 1226 3193 -
1249 3166 1342 3203 Quod
1359 3175 1425 3197 rem
1441 3165 1554 3196 attinet
1570 3165 1602 3196 11.
1619 3165 1640 3195 l.
1656 3167 1835 3204 narratam,
1852 3173 1925 3195 cum
1947 3164 2062 3195 nostris
2074 3172 2264 3204 componere

149 3215 221 3245 licet
236 3212 414 3252 Apollodor.
438 3214 484 3249 ll,
508 3216 532 3242 1.
553 3212 609 3242 Alii
628 3212 717 3242 aliter
735 3221 800 3241 rem
818 3211 1022 3242 adornarunt.

188 3264 238 3290 33.
267 3258 342 3290 coci.
371 3260 447 3289 Τιιν.
459 3258 526 3296 jol.
548 3261 601 3289 1514
613 3282 621 3295 ,
637 3261 715 3288 7-10
731 3266 760 3288 r.
783 3261 805 3287 11
822 3258 848 3288 'A
862 3258 947 3296 μυΟ.
960 3257 969 3296 l
984 3258 1086 3296 Ἀμαθ.
1105 3258 1230 3288 0011-
1245 3263 1273 3289 2.
1292 3257 1317 3288 δ’
1333 3258 1425 3296 ἔπορ’
1438 3257 1448 3297 ]
1463 3265 1586 3287 correx.
1601 3256 1659 3287 viri
1673 3255 1724 3287 dd.
1738 3266 1745 3293 ;
1761 3257 1791 3287 δὲ
1807 3257 1878 3296 παρ’
1896 3255 2014 3294 codex3
2030 3257 2061 3286 δέ
2077 3267 2132 3297 περ
2149 3256 2262 3288 Suidas

149 3317 177 3336 v.
195 3307 289 3343 ἀλκή,
317 3306 368 3335 uhi
395 3314 430 3335 ex
459 3305 572 3335 nostris
595 3307 671 3335 lixo,
690 3312 800 3334 versus
819 3303 848 3333 hi
875 3304 1060 3333 asteruntur.
1081 3306 1118 3333 V.
1139 3304 1263 3334 Hesiod.
1281 3305 1318 3334 t‘r.
1341 3308 1410 3341 103,
1429 3312 1459 3342 p.
1476 3306 1512 3333 fisi
1531 3302 1581 3333 ed.
1597 3302 1701 3333 Didot.
1718 3305 1762 3334 De
1779 3302 2016 3341 Amythaonidis
2035 3303 2180 3340 (Biante,
2197 3304 2261 3333 Me-

149 3353 268 3392 lampu,
288 3352 497 3390 ,nuptum-aot
518 3359 545 3379 v.
569 3350 746 3389 Apollodor.
769 3352 776 3379 1
794 3374 800 3387 ,
817 3353 853 3386 0,
881 3353 916 3379 tu
934 3349 1038 3388 ibique
1057 3351 1175 3387 Hem,
1197 3350 1401 3380 lirkermann.
1424 3350 1609 3388 Melampus
1629 3357 1662 3379 11.
1681 3350 1749 3379 sein
1774 3348 1978 3380 δοκι-11110111.
1998 3349 2146 3387 Gmtting.
2168 3351 2254 3379 1810.
