2289 3728
925 152 1249 190 FRAGMENTA.

14 255 89 286 νην.
114 238 270 276 Καθόλου
292 239 318 274 δ’
340 238 379 274 ἂν
399 232 490 283 εἷπε,
510 238 624 288 φησὶν,
646 236 722 274 ἰδών
748 252 796 278 τις
807 237 880 278 τοὺς
901 236 1036 282 τόπους,

14 296 202 347 θησαυροὺς
227 291 313 332 εἶναι
333 298 462 347 φύσεως
491 294 666 339 ἀενάους-ἢ
683 300 836 343 ταμιεῖον
856 295 1038 344 ἡγεμονίας

14 354 251 392 ἀνέκλειπτον·
276 355 313 390 οὐ
341 353 406 403 γὰρ
426 352 573 390 πλουσία
596 353 711 401 μόνον,
745 351 833 389 ἀλλὰ
861 353 920 389 καὶ
953 353 1039 389 ὑπό-

13 415 157 454 πλουτος
176 406 229 458 ἦν,
247 410 361 461 φησὶν,
380 415 400 456 ἡ
421 410 536 461 χώρα,
554 411 611 447 καὶ
630 410 714 460 παρ’
732 409 867 452 ἐκείνοις
884 413 929 453 ὡς
950 412 1038 455 ἀλη-

13 473 79 512 θῶς
97 470 153 506 τὸν
171 470 370 519 ὑποχθόνιον
387 469 490 505 τόπον
512 469 576 518 οὐχ
595 470 612 504 ὁ
630 467 760 522 (ᾍδης,
782 467 857 504 ἀλλ’
881 471 898 505 ὁ
918 467 1039 505 Πλού-

14 543 81 564 των
116 530 288 564 κατοικεῖ.
315 528 470 563 Τοιαῦτα
507 525 566 574 μὲν
592 519 650 562 οὖν
684 526 718 562 ἐν
736 526 853 577 ὡραίῳ
885 526 1040 576 σχήματι

14 585 128 635 εἴρηκε
163 584 241 634 περὶ
265 583 405 628 τούτων,
440 585 484 625 ὡς
519 582 559 618 ἂν
584 584 622 619 ἐκ
654 583 824 631 μετάλλου
852 583 910 620 καὶ
943 583 1041 625 αὐτὸς

13 643 128 692 πολλῷ
147 641 323 693 χρώμενος
349 643 397 690 τῷ
415 641 519 691 λόγῳ.
541 639 615 685 Τὴν
640 640 667 676 δ’
687 640 884 688 ἐπιμέλειαν
905 640 1040 692 φράζων

13 700 73 745 τὴν
87 702 153 737 τῶν
179 698 454 748 μεταλλευόντων
475 698 686 749 παρατίθησι
706 697 814 735 τὸτοῦ
836 698 1041 749 Φαληρέως,

13 757 64 794 ὅτι
92 757 192 809 φησὶν
219 757 341 798 ἐκεῖνος
361 756 416 793 ἐπὶ
444 758 512 792 τῶν
544 755 706 793 Ἀττικῶν
733 755 919 807 ἀργυρείων
953 756 1042 793 οὕτω

14 815 182 857 συντόνως
196 813 347 865 ὀρύττειν
367 813 442 855 τοὺς
460 813 658 864 ἀνθρώπους
671 842 680 859 ,
700 815 744 855 ὡς
761 813 800 850 ἂν
819 815 1043 864 προσδοκῶν-

14 889 74 916 τας
90 872 190 910 αὐτὸν
212 871 346 915 ἀνάξειν
364 871 421 908 τὸν
441 872 633 909 Πλούτωνα
648 887 655 894 ·
685 871 743 908 καὶ
760 870 885 908 τούτων
904 867 959 908 οὖν
978 873 1043 920 ἐμ-

13 931 143 982 φανίζει
167 929 413 981 παραπλησίαν
436 929 495 972 τὴν
517 929 666 974 σπουδὴν
698 929 756 966 καὶ
775 928 836 974 τὴν
857 929 1044 980 φιλεργίαν,

13 988 152 1030 σκολιὰς
168 987 358 1036 τεμνόντων
377 986 434 1023 καὶ
454 985 591 1036 βαθείας
607 987 665 1028 τὰς
680 987 842 1037 σύριγγας
855 1015 865 1034 ,
885 989 942 1023 καὶ
962 987 1044 1037 πρὸς

13 1045 88 1087 τοὺς
108 1047 140 1081 ἐν
161 1045 279 1086 αὐταῖς
293 1045 515 1086 ἀπαντῶντας
528 1043 701 1092 ποταμοὺς
716 1044 881 1086 πολλάκις
896 1047 964 1086 τοῖς
981 1046 1047 1082 Αἰ-

13 1103 163 1153 γυπτίοις
187 1100 440 1138 ἀναντλούντων
461 1101 628 1152 κοχλίαις·
653 1101 708 1138 τὸν
730 1101 825 1139 δόλον
847 1103 901 1151 (τὸ
920 1101 954 1139 δὲ
979 1104 1049 1139 λοι·

13 1161 76 1198 πον
88 1162 118 1209 Ρ)
136 1161 172 1197 οὐ
186 1158 290 1196 ταύτὸ
305 1153 389 1195 εἶναι
404 1159 532 1201 τούτοις
545 1174 609 1196 που
626 1159 684 1195 καὶ
699 1164 767 1201 τοῖς
782 1159 960 1209 Ἀττικοῖς,
974 1161 1047 1196 ἀλλ’

15 1218 149 1260 ἐκείνοις
164 1216 223 1266 μὲν
245 1217 418 1267 αἰνίγματι
439 1216 583 1253 ἐοικέναι
600 1216 660 1262 τὴν
679 1217 895 1266 μεταλλείαν·
910 1217 972 1254 ὅσα
989 1216 1049 1266 μὲν

14 1278 79 1327 γὰρ
93 1275 270 1322 ἀνέλαὸον,
281 1275 396 1326 φησὶν,
410 1277 470 1312 οὐκ
483 1275 617 1321 ἕλαὸον,
627 1275 689 1312 ὅσα
702 1275 736 1312 δὲ
749 1269 851 1326 εἶχον,
862 1275 1050 1312 ἀπέὸαλον·

15 1334 142 1376 τούτοις
154 1335 182 1370 δ’
201 1333 373 1384 ὑπεράγαν
386 1334 569 1382 λυσιτελῆ,
585 1339 654 1375 τοῖς
671 1332 732 1382 μὲν
747 1335 973 1384 χαλκουργοῒς
992 1333 1052 1370 τέ-

15 1408 135 1443 ταρτον
153 1391 251 1442 μέρος
267 1390 423 1440 ἐξάγουσι
438 1393 497 1435 τῆς
508 1394 569 1441 γῆς
584 1390 641 1427 τὸν
655 1391 799 1441 χαλκὸν,
815 1392 883 1433 τοῖς
898 1391 931 1427 δὲ
947 1393 1052 1442 ἀργυ-

17 1450 150 1502 ρεύουσι
167 1452 232 1486 τῶν
250 1450 393 1487 ἰδιωτῶν
408 1450 441 1486 ἐν
457 1449 563 1500 τρισὶν
580 1448 726 1499 ἡμέραις
741 1449 909 1487 Εὐὸοϊκὸν
925 1450 1052 1486 τάλαν-

15 1523 70 1544 τον
88 1507 269 1557 ἐξαίρουσι.
292 1507 361 1544 Τὸν
377 1506 411 1542 δὲ
425 1505 621 1557 καττίτερον
634 1507 694 1542 οὐκ
714 1507 878 1551 ἐπιπολῆς
899 1507 1051 1557 εὑρίσκε-

17 1565 94 1601 σθαί
108 1579 223 1616 φησιν,
239 1565 283 1606 ὡς
293 1562 566 1614 τοὺςὶστορικοὺς
580 1565 723 1614 θρυλεῖν,
740 1564 816 1600 ἀλλ’
828 1563 1028 1615 ὀρύττεσθαι
1042 1579 1049 1586 ·

17 1627 197 1672 γεννᾶσθαι
214 1623 242 1658 δ’
260 1621 293 1658 ἔν
311 1637 346 1658 τε
360 1622 427 1663 τοῖς
444 1619 527 1671 ὑπὲρ
544 1620 621 1664 τοὺς
635 1621 846 1664 Λυσιτανοὺς
866 1622 1052 1673 βαρὸάροις

19 1680 77 1717 καὶ
99 1683 130 1717 ἐν
148 1683 220 1722 ταῖς
243 1678 462 1730 Καττιτερίσι
487 1678 620 1725 νήσοις,
643 1679 703 1716 καὶ
724 1681 761 1716 ἐκ
778 1682 845 1717 τῶν
863 1683 1051 1731 Βρεττανι-

17 1741 85 1775 κῶν
118 1737 152 1773 δὲ
185 1739 230 1779 εἰς
259 1736 319 1781 τὴν
353 1735 562 1774 Μασσαλίαν
598 1736 807 1785 κομίζεσθαι.
838 1737 899 1775 Ἐν
916 1736 950 1774 δὲ
985 1740 1053 1778 τοῖς

19 1795 239 1846 Ἀρτάόροις,
266 1793 297 1831 οἳ
320 1797 382 1840 τῆς
408 1793 616 1836 Λυσιτανίας
642 1793 782 1832 ὕστατοι
811 1795 894 1846 πρὸς
924 1795 1050 1846 ἄρκτον

20 1852 78 1889 καὶ
97 1852 190 1888 δύσιν
209 1851 308 1899 εἰσὶν,
337 1852 483 1894 ἐξανθεῖν
503 1850 585 1901 φησὶ
605 1850 666 1896 τὴν
688 1854 751 1901 γῆν
773 1852 939 1903 ἀργυρίῳ,
969 1867 1052 1888 κατ-

18 1910 161 1962 τιτέρῳ,
180 1910 313 1961 χρυσίῳ
336 1911 465 1960 λευκῷ·
484 1909 709 1960 ἅργυρομιγὲς
729 1910 793 1961 γάρ
822 1913 894 1947 ἐστι
908 1926 915 1933 ·
936 1910 995 1955 τὴν
1017 1909 1052 1947 δὲ

18 1971 81 2018 γῆν
100 1967 228 2013 ταύτην
249 1967 361 2019 φέρειν
386 1966 463 2009 τοὺς
478 1967 670 2015 ποταμούς·
689 1968 751 2013 τὴν
780 1968 814 2005 δὲ
833 1968 970 2005 σκαλίσι
994 1967 1054 2009 τὰς

18 2032 180 2076 γυναῖκας
215 2025 393 2073 διαμώσας
425 2024 562 2061 πλύνειν
595 2027 627 2062 ἐν
662 2026 858 2076 ἠθητηρίοις
894 2027 1053 2068 πλεκτοῖς

20 2084 75 2121 ἐπὶ
102 2084 235 2128 κίστην.
257 2078 367 2125 Οὗτος
385 2081 444 2131 μὲν
468 2083 546 2134 περὶ
562 2085 628 2120 τῶν
655 2085 834 2133 μετάλλων
857 2085 987 2121 τοιαῦτ’
1005 2083 1053 2120 εἴ-

21 2157 115 2191 9⁷1st-

72 2203 126 2235 Ex
144 2200 345 2236 Posidonio
364 2213 466 2235 suam
484 2201 529 2235 de
546 2201 676 2235 Iberiae
703 2203 858 2237 metallis
873 2204 1053 2237 narratio·

20 2271 105 2294 nem
120 2265 306 2293 mutuatus
325 2266 378 2293 est
394 2259 585 2293 Diodorus
601 2261 644 2302 V,
664 2259 708 2303 37
726 2272 809 2306 sqq.
829 2260 958 2294 iisdem
977 2260 1053 2295 fere

22 2318 156 2364 quibus
172 2318 305 2352 Strabo
321 2317 508 2352 interdum
528 2319 648 2353 verbis
663 2330 747 2353 usus
767 2331 774 2352 ε
794 2331 826 2355 e..
847 2331 883 2366 g.
902 2331 982 2365 cap.
1005 2319 1051 2364 37

0 2405 2 2408 ,
21 2376 102 2411 init.
124 2373 312 2423 ΖΜεγάλην
335 2373 363 2409 δ’
384 2372 455 2423 ἔχει
475 2372 702 2424 παραλλαγὴν
715 2372 756 2410 τὰ
770 2373 925 2422 μέταλλα
942 2378 1051 2411 ταῦτα

22 2430 269 2480 συγκρινόμενα
286 2430 354 2472 τοῖς
368 2429 457 2466 κατὰ
473 2429 533 2475 τὴν
553 2430 723 2476 Ἀττικήν.
748 2431 887 2469 Ἐκεῖνα
909 2430 970 2481 μὲν
987 2432 1052 2484 γὰρ

22 2489 52 2524 οἱ
70 2487 331 2536 μεταλλεύοντες
347 2487 405 2524 καὶ
425 2491 486 2534 τῆς
512 2488 673 2539 ἐργασίας
691 2489 841 2538 μεγάλας
858 2489 1054 2539 προϊέμενοι

24 2546 176 2587 δαπάνας
191 2545 212 2581 ἃ
228 2544 287 2594 μὲν
302 2545 453 2591 ἤλπισαν
472 2546 575 2583 ἐνίοτε
589 2546 709 2583 λαὸεῖν
727 2548 787 2583 οὐκ
812 2546 950 2594 ἔλαὸον,
979 2547 1000 2584 ἃ
1022 2549 1052 2584 δ’

23 2674 62 2705 de
78 2674 125 2705 his
138 2674 231 2704 rebus
240 2674 394 2714 loquitur,
405 2675 494 2714 quasi
506 2683 545 2706 ex
559 2675 692 2706 metallis
701 2676 732 2706 et
746 2675 810 2715 ipse
820 2676 945 2715 copiosa
959 2676 1055 2707 verba

24 2726 183 2756 extulerit.
204 2725 402 2764 Diligentiam
421 2735 516 2765 porro
542 2726 727 2757 fodientium
750 2727 892 2758 indicans
914 2727 1055 2758 Phalerei

26 2776 217 2815 (Demetrii)
236 2776 312 2806 illud
337 2776 457 2807 dictum
479 2777 628 2815 adducit,
652 2778 705 2816 qui
724 2777 763 2808 de
785 2777 897 2809 Atticis
920 2779 1055 2809 metallis

25 2827 146 2858 dixerat
159 2829 246 2858 tanta
262 2827 442 2859 assiduitate
457 2829 598 2859 homines
608 2829 650 2859 ibi
667 2829 771 2860 fodere
781 2853 789 2868 ,
804 2838 840 2860 ac
853 2829 877 2860 si
892 2832 1055 2869 sperarent

26 2887 59 2909 se
83 2879 184 2918 ipsum
207 2879 373 2909 Plutonem
399 2878 486 2918 (sive
509 2879 633 2918 Ditem)
661 2881 825 2918 eruturos;
851 2882 948 2919 atque
972 2889 1057 2911 nunc

27 2932 73 2961 Tu
79 2930 279 2960 rdeta'norum
289 2929 421 2960 similem
433 2929 627 2960 demonstrat
637 2930 822 2961 industriam
833 2930 1058 2971 laborandique

29 2981 183 3019 studium,
207 2980 263 3020 qui
288 2980 459 3019 profundos
480 2980 688 3020 obliquosque
709 2982 802 3020 agant
818 2981 1001 3020 cuniculos,
1027 2983 1058 3014 et

31 3032 143 3062 iluvios
154 3056 162 3071 ,
179 3033 233 3071 qui
249 3041 332 3071 saepe
352 3032 383 3062 in
407 3032 473 3063 istis
494 3034 688 3071 occurrunt,
706 3033 892 3063 exhauriant
909 3035 1058 3073 AEgyptiis

30 3083 173 3113 cochleis.
190 3084 339 3114 Ceterum
355 3091 418 3113 non
432 3082 514 3114 idem
529 3083 655 3114 evenire
666 3083 714 3113 his
726 3084 822 3122 atque
835 3084 945 3114 Atticis
961 3093 1057 3116 :nam

31 3135 113 3174 apud
127 3135 184 3166 hos
197 3136 352 3167 metallica
365 3144 458 3175 opera
471 3136 571 3167 simile
585 3136 744 3176 quippiam
758 3136 873 3167 habere
885 3137 1059 3175 aenigmatis

32 3184 115 3216 illius
133 3195 140 3216 ε
157 3195 228 3225 quae
245 3187 329 3217 enim
352 3187 456 3226 adepti
480 3188 616 3225 suerint,
634 3187 735 3226 inquit
747 3211 756 3226 ,
780 3187 1001 3226 Athenienses,
1021 3198 1058 3220 ea

32 3244 94 3266 non
111 3237 283 3277 percepisse
296 3262 304 3277 ,
321 3247 394 3278 quae
410 3241 516 3270 autem
533 3240 733 3278 habuissent,
748 3240 896 3271 amisisse.
942 3241 1056 3271 Turde-

33 3287 113 3318 tanis
127 3296 200 3318 vero
217 3288 268 3318 illa
289 3288 504 3320 incredibilem
522 3291 552 3321 iu
577 3290 706 3321 modum
724 3292 852 3329 prosunt
875 3304 879 3321 :
908 3291 1055 3322 nimirum

176 3351 360 3374 ι-ἰιΛωΜΕΝΤΑ
383 3353 502 3375 uisron.
524 3354 573 3374 cr..
592 3362 623 3366 —
647 3354 714 3375 νοι..
739 3354 781 3375 ιιι.

2056 163 2128 194 273

1098 232 1187 288 εἶχον
1206 238 1392 283 ἀπέδαλον,
1410 239 1497 275 ὥστε
1527 241 1634 276 δοκεῖν
1653 240 1774 283 αὐτοὺς
1792 242 1907 291 ὥσπερ
1931 241 2128 289 αἰνίγματος

1096 295 1219 345 τρόπον
1237 296 1387 345 ἀτυχεῖν.
1402 298 1474 343 (Dc
1489 300 1678 344 aenigmate
1692 301 1756 333 isto
1774 313 1807 336 v.
1827 303 1976 336 llomcr.
1999 302 2071 338 Vit,
2092 315 2123 335 c.

1099 353 1303 402 35.)Iden1
1330 368 1411 400 cup.
1439 356 1500 397 38,
1522 361 1540 396 l.
1562 369 1568 389 :
1597 354 1728 392 Γίνεται
1750 356 1783 392 δὲ
1804 357 1862 392 καὶ
1877 356 2070 407 καττίτερος
2092 359 2124 394 ἐν

1097 410 1235 451 πολλοῖς
1253 409 1369 450 τόποις
1386 413 1444 454 τῆς
1467 410 1636 460 Ἰὃηρίας,
1657 413 1717 448 οὐκ
1735 412 1768 456 ἐξ
1789 415 1952 459 ἐπιπολῆς
1969 414 2125 466 εὑρισκό-

1099 482 1213 515 μενος,
1230 468 1275 508 ὡς
1291 468 1324 503 ἐν
1352 472 1426 509 ταῖς
1443 468 1605 518 ἱστορίαις
1637 468 1723 511 τινὲς
1750 471 2010 520 τεθρυλήκασιν,
2046 474 2122 509 ἀλλ’

1099 523 1319 576 ὀρυττόμενος
1339 525 1414 562 κτλ.

1150 589 1209 624 Ad
1228 589 1340 623 verba
1357 589 1549 623 Strabonis
1569 587 1618 623 ὅτι
1645 590 1709 624 τῶν
1731 590 1866 639 δρυμῶν
1893 593 1968 628 κτλ.
1996 594 2044 630 cf.
2067 596 2129 629 Se·

1099 658 1189 680 neca
1219 647 1329 692 Epist,
1358 658 1406 692 90
1430 657 1438 680 ε
1474 648 1519 679 In
1538 646 1603 679 hoc
1626 660 1764 693 quoque
1794 650 1960 684 disis-etzelo
1998 651 2042 697 (a
2063 653 2134 685 Po-

1100 701 1286 750 sidonio),
1301 702 1629 749 sapiemus·filine,
1652 704 1818 750 qrtifl’rri
1835 710 1984 741 ‘metalla
1999 717 2033 741 et
2052 714 2135 742 (liris

1102 763 1325 800 invenerunt,
1353 772 1460 806 quum
1492 762 1656 794 incendio
1683 764 1851 796 silvarum
1885 767 2136 800 azlusmtellas

1103 820 1138 850 in
1157 830 1295 851 summo
1315 830 1431 851 venas
1446 821 1614 862 jacentes
1639 817 1839 864 liquefacta
1853 820 2023 864 fiuliszret.
2052 825 2136 857 Haec

1104 875 1209 909 sicuti
1233 876 1375 921 reliqua
1399 887 1479 920 quae
1497 876 1635 910 Scncca
1656 876 1678 912 l.
1705 877 1729 912 l.
1756 889 1774 911 e
1792 878 1993 913 Posidonio
2016 881 2134 923 attor-t,

1105 943 1149 965 ex
1172 933 1289 978 capite
1316 932 1362 966 dc
1396 933 1630 979 philosophia
1651 935 1818 967 omnium
1844 947 1966 968 rerum
2006 938 2136 971 iuven-

1105 991 1196 1024 trice
1225 990 1416 1036 desumpta
1445 998 1543 1025 sunt.
1566 992 1683 1036 Quem
1706 992 1829 1025 locum
1859 993 2076 1028 Posidonius
2102 997 2138 1028 iu

1107 1059 1220 1094 opere
1238 1044 1503 1096 Προστρεπτικὰ
1519 1049 1697 1095 inscripto
1717 1056 1885 1084 tractasse
1901 1051 2057 1085 videtur.

1160 1105 1406 1139 Historiarum
1425 1106 1547 1139 locum
1561 1133 1569 1149 ,
1591 1118 1702 1152 quem
1718 1107 1850 1141 Strabo
1869 1108 2004 1154 attigit,
2028 1109 2139 1143 Athe-

1108 1174 1206 1196 naeus
1217 1175 1367 1209 quoque
1385 1169 1468 1197 ante
1480 1164 1608 1198 oculos
1622 1164 1750 1198 habuit
1764 1165 1829 1200 lib.
1844 1166 1906 1208 VI,
1924 1177 1962 1211 p.
1984 1166 2071 1209 233,
2087 1169 2138 1209 D;

1109 1220 1194 1266 ubi,
1216 1228 1413 1267 postquam
1435 1222 1594 1255 Zenonis
1623 1223 1840 1256 sententiam
1860 1223 1906 1257 de
1926 1223 2061 1258 divitiis
2080 1238 2142 1258 ex-

1110 1277 1306 1323 posuisset,
1332 1290 1406 1323 quo
1425 1285 1541 1312 essent
1558 1278 1642 1312 loco
1663 1278 1841 1313 habendae
1855 1306 1864 1322 ,
1883 1286 1923 1313 nt
1942 1292 2063 1326 neque
2081 1294 2141 1315 cx-

1110 1335 1278 1381 petendae
1294 1347 1415 1381 neque
1433 1335 1632 1382 fugiendae,
1657 1335 1722 1370 sed
1742 1337 1779 1370 in
1793 1348 1949 1370 numero
1964 1337 2029 1371 τῶν
2046 1337 2142 1372 ἀδιαυ

1112 1391 1222 1442 φόρων
1240 1398 1374 1435 essent,
1397 1393 1545 1438 subjicit
1567 1405 1575 1429 :
1600 1392 1710 1428 Οὐδὲν
1737 1391 1803 1442 γὰρ
1819 1395 1840 1437 ἡ
1862 1392 1958 1443 φύσις
1974 1392 2143 1440 ἐκδέῧλη-

1112 1464 1167 1485 κεν
1186 1451 1224 1485 ἐκ
1244 1452 1301 1485 τοῦ
1323 1448 1452 1497 κόσμου
1470 1452 1537 1486 τῶν
1558 1448 1759 1499 εἰρημένων,
1783 1449 1861 1486 ἀλλ’
1881 1450 2038 1497 ἐποίησεν
2059 1454 2142 1489 ὓπο-

1112 1507 1220 1555 γείους
1241 1508 1351 1543 αὐτῶν
1372 1506 1499 1558 φλέὸας
1513 1537 1523 1556 ,
1541 1507 1733 1544 πολύπονον
1754 1507 1812 1544 καὶ
1828 1509 1985 1557 χαλεπὴν
2001 1509 2144 1559 ἐχούσας

1112 1565 1287 1615 ἐργασίαν,
1308 1564 1398 1607 ὅπως
1412 1567 1442 1602 οἱ
1457 1566 1533 1616 περὶ
1545 1569 1653 1602 ταῦτα
1670 1565 1917 1609 σπουδάζοντες
1935 1568 2143 1616 ὀδυνώμενοι

1114 1622 1257 1671 μετίωσι
1276 1622 1337 1667 τὴν
1367 1626 1500 1668 κτῆσιν,
1528 1622 1586 1658 καὶ
1606 1624 1670 1673 οὐχ
1696 1624 1725 1659 οἱ
1747 1624 2009 1671 μεταλλεύοντες
2035 1625 2143 1674 μόνοι,

1113 1680 1201 1717 ἀλλὰ
1222 1680 1279 1717 καὶ
1309 1683 1338 1716 οἱ
1368 1679 1411 1716 τὰ
1432 1680 1704 1728 μεταλλευθέντα
1734 1681 1987 1732 συναγείροντες
2016 1682 2145 1733 μυρίοις

1115 1738 1253 1788 μόχθοις
1283 1738 1451 1788 θηρεύωσι
1472 1738 1532 1782 τὴν
1561 1737 1792 1789 περίὸλεπτον
1824 1739 1951 1784 ταύτην
1971 1741 2144 1785 πολυκτη-

1113 1796 1205 1833 σίαν.
1228 1795 1419 1845 Δείγματος
1437 1795 1497 1843 μὲν
1518 1790 1573 1832 οἶν
1591 1797 1692 1847 χάριν
1713 1796 1773 1814 μ*
1791 1796 1931 1847 ἐπείπερ
1946 1798 2144 1835 ἐπιπόλαιον

1115 1855 1225 1889 αὐτῶν
1247 1854 1318 1889 ἐστι
1336 1852 1373 1888 τὸ
1392 1852 1502 1902 γένος,
1524 1852 1555 1889 εἴ
1573 1853 1602 1903 γ’
1625 1855 1657 1890 ἐν
1675 1853 1748 1895 ταῖς
1768 1855 1945 1904 ἐσχατιαῖς
1964 1858 2022 1899 τῆς
2040 1858 2144 1892 οἰκου-

1113 1910 1214 1959 μένης
1235 1910 1293 1947 καὶ
1309 1910 1463 1958 ποτάμια
1480 1910 1522 1947 τὰ
1537 1910 1683 1961 τυχόντα
1701 1911 1868 1961 ψήγματα
1888 1917 2016 1963 χρυσοῦ
2037 1929 2143 1949 κατα-

1112 1968 1231 2019 φέρει,
1253 1968 1311 2005 καὶ
1335 1972 1443 2004 ταῦτα
1464 1973 1620 2017 γυναῖκες
1635 1968 1692 2004 καὶ
1710 1968 1826 2019 ἄνδρες
1843 1971 1990 2013 ἀσθενεῖς
2009 1970 2051 2007 τὰ
2072 1970 2144 2007 σώ-

1114 2043 1206 2075 ματα
1227 2026 1286 2063 σὺν
1305 2029 1379 2066 ταῖς
1397 2026 1523 2075 ἄμμοις
1543 2027 1777 2078 ὑποψήχοντες
1795 2029 1964 2074 διιστᾶσι,
1981 2029 2040 2065 καὶ
2055 2029 2145 2065 πλύ-

1112 2100 1226 2126 ναντες
1241 2085 1378 2134 άγουσιν
1395 2085 1452 2121 ἐπὶ
1463 2084 1523 2130 τὴν
1535 2084 1662 2135 χώνην,
1677 2088 1721 2127 ὡς
1738 2086 1833 2136 παρὰ
1851 2089 1919 2128 τοῖς
1934 2086 2145 2131 Ἐλουητίοις

1111 2142 1212 2194 φησὶν
1227 2145 1244 2179 ὁ
1261 2143 1340 2191 ἐμὸς
1356 2142 1599 2189 Ποσειδώνιος,
1617 2142 1675 2179 καὶ
1693 2142 1808 2185 ἄλλοις
1822 2144 1890 2180 τισὶ
1904 2147 1969 2180 τῶν
1989 2145 2142 2182 Κελτῶν.

1115 2201 1183 2238 Καὶ
1214 2201 1257 2237 τά
1284 2215 1320 2236 τε
1348 2201 1457 2236 πάλαι
1483 2201 1544 2249 μὲν
1565 2200 1713 2239 Ῥιπαῖα
1737 2200 1932 2250 καλούμενα
1963 2201 2049 2252 ὅρη,
2083 2196 2143 2239 εἶθ’

1112 2257 1249 2308 ὕστερον
1269 2256 1402 2295 Ὄλὲια
1423 2258 1760 2310 προσαγορευθέντα,
1779 2263 1836 2296 νῦν
1854 2259 1889 2296 δὲ
1904 2258 2031 2296 Ἄλπια
2054 2260 2143 2310 (ἔστι

1112 2315 1146 2352 δὲ
1157 2318 1216 2360 τῆς
1229 2314 1414 2363 Γαλατίας)
1428 2316 1630 2364 αὐτομάτοις
1646 2316 1726 2361 ὕλης
1742 2316 1994 2367 ἐμπρησθείσης
2007 2318 2144 2369 ἀργύρῳ

1113 2373 1266 2425 διερρύη.
1288 2373 1338 2411 Τὸ
1361 2372 1475 2422 μέντοι
1495 2389 1532 2424 γε
1552 2373 1638 2410 πολὺ
1655 2373 1774 2410 τούτου
1797 2374 1947 2423 βαθείαις
1967 2374 2025 2412 καὶ
2042 2391 2145 2413 κακο-

1113 2432 1229 2473 πάθοις
1242 2430 1458 2480 μεταλλείαις
1468 2431 1658 2480 εὑρίσκεται
1669 2431 1759 2468 κατὰ
1769 2432 1826 2468 τὸν
1839 2432 2010 2482 Φαληρέα
2022 2433 2125 2482 Δημή
2134 2456 2145 2463 -

1111 2505 1217 2539 τριον,
1238 2488 1440 2534 ἐλπιζούσης
1460 2491 1519 2534 τῆς
1532 2489 1726 2533 πλεονεξίας
1746 2490 1879 2533 ἀνάξειν
1892 2492 1928 2526 ἐκ
1942 2493 2007 2526 τῶν
2026 2494 2144 2541 μυχῶν

1112 2550 1174 2592 τῆς
1199 2549 1261 2596 γῆς
1289 2546 1391 2584 αὐτὸν
1416 2546 1473 2583 τὸν
1504 2546 1707 2586 Πλούτωνα.
1735 2546 2036 2599 Χαριεντιζόμενος
2066 2553 2146 2597 γοῦν

1114 2678 1184 2708 ceris
1197 2678 1360 2717 opificibus
1370 2687 1413 2708 aes
1425 2701 1432 2715 ,
1447 2678 1532 2718 quod
1545 2679 1704 2717 quadi-ans
1715 2680 1760 2709 est
1773 2679 1873 2718 glebae
1889 2680 2022 2718 effossae,
2035 2689 2147 2711 eruen-

1115 2730 1218 2767 tibus;
1236 2731 1290 2769 qui
1311 2732 1418 2761 autem
1440 2731 1682 2769 argentilbdiuas
1700 2731 1874 2770 possident,
1898 2732 2004 2762 triduo
2029 2733 2145 2763 Euboi-

1115 2790 1188 2812 cum
1203 2782 1358 2813 talentum
1379 2783 1589 2813 efferentibus.
1614 2783 1707 2814 Addit
1726 2792 1818 2821 porro
1841 2785 1990 2814 stannum
2010 2793 2091 2822 non,
2110 2787 2146 2815 ut

1116 2832 1254 2863 historici
1270 2833 1538 2872 divulgarunt,.in
1557 2833 1721 2873 superficie
1738 2835 1830 2864 terrae
1846 2834 1997 2873 inveniri,
2023 2835 2075 2866 sed
2098 2836 2144 2866 et-

1116 2884 1199 2923 sodi;
1218 2884 1301 2915 nasci
1318 2886 1423 2915 autem
1441 2884 1524 2924 apud
1542 2885 1691 2916 barbaros
1704 2886 1757 2924 qui
1771 2894 1865 2924 supra
1883 2886 2072 2917 Lusitaniam
2091 2887 2145 2918 de-

1116 2936 1216 2973 gunt,
1240 2934 1320 2965 etin
1339 2935 1579 2966 Cassiteridibus
1601 2935 1728 2974 insulis;
1749 2945 1789 2967 ex
1811 2936 1999 2967 Britannicis
2020 2946 2146 2977 quoque

1116 2985 1283 3017 Massiliam
1310 2985 1424 3016 afferri.
1452 2986 1542 3024 Apud
1568 2987 1719 3017 Artabros
1742 2989 1868 3025 autem,
1893 2988 1947 3026 qui
1975 2988 2145 3019 Lusitaniae

1116 3046 1226 3068 versus
1235 3046 1381 3068 occasum
1393 3039 1423 3068 et
1434 3038 1676 3077 septentrionem
1690 3039 1799 3069 ultima
1812 3039 1940 3078 habent,
1952 3039 2145 3070 efflorescere

1117 3088 1160 3119 ait
1176 3090 1291 3119 terram
1309 3090 1455 3128 argento,
1472 3090 1584 3119 stanno
1595 3113 1603 3127 ‚
1622 3098 1698 3120 auro
1714 3090 1785 3120 albo
1802 3103 1808 3120 :
1824 3092 1871 3121 est
1886 3090 1969 3120 enim
1993 3091 2052 3120 hoc
2072 3099 2144 3129 per—

1117 3139 1253 3170 mixtum
1273 3141 1401 3178 argento
1419 3153 1425 3170 :
1444 3139 1525 3169 haue
1542 3141 1658 3170 terram
1676 3140 1776 3170 ssuviis
1800 3140 1932 3175 deferri,
1951 3142 1982 3172 et
1999 3149 2017 3170 a
2036 3141 2145 3171 mulie-

1118 3190 1203 3220 ribus
1219 3190 1348 3221 sarculis
1361 3190 1537 3229 exhauriri,
1552 3191 1713 3230 lavarique
1726 3191 1756 3221 iu
1773 3191 1849 3222 colis
1865 3192 1959 3222 textis
1973 3192 2001 3222 in
2016 3191 2143 3222 modum

1117 3241 1212 3272 cistae.
1229 3242 1305 3271 Haec
1319 3240 1370 3272 ille
1389 3241 1427 3272 de
1442 3241 1489 3272 his
1503 3241 1637 3272 metallis
1652 3242 1767 3272 retulit.

1938 3352 1969 3377 18
