2338 3765
960 180 1283 217 FRAGMENTA.

565 289 599 322 9-

117 360 351 408 Lampridius
367 362 401 394 ιιι
423 359 630 394 Alexandro
651 359 786 394 Severo
802 371 833 395 c.
858 362 905 405 [¹9
934 360 1095 403 :Demip-

61 434 130 469 pus
149 421 237 454 dicit
268 431 348 453 eum
379 417 655 464 (Alexandrum
685 416 878 463 Severum)
903 416 1091 460 cujusdam

66 480 109 514 M
111 480 248 513 artiani
255 477 375 522 filiam
387 476 548 517 duxisse,
566 476 789 521 eundemque
802 475 849 509 ab
859 487 901 509 eo
914 473 1096 508 Coesarem

63 543 305 582 nuncupatum
329 547 340 567 :
360 545 488 568 verum
509 545 616 580 quum
640 534 745 566 vellet
770 533 914 566 insidiis
936 532 1097 565 occidere

65 593 316 629 Alexandrum
331 592 537 625 lilartianus
547 617 558 633 ‚
578 592 718 624 detecta
725 588 904 635 sartione,
932 597 969 623 et
982 592 1095 635 ipsum

65 657 313 698 interemptum
328 658 365 684 et
382 661 529 684 umorem
545 650 739 694 absectum.
758 649 862 683 Idem
879 649 968 683 dicit
975 646 1098 693 juisse

56 718 230 758 patruum
246 711 469 743 Antoninum
485 707 771 753 Heliogabalum
787 707 1009 749 Alexandri,
1025 717 1096 740 non

62 771 192 803 sororis
208 769 328 801 uxoris
344 766 502 811 ey'usa'em
508 765 548 811 fi
549 766 647 799 lium.

118 823 288 860 Occidere
314 825 376 859 Al.
396 821 623 870 Martianus]
649 839 664 853 «
686 824 741 857 Tu
762 834 851 857 vero
880 822 960 868 lege
977 821 1098 855 Hero-

66 882 239 927 dianum,
259 882 323 928 qui
346 880 484 915 invidia
502 879 608 926 hujus
636 880 721 915 facti
742 879 957 914 atrocissimi
978 879 1098 912 Mam-

63 952 188 974 rnaeam
207 945 346 973 onerat.
367 954 381 968 »
398 938 556 974 Casaub.
572 959 622 964 —
635 936 833 985 abjectam]
852 953 865 968 «
883 937 920 971 in
936 935 1097 971 Africam

63 997 275 1044 relegatam.
304 1012 318 1026 υ
356 996 477 1032 Idem.
498 993 675 1040 —fiiisse
691 993 878 1042 patruum]
911 1008 926 1024 «
959 994 1099 1028 Scimus

64 1055 134 1089 hoc
156 1055 287 1089 falsum
309 1066 317 1088 :
339 1053 402 1088 sed
431 1054 563 1088 vellem
590 1060 774 1089 exstarent
793 1064 910 1101 graeca
937 1051 1098 1097 Dexippi

63 1112 175 1147 verba
200 1125 207 1146 :
230 1124 315 1146 nam
330 1112 480 1147 fortasse
495 1113 556 1147 illa
576 1112 679 1158 quasi
695 1111 907 1159 praeteriens
920 1115 982 1144 aut
996 1108 1097 1144 aliud

64 1181 172 1216 agens
192 1169 278 1217 legit
300 1169 548 1216 Lampridius.
573 1185 588 1200 »
610 1170 728 1206 Idem.

554 1279 610 1302 ιι),

116 1357 187 1391 Jul.
206 1356 361 1403 Capitol.
382 1358 418 1390 in
437 1355 632 1392 Gordianis
647 1368 677 1391 c.
697 1367 720 1402 9
744 1368 751 1389 :
776 1355 973 1402 Appellato
991 1358 1104 1399 igitur

68 1414 249 1449 Gordiano
264 1417 491 1461 imperatore,
502 1417 652 1458 juvenes
662 1416 724 1459 qui
739 1420 902 1447 auctores
918 1412 1026 1457 hujus
1030 1409 1100 1456 fa-

67 1475 198 1506 cinoris
220 1480 340 1514 erant,
369 1480 510 1506 statuas
528 1472 736 1506 Maximini
757 1472 977 1516 dejecerunt,
1005 1473 1101 1504 ima-

63 1533 168 1576 gines
192 1528 464 1577 perfiegerant,
509 1541 639 1564 nomen
666 1529 867 1576 publicitus
892 1536 1098 1571 eraserunt,·

11 1605 15 1611 ·
65 1590 180 1634 ipsum
200 1591 312 1622 etiam
347 1588 569 1622 Gordianum
603 1585 819 1632 Africanum
850 1587 1099 1634 appellarunt.

65 1646 217 1679 Addunt
227 1647 377 1692 quidam
387 1644 556 1690 Africani
565 1654 836 1693 cognomentum
854 1645 1038 1680 Gordiano
1051 1645 1101 1678 id-

66 1705 161 1737 circo
173 1703 339 1745 inditum,
356 1715 428 1737 non
439 1703 537 1749 quod
544 1706 580 1737 in
589 1701 721 1748 Africa
733 1706 914 1751 imperare
922 1706 1095 1750 coepz'sset,

67 1761 133 1794 sed
145 1760 243 1806 quod
256 1760 302 1795 de
319 1760 530 1807 Scipionum
540 1758 701 1805 familia
726 1764 904 1808 originem
931 1760 1102 1796 traheret.

69 1820 114 1852 In
123 1819 291 1865 plurimis
310 1826 432 1852 autem
449 1819 551 1852 libris
567 1821 706 1852 Invenio
720 1826 757 1852 et
767 1819 862 1853 hunc
878 1819 1103 1853 Gordianum

68 1883 102 1909 et
125 1876 248 1921 filium
268 1880 346 1921 ejus
369 1880 513 1923 pariter
542 1879 775 1923 imperatores
806 1877 1035 1925 appellato-5,
1069 1883 1106 1910 et

73 1936 267 1968 Antoninos
283 1937 579 1980 cognominatos5
601 1935 671 1968 alii
691 1946 781 1969 vero
804 1937 986 1969 Antonios.
1019 1935 1105 1968 Post

71 1991 136 2025 lioc
154 1991 420 2040 Carthaginem
440 2000 588 2026 ventum
606 2005 685 2026 cum
699 2005 838 2039 pompa
854 1994 974 2040 regali
996 2000 1032 2026 et
1035 1990 1088 2036 fa

70 2052 152 2083 sciis
178 2051 373 2092 laureatis;
400 2051 570 2099 filiusque
597 2051 736 2097 legatus
763 2054 903 2097 patris,
938 2051 1106 2096 exemplo

71 2110 299 2155 Scipionum,
333 2116 373 2142 ut
396 2110 591 2155 Dexippus
627 2109 768 2143 Groecoe
790 2109 953 2142 liistorioe
982 2116 1108 2141 auctor

72 2169 144 2208 ait,
166 2167 289 2211 gladii
301 2174 482 2212 potestate
501 2170 700 2200 succinctus
719 2175 783 2200 ets-t.

566 2277 620 2298 11.

128 2361 232 2395 Idem
254 2361 305 2397 ib.
327 2374 359 2398 e.
381 2373 425 2408 19
444 2372 451 2397 ;
475 2361 610 2396 Cordus
622 2362 720 2396 dixit
733 2374 880 2396 uxorem
897 2374 977 2396 eum
994 2360 1106 2409 (Gor-

78 2418 230 2454 dianum
246 2419 451 2467 juniorem)
472 2432 656 2467 nunquam
677 2420 813 2454 babere
831 2422 999 2457 voluisse.
1021 2421 1108 2456 Con-

77 2485 133 2511 tra
163 2478 352 2525 Dexippus
374 2486 489 2525 putat
515 2482 593 2524 ejus
613 2479 738 2526 filium
772 2491 848 2513 esse
884 2480 1106 2514 Gordianum

77 2538 235 2576 tertium,
259 2539 320 2583 qui
332 2544 417 2583 post
434 2536 502 2570 hoc
525 2549 605 2571 cum
626 2537 787 2572 Balbino
805 2545 840 2571 et
860 2538 1022 2584 Pupieno
1037 2541 1107 2571 sive

77 2593 247 2628 Maximo
259 2595 434 2640 puerulus
452 2595 608 2641 adeptus
623 2603 677 2629 est
692 2598 894 2641 imperium.

130 2651 185 2686 Id.
206 2663 238 2688 c.
261 2651 307 2686 23
332 2664 339 2686 :
370 2653 560 2699 Dexippus
579 2654 723 2699 quidem
743 2662 925 2688 asseverat
957 2666 1004 2687 ar
1030 2653 1107 2693 filio

82 2710 257 2744 Gordiani
276 2713 419 2744 tertium
443 2711 667 2745 Gordianum
687 2723 763 2745 esse
779 2720 917 2746 natum.

133 2767 236 2802 Idem
253 2767 346 2804 ibid.
371 2780 403 2804 c,
428 2780 448 2802 2
473 2781 481 2802 :
511 2764 688 2803 Gordiani
704 2782 790 2810 non,
815 2777 852 2804 ut
869 2770 1014 2816 quidam
1036 2773 1106 2804 im-

76 2828 187 2872 periti
212 2829 403 2872 scriptores
431 2827 633 2873 loquuntur,
659 2827 731 2861 duo
749 2828 816 2861 sed
841 2835 910 2861 tres
927 2825 1099 2871 suerunt,

82 2883 188 2929 idque
207 2884 356 2918 docente
375 2877 532 2919 Arriano
552 2888 726 2931 scriptore
759 2885 902 2919 Groecte
921 2884 1099 2926 historice,

81 2941 229 2975 docente
248 2944 332 2975 item
363 2942 532 2989 Dexippo
569 2943 696 2977 Groeco
725 2950 883 2985 auctore,
916 2950 1109 2989 potuerunt

81 3000 283 3042 addiscere,
309 3002 384 3046 qui,
421 3003 565 3034 etiamsi
590 3000 745 3041 breviter,
772 3001 824 3034 ad
836 3001 957 3047 fidem
988 3009 1109 3034 tamen

82 3060 204 3091 omnia
220 3060 396 3104 persecuti
413 3066 505 3093 sunt.

563 3155 624 3180 21.

138 3228 242 3262 Idem
262 3229 300 3262 in
318 3229 477 3263 Maximo
499 3235 534 3263 et
550 3228 705 3263 Balbino
726 3241 757 3265 c.
784 3241 798 3263 1
826 3242 834 3263 z
859 3230 975 3274 Quum
1001 3233 1113 3275 igitur

87 3286 157 3319 duo
170 3287 374 3320 consulares
390 3294 425 3320 et
443 3289 637 3321 eminentes
653 3288 797 3333 quidem
818 3291 899 3329 viri,
926 3288 1112 3321 lllaoeimus

89 3351 123 3376 et
146 3344 320 3377 Balbinus
341 3342 508 3393 (quorum
536 3345 728 3378 anoeimus
749 3358 773 3378 a
784 3347 968 3392 plerisque
992 3349 1029 3379 in
1056 3345 1108 3379 lii-

208 3416 390 3438 mmmmm
414 3416 489 3438 ιιιετ.
510 3417 563 3438 cn.
589 3426 621 3430 —
645 3418 710 3444 voi..
735 3419 776 3439 ιιι.

2114 192 2185 223 673

1157 265 1268 295 ,νων-[α
1286 265 1464 305 reticetur,
1479 271 1512 296 (Ἰ
1530 265 1603 296 loro
1618 267 1694 308 ‘Tim'
1710 265 1860 310 Pupieni
1873 276 2002 298 nomeu
2017 263 2178 310 insertur,

1157 332 1263 364 {situm
1285 327 1320 353 et
1339 320 1524 367 Detrippus
1542 329 1576 354 et
1594 320 1801 356 Arabianus
1817 323 2027 357 [Hirminum
2043 332 2079 362 et,
2098 326 2186 359 Bal-

1159 376 1281 410 binum
1299 377 1424 411 dicant
1438 379 1568 412 electos
1591 386 1714 413 contra
1737 381 1983 415 lllaoeiminum
1995 389 2080 428 post
2100 383 2187 417 Gor-

1157 434 1301 476 dianos,
1341 447 1488 481 quorum
1512 437 1608 470 alter
1635 437 1809 480 bonitate,
1854 442 1987 473 virtute
2016 441 2111 474 alter
2143 454 2188 475 cu,-

1157 495 1357 532 severitate,
1392 495 1486 527 clari
1516 494 1765 542 habebantur)
1801 500 1952 543 ingressi
1982 506 2101 532 essent
2126 512 2183 532 cu-

1158 561 1251 582 riam
1270 556 1324 582 ot(-

1213 608 1284 640 l’ro
1314 609 1519 642 Arabianus
1551 609 1628 655 lege
1659 614 1856 654 Arrianus,
1888 613 1937 645 uli
1967 620 2017 646 est
2045 614 2081 647 in
2106 626 2137 649 e.
2167 627 2186 646 ¹).

1159 671 1193 698 et
1216 676 1248 707 7.
1267 665 1434 711 Scriptor
1452 666 1533 712 hic,
1566 667 1746 713 Dexippi,
1773 675 1813 702 ut
1833 668 1993 713 videtur,
2021 671 2188 716 aequalis,

1161 720 1214 767 (et
1234 721 1380 757 fortasse
1412 724 1587 758 Arrianus
1614 725 1741 757 consul
1770 737 1803 761 a.
1828 727 1874 762 U.
1900 725 1973 772 995
1996 727 2064 761 sub
2092 728 2190 762 Gor-

1160 778 1270 813 diano
1288 778 1398 829 imp.)
1418 781 1566 815 aliunde
1581 794 1656 815 non
1675 789 1782 816 notus
1800 790 1865 829 est,
1887 785 1953 817 nisi
1976 785 2079 830 quod
2100 787 2189 819 Eua-

1159 837 1258 883 grius
1277 836 1390 884 (Hist.
1412 839 1550 874 Ecclcs.
1568 841 1612 885 V,
1636 844 1680 880 24
1694 840 1720 887 )‚
1739 848 1936 887 postquam
1957 842 2102 877 dixerat
2116 844 2189 877 Eu·

1159 895 1299 929 sebium
1311 896 1349 929 in
1363 897 1524 930 Historia
1539 898 1705 932 Romana
1720 898 1765 932 ab
1774 899 1974 934 Octaviano
1987 907 2021 935 et
2032 900 2189 946 Trajano

1159 965 1393 1000 progressum
1423 965 1496 988 esse
1517 967 1632 1000 usque
1651 955 1699 990 ad
1718 963 1875 991 mortem
1907 958 2013 1004 Cari,
2043 958 2146 993 addit
2180 971 2187 992 :

1161 1007 1359 1059 Γέγραπται
1380 1008 1415 1045 δὲ
1435 1009 1512 1060 περὶ
1538 1012 1604 1045 τῶν
1624 1009 1753 1060 χρόνων
1773 1011 1898 1048 τούτων
1931 1012 2001 1049 ἔνιοι
2025 1013 2190 1064 Ἀρριανῷ

1159 1081 1195 1103 τε
1217 1066 1275 1103 καὶ
1296 1066 1430 1117 Ἀσινίῳ
1450 1066 1673 1119 Κουαδράτῳ.

1215 1126 1318 1161 Idem
1334 1126 1426 1163 ibid.
1447 1138 1478 1160 c.
1506 1126 1550 1161 15
1574 1139 1581 1160 :
1601 1128 1792 1174 Dexippus
1814 1130 2020 1164 Groecorum
2043 1133 2193 1177 scriptor

1161 1186 1375 1219 Maximam
1406 1193 1441 1219 et
1465 1186 1662 1220 Balbinum
1692 1190 1926 1234 imperatores
1956 1190 2047 1223 dicit
2066 1188 2193 1234 factos

1161 1251 1286 1278 contra
1310 1245 1560 1278 [Maximinum
1583 1252 1665 1290 post
1693 1246 1895 1280 Gordianos
1911 1248 2000 1280 duos
2016 1255 2053 1281 et
2065 1261 2087 1281 a
2102 1249 2191 1282 Ma-

1161 1304 1260 1335 ximo
1278 1304 1414 1335 victum
1438 1302 1698 1343 Maximinum,
1721 1315 1792 1337 non
1811 1316 1835 1336 a
1854 1305 2032 1350 Pupieno.

1217 1358 1315 1395 lbid.
1346 1372 1379 1395 c,
1408 1372 1425 1403 7
1453 1373 1459 1393 :
1487 1360 1586 1394 Sane
1607 1361 1703 1406 quod
1730 1362 1829 1396 nullo
1850 1365 1887 1396 in
1905 1363 1981 1397 loco
2001 1364 2192 1398 tacendum

1163 1424 1233 1459 est,
1259 1429 1367 1463 quum
1388 1426 1423 1452 et
1453 1419 1645 1465 Dexippus
1664 1426 1700 1452 et
1728 1421 1910 1453 Arrianus
1935 1428 1971 1454 et
1996 1422 2107 1455 multo
2127 1423 2194 1455 alii

1165 1476 1282 1510 Groeci
1306 1479 1536 1523 scripserunt,
1570 1477 1779 1511 lllaximum
1802 1486 1837 1512 et
1862 1479 2057 1513 Balbinum
2081 1483 2192 1526 impe-

1162 1541 1300 1568 ratores
1314 1542 1439 1568 contra
1455 1535 1706 1569 [Maximinum
1716 1533 1863 1579 fiictos,
1893 1537 2104 1571 Maximum
2124 1549 2193 1571 au—

1163 1599 1232 1626 tem
1249 1604 1329 1626 cum
1347 1595 1506 1626 emer-citu
1523 1595 1682 1635 missum,
1710 1601 1747 1627 et
1762 1594 1865 1640 apud
1889 1595 2098 1628 Ravennam
2117 1595 2194 1628 bel-

1164 1651 1236 1683 lum
1255 1662 1429 1696 parasse,
1462 1651 1672 1696 Aquileiam
1695 1659 1816 1685 autem
1845 1654 1916 1685 nisi
1933 1654 2104 1686 victorem
2122 1664 2194 1686 non

1164 1709 1301 1742 vidisse
1323 1721 1333 1741 .·
1355 1710 1480 1742 Latini
1492 1711 1683 1755 scriptores
1698 1722 1769 1743 non
1787 1710 2014 1749 Maximum,
2038 1711 2105 1744 sed
2120 1711 2195 1745 Pu-

1160 1768 1310 1812 pienum
1340 1773 1465 1799 contra
1493 1766 1744 1800 Maximinum
1774 1767 1877 1812 apud
1899 1768 2104 1813 Aquileiam
2124 1780 2193 1814 pu-

1162 1835 1292 1871 gnasse
1305 1824 1485 1865 dicerunt,
1507 1824 1729 1870 eundemque
1744 1827 1873 1859 vicisse
1887 1837 1895 1859 .·
1915 1828 1976 1871 qui
1990 1837 2090 1858 error
2101 1827 2196 1859 unde

1164 1889 1271 1915 natus
1305 1885 1355 1915 sit
1382 1885 1473 1915 scire
1500 1894 1571 1916 non
1601 1894 1766 1928 possum,
1805 1885 1875 1916 nisi
1885 1881 1989 1927 forte
2019 1884 2114 1918 idem
2143 1892 2197 1917 est

1165 1940 1347 1985 Pupienus
1363 1942 1473 1985 quiet
1493 1939 1696 1975 [Uarinius.
1719 1938 1799 1985 (Est
1818 1940 1869 1975 M.
1889 1939 2040 1974 Clodius
2062 1940 2195 1986 Pupin—

1165 2009 1231 2030 nus
1250 1996 1472 2043 Maximus.)

1655 2090 1713 2125 13.

1218 2183 1293 2218 Jul.
1318 2184 1545 2229 Capitolinus
1571 2184 1609 2217 in
1627 2183 1828 2217 Maximino
1845 2182 1925 2228 jun.
1954 2194 1985 2218 e.
2015 2182 2037 2216 6
2058 2193 2066 2218 :
2086 2184 2194 2216 Deni-

1168 2252 1235 2286 que
1254 2253 1361 2286 quum
1381 2249 1492 2287 caput
1512 2242 1715 2275 [mittimini
1726 2242 1809 2286 pilo
1831 2237 2134 2284 circumferrem&
2162 2250 2198 2274 et

1166 2310 1214 2331 ea?
1233 2297 1301 2332 hoc
1320 2302 1448 2343 ingens
1459 2299 1632 2344 gaudium
1650 2305 1749 2339 esset,
1775 2309 1890 2343 prope
1898 2309 1973 2343 par
1986 2305 2082 2340 erat,
2104 2300 2200 2344 quod

1166 2356 1287 2401 elfilii
1317 2364 1427 2402 caput
1449 2360 1593 2403 pariter
1618 2363 1836 2402 portaretur.
1862 2355 1978 2388 Addit
2007 2355 2196 2402 Dexippus

1167 2421 1305 2447 tantum
1340 2414 1462 2448 odium
1486 2412 1609 2458 juisse
1640 2414 1857 2454 Maximini,
1896 2421 1952 2456 ut,
1996 2413 2197 2458 intersectis

1168 2472 1381 2513 Gordianis,
1413 2475 1546 2520 viginti
1561 2475 1659 2507 viros
1677 2478 1824 2505 senatus
1881 2474 2072 2514 creaverit,
2110 2483 2197 2517 quos

1621 2543 1631 2562 .·
1655 2542 1675 2563 e
1694 2529 1822 2575 quibus
1839 2527 1999 2573 filerunt
2016 2527 2195 2563 Balbinus

1166 2596 1202 2621 et
1220 2589 1426 2630 lllaximus,
1458 2600 1545 2635 quos
1561 2596 1686 2622 contra
1716 2600 1796 2621 eum
1812 2591 2002 2634 principes
2007 2585 2193 2631 fecerunt.

1166 2538 1363 2576 opponeret
1379 2531 1590 2564 lllaximino

1167 2647 1270 2680 Idem
1300 2647 1447 2680 addidit
1468 2650 1504 2680 in
1521 2653 1709 2693 conspectu
1729 2645 1936 2679 Maximini
1948 2649 2032 2689 sam
2061 2646 2196 2680 deserti

1166 2716 1189 2736 a
1205 2705 1376 2738 militibus
1396 2705 1592 2739 Anolinum
1607 2701 1827 2750 prrefi²ctum
1838 2707 2015 2749 praetorio
2031 2706 2144 2749 ipsius
2162 2711 2198 2737 et

1157 2761 1282 2806 filium
1297 2766 1374 2806 ejus
1388 2765 1549 2796 occisum.

1652 2854 1694 2890 14

1220 2941 1325 2975 Idem
1343 2942 1380 2975 in
1395 2941 1556 2975 Maximo
1582 2947 1618 2975 et
1636 2939 1792 2974 Balbino
1811 2952 1840 2974 c.
1864 2939 1907 2974 16
1931 2953 1939 2974 z
1959 2938 2034 2973 Sub
2054 2939 2195 2985 lzispn-

1166 3007 1318 3046 gnatum
1336 3012 1358 3033 a
1392 2998 1523 3045 Carpis
1550 3006 1676 3033 contra
1702 2996 1947 3043 Moesosfuit,
1983 3005 2020 3031 et
2038 2997 2196 3042 Scythici·

1170 3058 1256 3092 belli
1280 3059 1499 3104 principium
1519 3065 1554 3091 et
1572 3059 1723 3092 Histrice
1741 3057 1923 3091 eaecidium
1949 3068 1990 3089 eo
2014 3063 2172 3102 tempore
2180 3068 2193 3096 ;

1169 3122 1209 3149 nt
1222 3122 1342 3148 autem
1367 3116 1559 3162 Dexippus
1587 3116 1692 3156 dicit,
1734 3115 1905 3149 Histricoe
1934 3115 2098 3148 civitatis.
2121 3113 2196 3146 De—

1169 3175 1303 3219 xippus
1318 3173 1516 3207 Balbinum
1536 3176 1626 3207 satis
1647 3172 1790 3213 laudat,
1814 3179 1849 3206 et
1865 3172 1956 3205 dicit
1960 3168 2059 3215 sorti
2073 3172 2196 3204 animo

1170 3231 1343 3264 militibus
1367 3233 1559 3265 occurrisse
1577 3238 1685 3277 atque
1705 3227 1927 3273 intersectum
1939 3240 1950 3271 ‚·
1982 3236 2022 3261 ut
2046 3235 2195 3263 mortem

1170 3300 1240 3322 non
1258 3291 1398 3322 timeret
1419 3301 1430 3321 .·
1449 3301 1553 3334 quem
1580 3292 1617 3322 in
1646 3288 1812 3322 omnibus
1831 3286 2036 3332 disciplinis
2060 3287 2193 3318 instru-

1170 3354 1263 3380 ctum
1268 3344 1390 3390 fuisse
1409 3348 1506 3382 dicit.
1524 3347 1769 3380 illariminum
1787 3357 1874 3378 vero
1889 3351 2001 3388 negat
2017 3344 2195 3388 ejusmodi

2002 3413 2036 3436 43
