2338 3765
930 153 1257 191 1³llAiia'llssN'rA.

396 272 480 308 lzs..
517 268 718 304 ΚΟΑΧΟΙ.

94 359 277 404 CXXIII,
304 371 345 392 12
367 370 374 394 ;
401 359 529 408 Κολχοὶ
553 358 628 401 τοὺς
655 359 922 403 τελευτήσαντας
949 361 984 394 οὐ
1009 359 1066 395 θά-

43 429 195 459 πτουσιν,
215 413 302 450 ἀλλὰ
324 417 494 465 κρεμῶσιν
513 416 581 452 ἀπὸ
602 416 758 467 δένδρων.

360 519 444 556 125.
480 521 745 558 KEPKETM.

94 600 226 642 XLIV,
248 603 266 640 l,
278 611 290 632 1
319 611 327 632 :
352 597 522 648 Κερκέται
539 597 614 639 τοὺς
631 598 858 642 ἀδικήσαντας
876 601 984 634 ὁτιοῦν
1001 600 1066 634 τῶν

41 657 140 706 ἱερῶν
160 655 394 706 ἀπείργουσιν.
419 653 504 692 Ἐὰν
524 655 558 691 δέ
578 671 627 696 τις
646 655 818 706 κυὸερνῶν
840 655 966 706 σκάφος
989 656 1063 691 δια-

42 713 174 762 μάρτῃ,
191 711 385 763 προσιόντες
401 711 517 763 ἐφεξῆς
537 713 674 750 ἕκαστοι
695 713 903 761 ἐμπτύουσιν
928 715 1033 764 αὐτῷ.

373 817 458 854 126.
491 819 730 856 ΜΟΣΥΝΟΙ.

92 904 189 939 lbid.
215 918 222 939 :
246 902 397 941 Μόσυνοι
425 904 480 941 τὸν
508 906 636 941 ἑαυτῶν
659 904 804 955 βασιλέα
824 904 1002 955 τρέφουσιν
1031 906 1065 941 ἐν

40 961 158 1010 πύργῳ
177 960 435 1000 κατάκλειστον.
459 961 545 999 Ἐὰν
561 961 596 998 δέ
610 977 659 1004 τις
677 962 753 1013 δόξῃ
771 964 885 1003 κακῶς
901 977 984 999 ποτε
1004 964 1063 1012 βε-

40 1018 260 1064 ὅουλεῦσθαι,
278 1020 326 1070 τῷ
342 1020 434 1070 λιμῷ
455 1019 556 1056 αὐτὸν
577 1020 826 1057 ἀποκτείνουσι.
847 1019 917 1057 Τὸν
936 1019 969 1056 δὲ
985 1035 1064 1070 τρε-

39 1076 180 1128 φόμενον
199 1081 291 1113 σῖτον
312 1076 345 1120 ἐξ
366 1077 439 1114 ἴσου
459 1078 642 1129 διαιροῦσι,
663 1078 762 1129 μέρος
782 1079 876 1127 κοινῇ
897 1076 1063 1119 ἐξελόντες

39 1137 107 1176 τοῖς
127 1133 383 1185 ἀφικνουμένοις
401 1134 516 1178 ξένοις.

409 1253 494 1285 127.
526 1240 694 1277 ΘΥΝΟΙ.

90 1322 308 1365 XXXVIII,
328 1321 373 1356 38
397 1333 404 1358 :
423 1320 529 1359 Θύνοι
544 1321 619 1364 τοὺς
635 1319 800 1370 ναυαγοὺς
820 1320 1067 1373 φιλανθρώπως

39 1377 215 1428 δεχόμενοι
243 1377 357 1429 φίλους
388 1382 583 1426 ποιοῦνται,
611 1381 678 1416 τῶν
710 1378 744 1415 δὲ
774 1378 873 1421 ξένων
898 1378 975 1421 τοὺς
1004 1378 1065 1428 μὲν

39 1435 206 1478 ἀκουσίως
238 1435 396 1478 ἐλθόντας
419 1436 546 1488 σφόδρα
573 1439 720 1486 τιμῶσι,
749 1436 824 1479 τοὺς
853 1436 881 1473 δ’
907 1436 1065 1479 ἑκουσίως

38 1493 249 1536 κολάζουσιν.

389 1607 401 1629 1
412 1593 474 1631 28.
506 1593 719 1631 ΦΡΥΓΕΣ.

93 1674 220 1718 XLIV,
242 1678 284 1716 41
311 1687 318 1709 :
341 1673 478 1723 Φρύγες
497 1674 607 1724 ὅρκοις
624 1674 661 1710 οὖ
678 1676 830 1724 χρῶνται
850 1672 920 1710 οὔτ’
938 1672 1065 1722 ὀμνύν-

36 1745 90 1772 τες
105 1729 177 1766 οὔτ’
194 1730 317 1772 ἄλλους
334 1730 554 1782 ἐξορκοῦντες.
577 1734 616 1780 (2)
635 1731 720 1770 Ἐὰν
735 1731 770 1768 δέ
785 1747 834 1773 τις
850 1733 931 1783 παρ’
951 1733 1064 1774 αὐτοῖς

39 1787 223 1838 γεωργικὸν
247 1791 324 1838 βοῦν
346 1788 528 1838 ἀποκτείνῃ
543 1789 564 1834 ἢ
581 1793 698 1831 σκεῦος
717 1791 783 1826 τῶν
802 1790 880 1840 περὶ
896 1789 1063 1840 γεωργίαν

38 1844 146 1895 κλέψῃ
161 1875 170 1893 ,
191 1845 326 1896 θανάτῳ
344 1847 513 1893 ζημιοῦσι.

93 1904 275 1948 CXXIII,
300 1917 341 1939 12
365 1917 372 1938 ε
394 1902 531 1953 Φρύγες
550 1904 587 1939 οὐ
611 1902 854 1954 κατορύττουσι
874 1902 950 1945 τοὺς
965 1904 1065 1954 ἱερεῖς

37 1960 329 2006 τελευτήσαντας,
349 1961 423 1997 ἀλλ’
452 1960 508 1997 ἐπὶ
537 1960 646 2003 λίθους
666 1960 884 2011 δεκαπήχεας
912 1960 1062 1997 τιθέασιν

35 2017 163 2068 ὀρθούς.

399 2107 483 2142 129.
517 2093 704 2130 ΛΥΚΙΟΙ.

87 2187 219 2230 XLIV,
244 2191 288 2229 41
318 2198 326 2223 :
354 2184 475 2223 Λύκιοι
501 2184 562 2228 τὰς
584 2190 747 2235 γυναῖκας
777 2186 908 2234 μᾶλλον
937 2184 958 2230 ἢ
990 2185 1065 2228 τοὺς

37 2242 158 2294 ἄνδρας
176 2245 303 2292 τιμῶσι
323 2242 381 2279 καὶ
398 2244 582 2279 καλοῦνται
601 2243 780 2294 μητρόθεν,
801 2244 859 2285 τάς
879 2259 913 2280 τε
934 2245 1063 2293 κληρο-

35 2300 155 2349 νομίας
172 2301 243 2342 ταῖς
259 2299 449 2352 θυγατράσι
465 2300 657 2348 λείπουσιν,
676 2302 713 2337 οὐ
731 2303 798 2342 τοῖς
819 2302 912 2344 υἱοῖς,
940 2300 982 2351 (2)
1000 2301 1066 2343 ⁰0<

37 2359 64 2394 δ’
85 2358 125 2395 ἂν
145 2358 315 2409 ἐλεύθερος
340 2359 413 2409 ἁλῷ
433 2357 605 2403 κλέπτων,
629 2359 744 2400 δοῦλος
760 2359 905 2408 γίνεται.
935 2360 974 2408 (3)
994 2358 1065 2401 Τὰς

37 2414 70 2451 δὲ
92 2415 279 2466 μαρτυρίας
297 2418 329 2452 ἐν
347 2418 421 2458 ταῖς
438 2415 546 2458 δίκαις
563 2416 623 2453 οὐκ
641 2416 716 2453 εὐθὺ
736 2417 955 2468 παρέχονται,
976 2416 1064 2452 ἀλλὰ

38 2472 121 2521 μετὰ
141 2477 248 2522 μῆνα.

385 2563 397 2584 1
409 2550 469 2585 30.
504 2551 705 2587 [HEt-ml.

87 2642 184 2678 Ibid.
206 2654 214 2676 ε
237 2640 376 2679 Πισίδαι
397 2641 605 2684 δειπνοῦντες
625 2642 841 2693 ἀπάρχονται
860 2648 927 2684 τοῖς
945 2646 1063 2692 γονεῦ-

2073 173 2140 202 -ifil

1495 278 1569 307 124.
1600 276 1784 311 (IOLClll.

1169 358 1275 388 Colchi
1292 360 1354 389 vita
1368 361 1489 392 functos
1503 371 1563 392 non
1582 364 1666 394 humi
1681 366 1846 404 sepeliunt,
1865 368 1916 397 scd
1935 368 1973 398 al)
1987 369 2152 399 arboribus

1129 415 1335 454 suspendunt.

1474 526 1548 556 125.
1578 526 1604 558 (Τ,
1611 526 1814 561 ERCETAE.

1169 607 1310 636 Cercetae
1325 608 1421 645 (qens
1438 608 1610 647 Colchica)
1627 620 1694 641 reos
1708 613 1935 654 cujuscuimpic
1951 616 2073 647 admissi
2091 619 2151 646 cri-

1129 663 1222 694 minis
1235 664 1331 694 sacris
1346 665 1546 696 interdicunt.
1564 667 1593 697 Si
1608 669 1678 706 quis
1696 671 1842 708 scapham
1859 672 2036 709 gubernans
2059 675 2154 713 impc—

1128 722 1206 760 gerit
1217 746 1225 758 ,
1246 723 1430 754 accedentes
1446 725 1554 755 ordine
1571 727 1681 765 singuli
1698 729 1783 759 illum
1803 730 1962 769 inspuunt.

1496 832 1572 862 126.
1602 832 1795 867 MOSYNI.

1169 919 1287 958 Mosyni
1305 919 1404 957 ((11ὶί3
1424 921 1618 959 Mosynoect)
1637 931 1738 959 regem
1753 932 1843 954 suum
1862 925 1996 957 educant
2011 928 2087 958 turri
2105 929 2153 958 in-

1127 976 1261 1006 clusum.
1279 978 1308 1007 Si
1327 977 1396 1015 quis
1409 977 1568 1015 judicatus
1584 979 1623 1008 sit
1637 980 1740 1010 minus
1762 981 1839 1012 bene
1858 983 1887 1012 in
1905 984 2066 1022 publicum
2083 994 2154 1016 con-

1126 1035 1276 1072 suluisse,
1297 1043 1369 1065 eum
1396 1035 1476 1066 fame
1500 1038 1640 1067 enecant.
1666 1039 1890 1077 Frumentum,
1918 1042 2002 1079 quod
2026 1043 2097 1080 ipsis
2116 1054 2153 1073 w<

1126 1092 1206 1131 agris
1219 1092 1383 1131 provenit,
1398 1094 1560 1132 aequaliter
1573 1094 1786 1134 distribuunt,
1799 1100 1918 1135 partem
1935 1099 2004 1128 inde
2018 1100 2154 1140 aliquam

1127 1150 1157 1180 in
1173 1159 1343 1182 commune
1359 1152 1554 1183 conferentes
1570 1161 1625 1191 pro
1639 1154 1808 1192 peregrinis
1823 1155 2072 1188 advenientibus.

1504 1247 1583 1279 127.
1611 1246 1772 1280 THYNI.

1169 1329 1269 1368 Thyni
1284 1331 1293 1368 (
1307 1329 1459 1361 Tltracioe
1471 1332 1619 1370 populus
1629 1332 1638 1370 )
1650 1334 1813 1372 naufragos
1827 1334 1969 1366 homines
1979 1336 2153 1367 luinianil‹·r

1127 1388 1306 1427 excipiunt,
1322 1390 1352 1418 vt
1366 1389 1503 1419 amicitia
1517 1389 1574 1420 sibi
1588 1390 1790 1429 devinciunt,
1805 1394 1888 1424 etex
1904 1395 2071 1433 peregrinis
2084 1406 2120 1425 eo
2130 1408 2136 1422 ι
2147 1421 2154 1433 ,

1126 1446 1180 1485 qui
1201 1446 1290 1476 inviti
1312 1447 1351 1477 ad
1370 1455 1423 1477 eos
1450 1447 1647 1487 deferuntur,
1671 1449 1785 1481 eximie
1809 1451 1982 1490 honorant;
2001 1453 2054 1492 qui
2082 1463 2154 1483 vero

1125 1505 1235 1543 sponte
1252 1504 1424 1543 accedunt,
1442 1513 1495 1536 eos
1514 1505 1658 1545 puniunt.

1473 1606 1549 1637 128.
1577 1605 1743 1640 PHRYG
1751 1606 1813 1640 ES.

1168 1681 1303 1721 Phryges
1322 1682 1407 1712 omni
1424 1683 1581 1714 abstinent
1593 1684 1797 1722 jurejurando
1810 1710 1818 1723 ‚
1837 1686 1878 1716 ita
1897 1689 1929 1716 111
1949 1697 2005 1718 nec
2031 1689 2086 1727 ipsi
2103 1690 2152 1727 ju-

1127 1741 1213 1777 rent,
1231 1748 1288 1770 nec
1304 1740 1381 1770 alios
1394 1740 1618 1779 adjurandam
1633 1742 1768 1780 adigant.
1801 1744 1843 1782 (2)
1866 1744 1897 1774 Si
1915 1745 1984 1783 quis
1997 1746 2079 1784 apud
2103 1757 2155 1776 ros

1126 1797 1238 1827 bovem
1256 1799 1411 1828 aratorem
1435 1798 1642 1837 interfecerit,
1661 1802 1716 1831 aut
1739 1801 1940 1840 agriculturae
1968 1803 2155 1834 iustrumen-

1126 1856 1194 1885 tum
1214 1856 1409 1895 surripuerit,
1430 1858 1530 1887 morte
1543 1858 1724 1889 mulctatur.

1169 1913 1304 1952 Phryges
1322 1922 1384 1943 non
1406 1913 1570 1945 defodiunt
1598 1916 1628 1945 in
1653 1917 1767 1946 terram
1793 1917 1970 1948 sacerdotes
1995 1920 2152 1957 mortum,

1127 1970 1180 2001 sed
1197 1979 1289 2010 super
1305 1971 1468 2002 columnas
1484 1972 1622 2012 lapideas
1637 1973 1742 2004 decem
1762 1974 1940 2006 cubitorum
1955 1978 2075 2007 erectos
2090 1979 2153 2008 sla-

1125 2030 1230 2059 tuunt.

1525 2102 1600 2133 129.
1627 2101 1766 2135 LYClL

1168 2189 1253 2228 Lycii
1268 2189 1338 2228 plus
1359 2189 1484 2220 honoris
1504 2190 1688 2221 mulieribus
1709 2200 1803 2230 quam
1822 2191 1894 2222 viris
1915 2192 2077 2231 deserunt,
2095 2202 2152 2223 no-

1128 2247 1275 2286 minaque
1288 2247 1332 2277 eis
1348 2256 1365 2277 a
1379 2247 1532 2278 matribus
1548 2248 1710 2279 induntur.
1732 2251 1874 2288 Itemque
1888 2250 2042 2280 bonorum
2058 2250 2154 2281 haere-

1126 2305 1180 2335 des
1195 2304 1290 2343 filias,
1305 2314 1367 2335 non
1383 2305 1461 2335 filios
1477 2305 1670 2345 relinquunt.
1690 2307 1732 2345 (2)
1752 2307 1783 2337 Si
1797 2307 1865 2346 quis
1880 2308 1957 2338 liber
1970 2308 2153 2339 condemna-

1126 2365 1176 2393 tus
1190 2363 1285 2394 fuerit
1299 2363 1385 2401 furti,
1400 2372 1492 2402 poena
1505 2363 1667 2395 servitutis
1677 2365 1704 2395 ei
1719 2365 1886 2404 irrogatur.
1903 2367 1946 2405 (3)
1962 2366 2153 2397 Testimonia

1128 2422 1157 2452 in
1171 2421 1273 2452 causis
1287 2430 1348 2452 non
1365 2421 1508 2460 protinus
1522 2421 1624 2453 serunt
1636 2446 1644 2460 ,
1660 2422 1712 2453 sed
1733 2425 1801 2462 post
1817 2432 1956 2455 mensem
1972 2423 2111 2455 demum.

1500 2556 1578 2587 130.
1606 2553 1784 2587 PISIDAE.

1174 2647 1285 2679 Pisidae
1299 2649 1503 2679 convivantes
1519 2649 1701 2687 parentibus
1713 2649 1877 2688 epularum
1888 2649 2039 2688 primitias
2053 2650 2150 2680 libant

81 2746 145 2775 124.
170 2744 219 2774 Cf.
236 2743 347 2774 AElian.
364 2745 402 2774 V.
422 2745 458 2774 H.
476 2746 538 2783 lv,
563 2749 598 2783 1;
617 2745 757 2784 Apollon.
772 2745 871 2777 Rhod.
891 2748 951 2784 ΠΙ,
971 2750 1029 2777 802
1051 2746 1125 2784 ibiq.
1146 2746 1245 2777 schol.

79 2794 145 2821 126.
171 2790 220 2820 Cf.
235 2790 318 2820 Mela
333 2791 362 2827 l,
385 2792 432 2820 19.
449 2790 690 2828 Nymphodorus
699 2799 749 2829 ap.
762 2790 860 2821 schol.
876 2792 977 2830 Apoll.
991 2794 1015 2822 ll
1029 2815 1037 2829 ‚
1056 2795 1131 2821 1015
1147 2800 1216 2830 sqq.
1234 2793 1406 2831 Xenophon
1422 2792 1519 2824 Anah.
1536 2794 1575 2830 V,
1591 2795 1627 2831 [ις
1646 2792 1774 2823 Diodor.
1790 2794 1875 2830 XIV,
1892 2798 1946 2831 30;
1960 2794 2150 2831 Straboxu,

37 2843 66 2873 1).
84 2837 153 2865 549.
171 2853 212 2858 -—
225 2836 274 2865 τὸν
290 2836 321 2866 δὲ
340 2835 518 2874 τρεφόμενον
534 2835 618 2875 κτλ]
639 2848 653 2861 «
669 2836 824 2866 Videntur
838 2836 906 2867 haec
919 2837 1016 2868 verba
1030 2837 1098 2867 1000
1113 2838 1212 2875 posita
1229 2838 1331 2869 alieno
1347 2838 1387 2868 ad
1407 2839 1613 2876 fragmentum
1633 2839 1718 2877 (128)
1732 2838 1771 2868 (le
1791 2838 1965 2877 Phrygibus
1978 2840 2149 2878 pertines-v,

35 2889 134 2919 quum
149 2881 239 2920 plane
257 2881 446 2912 abhorreant
464 2891 481 2912 a
501 2882 641 2912 moribus
654 2884 875 2921 Mosynorum,
892 2884 998 2922 populi
1017 2884 1135 2915 seilicet
1151 2884 1311 2921 omnium,
1334 2884 1386 2922 (1111
1404 2884 1526 2913 montes
1542 2884 1715 2914 Moschicos
1732 2884 1762 2913 in
1777 2884 1977 2922 habitabant,
1992 2886 2147 2915 immanis-

35 2927 102 2957 simi
121 2927 355 2966 hospitibusque
368 2928 576 2966 infestissimi,
594 2928 710 2967 quippe
727 2929 779 2967 qui
793 2953 801 2966 ,
820 2931 856 2960 ut
874 2932 983 2960 auctor
1000 2932 1047 2961 est
1063 2930 1176 2960 Strabo
1197 2931 1253 2960 Xll
1268 2957 1275 2969 ‚
1290 2938 1319 2968 p.
1337 2931 1412 2966 549,
1434 2930 1572 2959 ἐπέθεντο
1595 2931 1645 2960 καὶ
1660 2933 1721 2965 τοῖς
1743 2930 1955 2969 ὁδοιποροῦσι,
1973 2932 2149 2966 καταπηδή-

36 2984 139 3009 σαντες
153 2974 213 3004 ἀπὸ
225 2977 285 3004 τῶν
301 2974 418 3014 ἰκρίων,
434 2987 448 3000 υ
464 2977 575 3005 ConAY
600 2984 637 3005 m·
658 2977 828 3006 ORELLius.

80 3023 146 3052 127.
167 3021 369 3056 Ἀκουσίως...
388 3021 553 3061 ἑκουσίως]
568 3022 636 3052 libri
651 3023 836 3058 ἑκουσίως...
853 3023 1021 3060 ἀκουσίως,
1036 3022 1119 3062 quod
1146 3023 1355 3060 mutavimus,
1373 3024 1495 3062 Corayo
1512 3024 1543 3053 et
1561 3023 1680 3054 Orellio
1703 3023 1956 3062 proponentibus.
1975 3025 2018 3053 De
2034 3023 2149 3062 Thynls

37 3066 75 3097 01.
94 3066 205 3098 Strabo
220 3068 276 3097 ΧΠ
291 3090 299 3103 ,
313 3076 343 3106 p.
364 3069 434 3104 541,
453 3068 592 3099 Eustath.
610 3068 649 3098 ad
664 3068 790 3108 Dionys.
810 3072 881 3107 795,
897 3069 1051 3100 Heraclid.
1070 3070 1158 3099 Pont.
1180 3070 1268 3100 Polit.
1286 3069 1323 3099 11.
1343 3072 1388 3099 18.

79 3116 146 3144 128.
168 3113 215 3143 (11.
232 3114 373 3143 Socrates
383 3113 462 3144 Hist.
479 3114 564 3145 Eccl.
577 3116 630 3150 lv,
645 3117 681 3145 28
696 3127 703 3144 ι
716 3114 860 3145 Φαίνεται
874 3116 905 3145 δὲ
918 3116 956 3145 τὰ
970 3117 1098 3154 Φρυγῶν
1113 3115 1180 3150 ἔθνη
1191 3115 1420 3154 σωφρονέστερα
1430 3115 1503 3145 εἶναι
1516 3118 1576 3145 τῶν
1591 3116 1689 3146 ἄλλων
1703 3115 1794 3145 ἐθνῶν
1806 3123 1812 3129 ·
1827 3116 1877 3145 καὶ
1892 3115 1949 3154 γὰρ
1960 3115 1994 3150 δὴ
2006 3115 2056 3144 καὶ
2070 3125 2146 3144 σπα-

37 3158 131 3194 νιάκις
144 3159 259 3198 Φρύγες
274 3159 437 3198 ὀμνύουσιν
448 3169 454 3174 ·
470 3160 624 3200 ἐπικρατεῖ
642 3161 699 3199 γὰρ
715 3161 749 3191 τὸ
770 3161 822 3200 μὲν
842 3163 967 3200 θυμικὸν
986 3162 1067 3201 παρὰ
1089 3162 1214 3195 Σκύθαις
1231 3162 1282 3191 καὶ
1297 3162 1406 3200 Θρᾳξὶ,
1418 3164 1462 3200 τῷ
1484 3162 1514 3191 δὲ
1528 3162 1735 3200 ἐπιθυμητικῷ
1750 3163 1778 3192 οἱ
1792 3162 1863 3200 πρὸς
1878 3161 2041 3199 ἀνίσχοντα
2064 3160 2146 3211 ἥλιον

38 3206 90 3242 τήν
109 3206 228 3239 οἳκησιν
245 3205 364 3245 ἔχοντες
378 3207 467 3237 πλέον
493 3207 684 3238 δουλεύουσι·
699 3208 737 3237 τὰ
763 3209 793 3238 δὲ
821 3209 1027 3247 Παφλαγόνων
1041 3211 1092 3239 καὶ
1110 3211 1238 3248 Φρυγῶν
1261 3209 1328 3244 ἔθνη
1345 3209 1417 3247 πρὸς
1431 3208 1584 3247 οὐδέτερον
1598 3208 1713 3238 τούτων
1731 3208 1895 3246 ἐπιρρεπῶς
1909 3208 1970 3245 ἔχει
1986 3217 1991 3222 ·
2010 3206 2075 3235 οὐδὲ
2090 3217 2145 3243 γαρ

39 3251 233 3291 ἱπποδρομίαι
248 3252 315 3282 οὐδὲ
329 3253 438 3290 θέατρα
453 3254 673 3288 σπουδάζονται
690 3257 740 3284 νῦν
757 3255 827 3293 παρ’
846 3255 957 3290 αὐτοῖς.

86 3302 151 3329 129.
179 3298 221 3328 Ad
245 3297 291 3336 §t
319 3299 358 3329 cf.
386 3299 532 3329 [ion-odoi.
560 3305 590 3337 1,
618 3303 692 3338 ¹735
718 3300 867 3339 Nymphis
891 3301 926 3330 11.
957 3304 1009 3340 13;
1033 3300 1070 3331 ad
1095 3301 1112 3340 §
1136 3304 1152 3331 3
1176 3300 1329 3331 lleraclid.
1357 3300 1446 3330 Polli.
1474 3300 1509 3330 l'r.
1540 3303 1591 3335 ¹5;
1618 3297 1774 3328 welch-er.
1792 3297 1911 3334 Triloq.
1937 3305 1966 3335 p,
1993 3298 2061 3326 587.
