2338 3765
978 143 1300 182 FRAGMENTA.
2103 156 2169 188 531

113 227 157 263 V
183 223 253 261 lixs'
240 238 359 274 εαργος
376 222 410 258 δὲ
431 222 587 272 ἀνδριιε)0
584 238 609 263 ις
622 221 688 267 ηδη
707 224 765 266 τῆς
782 236 817 257 τε
835 220 963 263 πόλεως
980 217 1080 271 ἧργε,

58 299 115 320 και
134 282 294 330 πολέμοις
309 283 370 317 οὐκ.
384 281 507 329 ὀλίγοις
518 309 527 326 ,
545 279 586 316 τὰ
603 279 664 328 μὲν
679 281 874 329 συμμαχῶν
891 279 1023 324 ἄλλοις,
1043 279 1084 314 τὰ

59 339 92 377 δὲ
110 340 167 377 καὶ
193 340 261 381 τοῖς
283 337 536 389 ἐπιφερομένοις
562 339 673 388 αὖτιι),
697 337 892 382 εξητάζετο·
910 338 942 373 ἐν
964 340 1010 378 οἱς
1028 352 1085 373 και

58 397 144 435 κατὰ
164 399 277 434 ΓετιΝι)ν
306 395 503 447 Λυσιμάχιιι
524 393 834 445 συστρατευόμενος
860 392 948 430 ἑάλω
967 408 1004 429 τε
1024 408 1084 429 συν

57 458 169 506 αὐτιΝι),
191 470 248 490 και
276 454 445 495 ἀνεθέντος
473 456 532 498 τῆς
565 453 806 502 αἰχμαλωσίας
840 451 966 487 ἐκείνου
980 480 990 499 ,
1026 452 1084 486 καὶ

57 513 157 554 αὐτὸς
178 526 316 561 υστερον
346 513 387 561 τῇ
409 509 616 560 Λυσιμάχου
636 508 777 560 προνοίᾳ
799 507 929 560 ἀφίετο.
952 510 989 556 (2)
1009 510 1081 545 Οὑ-

56 586 109 612 τος
143 572 160 606 ὁ
191 568 367 618 Κλέαρχος
399 567 472 616 ἅμα
504 570 550 618 τῷ
586 568 721 618 ἀδελφῷ
751 570 809 612 τῆς
839 568 945 617 ἀρχης
977 581 1086 602 κατα-

57 626 193 668 στάντες
211 627 382 676 διάδοχοι,
401 625 483 677 πρὸς
501 623 561 674 μὲν
578 625 775 675 ἡμερότητα
791 624 849 660 καὶ
865 623 1085 674 χρηστότητα

55 685 141 722 πολὺ
162 687 219 721 τοῦ
240 683 367 734 πατρὸς
384 683 542 725 ἐλάττους
558 689 625 724 τοῖς
641 682 800 726 ὑπηκόοις
817 681 1018 728 ἀπε-ἔδησαν,
1039 682 1084 722 εἷς

57 742 219 791 ἔκθεσμον
241 740 275 777 δὲ
294 740 353 778 καὶ
380 740 595 790 μιαρώτατον
622 740 718 790 ἔργον
741 740 909 783 ἐξέπεσον·
940 738 1001 783 τὴν
1020 737 1085 789 γὰρ

58 799 210 850 μητέρα,
247 797 352 847 μηδὲν
387 798 465 847 περὶ
495 797 615 839 αὐτοὺς
650 797 737 846 μέγα
764 796 1085 846 πλημμελήσασαν,

59 859 200 906 μηχανῇ
223 856 313 906 δεινῇ
334 854 392 892 καὶ
421 854 608 905 κακουργίᾳ
627 855 796 891 ἐπιὸᾶσαν
827 854 905 900 νηὸς
927 853 1084 903 Θαλάσσῃ

59 917 290 964 ἀποπνιγῆναι
306 912 592 963 κατειργάσαντο.

113 974 177 1010 VI.
200 971 251 1010 Δι’
268 972 308 1016 ἣν
327 970 438 1007 αἰτίαν
456 970 515 1007 καὶ
539 970 738 1021 Λυσίμαχος
756 973 773 1007 ὁ
791 970 955 1012 πολλάκις
975 969 1085 1021 ῥηθεὶς

62 1029 297 1079 (Μακεδονίας
315 1028 349 1065 δε
370 1028 547 1066 ἐδασίλευε
536 1030 606 1077 εν,)
627 1030 655 1064 εἷ
672 1043 731 1065 και
750 1027 810 1072 τὴν
828 1026 1048 1096 Αμαστριν
1032 1027 1085 1064 οιὰ

61 1086 122 1132 τὴν
144 1086 328 1138 συνάφειαν
350 1086 521 1138 Ἀρσινόης
535 1087 627 1122 λιπε”
600 1101 645 1122 ειν
664 1085 764 1122 αὐτον
785 1086 1085 1157 παρεσκευάσατο,

60 1146 135 1182 ἀλλ’
158 1147 215 1181 οὖν
248 1159 305 1181 του
339 1159 374 1180 τε
409 1159 573 1196 προτερου
603 1144 735 1181 πόθου
728 1159 837 1195 φερων
858 1145 891 1180 ἓν
912 1147 1021 1181 ἑαυτιι)
1049 1143 1086 1181 τὸ

58 1202 288 1253 ἐμπύρευμα,
315 1217 374 1238 και
398 1201 436 1238 τὸ
464 1200 617 1251 μυσαρὸν
646 1201 703 1238 καὶ
723 1201 816 1250 ωμὸν
847 1203 907 1246 τ’ἧς
935 1200 1086 1252 πράξεως

60 1261 121 1296 οὐκ
143 1258 330 1309 ἀνασχετὸν
351 1258 569 1307 ποιούμενος,
600 1259 842 1307 στεγανώτατα
864 1257 923 1307 μὲν
944 1258 1003 1303 τὴν
1023 1262 1085 1295 αὓ-

61 1320 117 1353 τοῧ
143 1323 299 1366 κατεῖχεν
333 1315 425 1352 ἔνδον
453 1315 608 1364 γνώμην,
639 1315 698 1359 τὴν
729 1317 877 1367 ἀρχαίαν
910 1316 943 1352 δὲ
973 1316 1086 1368 φιλίαν

61 1374 144 1426 πρὸς
160 1373 236 1416 τοὺς
256 1373 332 1424 περὶ
351 1373 530 1423 Κλέαρχον
557 1375 605 1423 τῷ
626 1373 781 1424 σχήματι
804 1373 1012 1419 ἐπιδεικνὺς,
1033 1374 1087 1410 διὰ

58 1433 195 1468 πολλῶν
209 1447 244 1468 τε
264 1433 430 1482 μηχανῶν
452 1431 509 1467 καὶ
527 1433 594 1467 τῶν
618 1435 677 1468 τοῦ
697 1431 874 1468 λανθάνειν
892 1447 1087 1482 στρατηγη-

61 1490 179 1539 μάτων
193 1489 331 1541 (κρύψαι
347 1488 411 1539 γὰρ
426 1488 463 1525 τὸ
480 1488 683 1537 βουλόμενον
699 1489 887 1531 δεινότατος
902 1490 1088 1541 ἀνθρώπων

58 1547 232 1597 γεγονέναι
252 1546 456 1597 λε’·(εται),ἐν
475 1546 665 1598 Ἡρακλείᾳ
686 1546 746 1596 μὲν
757 1549 802 1590 ὡς
815 1547 869 1584 ἐπὶ
882 1551 929 1597 τῷ
945 1551 1010 1584 τῶν
1032 1549 1085 1585 δε-

59 1605 215 1656 χομένιι)ν
249 1605 436 1640 συνοίσοντι
463 1604 711 1655 παραγίνεται,
737 1605 866 1656 πατρὸς
890 1605 924 1642 δὲ
945 1605 1089 1656 στοργὴν

58 1665 107 1714 τιΝ)
140 1660 355 1732 προσιοὶιὶπείι)
376 1666 445 1703 τοῖς
473 1661 551 1712 περὶ
580 1661 760 1714 Κλέαρχον
786 1662 1088 1714 προὸαλλόμενος,

60 1725 176 1769 ἀναιρε
163 1725 190 1755 ..ῖ
225 1719 285 1767 μὲν
306 1734 382 1761 τους
404 1735 427 1754 υ
431 1719 671 1770 ητροκτόνους,
691 1734 827 1770 πριιιτον
857 1735 898 1767 υ.ε
902 1736 917 1754 ν
950 1719 1022 1757 Κλέ
1008 1735 1090 1770 εαρ-

64 1793 138 1828 χον,
169 1781 242 1813 εἶτα
266 1776 324 1814 καὶ
346 1775 529 1827 Ὀξάθρην,
548 1792 716 1826 μητρικης
737 1777 932 1821 ἀπαιτήσας
954 1793 1090 1829 μιαιιρο-

60 1836 132 1877 νίας
150 1835 264 1876 δικας·
295 1850 354 1871 και
373 1834 435 1879 τὴν
457 1834 556 1871 πόλιν
577 1834 809 1883 ποιησάμενος
832 1851 896 1871 υπο
919 1835 982 1880 τὴν
1006 1834 1090 1886 πρό-

62 1908 154 1929 νοιαν
176 1909 237 1937 την
258 1908 379 1935 αυτου,
399 1907 458 1928 και
478 1891 520 1929 τὰ
537 1892 649 1929 πολλὰ
675 1892 710 1929 δὲ
726 1892 1024 1944 λαφυραγωγησας
1044 1897 1089 1929 ὡν

60 1954 81 1996 ἡ
99 1950 253 2001 τυραννὶς
283 1950 433 2021 ἠθροίκει
449 1950 652 2001 χρημάτων,
682 1950 798 1986 ἄδειάν
823 1966 859 1987 τε
878 1950 952 1993 δους
984 1953 1089 1998 ὀηυο-

60 2011 261 2060 κρατεῖσθαι
287 2023 364 2049 τους
399 2008 559 2057 πολίτας,
584 2011 621 2045 οὗ
643 2008 793 2059 ἐφίεντο,
825 2009 907 2060 πρὸς
926 2025 987 2054 την
1005 2008 1091 2044 ἰδίαν

62 2066 241 2116 βασιλείαν
256 2065 449 2103 ἐστέλλετο.

112 2125 198 2162 Vll.
229 2122 431 2173 Λυσίμαχος
466 2122 580 2168 δὲτὴν
602 2122 689 2160 ἰδίαν
721 2122 830 2174 ἀρχὴν
862 2122 1124 2171 xatotkotsso'iffi

62 2181 126 2218 δι’
112 2181 258 2218 επαίνων
276 2179 337 2230 μὲν
354 2181 416 2225 τὴν
433 2179 621 2231 Ἀμαστριν
633 2184 736 2231 εἶχεν,
755 2181 959 2229 ε’θαυααζε
942 2180 975 2217 οε
988 2196 1092 2226 αυτης

61 2239 137 2281 τούς
157 2255 193 2276 τε
213 2239 356 2290 τρόπους
377 2238 509 2284 καιτὴν
531 2238 658 2289 ἀρχὴν,
675 2239 757 2289 πρὸς
772 2239 869 2288 ὄγκον
881 2238 939 2275 καὶ
954 2238 1091 2288 μέγεθος

63 2312 121 2333 και
136 2295 234 2347 ἷσχυν
255 2298 300 2338 ὡς
311 2312 534 2346 εκρατυνατο,
557 2296 696 2345 ἐξαίρων
714 2295 755 2344 μὲ
742 2312 775 2332 ν
789 2312 850 2340 την
867 2295 1020 2346 Ηράκλε
1027 2311 1091 2341 ιαν,

63 2354 162 2426 μέρος
182 2354 216 2391 δὲ
233 2357 299 2391 τῶν
313 2354 460 2391 ἐπαίνων
481 2369 539 2391 και
556 2354 617 2398 τὴν
637 2355 720 2392 Τῖον
734 2369 792 2390 και
807 2369 867 2398 την
886 2353 1091 2404 Ἄμαστριν,

61 2412 102 2458 ἢν
130 2412 309 2460 ἐπώνυμον
346 2427 480 2462 ηγειρεν
511 2411 643 2459 εκείνη,
685 2411 897 2459 ποιούμενος.
959 2410 999 2460 (2)
991 2410 1093 2460 )Και

61 2485 170 2508 ταυτα
190 2469 298 2519 λέγων
311 2469 371 2515 τὴν
393 2469 601 2520 Ἀρσινόην’
584 2486 644 2521 ηρε
632 2469 752 2513 ζ”θιζε
735 2469 892 2506 οεσπότιν
910 2486 946 2506 τι
948 2486 976 2506 )ν
994 2484 1089 2505 επαι

62 2543 232 2574 νουμενων
243 2543 316 2577 γενε
303 2527 418 2564 εσθαι·
439 2531 460 2573 ἡ
482 2527 516 2564 δε
542 2528 649 2564 εδειτο
668 2542 748 2577 τυχε
735 2532 782 2563 ῖν
802 2520 960 2563 ιι1νεπόθε
966 2542 987 2563 ι.
1024 2525 1094 2562 Καὶ

62 2590 80 2622 ὃ
112 2585 312 2636 Λυσίμαχος
345 2585 517 2633 σεμνύνων
538 2600 577 2621 το
599 2585 721 2653 δῶρον,
746 2584 823 2620 κατ’
841 2583 947 2634 ἀρχὰς
972 2582 1033 2631 μὲν
1056 2585 1092 2619 οὐ

63 2641 240 2692 προσίετο·
940 2635 1010 2678 *nv
1029 2656 1093 2690 γαρ

64 2699 155 2744 δεινὴ
170 2701 392 2750 περιελθεῖνὴ
411 2700 591 2751 Ἀρσινόη,
615 2699 674 2736 καὶ
701 2699 738 2735 τὸ
759 2702 865 2749 γῆρας
900 2698 966 2744 ἥδη
988 2697 1093 2735 Λυσί·

66 2772 178 2806 μαγον
198 2772 367 2807 παρειχεν
388 2772 655 2807 ευεπιχειρητον.
713 2759 739 2803 (a
744 2757 755 2805 )
773 2755 949 2804 Δεξαμένη
980 2756 1008 2791 δ’
1037 2758 1093 2791 οὖν

278 2642 516 2692 εκλιπαρηθεὶς
535 2642 568 2678 δὲ
592 2642 705 2693 γρόνιι)
729 2656 915 2691 παρεσχεν.

65 2817 85 2859 ἡ
102 2814 255 2864 Ἀρσινόη
271 2818 331 2860 τῆς
349 2814 557 2866 Ἡρακλείας
574 2814 635 2858 τὴν
655 2813 776 2864 ἀρχθην
798 2829 928 2849 πευ.πει
945 2813 1000 2849 τὸν
1024 2815 1092 2850 110-

66 2876 166 2919 μαῖον
181 2871 429 2922 Ἥρακλείδην,
449 2872 556 2922 ἄνδρα
577 2870 637 2920 μὲν
659 2870 773 2907 εὔνουν
792 2872 896 2920 αὐτῇ,
918 2870 1093 2917 ἀπότομον

66 2928 101 2966 δὲ
137 2929 246 2972 ἄλλως
273 2929 331 2966 καὶ
352 2930 458 2966 δεινὸν
492 2931 525 2966 ἐν
556 2928 799 2979 βουλευμάτων
833 2928 1007 2979 ἐντρεχείᾳ
1036 2927 1094 2963 καὶ

1186 231 1225 259 V.
1243 231 1412 261 Clearchus
1426 233 1595 270 auu-mnu!
1615 233 1733 262 virilem
1753 234 1826 263 lunc
1841 234 1966 263 wlalcni
1984 242 2174 272 progressus,

1145 287 1176 316 et
1189 286 1306 317 civitati
1323 289 1478 319 Heraclea)
1496 290 1638 328 praefuit,
1654 292 1684 321 et
1701 292 1730 321 in
1749 291 1838 322 hellis
1855 300 1916 321 non
1937 292 2057 330 paucis,
2082 292 2176 322 modu

1146 344 1230 373 socia
1261 353 1334 374 cuin
1351 345 1419 375 aliis
1438 354 1525 376 arma
1549 347 1683 386 jungens
1696 371 1703 385 ‚
1730 348 1824 378 modo
1846 349 2058 387 aggredientes
2074 349 2175 388 ipsunt

1146 402 1341 439 propulsans,
1353 401 1434 433 vires
1445 404 1588 434 tentavit.
1606 406 1767 444 intorquae
1781 406 1856 436 dum
1873 407 2057 445 Lysimacho
2067 409 2176 437 contra

1146 461 1240 489 Getas
1269 459 1459 497 belligeranti
1485 470 1612 500 operam
1636 465 1751 501 navat,
1785 466 1895 503 raptus
1925 466 1971 495 est
1994 474 2065 495 cum
2089 474 2177 503 rege,

1146 525 1246 555 eoque
1259 526 1298 547 ex
1313 518 1492 556 captivitate
1504 520 1606 549 soluto
1618 544 1625 558 ,
1638 521 1701 560 ipsc
1711 521 1805 552 etiam
1819 522 1983 560 prudentia
2003 523 2177 561 Lysimachi

1146 576 1253 613 postea
1273 577 1319 606 est
1335 575 1490 606 dimissus.
1516 578 1558 615 (2)
1584 580 1701 609 Verum
1727 580 1897 610 Clearchus
1914 581 1963 610 hie
1977 583 2010 611 et
2031 581 2126 611 frater
2149 581 2178 610 in

1147 641 1240 672 regno
1252 634 1381 672 paterno
1401 642 1606 674 successores,
1625 636 1751 667 lenitate
1764 639 1793 667 et
1806 638 2010 668 beneficentia
2024 646 2094 677 erga
2108 638 2177 667 suli-

1146 691 1229 722 ditos
1245 692 1332 730 patre
1357 691 1446 730 longe
1463 692 1623 724 inferiores
1648 696 1824 725 evaserunt.
1870 695 1953 731 Quid
1970 696 2053 735 quod
2067 696 2105 726 ad
2123 705 2177 726 ne-

1147 749 1260 780 farium
1273 751 1305 780 ct
1321 750 1512 781 exsecrabile
1534 751 1653 782 facinus
1672 754 1745 782 sunt
1758 752 1886 792 delapsi.
1930 755 2062 784 Matrem
2076 754 2158 784 enim
2170 777 2177 790 ‚

1146 816 1218 846 quae
1232 807 1308 838 nihil
1322 807 1353 837 in
1372 816 1424 837 eos
1440 808 1555 846 grande
1573 811 1756 847 peccaverat
1768 834 1776 848 ‚
1791 819 1888 849 quum
1907 812 1976 841 navi
1999 820 2031 842 se.
2048 811 2176 842 commi-

1147 864 1253 901 sisset,
1272 862 1383 902 insigni
1400 865 1582 894 commento
1602 866 1632 894 et
1648 865 1762 903 flagitio
1780 866 1857 896 mari
1881 867 2096 897 suffocandum
2122 876 2178 897 cu-

1148 920 1269 950 rarunt.

1189 974 1243 1002 Vl.
1262 973 1364 1008 Quam
1379 972 1419 1002 ob
1434 980 1562 1002 causam
1582 973 1802 1012 Lysimachus,
1830 976 1944 1014 saepius
1962 975 2014 1006 ille
2031 975 2094 1013 jam
2113 985 2177 1005 nu·—

1149 1036 1308 1076 moratus(
1323 1037 1353 1067 in
1369 1036 1548 1067 Macedonia
1559 1038 1665 1067 autem
1679 1039 1753 1068 tune
1773 1046 1876 1069 rerum
1892 1039 2106 1078 potiebatur),
2124 1040 2179 1068 etsi

1148 1105 1273 1143 propter
1284 1103 1429 1134 Arsinoes
1447 1102 1708 1133 consuetudinem
1721 1105 1876 1134 Amastrin
1891 1113 1908 1133 a
1921 1113 1952 1135 se
1969 1104 2160 1135 abalienarat
2173 1128 2180 1140 ,

1147 1177 1245 1208 quum
1255 1169 1361 1199 tamen
1370 1168 1492 1207 pristini
1505 1169 1620 1199 amoris
1634 1177 1690 1199 ceu
1704 1169 1873 1207 igniculum
1887 1170 1991 1207 ferret,
2005 1171 2035 1200 et
2046 1171 2182 1200 immam·

1147 1241 1184 1263 ac
1208 1231 1393 1263 detestabile
1410 1232 1470 1262 hoc
1494 1232 1595 1262 scelus
1623 1241 1684 1262 non
1702 1232 1900 1262 tolerandum
1916 1232 2045 1263 duceret
2062 1246 2069 1263 ·.
2087 1234 2180 1263 animi

1147 1297 1275 1336 quidem
1290 1296 1373 1336 apud
1387 1305 1419 1327 se
1433 1296 1558 1327 decreta
1572 1305 1668 1335 quam
1684 1295 1856 1326 arctissime
1870 1296 2182 1336 continuit,antiquffl

1148 1363 1273 1394 interim
1288 1362 1526 1394 necessitudinis
1543 1361 1682 1393 studium
1696 1362 1848 1393 Clearcho
1862 1363 2022 1392 ostentans
2039 1375 2044 1392 :
2068 1361 2120 1393 sed
2136 1363 2183 1392 ta-

1149 1440 1222 1462 men
1245 1432 1312 1461 arte
1328 1430 1429 1461 multa
1452 1432 1482 1460 et
1507 1430 1735 1469 strategematis
1752 1429 1790 1460 ad
1817 1429 1987 1460 fallendum
2007 1430 2186 1469 compositis

1151 1495 1331 1534 (occultare
1359 1494 1442 1525 enim
1468 1502 1539 1532 quae
1567 1493 1680 1530 vellet,
1710 1493 1891 1523 mortalium
1918 1492 2183 1531 ingeniosissimus

1150 1561 1376 1601 perhibetur),
1401 1560 1604 1598 Heracleam,
1625 1568 1681 1591 ceu
1709 1559 1835 1599 publico
1861 1559 2079 1598 recipientium
2103 1569 2186 1590 eom-

1150 1627 1244 1658 niodo
1259 1627 1287 1657 id
1301 1627 1371 1666 fiat,
1386 1627 1556 1666 ingreditur
1570 1636 1575 1656 :
1589 1627 1619 1657 et
1633 1626 1710 1656 dum
1722 1626 1865 1656 intimam
1879 1626 1974 1665 patris
1986 1626 2184 1657 affectionem

1150 1693 1235 1723 larva
1250 1692 1384 1732 quadam
1400 1692 1552 1723 Clearcho
1568 1691 1659 1730 eique
1681 1691 1814 1721 addictis
1837 1700 1900 1730 prae
1915 1700 1947 1721 se
1966 1692 2069 1729 ferret,
2089 1691 2185 1730 parri-

1152 1759 1236 1789 cidas
1256 1759 1324 1789 illos
1349 1767 1366 1789 e
1380 1757 1483 1788 medio
1498 1757 1596 1795 tollit,
1620 1756 1721 1796 primo
1736 1756 1941 1794 Clearchum‚
1962 1756 2075 1787 deinde
2090 1756 2183 1791 etiam

1152 1821 1312 1852 Oxathren
1329 1834 1335 1850 :
1352 1823 1382 1851 et
1397 1820 1441 1851 sic
1452 1820 1550 1858 justas
1564 1820 1715 1850 maternae
1732 1818 1825 1849 cardis
1839 1827 1946 1857 poenas
1960 1819 2066 1858 exigit.
2086 1820 2183 1855 Hinc,

1153 1885 1224 1923 ubi,
1246 1885 1372 1915 redacta
1386 1884 1417 1914 in
1432 1883 1608 1914 clientelam
1623 1890 1712 1912 suam
1732 1881 1877 1920 civitate,
1895 1882 2183 1920 opestyrannorum

1151 1948 1313 1978 dominatu
1343 1946 1492 1977 collectas
1514 1946 1546 1975 in
1576 1944 1714 1984 praedam
1734 1952 1823 1974 suam
1840 1944 2002 1981 vertisset,
2021 1944 2052 1973 et
2072 1943 2082 1981 (
2099 1943 2183 1982 quod

1152 2009 1205 2039 diu
1220 2008 1477 2047 exspectaverant
1491 2006 1643 2046 >liberam
1655 2005 1775 2035 civibus
1788 2004 2016 2043 rempublicam
2034 2004 2186 2035 restituis-

1152 2072 1214 2108 set,
1234 2071 1265 2101 in
1283 2070 1445 2109 proprium
1456 2077 1488 2100 se
1504 2077 1635 2107 regnum
1650 2067 1778 2106 recepit.

1194 2129 1260 2158 Vll.
1280 2129 1434 2158 Reversus
1447 2125 1541 2164 igitur
1557 2124 1596 2155 ad
1606 2133 1662 2155 sna
1672 2148 1680 2163 ‚
1693 2124 1851 2155 Amastrin
1863 2123 2008 2154 laudibus
2021 2123 2184 2162 extollere,

1152 2185 1281 2224 ejusque
1295 2176 1398 2215 mores
1417 2185 1448 2214 et
1461 2183 1628 2222 imperinm
1649 2181 1795 2212 demirari
1810 2205 1818 2219 ‚
1842 2182 1874 2211 ut
1892 2180 1951 2211 hoc
1966 2180 2004 2211 ad
2019 2180 2048 2211 id
2064 2181 2184 2219 magni-

1155 2243 1288 2281 tudinis,
1313 2242 1461 2281 potentiae
1477 2242 1508 2271 et
1524 2240 1694 2279 majestatis
1710 2240 1826 2270 elatum
1844 2238 2093 2277 corroborasset;
2118 2241 2184 2269 uni-

1153 2309 1250 2341 ceque
1269 2300 1439 2340 praedicare
1457 2299 1656 2336 Heracleam,
1671 2297 1725 2328 sed
1740 2298 1775 2327 ut
1793 2297 1824 2327 in
1842 2298 1962 2336 partem
1981 2296 2081 2327 laudis
2096 2298 2183 2327 veni-

1153 2360 1222 2389 rent
1240 2358 1334 2390 etiam
1353 2358 1429 2389 Tius
1445 2358 1477 2388 et
1490 2355 1657 2393 Amastris,
1683 2363 1779 2394 quam
1805 2355 1931 2385 nomine
1951 2363 2008 2385 suo
2030 2354 2184 2385 celebrem

1154 2417 1206 2447 illa
1222 2416 1422 2447 condidisset.
1463 2416 1506 2454 (2)
1537 2416 1612 2445 Haec
1630 2413 1739 2444 crebro
1756 2412 1874 2443 habens
1889 2412 1919 2442 in
1943 2421 2007 2449 ore,
2034 2412 2184 2444 Arsinoen

1154 2474 1387 2512 exstimulavit,
1404 2475 1440 2504 111
1452 2472 1576 2503 urbium
1591 2472 1754 2510 tantopere
1768 2469 1995 2500 celebratarum
2010 2469 2184 2500 dominium

1154 2533 1334 2570 affectaret,
1364 2539 1499 2571 quaeque
1529 2529 1712 2567 affectabat,
1735 2528 1793 2559 sibi
1819 2527 1929 2558 donari
1951 2528 2080 2566 peteret.
2108 2528 2148 2558 At
2162 2528 2186 2557 is

1154 2591 1340 2630 gravitatem
1363 2589 1503 2620 muneris
1521 2587 1718 2627 praetendens
1740 2585 1828 2616 initio
1843 2594 1949 2625 preces
1962 2594 2024 2615 non
2042 2585 2186 2616 admitte-

1155 2649 1221 2687 bat,
1241 2647 1293 2679 sed
1310 2649 1416 2678 tamen
1434 2654 1597 2685 progressu
1614 2643 1764 2683 temporis
1779 2644 1926 2674 exoratus
1942 2642 2107 2673 concessit.
2132 2645 2185 2672 ln—

1154 2707 1279 2746 geniosa
1296 2706 1380 2736 enim
1394 2704 1433 2735 ad
1449 2701 1759 2734 circumveniendum
1772 2701 1831 2731 fuit
1848 2700 1988 2738 Arsinoe,
2006 2701 2036 2730 et
2050 2700 2114 2740 jam
2137 2708 2186 2730 se-

1155 2765 1265 2795 nectus
1281 2763 1346 2802 ipsa
1358 2762 1608 2793 mansuefactum
1621 2760 1751 2791 dederat
1767 2758 2000 2797 Lysimachum.
2024 2758 2066 2796 (3)
2083 2758 2186 2791 Potita

1155 2822 1248 2861 igitur
1262 2821 1419 2852 Heracleae
1436 2819 1598 2849 dominatu
1621 2818 1752 2848 Arsinoe
1767 2816 1960 2847 Heraclidem
1975 2824 2011 2846 eo
2022 2818 2183 2854 Cymaeum

1155 2879 1269 2917 mittit,
1282 2878 1385 2908 virum
1406 2877 1488 2907 illius
1504 2877 1721 2907 observantem
1739 2877 1771 2906 et
1787 2874 1962 2906 studiosum
1973 2898 1982 2911 ,
2000 2874 2053 2904 sed
2069 2872 2184 2912 alioqui

1154 2938 1355 2977 praefractum
1367 2938 1399 2967 et
1412 2936 1443 2966 in
1460 2935 1596 2966 consiliis
1609 2934 1719 2964 dandis
1731 2935 1763 2964 et
1780 2932 1988 2971 exsequendis
1998 2931 2183 2962 industrium

69 3000 2182 3016 Μ

105 3041 143 3069 V.
169 3043 196 3069 1.
212 3043 385 3079 συμμαχῶν
399 3038 517 3078 ἅὶλοις]
535 3038 604 3069 cod.
622 3042 657 3069 A.
673 3050 724 3077 ;σ
743 3038 880 3074 ἀλλήὶοις
895 3038 977 3076 vulg.
993 3054 1030 3058 —
1045 3034 1342 3076 συστρατευόμενος]
1359 3034 1504 3076 Scaliger.
1520 3056 1528 3070 ‚
1543 3032 1778 3072 στρατευόμενος
1796 3030 1878 3060 libri.
1896 3032 1938 3060 De
1953 3029 2032 3058 bello
2047 3029 2105 3058 nov.
2123 3030 2181 3065 Ly-

66 3085 195 3116 simachi
217 3095 245 3115 v.
264 3087 394 3117 Diodor.
412 3088 505 3124 XXI,
527 3090 557 3116 11
576 3094 666 3124 sqq,;

687 3086 917 3122 Pausan.1,9
938 3087 1088 3123 Droysen.
1107 3083 1304 3114 Hellenism.
1322 3085 1397 3111 tom.
1414 3083 1426 3110 Ι
1440 3089 1489 3119 ,.p
1511 3084 1569 3110 585
1586 3087 1655 3118 sqq.

106 3134 160 3162 Vl.
184 3132 218 3162 τὸ
234 3131 432 3171 βουλόμενον]
449 3132 483 3162 τὸ
498 3131 715 3170 βουλευὸμειον
733 3134 768 3161 Α.
787 3132 927 3160 Tuemur
942 3130 1120 3168 vulgatam,
1138 3129 1253 3159 collato
1266 3127 1408 3166 Thucyd.
1427 3128 1455 3162 Ι,
1471 3130 1522 3156 90.
1539 3127 1601 3162 Vl,
1617 3129 1667 3155 2²⁴.

106 3180 308 3217 ν11,1.τὴν
322 3179 415 3219 Τῖον]
432 3179 508 3209 urbs
524 3178 591 3208 hac
612 3177 803 3208 Heracleotis
818 3177 957 3214 subjecta
974 3176 1014 3206 ab
1029 3175 1162 3206 Amastri
1181 3175 1275 3205 distat
1288 3174 1397 3205 stadiis
1413 3172 1594 3211 ν1(11111,111
1616 3170 1766 3200 discimus
1784 3177 1800 3198 e
1822 3166 1958 3204 Menippi
1981 3163 2100 3203 periplo
2124 3165 2180 3193 l'a-

68 3224 239 3279 phlagoniae
252 3233 302 3264 ap.
321 3225 428 3264 Steph
445 3226 479 3256 Β.
496 3233 527 3254 v.
542 3226 621 3258 Τῖος.
642 3226 686 3254 De
700 3223 888 3253 Amastiicf.
911 3224 1060 3260 Droysen.
1080 3222 1172 3253 Hell.
1190 3223 1221 3259 Ι,
1237 3229 1266 3260 p.
1281 3223 1351 3252 343.
1372 3222 1442 3250 46³
1459 3217 1771 3255 556.609.11,24Ι.

1030 3268 1242 3307 Ἡράκ)ειτον;
1272 3265 1375 3305 paullo
1391 3265 1515 3295 infrac
1550 3268 1602 3301 11,

67 3270 198 3300 ἐπαίνων
212 3271 294 3309 vulg„
314 3289 353 3295 —
371 3276 399 3301 3.
414 3269 633 3310 Ἡρακλείδην]
651 3269 694 3300 sic
717 3269 823 3308 scripsi
847 3278 902 3308 pro
920 3269 1004 3308 vulg

1842 3209 2126 3248 Ἁέπαινουμενων]
2144 3212 2179 3239 A.

1628 3241 1681 3293 nbi
1708 3231 1965 3293 1110111-100111111,
1986 3264 2094 3286 omnes
2113 3255 2179 3284 libii

70 3295 285 3346 Heraclidem⁰
287 3316 446 3347 exhibent.
473 3318 555 3347 Num
573 3316 622 3346 hic
638 3318 685 3346 est
702 3314 881 3345 Heraclides
898 3315 1059 3344 Cumanus
1076 3314 1212 3344 historiae
1226 3316 1391 3344 Persarum
1409 3312 1541 3341 auctor?

1976 3389 2017 3411 3'1.
