2338 3765
982 202 1305 241 FRAGMENTA.

80 286 128 329 ὧν
163 291 349 344 ἀφείδησαν
384 290 457 334 ἀεὶ,
495 288 680 338 Ῥωμαίων
715 288 826 330 αὐτοῖς
856 288 1109 339 ἐπιτρεψάντων

81 349 170 386 κατὰ
188 348 264 390 τοὺς
281 347 420 389 οἰκείους
438 349 495 391 ζῆν
516 346 650 395 νόμους.
672 348 826 384 Τοιαῦτα
843 345 1106 395 καταὸοώντων,

81 406 307 457 παρῃτήσατο
333 404 393 454 μὲν
423 407 439 441 ὁ
470 403 627 454 βασιλεὺς
658 405 801 440 ἀκοῦσαι
830 402 886 439 τὸν
922 402 1111 453 Ἀγρίππαν

82 464 194 500 αὐτῶν
223 461 560 511 δικαιολογουμένων.
592 460 763 499 Νικόλαον
794 460 829 496 δέ
855 475 929 496 τινα
957 462 1023 496 τῶν
1045 461 1111 495 αὐ-

80 524 138 557 τοῦ
174 520 278 570 φίλων
312 520 435 556 ἔδωκεν
477 519 582 555 εἰπεῖν
626 517 711 569 ὑπὲρ
756 519 866 555 αὐτῶν
902 516 945 554 τὰ
981 516 1109 555 δίκαια.

79 579 151 616 Τοῦ
178 577 211 614 δὲ
243 576 413 627 Ἀγρίππα
445 574 630 624 Ῥωμαίων
665 590 702 611 τε
738 574 815 617 τοὺς
844 576 878 611 ἐν
909 574 1018 622 τέλει,
1053 574 1112 610 καὶ

82 633 249 684 βασιλέων
266 633 324 671 καὶ
349 635 521 671 δυναστῶν
538 631 613 675 τοὺς
636 632 807 684 παρόντας
827 634 919 683 αὑτῷ
937 632 1112 682 συνέδρους

80 692 314 741 ποιησαμένου
325 721 334 738 ,
348 689 521 732 καταστὰς
540 693 557 727 ὃ
576 689 746 732 Νικόλαος
761 688 843 741 ὑπὲρ
858 692 924 727 τῶν
938 689 1110 728 Ἰουδαίων

80 748 190 792 ἔλεξεν
211 750 269 798 (2).

566 844 613 890 93
620 873 627 880 .

131 984 235 1020 Idem
252 984 305 1020 ib.
329 984 435 1026 XVI,
461 996 497 1028 7,
539 995 551 1016 1
583 995 590 1019 :
616 981 660 1018 Ὁ
677 980 742 1031 γὰρ
772 979 950 1030 Ἡρώδης,
972 982 1110 1023 πολλοῖς

81 1040 304 1089 ἀναλώμασιν
324 1039 369 1082 εἴς
385 1054 422 1077 τε
435 1034 494 1081 τὰς
509 1038 572 1082 ἔξω
588 1038 646 1075 καὶ
659 1037 719 1080 τὰς
733 1039 766 1074 ἐν
783 1041 824 1089 τῇ
847 1038 1003 1089 βασιλείᾳ
1018 1039 1109 1090 χρώ-

80 1112 179 1146 μενος
200 1096 416 1147 [χορηγίας]
435 1125 444 1144 ,
473 1095 628 1141 ἀκηκοὼς
648 1095 697 1132 ἔτι
723 1094 855 1145 τάχιον,
877 1097 922 1136 ὡς
941 1093 1110 1145 (Υρκανὸς

81 1157 98 1191 ὃ
117 1153 184 1205 πρὸ
205 1156 308 1191 αὐτοῦ
325 1153 501 1205 βασιλεὺς,
522 1152 655 1196 ἀνοίξας
674 1152 730 1189 τὸν
751 1149 898 1190 Δαυίδου
912 1151 1030 1204 τάφον,
1048 1155 1109 1204 ἀρ-

79 1211 195 1262 γυρίου
211 1211 311 1249 λάὸοι
331 1211 503 1262 τρισχίλια
516 1210 666 1248 τάλαντα
677 1239 686 1256 ,
706 1209 870 1258 κειμένων
887 1209 972 1246 πολὺ
993 1212 1108 1248 πλειό-

79 1285 144 1307 νων
167 1268 237 1318 ἐτι,
263 1269 321 1306 καὶ
342 1267 539 1317 δυναμένων
564 1269 610 1310 εἷς
634 1267 725 1304 ἅπαν
747 1267 936 1318 ἐπαρκέσαι
955 1274 1028 1310 ταῖς
1047 1284 1106 1320 χο-

81 1327 225 1378 ρηγίαις,
238 1329 275 1365 ἐκ
289 1326 441 1369 πλείονος
454 1326 514 1376 μὲν
527 1327 568 1363 δι’
584 1326 710 1369 ἐννοίας
722 1320 793 1375 εἶχε
804 1325 864 1371 τὴν
880 1325 1107 1377 ἐπιχείρησιν,

79 1388 112 1423 ἐν
138 1385 174 1421 δὲ
199 1386 248 1436 τῷ
265 1384 361 1433 τότε,
387 1383 505 1426 νυκτὸς
526 1383 658 1427 ἀνοίξας
682 1383 738 1421 τὸν
759 1383 864 1435 τάφον
894 1385 1106 1436 εἰσέρχεται,

77 1442 428 1494 πραγματευσάμενος
452 1442 578 1488 ἥκιστα
597 1442 658 1491 μὲν
675 1444 708 1480 ἐν
728 1445 770 1493 τῇ
787 1443 885 1479 πόλει
901 1443 1044 1494 φανερὸς
1061 1437 1105 1480 εἶ-

77 1516 151 1547 ναι,
168 1501 387 1551 παρειληφὼς
403 1500 437 1537 δὲ
456 1499 532 1543 τοὺς
550 1499 772 1542 πιστοτάτους
785 1502 852 1537 τῶν
866 1499 982 1552 φίλων.
1005 1501 1106 1538 Ἀπο-

78 1558 202 1608 θέσιμα
223 1557 284 1607 μὲν
301 1552 356 1595 οὖν
371 1558 555 1609 χρήματα,
567 1557 720 1608 καθάπερ
738 1557 905 1608 Ὕ“ρκανὸς
916 1588 926 1607 ,
941 1559 1004 1608 οὐχ
1019 1552 1106 1610 εῦρε,

78 1617 205 1665 κόσμον
225 1616 260 1653 δὲ
281 1620 408 1667 χρυσοῦ
438 1616 496 1653 καὶ
525 1615 712 1665 κειμηλίων
739 1615 860 1662 πολὺν,
890 1615 926 1652 ὃν
955 1617 1107 1653 ἀνείλετο

78 1673 204 1712 πάντα.
260 1673 419 1718 Σπουδὴν
441 1674 468 1710 δ’
493 1667 595 1724 εἶχεν,
619 1673 885 1723 ἐπιμελεστέραν
905 1672 1106 1722 ποιούμενος

79 1730 140 1776 τὴν
161 1731 314 1782 ἔρευναν,
333 1730 493 1782 ἐνδοτέρω
512 1746 549 1767 τε
567 1731 702 1781 χωρεῖν,
720 1730 778 1767 καὶ
795 1730 883 1767 κατὰ
900 1729 958 1773 τὰς
981 1731 1108 1781 Θήκας,

79 1789 112 1824 ἐν
131 1782 183 1831 αἷς
201 1782 243 1834 ἦν
260 1791 318 1825 τοῦ
338 1786 487 1825 Δαυίδου
508 1787 566 1824 καὶ
585 1791 642 1825 τοῦ
661 1789 863 1836 Σολομῶνος
881 1787 924 1824 τὰ
945 1786 1104 1836 σώματα.

79 1845 151 1883 Καὶ
171 1844 229 1883 δύο
249 1845 309 1894 μὲν
327 1847 419 1897 αὐτῷ
433 1848 499 1883 τῶν
517 1844 709 1896 δορυφόρων
730 1845 973 1896 διεφθάρησαν,
989 1846 1113 1894 φλογὸς

79 1903 211 1940 ἔνδοθεν
242 1905 400 1940 εἰσιοῦσιν
433 1902 656 1949 ἀπαντώσης,
688 1904 733 1945 ὡς
753 1903 906 1952 ἐλέγετο·
927 1903 1108 1955 περίφοὲος

79 1962 107 1997 δ’
128 1960 227 2004 αὐτὸς
246 1960 355 2012 ἐξῄει,
372 1961 431 1998 καὶ
450 1964 509 1998 τοῦ
525 1960 616 2003 δέους
635 1960 833 2011 ἱλαστήριον
852 1963 972 2009 μνῆμα
987 1963 1109 2007 λευκῆς

79 2017 204 2069 πέτρας
225 2019 281 2055 ἐπὶ
309 2021 357 2070 τῷ
388 2018 520 2069 στομίῳ
540 2017 837 2064 κατεσκευάσατο,
858 2018 1039 2061 πολυτελὲς
1066 2023 1108 2070 τῇ

80 2075 228 2125 δαπάνῃ.
247 2075 379 2113 Τούτου
396 2076 454 2113 καὶ
470 2075 698 2122 Νικόλαος,
716 2078 732 2112 ὃ
747 2077 836 2112 κατ’
858 2075 982 2112 αὐτὸν
1003 2078 1109 2114 ἱστο-

81 2149 98 2184 ρ
108 2149 170 2184 ιογ
180 2149 197 2185 ρ
208 2133 229 2170 ά
240 2149 261 2183 φ
273 2148 290 2170 0
301 2149 315 2176 ς
326 2164 336 2183 ,
354 2134 528 2183 μέμνηται
542 2137 600 2170 τοῦ
617 2133 965 2183 κατασκευάσματος,
985 2136 1023 2171 οὐ
1041 2135 1108 2183 μὴν

80 2190 132 2228 ὅτι
155 2193 337 2236 κατῆλθεν,
361 2192 422 2228 οὐκ
455 2193 607 2241 εὐπρεπῆ
632 2190 693 2236 τὴν
724 2190 844 2241 πρᾶξιν
871 2191 1107 2241 ἐπιστάμενος.

79 2252 236 2288 Διατελεῖ
250 2251 285 2288 δὲ
301 2251 359 2288 καὶ
375 2250 418 2288 τὰ
434 2251 522 2287 ἄλλα
537 2254 654 2287 τοῦτον
669 2250 724 2287 τὸν
741 2251 865 2302 τρόπον
878 2251 1053 2301 χρώμενος
1067 2254 1108 2302 τῇ

79 2311 209 2359 γραφῇ.
238 2309 315 2345 Ζῶν
332 2322 368 2344 τε
388 2306 453 2359 γὰρ
474 2309 507 2344 ἐν
526 2311 567 2359 τῇ
591 2308 751 2360 βασιλεία
774 2308 832 2345 καὶ
855 2308 963 2345 συνὼν
991 2310 1107 2360 αὐτῷ,

80 2364 337 2416 κεχαρισμένως
351 2365 468 2417 ἐκείνῳ
482 2365 540 2402 καὶ
557 2368 633 2403 καθ’
643 2366 839 2417 ’ὑπηρεσίαν
852 2366 1034 2418 ἀνέγραψε,
1053 2366 1111 2414 μό-

81 2438 145 2459 νων
159 2423 349 2471 ἁπτόμενος
362 2425 428 2459 τῶν
439 2422 522 2472 πρὸς
529 2421 684 2460 εὔκλειαν
697 2425 789 2475 αὐτῷ
800 2423 986 2475 φερόντων,
997 2422 1109 2460 πολλὰ

80 2479 114 2516 δὲ
136 2480 194 2518 καὶ
224 2482 291 2517 τῶν
324 2482 483 2532 ἐμφανῶς
515 2480 641 2517 ἀδίκων
665 2481 1020 2527 ἀντικατασκευάζων,
1052 2481 1110 2518 καὶ

82 2537 170 2587 μετὰ
197 2537 310 2584 πάσης
333 2539 481 2583 σπουδῆς
507 2538 806 2589 ἐπικρυπτόμενος·
839 2538 873 2580 ὅς
901 2554 938 2589 γε
965 2538 1023 2576 καὶ
1053 2539 1110 2575 τὸν

81 2595 299 2647 Μαριάμμης
328 2595 470 2632 θάνατον
482 2624 492 2641 ,
521 2595 579 2632 καὶ
601 2598 668 2633 τῶν
695 2595 826 2633 παίδων
856 2597 976 2643 αὐτῆς,
1008 2595 1111 2638 οὕτως

80 2654 183 2702 ὠμῶς
205 2656 253 2705 τῷ
285 2654 419 2704 βασιλεῖ
448 2654 708 2704 πεπραγμένον,
742 2655 786 2696 εἰς
813 2654 1017 2705 εὐπρέπειαν
1051 2656 1109 2691 ἀν-

82 2711 175 2761 άγειν
203 2711 423 2762 βουλόμενος,
449 2711 576 2757 ἐκείνης
596 2727 631 2748 τε
653 2705 833 2761 ἀσέλγειάν
861 2712 1004 2749 καὶτῶν
1031 2728 1110 2749 νεα-

80 2769 202 2805 νίσκων
223 2767 406 2811 ἐπιδουλὰς
433 2769 706 2820 καταψεύδεται,
739 2769 798 2806 καὶ
826 2769 1038 2806 διατετέλεκε
1068 2773 1110 2818 τῇ

81 2829 194 2878 γραφῇ
207 2824 250 2862 τὰ
266 2825 326 2875 μὲν
341 2826 569 2877 πεπραγμένα
585 2826 721 2869 δικαίως
737 2829 785 2879 τῷ
803 2828 939 2877 βασιλεῖ
953 2827 1108 2879 περιττό-

80 2899 174 2934 τερον
218 2883 452 2932 ἐγκωμιάζων,
498 2882 583 2935 ὑπὲρ
626 2883 660 2921 δὲ
701 2886 768 2920 τῶν
800 2885 1110 2934 παρανομηθέντων

81 2941 364 2989 ἐσπουδασμένως
382 2941 666 2991 ἀπολογούμενος.
695 2941 840 2992 Ἐκείνῳ
861 2941 921 2986 μὲν
948 2936 1003 2978 οῦν
1024 2944 1110 2979 πολ-

82 2997 145 3043 λὴν
166 2997 205 3034 ἄν
225 3013 294 3045 τις,
317 2999 362 3040 ὥς
383 2997 479 3049 ἔφην,
495 2998 568 3049 ἔχοι
587 2998 649 3044 τὴν
670 2999 888 3049 συγγνώμην·
912 3001 948 3035 οὐ
967 2999 1032 3050 γὰρ
1058 3001 1110 3036 ἱσ-

82 3055 195 3105 τορίαν
211 3061 277 3098 τοῖς
295 3056 408 3098 ἄλλοις
422 3085 431 3102 ,
450 3055 540 3094 ἀλλὰ
557 3056 741 3108 ὑπουργίαν
761 3059 809 3107 τῷ
827 3057 961 3106 βασιλεῖ
985 3055 1110 3102 ταύτην

84 3113 239 3151 ἐποιεῖτο.

2123 220 2190 250 421

1174 295 1290 333 patrias
1312 296 1393 334 leges
1409 297 1514 328 witero
1537 299 1757 337 permisissent.
1779 304 1853 333 llaec
1869 303 1946 333 duni
1974 306 2197 342 vociferantur,

1173 363 1294 401 rogavit
1307 363 1445 394 Herodes
1459 366 1645 405 Agrippam,
1662 370 1696 398 ut
1717 369 1842 400 illorum
1860 371 1995 402 rationes
2007 372 2115 402 audire
2138 373 2197 403 wi-

1173 429 1234 467 lot,
1258 430 1467 470 allegavitquc
1488 434 1645 471 quondam
1670 444 1762 466 suum
1784 438 1937 477 amicum,
1958 441 2083 471 nomine
2104 440 2196 471 Nico-

1173 497 1276 535 laum,
1291 498 1345 537 qui
1359 499 1542 531 ,Iudaeorum
1558 511 1683 533 calisam
1711 508 1825 543 ageret.
1845 510 2015 547 Quumque
2032 518 2199 539 assessores

1172 565 1230 595 sibi
1242 565 1425 597 advocasset
1436 568 1569 607 Agrippa
1582 571 1794 603 Romanorum
1807 575 1956 613 primores
1966 578 1995 606 et
2007 576 2057 615 qui
2069 576 2196 607 aderant

1173 643 1259 673 reges
1287 636 1318 665 et
1341 635 1514 675 principes,
1542 638 1688 669 Nicolaus
1720 650 1774 679 pro
1802 643 1923 674 Judaeis
1944 645 2048 675 dicere
2074 654 2197 685 aggres-

1171 711 1224 734 sus
1245 704 1301 734 est.

1654 852 1710 883 93.

1212 992 1349 1023 Herodes
1362 994 1466 1024 autem
1482 1003 1580 1032 quum
1601 996 1717 1027 multas
1739 999 1934 1037 erogationes
1954 1001 2036 1033 domi
2060 1005 2197 1044 forisque

1171 1070 1285 1101 taceret
1299 1094 1307 1108 ‚
1330 1071 1456 1111 audito,
1482 1074 1684 1113 Hyrcanum,
1705 1074 1850 1113 quiante
1875 1077 1974 1116 ipsum
2000 1086 2198 1120 regnaverat,

1170 1149 1278 1187 aperto
1307 1148 1434 1179 navidis
1455 1149 1599 1188 sepulcro
1613 1174 1621 1189 ,
1643 1150 1701 1181 tria
1725 1151 1796 1182 inde
1823 1153 1919 1183 millia
1942 1156 2134 1188 talentorum
2154 1168 2199 1188 ar-

1164 1219 1247 1256 genti
1256 1219 1433 1262 abstulisse,
1443 1232 1542 1263 quum
1554 1226 1655 1256 multo
1667 1227 1758 1265 plura
1771 1230 1926 1260 restarent
1935 1232 2080 1269 sumptus
2091 1240 2196 1270 quam-

1164 1297 1210 1327 vis
1226 1306 1355 1337 magnos
1377 1300 1559 1340 expletura,
1580 1301 1645 1340 jam
1671 1302 1792 1333 dudum
1815 1304 1943 1342 quidem
1967 1305 1996 1334 id
2023 1305 2141 1335 imitari
2165 1306 2194 1335 in

1163 1373 1268 1403 animo
1290 1373 1454 1405 habuerat.
1488 1376 1554 1405 Hoc
1578 1384 1651 1406 vero
1674 1376 1816 1415 tempore
1836 1378 1934 1407 noctu
1958 1381 2065 1417 aperto
2084 1388 2195 1409 monu-

1164 1445 1269 1473 mento
1287 1442 1400 1481 intrat,
1418 1443 1590 1483 sollicitus,
1611 1453 1650 1475 ne
1676 1454 1730 1484 per
1754 1445 1863 1476 urbem
1885 1446 1944 1477 hoc
1970 1447 2195 1485 innotesceret,

1163 1516 1295 1556 ideoque
1309 1518 1483 1548 amicorum
1498 1519 1620 1550 nonnisi
1638 1519 1803 1550 fidissimos
1819 1524 2039 1560 assumpserat.
2063 1523 2184 1562 Deposi-

1163 1593 1209 1623 tas
1222 1594 1328 1623 tamen
1343 1594 1490 1632 pecunias
1500 1618 1508 1632 ‚
1521 1595 1557 1624 ut
1573 1596 1736 1633 Hyreanus
1745 1619 1753 1633 ‚
1765 1604 1826 1625 nou
1841 1595 1980 1634 invenit,
1993 1596 2047 1627 sed
2060 1597 2196 1627 multum

1162 1667 1190 1696 in
1208 1668 1320 1697 ornatu
1336 1667 1404 1696 auri
1426 1671 1457 1697 et
1478 1676 1694 1706 gemmarum,
1713 1677 1784 1707 quae
1802 1669 1933 1700 abstulit
1950 1670 2067 1701 omnia.
2090 1671 2196 1702 Voluit

1162 1740 1192 1768 et
1209 1739 1249 1769 ad
1262 1738 1492 1778 diligentiorem
1513 1741 1690 1780 indaginem
1713 1742 1844 1773 interius
1857 1745 2020 1782 penetrare
2037 1745 2074 1775 ad
2090 1723 2194 1775 condi-

1162 1812 1240 1843 toria
1255 1821 1422 1851 corporum
1439 1813 1565 1844 Davidis
1579 1815 1609 1844 et
1623 1815 1814 1855 Salomonis,
1831 1816 1884 1847 sed
1900 1816 1962 1846 duo
1979 1826 2019 1847 ex
2033 1817 2129 1855 ipsius
2142 1825 2192 1847 co-

1161 1887 1275 1918 mitatu
1293 1888 1473 1928 perierunt,
1491 1888 1616 1920 flamma
1628 1912 1636 1927 ,
1651 1890 1686 1920 ut
1703 1889 1814 1929 fertur,
1831 1899 1848 1920 e
1866 1891 2078 1929 penetralibus
2095 1901 2195 1922 erum-

1161 1964 1265 2002 pente.
1285 1963 1381 1999 Queis
1395 1963 1458 2001 ipse
1472 1962 1600 1993 territus
1614 1962 1728 2002 piando
1746 1963 1875 1994 facinori
1891 1964 1929 1994 ad
1944 1973 1979 1995 os
1996 1966 2194 1996 mouumenti

1160 2043 1238 2074 opus
1251 2035 1367 2065 struxit
1384 2035 1487 2073 magni
1503 2035 1654 2074 impendii
1668 2045 1685 2067 e
1703 2045 1870 2067 marmore.
1892 2038 1931 2067 Et
1947 2038 2050 2076 operis
2067 2037 2194 2076 quidem

1172 2103 1265 2141 liujtis
1284 2102 1428 2132 meminit
1448 2102 1611 2141 Nicolaus,
1629 2102 1684 2142 qui
1703 2102 1755 2133 illa
1771 2104 1864 2133 aetate
1886 2103 2045 2134 historiam
2060 2103 2199 2142 scripsit,

1170 2175 1223 2207 sed
1237 2184 1299 2206 non
1317 2178 1347 2206 et
1364 2176 1441 2214 regis
1457 2175 1640 2206 descensum
1654 2175 1743 2206 illum
1765 2181 2007 2214 commemorat,
2025 2185 2139 2216 gnarus
2155 2177 2199 2206 sa-

1170 2250 1256 2279 ctum
1275 2248 1304 2278 id
1322 2257 1384 2278 non
1401 2257 1439 2278 ex
1454 2248 1585 2278 honesto
1598 2256 1680 2286 esse,
1692 2248 1890 2287 eundemque
1905 2257 2026 2278 morem
2039 2248 2155 2287 ubique
2169 2249 2200 2279 in

1170 2320 1341 2351 scribendis
1360 2320 1453 2351 rebus
1469 2322 1584 2351 servat.
1603 2322 1681 2351 Nam
1695 2329 1792 2360 quum
1807 2321 1931 2351 vivente
1942 2320 1995 2351 illo
2008 2321 2039 2351 et
2054 2322 2201 2359 regnante

1170 2393 1338 2431 scriberet,
1365 2393 1446 2432 regi,
1463 2393 1554 2431 quus
1581 2392 1713 2432 gratiam
1739 2391 1843 2433 magni
1866 2392 2016 2431 faciebat,
2034 2392 2201 2424 obsecutus

1171 2467 1238 2504 est,
1254 2474 1352 2505 eaque
1368 2466 1490 2496 tantum
1507 2464 1627 2504 attigit,
1646 2473 1717 2504 quoe
1735 2464 1773 2494 ad
1797 2464 1895 2503 ipsius
1915 2464 2045 2503 gloriam
2064 2464 2200 2504 pertine-

1171 2539 1251 2569 rent.
1271 2540 1389 2568 Contra
1411 2546 1486 2568 vero
1498 2561 1505 2575 ,
1526 2546 1597 2576 quac
1615 2537 1699 2568 haud
1717 2537 1811 2567 dubie
1830 2537 1911 2567 facta
1928 2539 2016 2568 erant
2041 2537 2199 2576 improbe,

1171 2619 1207 2641 ea
1222 2611 1278 2641 aut
1291 2610 1425 2649 quaesito
1438 2610 1542 2640 colore
1555 2610 1657 2649 pinxit
1670 2634 1677 2648 ,
1692 2612 1746 2640 aut
1768 2609 1903 2640 obduxit
1916 2610 2051 2640 silentio.
2076 2612 2154 2641 Nam
2172 2613 2199 2640 et

1172 2687 1360 2718 Mariamnes
1385 2685 1584 2725 liliorumque
1605 2684 1672 2723 ejus
1695 2684 1814 2715 caedem
1837 2683 2004 2714 crudeliter
2023 2693 2041 2713 a
2061 2692 2130 2722 rege
2146 2693 2197 2722 pa<

1172 2762 1285 2791 tratam
1299 2761 1400 2800 specie
1414 2760 1519 2798 aliqua
1536 2759 1612 2789 recti
1635 2758 1778 2789 excolere
1793 2767 1891 2797 quum
1911 2758 2020 2795 vellet,
2039 2757 2120 2787 illius
2142 2757 2199 2786 im—

1173 2834 1353 2874 pudicitiam
1367 2858 1375 2872 ,
1390 2834 1503 2864 horum
1515 2833 1609 2863 etiam
1630 2832 1756 2862 insidias
1771 2830 1933 2861 confinxit.
1955 2831 2057 2868 Atque
2073 2830 2115 2859 ita
2129 2838 2198 2867 pas—

1171 2907 1229 2936 sini
1244 2905 1274 2935 in
1288 2904 1373 2934 omni
1387 2903 1554 2942 scriptione
1568 2905 1653 2933 recte
1665 2912 1683 2933 a
1698 2911 1766 2942 rege
1786 2902 1907 2933 Herode
1922 2902 2001 2932 facta
2016 2909 2109 2939 supra
2133 2909 2198 2930 mo-

1172 2975 1247 3005 dum
1263 2974 1412 3015 praedicat
1423 2998 1430 3012 ,
1446 2974 1574 3013 peccata
1588 2982 1663 3003 vero
1676 2972 1830 3003 laboriose
1843 2972 1983 3001 excusat.
2003 2970 2061 3001 Sed
2076 2970 2102 2999 ei
2122 2970 2199 2998 torte

1172 3046 1285 3085 aliquis
1299 3045 1422 3075 ven'Iam
1436 3044 1505 3083 ‹let;
1520 3052 1620 3082 neque
1634 3045 1716 3073 enim
1736 3043 1767 3072 in
1786 3041 1975 3080 posteritatis
1989 3049 2078 3070 usum
2102 3039 2195 3068 bisto-

1174 3121 1250 3150 riam
1267 3119 1437 3156 scribebat,
1452 3118 1504 3149 sed
1522 3126 1648 3157 operam
1668 3117 1746 3146 lianc
1760 3116 1821 3153 regi
1835 3113 2078 3152 gratificabatur.

104 3241 2196 3263 .-—-———-——......-—-.-—-——-—-——-—————--—------“

128 3292 170 3329 (2)
186 3291 333 3330 Sequitur
347 3291 463 3323 Nicolai
481 3293 581 3323 oratio
595 3293 771 3331 longissima
782 3316 789 3330 ,
804 3301 899 3331 quam
914 3291 994 3330 apud
1016 3291 1114 3330 ipsum
1132 3290 1301 3328 Joseplnnn
1320 3289 1408 3327 legas,
