2338 3765
107 170 180 202 520

105 252 226 285 insunt
241 251 388 296 optimae
401 255 510 291 notae,
523 247 763 293 Herodotcae,
782 246 1044 293 Thucydidem,
1056 248 1134 282 Xe-

103 309 343 355 nophontem,
367 320 447 353 quae
460 307 595 339 horum
607 306 834 351 scriptorum
851 305 1027 339 lectorem
1050 307 1135 340 assi-

104 367 220 400 duum
254 372 290 400 et
327 366 552 398 imitatorem
596 363 696 397 haud
733 362 917 397 infelicem
960 371 1133 410 arguunt.

104 426 264 459 Venatur
280 429 403 457 tamen
423 421 626 468 aliquando
647 422 757 455 etiam
772 421 954 455 dictiones
974 422 1138 468 poeticas

105 489 139 516 ct
157 494 174 515 a
191 482 380 516 communi
404 479 585 526 loquendi
606 491 674 513 usu
694 486 870 523 remotas,
895 491 930 512 v.
962 492 998 515 v.
1019 492 1098 527 cap.
1120 493 1132 514 1

105 540 337 586 παλαμναῖος,
355 551 385 573 c.
402 550 422 572 2
439 535 632 581 ἐδηλήσατο
646 549 753 571 sensu
768 537 947 583 nocendi,
966 537 1058 573 ibid.
1074 551 1139 572 κα-

105 596 395 644 ταδαπανώμενος
411 594 515 646 νόσῳ,
534 608 564 631 e.
585 599 604 637 A.
621 593 654 636 ἐξ
672 592 861 645 ἀνθρώπιον
876 592 1051 640 ἀποπτᾶς,
1066 608 1098 629 e.
1117 595 1138 629 6

104 654 208 691 πόθου
223 654 427 705 ἐμπύρευμα
449 661 536 698 ete.;
560 655 685 701 quales
698 660 820 688 autem
838 665 953 699 quum
967 654 1002 686 in
1016 660 1140 699 poste-

105 715 203 749 riore
222 714 359 748 horum
385 720 649 759 excerptorum
675 719 781 759 parte
810 724 887 745 non
908 712 1064 758 amplius
1086 711 1139 744 in-

106 774 318 820 veniantur⁷
333 773 502 818 suspicor
529 771 704 818 equidem
725 771 963 805 Memnonem
982 770 1017 803 iu
1037 770 1140 815 prio-

107 831 209 865 ribus
228 831 390 865 historiae
409 831 513 864 libris
539 830 788 876 antiquiorem
819 829 978 874 aliquem
1015 840 1141 862 rerum

110 889 399 923 Heracliensium
421 889 663 934 scriptorem,
689 886 940 933 Nymphidem
961 898 995 921 v.
1027 899 1059 921 c.
1081 885 1140 919 tali

108 948 268 981 fortassis
300 958 434 993 genere
463 945 649 981 scribendi
677 957 804 987 nsum,
826 944 883 978 vel
913 944 1143 990 exscripsisse

108 1007 164 1039 xel
186 1006 406 1052 excerpsisse
431 1005 579 1049 saltem,
609 1003 795 1051 ipsissimis
827 1003 921 1037 illius
942 1002 1064 1037 verbis
1084 1013 1143 1035 re-

1009 159 1275 198 MEMNONIS

1196 249 1316 284 tentis,
1342 265 1355 278 n
1376 248 1597 282 ΔΝΜ-13111111
1617 246 1712 281 istud
1743 246 1890 281 dicendi
1913 258 2028 293 genus
2050 248 2084 282 in
2103 248 2232 283 eadem

1198 307 1320 353 operis
1340 313 1443 353 parte
1460 312 1620 352 arguunt
1640 305 1716 339 haec
1739 304 1788 351 (C.
1811 304 1830 338 3
1845 331 1854 347 ,
1878 305 1922 338 21
1945 317 1952 338 :
1974 303 2120 340 Σπένδει
2141 306 2234 357 αὐτῷ

1197 362 1256 399 καὶ
1286 361 1329 398 τὰ
1345 362 1413 398 ἀπὸ
1434 365 1500 398 τῶν
1539 362 1717 412 βλεφάριιψ
1750 360 1882 411 δάκρυα
1909 360 1968 398 καὶ
1998 360 2057 404 τὰς
2075 362 2142 399 ἀπὸ
2168 365 2235 400 τῶν

1198 420 1403 471 σπλάγχνων
1417 420 1582 470 οἰμωγάς.
1595 423 1638 455 Et
1648 421 1774 467 paullo
1785 428 1872 467 post
1889 433 1896 454 :
1913 418 2088 457 Ἐπιτελεῑ
2101 423 2237 470 ἀγῶνας

1198 478 1373 522 ἱππικοὺς,
1392 480 1456 529 οὐχ
1475 477 1635 520 ἱππικοὺς
1657 476 1690 514 δὲ
1712 476 1826 526 μόνον,
1851 476 1940 513 ἀλλὰ
1964 477 2022 514 καὶ
2056 479 2238 523 σκηνικοὺς

1199 539 1272 574 κτλ.
1287 540 1337 574 Ea
1355 540 1444 585 quin
1460 538 1507 573 ad
1528 540 1766 573 Memnonem
1785 538 1843 572 vel
1863 538 1989 584 potius
2007 538 2084 584 ejus
2097 539 2238 575 fontem

1200 596 1392 631 reserenda
1410 598 1503 639 sint,
1532 596 1696 630 dubitari
1722 596 1874 642 nequit3
1898 596 2030 630 incerti
2047 609 2140 632 vero
2165 599 2239 634 hae-
2263 595 2266 599 ’

1201 667 1338 700 remus,
1353 667 1442 688 num
1464 654 1680 688 recentioris
1703 654 1898 700 graecitatis
1923 655 2126 698 voeabula,
2158 668 2240 703 qum

1200 714 1331 759 passim
1347 713 1455 747 obvia
1468 711 1562 746 fiunt
1579 711 1625 760 (*)
1639 712 1704 759 ipsi
1719 713 1863 746 auctori
1876 724 1921 746 an
1937 715 2148 760 excerptori
2164 714 2241 760 ejus

1203 772 1314 805 tribui
1330 771 1502 806 debeant.

1245 872 1283 909 (³¹)
1305 880 1332 901 v.
1355 879 1383 901 c.
1403 872 1498 901 τελεῖν
1509 870 1569 901 ὑπὸ
1583 882 1653 901 τινα
1668 879 1723 910 pro
1737 871 1832 900 τελεῖν
1843 882 1899 901 τινι
1915 880 1931 901 e
1963 875 1996 902 12
2009 883 2017 910 ;
2032 873 2242 904 δυσωπεῖσθαι

1204 917 1347 957 precibus
1361 917 1441 948 llecti
1457 927 1484 948 c.
1507 923 1566 956 5›.’›;
1585 917 1712 954 βελτιόω
1732 926 1759 946 e.
1779 920 1813 947 12
1826 928 1834 954 ;
1847 917 2057 958 ἐκστρατευμα
2068 928 2095 950 e.
2117 925 2170 957 15;
2189 921 2242 957 δη-

1204 964 1357 1003 μοσιωνία
1379 972 1406 995 c.
1427 967 1481 998 2&
1507 965 1720 1000 σκηνιεύεσῡαι
1744 972 1770 994 e..
1793 967 1851 1001 51;
1871 973 1943 1002 qna-e
1966 966 2088 996 notavit
2110 967 2244 997 Orellins

1001 1118 1342 1132 ——ch—

405 1218 523 1255 ΠΕΡΙ
553 1215 859 1253 ΙΙΡΑΚΑΙΞΙΑΣ.

114 1300 296 1339 Ᾰνεγνώσθη
309 1298 425 1339 βιῧλίον
439 1298 594 1337 Μέμνονος
607 1297 772 1336 ἱστορικὸν,
785 1296 846 1326 ἀπὸ
858 1298 911 1325 τοῦ
924 1293 945 1324 θ’
959 1292 996 1332 (ε’
1008 1293 1077 1323 cod.
1092 1294 1143 1331 A.)

150 1347 244 1386 λόγου
261 1348 317 1381 ἕως
338 1344 387 1381 ις’.
403 1346 440 1376 ἹΙ
466 1346 497 1375 δὲ
521 1344 733 1385 πραγματεία,
749 1344 809 1373 ὅσοι
831 1343 896 1382 περὶ
918 1343 971 1378 τὴν
993 1341 1143 1377 Ποντικὴν

149 1394 331 1434 Ἡράκλειαν
345 1392 514 1432 συνηνέχθη
525 1416 533 1430 ,
548 1392 665 1422 σκοπὸν
682 1390 855 1429 ἀναγράψαι
869 1388 1060 1428 προτίθεται,
1075 1388 1143 1422 τοὺς

150 1442 180 1471 ἐν
201 1441 278 1480 αὐτῇ
289 1440 532 1479 τυραννήσαντας
555 1438 761 1476 ἀναλεγομένη
775 1437 827 1466 καὶ
844 1435 963 1475 πράξεις
978 1435 1077 1464 αὐτῶν
1089 1435 1140 1463 καὶ

149 1488 220 1524 ἤθη,
239 1488 290 1517 καὶ
305 1487 373 1521 τοὺς
388 1486 487 1516 ἄλλων
505 1487 513 1523 (
526 1484 648 1515 αὐτῶνῗ
661 1490 670 1522 )
687 1483 770 1523 βίους
786 1484 838 1513 καὶ
853 1483 924 1519 τέλη
937 1482 981 1517 οἷς
996 1482 1144 1521 ἐχρήσαν-

149 1545 184 1565 το
196 1557 205 1571 ,
220 1535 270 1563 καὶ
288 1534 348 1564 ὅσοι
363 1536 422 1562 τῶν
436 1532 601 1571 εἰρημένων
616 1531 786 1570 ἐξήρτηται.

213 1605 279 1641 ΕΚ
310 1602 413 1640 ΤΟΥ
441 1600 484 1639 Θ’
502 1598 603 1638 ’ΚΑΙ
633 1599 734 1637 ΤΟΥ
763 1598 788 1636 1'
817 1598 1035 1636 BtssAtoY.

162 1685 191 1721 I.
226 1683 407 1734 Κλέαρχον
432 1680 493 1730 μὲν
520 1674 576 1718 οὖν
595 1679 771 1717 ἐπιθέσθαι
798 1680 933 1730 πρῶτον
969 1677 1143 1728 τυραννίδι

107 1742 196 1780 κατὰ
223 1745 282 1786 τῆς
298 1741 428 1782 πόλεως
456 1739 660 1790 ἀναγράφει.
719 1736 818 1783 Φησὶ
846 1736 880 1773 δὲ
902 1736 1060 1777 παιδείας
1082 1736 1143 1783 μὲν

106 1806 166 1848 τῆς
185 1799 275 1838 κατὰ
293 1797 491 1851 φιλοσοφίαν
517 1798 578 1833 οὐκ
597 1795 829 1846 ἀγύμναστον,
848 1793 937 1831 ἀλλὰ
965 1793 1024 1830 καὶ
1044 1793 1141 1831 Πλά-

106 1876 208 1903 τωνος
228 1861 294 1896 τῶν
315 1859 493 1908 ἀκροατῶν
509 1855 569 1892 ἕνα
587 1853 784 1905 γεγονέναι,
801 1853 859 1891 καὶ
878 1852 1094 1904 Ἰσοκράτους
1108 1850 1143 1888 δὲ

106 1923 166 1956 τοῦ
189 1917 325 1971 ῥήτορος
352 1914 550 1966 τετραετίαν
583 1913 843 1964 ἀκροάσασθαι·
877 1910 971 1960 ὠμὸν
1009 1911 1045 1947 δὲ
1074 1915 1143 1952 τοῖς

108 1976 271 2023 ὑπηκόοις
298 1974 356 2012 καὶ
377 1972 569 2024 μιαιφόνον,
589 1971 685 2022 εἴπερ
705 1969 781 2007 τινὰ
806 1970 922 2016 ἄλλον,
946 1969 1142 2019 ἐπιδειχθῆ·

107 2052 183 2079 ναι,
202 2034 259 2070 καὶ
272 2035 316 2075 εἷς
338 2032 441 2083 ἄκρον
461 2030 658 2074 ἀλαζονείας
679 2029 800 2066 ἐλάσαι
813 2059 823 2077 ,
840 2031 884 2071 ὡς
903 2027 963 2065 καὶ
983 2027 1060 2069 Διὸς
1072 2028 1142 2063 υἱὸν

108 2093 227 2131 ἑαυτὸν
244 2095 405 2137 ἀνειπεῖν,
423 2090 481 2126 καὶ
494 2089 530 2126 τὸ
548 2089 730 2139 πρόσωπον
745 2087 791 2136 μὴ
809 2086 992 2138 ἀνέχεσθαι
1011 2092 1085 2129 ταῖς
1105 2087 1143 2123 ἐκ

108 2153 239 2204 φύσεως
270 2149 552 2201 χρωματίζεσθαι
575 2147 717 2199 βαφαῖς,
740 2146 860 2188 ἄλλαις
887 2146 920 2182 δὲ
942 2144 999 2182 καὶ
1021 2144 1143 2187 ἄλλαις

109 2212 211 2253 ἰδέαις
228 2207 487 2256 ποικιλλόμενον
510 2206 565 2244 ἐπὶ
585 2206 623 2243 τὸ
638 2205 798 2243 στιλπνόν
827 2219 864 2241 τε
882 2203 941 2241 καὶ
974 2203 1143 2254 ἐνερευθὲς

111 2271 177 2317 (al.
202 2265 352 2318 ἐρευθὲς)
373 2266 440 2308 τοῖς
457 2268 579 2316 ὁρῶσιν
598 2263 852 2316 ἐπιφαίνεσθαι·
873 2261 1090 2305 ἐξαλλάττειν
1108 2261 1141 2297 δὲ

109 2327 165 2363 καὶ
184 2326 258 2367 τλὺς
290 2327 438 2374 χιτῶνας
468 2323 524 2360 ἐπὶ
551 2322 590 2359 τὸ
615 2321 759 2374 φοῧερόν
789 2319 914 2357 τεκαὶ
945 2319 1141 2370 ἁδρότερον.

112 2385 152 2434 (⁴2)
174 2385 226 2421 Οὐ
244 2387 352 2420 ταῦτα
372 2384 406 2419 δὲ
436 2382 536 2431 μόνον
553 2381 709 2430 γενέσθαι
726 2378 847 2427 κακον,
867 2377 955 2414 ἀλλὰ
986 2377 1043 2414 καὶ
1060 2377 1143 2428 πρὸς

109 2443 184 2484 τοὺς
210 2441 388 2492 εὐεργέτας
406 2440 593 2490 ἀχάριστον
617 2438 675 2475 καὶ
694 2438 805 2473 πάντα
829 2436 937 2486 βίαιόν
964 2451 999 2472 τε
1019 2435 1077 2472 καὶ
1100 2434 1143 2471 τὰ

1446 1214 1512 1251 DE
1533 1215 1691 1252 REBUS
1711 1217 1743 1253 H
1754 1216 2005 1253 ERACLEAE.

1205 1300 1368 1326 Memnonis
1384 1299 1504 1327 historia
1517 1321 1524 1331 ‚
1543 1308 1630 1335 quam
1646 1301 1702 1334 legi
1722 1308 1737 1328 a
1756 1301 1832 1328 libro
1849 1309 1931 1328 nono
1945 1308 2036 1336 nsque
2050 1301 2085 1328 ad
2096 1301 2244 1329 decimum

1238 1348 1368 1379 sextum,
1383 1353 1449 1380 quic
1464 1346 1542 1373 cirea
1558 1346 1729 1373 Heracleam
1744 1348 1898 1374 Ponticam
1917 1347 2113 1381 acciderunt(
2127 1347 2245 1376 idenim

1237 1392 1334 1427 operis
1348 1393 1515 1420 institutum
1526 1395 1569 1420 cst
1580 1395 1599 1427 J,
1615 1394 1745 1428 exponit,
1761 1397 1823 1421 tum
1836 1394 1916 1422 urbis
1930 1397 2081 1427 tyrannos,
2093 1397 2124 1422 et
2134 1402 2181 1422 res
2192 1395 2245 1422 ho-

1241 1447 1308 1467 rum
1323 1442 1415 1473 gestas
1435 1447 1605 1476 moresque,
1627 1443 1689 1468 tum
1713 1441 1802 1468 vitain
1817 1448 1920 1469 eorum
1937 1444 1966 1469 ct
1985 1442 2097 1470 exitum
2118 1444 2148 1470 et
2167 1449 2246 1477 (μιξε-

1241 1492 1368 1521 cumque
1382 1493 1418 1513 eo
1437 1486 1604 1521 pertinent,
1621 1493 1786 1515 recensens.

1490 1604 1518 1641 F,
1563 1604 1727 1641 Ltsstns
1749 1605 1803 1642 IX
1832 1605 1894 1642 ET
1923 1606 1966 1643 X.

1250 1689 1273 1717 l.
1302 1687 1475 1719 Clearchus
1496 1689 1581 1728 (ait)
1609 1689 1729 1728 primus
1745 1689 1944 1729 tyrannidem
1966 1690 1996 1720 in
2014 1690 2095 1720 hanc
2120 1690 2177 1721 sihi
2194 1699 2248 1720 nr-

1207 1765 1278 1796 hem
1293 1765 1486 1805 vindicavit,
1501 1765 1677 1806 disciplinae
1694 1766 1918 1806 philosophicae
1934 1766 2017 1797 haud
2031 1767 2177 1807 equidem
2196 1778 2248 1799 rn-

1205 1840 1273 1880 dis(
1288 1848 1305 1871 e
1328 1840 1467 1871 Platonis
1480 1840 1565 1871 enim
1579 1840 1741 1880 discipulis
1764 1849 1848 1872 unus
1864 1841 1939 1880 suit,
1960 1844 1990 1872 et
2004 1841 2248 1881 quadriennium

1205 1912 1335 1944 Isocrati
1351 1912 1470 1944 oratori
1488 1921 1618 1953 operam
1646 1912 1770 1953 dedit),
1788 1914 1821 1944 at
1837 1913 2001 1944 enimvero
2017 1913 2180 1946 crudelem
2193 1940 2201 1952 ,
2222 1917 2247 1947 si

1207 1988 1375 2028 qnisquam
1404 1987 1502 2026 alins,
1519 1986 1641 2018 civibus
1666 1995 1699 2018 se
1727 1986 1872 2018 exhibuit
1889 1988 1920 2018 et
1945 1988 2136 2019 cruentum:
2153 1989 2186 2019 et
2208 1989 2248 2020 ad

1205 2071 1367 2095 summum
1391 2071 1492 2102 usqne
1515 2061 1690 2093 insolentire
1717 2061 1870 2110 processit
1885 2085 1893 2099 ‚
1921 2063 1957 2092 ut
1982 2061 2077 2093 etiam
2103 2063 2192 2094 Jovis
2216 2072 2249 2095 se

1208 2139 1310 2170 titium
1329 2137 1530 2176 nominaret,
1546 2145 1605 2168 nec
1620 2136 1727 2168 colore
1747 2136 1902 2176 genuino,
1920 2144 1984 2176 quo
2004 2138 2118 2168 natura
2137 2137 2248 2169 faciem

1208 2214 1276 2253 ejus
1287 2213 1445 2250 tinxerat,
1464 2211 1632 2242 contentus
1643 2235 1651 2249 ‚
1665 2209 1799 2241 subinde
1816 2210 1883 2241 aliis
1897 2211 1994 2249 atque
2005 2209 2074 2240 aliis
2087 2218 2156 2241 eam
2172 2210 2249 2241 sucis

1207 2290 1358 2327 illinebat‚
1372 2290 1407 2319 ut
1423 2287 1521 2319 nitida
1529 2289 1560 2319 et
1571 2286 1748 2318 rubicunda
1759 2286 1955 2317 intuentibus
1974 2279 2135 2317 videretur
2151 2287 2249 2326 :quin

1206 2360 1309 2391 vestes
1330 2365 1458 2398 quoqne
1477 2356 1516 2387 ad
1531 2358 1668 2387 terrores
1684 2357 1715 2386 et
1728 2355 1856 2385 delicias
1881 2354 2094 2394 permutabat.
2113 2355 2156 2394 (2)
2186 2357 2249 2386 Nec

1207 2437 1282 2459 vero
1296 2428 1327 2458 in
1341 2427 1389 2457 his
1402 2427 1527 2457 tantum
1542 2424 1704 2464 improbus
1715 2425 1781 2455 erat
1792 2448 1801 2463 ‚
1815 2423 1971 2455 sedetiam
1987 2424 2017 2454 in
2028 2424 2246 2455 benefactores

1209 2498 1349 2535 ingratus
1363 2497 1393 2526 et
1408 2495 1438 2525 in
1455 2494 1603 2524 omnibus
1618 2493 1776 2523 violentus
1800 2494 1832 2523 et
1853 2492 1892 2522 ad
1910 2501 1958 2523 res
1973 2492 2108 2523 nefarias
2131 2493 2248 2529 audax,

111 2502 222 2538 ἄτοπα
240 2499 432 2549 τολμηρόν·
458 2502 558 2549 φῦναι
581 2497 614 2533 δὲ
635 2496 693 2532 καὶ
720 2494 924 2545 δραστήριον
947 2493 1002 2530 τὸν
1025 2495 1141 2529 παλα-

119 2566 1656 2583 ———-——-—-—-.-—-—.-————-

153 2611 237 2643 Lihri
262 2612 389 2641 1—vln
413 2619 511 2648 ‹pinm
530 2618 656 2648 prorsus
677 2608 870 2643 interierint,
889 2607 958 2637 lora
983 2608 1061 2637 vett.
1084 2606 1296 2645 scriptorum,
1324 2612 1396 2642 qnae
1421 2602 1460 2632 ad
1486 2601 1669 2632 Heracleam
1690 2599 1801 2630 urbem
1827 2598 1959 2638 ejusque
1978 2599 2142 2630 historiam
2161 2601 2247 2630 anti-

109 2659 254 2699 quiorem
274 2659 434 2696 spectant,
450 2656 556 2695 paucis
575 2656 710 2685 indicare
731 2655 832 2684 liceat.
852 2654 981 2691 Collegit
1004 2656 1035 2684 et
1051 2653 1214 2692 exscripsit
1232 2651 1379 2683 Orellins.
1396 2649 1546 2684 Omissis,
1564 2657 1635 2687 qum
1655 2647 1803 2685 leguntur
1819 2646 1851 2676 in
1871 2646 2054 2685 fragmentis
2073 2646 2225 2678 Herodori
2239 2671 2247 2685 ,

110 2704 315 2745 Nymphidis,
331 2702 540 2733 Promathidie
552 2726 559 2739 ‚
576 2702 764 2739 callistrati,
780 2701 899 2739 reliqna
914 2701 981 2730 hwa
999 2701 1073 2730 snut
1089 2710 1095 2729 ;
1116 2703 1124 2730 1
1142 2723 1150 2738 ,
1168 2701 1213 2730 Dc
1230 2701 1299 2729 silit
1312 2697 1429 2728 urbis:
1446 2695 1634 2726 Ptolemaeus
1647 2703 1697 2732 ap.
1715 2693 1856 2724 Iludson.
1870 2694 1984 2732 Geogr.
2000 2693 2077 2723 min.
2090 2694 2168 2725 tom.
2187 2695 2247 2732 ΙΙΙ,

111 2762 141 2792 p.
161 2756 217 2790 '293
232 2750 375 2789 xcnoph.
395 2752 472 2788 Exp.
492 2751 565 2788 Cyr.
583 2751 623 2779 ΥΙ
638 2773 645 2787 ,
664 2753 700 2787 ϋ,
716 2753 751 2787 ’),;
769 2748 891 2779 Arrian.
912 2748 1024 2787 Peripl.
1046 2747 1135 2777 Ponti
1155 2748 1236 2777 tiux.
1260 2748 1312 2782 13,
1328 2749 1363 2782 3,
1386 2752 1415 2782 p.
1435 2746 1493 2773 259
1511 2741 1560 2772 cd.
1584 2740 1708 2777 t)idot.;
1728 2740 1840 2779 Scylax
1858 2739 1973 2778 Peripl.
1994 2747 2025 2778 p.
2046 2742 2084 2770 82
2106 2741 2245 2770 Gronov.

110 2815 151 2821 —
170 2799 324 2836 tiemonis
346 2796 549 2834 descriptio:
567 2795 644 2825 Plin.
662 2797 699 2826 ΙΙ.
720 2797 756 2825 N.
777 2796 838 2832 Vt,
858 2799 867 2824 1
883 2806 891 2833 ;
917 2796 1027 2832 Pomp.
1043 2794 1148 2824 Metal
1164 2815 1172 2829 ,
1191 2796 1225 2823 19
1238 2815 1247 2828 .
1267 2795 1325 2828 50;
1344 2790 1442 2821 Solin.
1460 2788 1569 2827 Polyh.
1589 2789 1639 2818 45.
1654 2804 1696 2809 —
1710 2785 1954 2817 Memorabilia
1978 2787 2121 2817 naturae
2145 2795 2155 2815 :
2173 2794 2247 2816 aco-

111 2847 244 2881 nitum,
269 2843 414 2879 Antigon.
436 2843 558 2880 Caryst.
577 2841 646 2871 Μὶν.
671 2845 744 2878 131ς
774 2841 898 2879 Dionys,
928 2839 1045 2877 Pei-ica.
1073 2842 1132 2870 788
1151 2847 1234 2878 sqq,
1251 2836 1356 2876 ihiqnc
1375 2835 1536 2872 linstath.;
1557 2834 1635 2865 Plin.
1659 2836 1697 2865 11.
1721 2834 1758 2863 N.
1778 2834 1914 2870 xxvn,
1932 2836 1968 2870 23
1989 2831 2095 2862 Schul.
2114 2832 2246 2864 Nicand.

111 2891 199 2922 Alex.
219 2898 248 2919 v.
265 2892 297 2918 13
312 2898 319 2924 ;
333 2888 454 2918 laurus
468 2887 719 2923 Alexandrina,
733 2887 811 2917 Plin.
830 2888 868 2916 lt.
884 2887 920 2917 N.
939 2888 1013 2919 XV.
1029 2890 1067 2916 30
1085 2885 1147 2923 (29)
1161 2896 1169 2922 ;
1183 2892 1325 2923 quercus
1347 2881 1517 2917 Herculis,
1532 2880 1610 2911 Plin.
1626 2880 1647 2911 l.
1666 2880 1686 2909 l.
1702 2881 1788 2916 xvi,
1804 2881 1863 2917 89;
1880 2879 1999 2917 pisces,
2013 2878 2100 2909 Idem
2115 2878 2137 2909 l.
2152 2878 2172 2909 l.
2186 2879 2246 2918 lx,

111 2942 168 2976 833
184 2936 248 2967 mel
263 2958 271 2973 ‚
289 2936 331 2965 hl.
351 2936 420 2965 ΧΧΙ
435 2958 443 2971 ,
457 2936 512 2971 54;
531 2933 724 2963 Dioscorides
737 2935 780 2963 De
795 2932 924 2963 materia
939 2932 1022 2963 med.
1039 2934 1064 2963 ll
1079 2952 1088 2967 ‚
1109 2935 1175 2962 1013.
1190 2947 1231 2952 -—
1250 2929 1344 2960 Urbis
1359 2927 1539 2966 descripn‘o
1555 2928 1589 2957 a!
1605 2926 1760 2957 lzislorioe
1775 2933 1930 2956 summa:
1947 2924 2058 2955 Strabo
2071 2926 2129 2955 ΧΠ
2140 2948 2148 2963 ,
2163 2927 2181 2955 3
2192 2949 2200 2961 ,
2216 2930 2246 2956 G.

110 3004 150 3011 ..-
173 2983 269 3014 Urbis
289 2980 484 3021 primordia
503 2989 512 3009 s
537 2980 707 3011 Menander
724 2980 816 3010 Rhet.
837 2981 967 3009 Encom.
997 2981 1042 3017 ΙΙ,
1061 2982 1077 3009 3
1090 3002 1098 3016 ,
1116 2986 1146 3017 p.
1173 2980 1211 3007 92
1230 2978 1379 3011 lt‹·eren.;
1405 2975 1530 3012 Scynm.
1549 2973 1606 3003 Ch.
1625 2981 1656 3002 v.
1673 2974 1727 3002 981
1746 2982 1754 3009 ;
1776 2973 1909 3001 Pausan.
1928 2972 1967 3008 V,
1989 2975 2046 3008 26,
2067 2974 2104 3008 6;
2128 2972 2245 3003 Justin,

110 3032 201 3068 xvl,
220 3034 256 3067 33
275 3027 386 3059 Strabo
402 3029 458 3057 Xtt
471 3051 479 3064 ‚
502 3029 538 3065 3,
559 3029 574 3056 [1
589 3036 596 3063 ;
614 3026 719 3056 Schol.
737 3025 838 3064 Apoll.
854 3025 914 3055 Rh.
934 3027 982 3062 11,
999 3028 1070 3057 746.
1087 3042 1125 3046 -
1144 3023 1481 3058 Colonice:An0ny1n.
1500 3019 1529 3048 in
1550 3018 1661 3058 Peripl.
1679 3017 1770 3048 Ponti
1788 3025 1839 3056 ap.
1853 3018 1993 3048 Gronov.
2011 3018 2124 3055 Geogr.
2140 3026 2171 3057 p.
2190 3019 2246 3048 14ss

109 3079 141 3107 vt
165 3079 238 3114 1583
254 3077 358 3114 Seym.
376 3074 435 3105 Ch.
451 3076 522 3104 928.
543 3073 591 3103 Ct'.
614 3072 780 3111 spanhem.
800 3074 844 3102 Dc
857 3080 914 3101 usu
932 3073 963 3102 et
980 3080 1025 3111 pr.
1045 3079 1166 3101 numm.
1195 3072 1227 3108 l,
1240 3079 1271 3109 p.
1288 3071 1358 3100 576.
1371 3087 1408 3094 —
1427 3066 1618 3104 Urbissata
1644 3067 1725 3096 ante
1751 3063 1908 3096 Clearchi
1925 3063 2146 3102 tyrannidem
2158 3073 2169 3093 .·
2187 3066 2246 3095 ,111-

109 3123 288 3158 stin.XV1,
301 3126 336 3158 3;
356 3120 500 3159 Xenoph.
519 3118 615 3150 Anah.
633 3120 673 3155 V,
697 3122 730 3149 10
744 3142 752 3156 ‚
775 3122 783 3148 1
799 3129 806 3156 ;
825 3118 961 3157 Polyaen.
974 3120 1106 3156 Strateg.
1121 3119 1162 3148 Vl
1174 3142 1182 3155 ‚
1197 3121 1234 3154 9,
1250 3122 1267 3148 3
1284 3124 1354 3154 sq.;
1373 3113 1500 3144 Aristot.
1516 3113 1606 3144 Polit.
1622 3113 1662 3151 V,
1681 3116 1699 3143 ὓ
1711 3136 1719 3150 ,
1737 3115 1775 3150 53
1794 3113 1906 3143 AEneas
1921 3110 2053 3141 Poliorc.
2072 3118 2101 3141 c.
2119 3113 2138 3141 9
2152 3111 2184 3142 et
2199 3115 2246 3142 12.

151 3172 182 3208 1,
209 3173 235 3200 1.
263 3171 306 3199 De
324 3166 488 3199 clearcho.
501 3166 541 3196 cs.
562 3164 689 3196 Diodor.
710 3165 784 3203 XV,
800 3168 855 3202 81,
870 3166 905 3202 4,
924 3166 991 3195 XV!
1004 3188 1012 3202 ,
1028 3168 1084 3201 36,
1101 3166 1136 3201 3;
1154 3163 1270 3194 Justin.
1292 3163 1383 3198 xvt‚
1399 3162 1415 3190 4
1434 3161 1466 3191 et
1483 3165 1500 3191 5
1518 3160 1575 3198 (ex
1592 3158 1861 3198 Theopompo?);
1883 3157 2024 3196 Potyaen.
2044 3158 2182 3197 Strateg.
2199 3159 2244 3195 ll,

109 3221 166 3255 ³03
181 3215 339 3248 Plutarch.
358 3214 401 3245 Ad
417 3213 546 3253 princip.
559 3211 704 3242 inerudit.
718 3220 745 3241 c.
763 3213 792 3248 lo,
806 3219 836 3249 p.
852 3213 923 3248 781,
938 3212 981 3248 D;
998 3210 1040 3240 td.
1054 3212 1098 3240 De
1111 3210 1228 3240 fortun.
1242 3208 1330 3239 Alex.
1346 3216 1374 3237 c.
1390 3210 1419 3244 4,
1432 3216 1463 3247 p.
1476 3209 1547 3245 338,
1564 3207 1609 3244 133
1624 3205 1793 3236 Athenaeus
1808 3206 1862 3242 tlt,
1875 3212 1905 3242 p.
1922 3206 1974 3241 85,
1988 3206 2012 3234 Α
2024 3203 2034 3241 <
2046 3203 2241 3242 Theopomp.

109 3264 147 3294 sr.
165 3268 228 3294 200
240 3264 269 3301 );
285 3261 397 3292 Snidas
410 3269 440 3290 v.
458 3260 629 3298 Κλέαρχος
646 3257 725 3287 adde
740 3257 910 3295 Epistolas,
925 3265 997 3296 qnae
1016 3256 1075 3286 suh
1088 3255 1215 3287 Chionis
1238 3254 1365 3284 nominc
1381 3252 1649 3283 circumferuntur
1670 3248 1789 3289 (edidit
1804 3249 1940 3280 Orellins
1960 3257 2023 3279 nna
2040 3256 2113 3278 cum
2132 3249 2241 3288 fragm.

108 3309 284 3340 Monumnis
304 3316 332 3346 p.
358 3309 412 3336 130
427 3314 496 3344 ειμι,
509 3307 530 3343 ).
550 3302 760 3344 Ἰσοκράτους]
779 3304 814 3332 V.
837 3303 932 3342 Epist.
951 3304 1007 3333 Vll
1030 3304 1156 3333 isocrat.
1174 3303 1210 3332 ad
1226 3301 1428 3332 Timotheum
1446 3298 1592 3331 Clearrhi
1608 3299 1629 3330 s.
1646 3315 1683 3321 -—-
1698 3297 1747 3328 ἐπὶ
1763 3297 1798 3327 τὸ
1812 3295 1955 3336 φοῧερὸν]
1970 3304 2013 3326 se.
2038 3297 2149 3327 Jovem
2172 3294 2242 3325 imi-

107 3357 185 3385 tans.
200 3354 271 3384 Vid.
289 3352 403 3384 Jnstin.
421 3351 440 3381 Ι.
461 3351 478 3382 l.
