2289 3728
978 111 1320 159 FRAGMENTA„
2128 121 2173 152 78

50 202 150 250 Elpis
167 192 382 247 Samius‘ap.
396 200 555 234 Plinium
570 201 618 236 u.
638 199 803 241 N.V111‚
821 198 880 232 9.ss-
899 198 954 235 Cf.
974 199 1082 233 Prei-

51 261 117 296 ler.
153 259 200 294 ad
232 259 424 294 Polemon.
453 271 490 304 p.
530 270 615 304 109.
648 279 698 283 -—
731 257 796 290 His
828 256 924 290 adde
956 257 1082 289 locum

48 318 243 354 Clementis
268 317 373 352 Alex.
396 317 580 363 Protrept.
604 328 629 362 p
668 328 680 349 1
695 328 706 349 1
730 314 831 360 Sylb.
854 326 861 347 :
886 311 1082 362 Πρόῧατον,

47 374 91 417 ὥς
114 389 214 427 φησιν
238 372 428 424 Εὐφορίων,
454 371 593 409 σε’ῧουσι
621 371 760 420 Σάμιοι.
783 372 836 408 Cf.
867 372 1082 406 Aristotcles

47 447 106 482 ap.
126 434 258 470 AElian.
281 435 328 468 H.
349 435 393 467 A.
418 433 514 478 XII,
538 436 599 473 [ιο.

551 514 582 546 7.

101 578 299 614 Athenaeus
312 578 363 621 ΙΙ,
378 590 419 624 p.
438 580 506 619 44,
525 577 579 611 F:
605 572 784 624 Εὐφορίων
804 571 873 609 δὲ
860 588 877 608 ο
895 570 1059 609 Χαλκιδε
1050 587 1086 613 υς

47 634 136 673 ουτω
148 649 211 671 που
226 634 360 685 γράφει·
371 651 385 665 ιι
395 631 580 683 Λασύρτας
593 630 783 672 Λασιωνιος
796 627 873 667 οὐδε
887 631 1086 681 προσεᾷεῒτο

47 697 173 738 ποτοῦ,
197 692 353 742 καθάπερ
373 693 404 728 οἱ
426 691 542 735 ἄλλοι,
563 694 660 740 οὐρον
683 689 717 726 δὲ
735 687 898 740 προίετο,
930 688 1086 738 καθάπερ

47 751 171 793 πάντες
187 750 372 802 ἅνθρωποι.
397 749 469 787 Και
483 748 604 786 πολλοι
621 747 676 785 διὰ
691 747 917 800 φιλοτιμίαν
903 746 1087 798 επεχείρη-

49 825 111 847 σαν
131 811 398 859 παρατηρῆσαι·
424 807 482 844 καὶ
507 806 709 852 ἀπέστησαν
741 805 807 857 πρὸ
827 808 885 843 τοῦ
916 807 1025 855 εὑρεῖν
1047 804 1086 841 τὸ

47 868 296 919 πραττόμενον.
310 865 440 917 Θέρους
450 865 516 916 γὰρ
529 864 601 916 ὥρᾳ
611 864 669 901 καὶ
679 863 968 916 τριακονθήμερον
981 877 1087 913 προσ-

48 926 240 975 εδρεύοντες
266 924 326 961 καὶ
343 923 475 965 οὐδενὸς
493 923 555 971 μὲν
578 925 722 974 ὁρῶντες
743 921 956 972 ἀπεχόμενον
975 921 1089 968 ἁλμυ-

50 987 127 1033 ροῦ,
147 983 207 1029 τὴν
228 982 346 1020 κύστιν
367 982 395 1019 δ’
417 997 520 1018 αυτου
544 981 686 1031 ἔχοντα,
705 979 978 1024 συνεπείσθησαν
1000 979 1087 1023 ἀλη-

48 1041 169 1079 θεύειν.
196 1040 348 1091 Ἐχρῆτο
374 1039 409 1076 δὲ
429 1040 488 1076 καὶ
505 1054 554 1089 τῳ
576 1053 689 1088 ποτι),
717 1039 795 1074 ἀλλ’
812 1036 906 1073 οὐδὲν
927 1039 1030 1080 ἦττον
1051 1037 1087 1072 οὐ

49 1100 248 1152 προσεδεῖτο
269 1098 401 1135 τούτου.
423 1100 510 1133 Haec
528 1111 571 1133 ex
589 1095 842 1145 Ὑπομνήμασι
864 1097 1087 1143 deplompta

50 1172 125 1195 esse
136 1172 213 1194 non
233 1158 380 1193 dubito.
398 1157 532 1192 Similis
552 1157 696 1203 generis
714 1168 791 1190 rem
806 1154 1086 1189 memorabilem

53 1230 98 1253 ex
122 1217 363 1264 Euphorione
374 1215 482 1250 affert
500 1214 693 1249 Helladius
714 1214 920 1249 Chrestom.
939 1225 977 1259 p.
1001 1224 1047 1258 97
1060 1226 1090 1257 1,

50 1276 74 1310 b
98 1288 106 1310 τ
142 1271 318 1323 Εὐφορίων
352 1273 480 1321 ἱστορεῖ
504 1269 579 1306 τινὰ
609 1268 751 1307 ἐνύπνια
779 1268 934 1318 μηδέπου
962 1266 1091 1317 (μηδέ-

52 1346 135 1368 ποτε
164 1332 260 1377 conj.
283 1330 467 1377 Meinek.)
497 1327 701 1378 ἑωρακέναι.
726 1330 957 1364 -Fortasse
981 1329 1091 1363 etiam

55 1403 136 1437 quae
166 1390 212 1424 de
233 1390 306 1423 vite
340 1388 556 1435 prodigiosa
584 1387 685 1434 apud
704 1388 812 1435 AEgas
840 1387 1018 1422 Achaicas
1048 1397 1093 1420 ex

55 1448 300 1495 Euphorione
324 1446 454 1492 prodit
480 1446 594 1480 schol.
615 1447 741 1481 Venet.
765 1445 812 1479 ad
837 1445 881 1478 Il.
900 1445 1015 1487 XIII,
1041 1455 1085 1477 21

54 1500 121 1549 (fr.
153 1504 222 1539 132
243 1505 296 1541 M.
322 1504 461 1539 Eadem
486 1516 527 1538 ex
550 1503 636 1538 cod.
660 1505 753 1551 Reg.
779 1503 879 1537 3060
900 1502 966 1538 fol.
988 1515 1006 1546 7
1030 1515 1094 1536 ex—

50 1562 196 1609 scripsit
214 1563 346 1598 Miller.
375 1564 414 1596 in
434 1564 602 1597 Journal.
620 1564 657 1600 cl.
686 1576 762 1597 sav.
804 1562 916 1609 1839,
938 1575 977 1609 p.
1005 1558 1092 1609 715)

50 1632 119 1654 nec
141 1633 218 1655 non
238 1621 307 1656 alia
326 1622 505 1656 nonnulla
528 1621 645 1665 libro,
665 1621 710 1656 de
726 1633 802 1667 quo
823 1622 983 1668 agimus,
1006 1620 1093 1653 vin—

52 1676 211 1714 dicanda
236 1686 337 1723 sunt3
360 1691 573 1726 quanquam
590 1692 631 1714 ea
651 1687 704 1713 est
731 1678 984 1725 Euphorionis
1002 1689 1095 1724 ope—

52 1748 136 1770 rum
165 1737 330 1782 indoles,
355 1745 397 1772 ut
421 1737 465 1773 de
484 1738 539 1772 his
560 1737 744 1783 judicium
770 1748 998 1784 magnopere
1024 1734 1095 1769 flu·

53 1802 168 1830 ctuet.

386 1876 503 1912 ΠΕΡΙ
537 1875 766 1912 ΙΣΘΜΙΩΝ.

556 1970 591 2006 8.

109 2064 302 2098 Athenaeus
322 2064 385 2106 IV,
404 2076 443 2110 p.
474 2062 558 2106 182,
578 2065 604 2098 Ε
625 2075 632 2099 ;
653 2061 828 2129 Εὐφορίων
846 2060 880 2096 δὲ
905 2061 922 2095 ὁ
939 2057 1096 2099 ἐποποιὸς

54 2121 88 2156 ἐν
103 2135 150 2156 τω
166 2118 256 2169 Περι
271 2118 450 2168 Ισθμίων,
464 2137 479 2152 «
493 2121 537 2156 Οἱ
553 2123 627 2163 νύν,
643 2134 743 2169 φησι,
760 2116 966 2164 καλούμενοι
977 2115 1097 2153 vami-

55 2192 133 2213 σται
145 2176 456 2228 καὶπανδουρισταὶ
468 2192 526 2213 και
539 2175 916 2226 σαμὸυκισταὶκαινιζι)
912 2175 952 2211 μὲ
956 2190 972 2209 ν
984 2172 1094 2211 οὐδενι

61 2249 171 2284 7?(v)lT
160 2250 209 2270 »0ss
230 2249 267 2284 Ορ
271 2250 381 2285 (1V(1)'
403 2250 458 2271 τον
481 2234 547 2285 Κὰρ
572 2235 733 2285 [flam-Mum
757 2234 814 2270 Y‘Xl.
837 2232 1021 2284 βάρξιῗον,
1044 2224 1091 2267 (ἶλν

1147 199 1282 250 Σαπφὼ
1301 198 1356 235 καὶ
1374 198 1562 249 Ἀνακρέων
1581 197 1851 250 μνημονεύουσι,
1869 199 1928 236 καὶ
1947 198 2008 244 τὴν
2024 198 2175 249 μάγαδιν

1146 257 1205 292 καὶ
1234 256 1277 294 τὰ
1306 257 1454 307 τρίγωνα
1479 257 1614 299 καὶτὰς
1636 257 1819 306 σαμὸὐκας
1848 260 1977 309 ἀρχαῖα
2009 252 2114 294 εἶναι·
2143 260 2178 294 ἐν

1145 318 1223 364 γοῦν
1249 314 1427 365 Μυτιλήνῃ
1449 315 1528 362 μίαν
1546 317 1612 351 τῶν
1635 317 1782 353 Μουσῶν
1798 318 2004 361 πεποιῆσθαι
2022 317 2087 352 ὑπὸ
2108 318 2176 353 Λε-

1147 371 1343 419 σὸοθέμιδος
1361 372 1506 421 ἔχουσαν
1526 372 1725 422 σαμίῖὐκην.

1200 431 1310 466 Idem
1329 433 1432 473 XIV,
1451 445 1488 478 p.
1511 433 1584 466 6¹55
1600 462 1609 480 ,
1632 435 1659 469 Α
1681 447 1688 468 1
1715 432 1893 483 Εὐφορίων
1915 431 1942 468 δ’
1963 433 1996 468 ἐν
2022 433 2070 481 τῷ
2093 432 2180 482 Περὶ

1147 487 1331 535 Ἰσθμίων,
1352 488 1500 524 παλαιον
1531 489 1591 537 μέν
1619 504 1719 540 φησιν
1745 490 1887 541 ὄργανον
1914 484 1999 526 εἶναι
2024 489 2085 534 τὴν
2107 490 2181 537 μά-

1147 546 1257 595 γαδιν,
1284 549 1604 594 μετασκευασθηναι
1632 550 1660 584 8
1689 548 1751 598 ὀφέ
1776 563 1883 596 ποτε,
1914 548 1972 585 καὶ
1998 546 2184 596 σαμὸύκην

1149 605 1462 652 μετονομασθῆναι.
1494 605 1662 641 Πλεῖστον
1686 607 1713 641 8'
1736 609 1821 642 εἰναι
1850 610 1949 643 τοῦτο
1974 621 2011 643 το
2040 606 2186 656 ὄργανον

1149 673 1182 698 εν
1201 660 1440 711 Μυτιλήνῃ(
1423 676 1468 702 ως
1489 676 1546 696 και
1565 660 1646 708 μίαν
1673 678 1739 698 των
1764 664 1949 701 Μουσι)ν”
1933 679 2080 715 εχουσαν
2101 663 2184 700 αὐτὸ

1149 718 1219 756 ὑπὸ·
1233 718 1486 765 Λεσὲοθέμιδος
1502 722 1705 764 ποιηθῆναι,
1723 721 1870 771 ἀρχαίου
1885 723 2182 771 ἀγαλματοποιοῦ.

1203 777 1309 812 Idem
1329 778 1433 820 XIV,
1453 789 1490 824 p.
1521 777 1595 812 635
1610 805 1619 821 ‚
1637 779 1692 813 F:
1718 778 1892 828 Εὐφορίων
1916 794 1951 815 τε
1970 794 2003 816 εν
2029 781 2077 815 τῶ
2101 779 2186 829 Περὶ

1150 833 1327 883 Ἰσθμίων,
1357 832 1400 870 τὰ
1431 833 1630 884 πολύχορδά
1663 849 1746 885 φησι
1770 850 1836 871 των
1863 837 2013 887 ὀργάνων
2042 837 2187 886 ονόμασι

1151 893 1253 943 μόνον
1283 891 1550 942 παρηλλάχθαι·
1574 893 1802 941 παμπάλαιον
1830 893 1858 929 8'
1882 895 1992 931 αὐτων
2012 898 2097 931 εἰναι
2123 894 2185 939 τὴν

1150 966 1288 1003 χρησιν.

1649 1017 1687 1051 9.

1205 1080 1311 1115 Idem
1344 1081 1446 1124 XIV,
1482 1091 1518 1127 p.
1552 1079 1645 1124 633,
1677 1081 1745 1115 F.
1779 1077 1867 1129 Περὶ
1900 1078 2142 1126 σαμόύκης,“’
2125 1095 2188 1130 εφη

1153 1140 1169 1174 ὃ
1187 1135 1430 1187 Μασσουριος,
1453 1135 1658 1187 ὀξύφθογγον
1676 1141 1765 1173 εἰναι
1783 1151 1946 1185 μουσικον
1966 1136 2106 1187 ὄργανον
2127 1137 2188 1183 τὴν

1155 1193 1341 1244 σαμόὐκην
1354 1224 1364 1244 ,
1395 1194 1581 1245 διειλεχθαι
1607 1210 1644 1231 τε
1672 1194 1751 1246 περὶ
1781 1196 1883 1231 αὐτοῦ
1906 1194 2110 1245 Εὐφορίωνα
2136 1195 2190 1231 τὸν

1156 1252 1291 1307 [αὐτὸν]
1311 1252 1470 1290 ἐποποιὸν
1487 1254 1521 1290 ἐν
1539 1255 1588 1304 τῷ
1609 1254 1697 1304 Περὶ
1715 1252 1886 1302 Ἰσθμίων,
1905 1255 2055 1303 χρῆσθαι
2073 1252 2186 1303 φήσας

1157 1314 1249 1364 αὐτῷ
1283 1310 1443 1363 Πάρθους
1475 1311 1534 1348 καὶ
1565 1310 1818 1361 Τρωγλοδύτας
1846 1310 2065 1362 τετραχόρδῳ
2094 1310 2176 1347 ὄντι·

1155 1370 1301 1421 ἱστορεῖν
1321 1369 1355 1406 δὲ
1373 1373 1473 1407 τοῦτο
1490 1369 1549 1405 καὶ
1579 1368 1786 1420 Πυθαγόραν
1804 1369 1837 1405 ἐν
1852 1370 1900 1419 τῷ
1917 1368 2004 1420 Περὶ
2023 1368 2192 1420 Ἐρυθρᾶς

1155 1430 1341 1474 θαλάσσης.

1432 1499 1548 1536 ΠΕΡΙ
1579 1498 1920 1535 ΜΕΑΟΠΟΙΙΩΝ.

1647 1599 1704 1622 10.

1210 1675 1316 1711 Idem
1335 1675 1402 1718 IV,
1420 1687 1460 1721 p.
1488 1673 1578 1716 184,
1598 1675 1631 1708 A
1656 1686 1663 1707 :
1694 1670 1870 1722 Εὐφορίων
1892 1671 1919 1707 δ’
1939 1673 1957 1707 ὁ
1984 1669 2140 1710 ἐποποιὸς
2161 1671 2194 1705 ἐν

1157 1735 1206 1784 τῷ
1237 1732 1326 1780 Περὶ
1355 1732 1563 1780 μελοποιϊῶν
1599 1731 1808 1778 (μελοποιῶν
1840 1730 2013 1777 Dalech.)
2046 1727 2106 1772 τὴν
2134 1727 2194 1776 μὲν

1159 1789 1405 1839 μονοκάλαμον
1422 1789 1568 1840 σύριγγα
1589 1787 1723 1838 Ἑρμῆν
1744 1789 1863 1837 εῧρεῖν,
1883 1785 1974 1828 τινας
1995 1787 2024 1823 8'
2048 1787 2175 1837 ἱστορεῖ
2178 1803 2193 1820 ν

1159 1848 1292 1892 Σεύθην
1311 1846 1368 1884 καὶ
1392 1845 1571 1891 Ῥωνάκην
1592 1845 1669 1887 τοὺς
1688 1843 1828 1889 Μήδους
1850 1845 1898 1892 (l.
1925 1843 2112 1891 Μαίδους),
2131 1859 2192 1887 την

1159 1907 1194 1943 δὲ
1215 1905 1463 1952 πολυκάλαμον
1483 1903 1646 1951 Σιληνὸν,
1679 1902 1853 1953 Μαρσύαν
1872 1901 1907 1938 δὲ
1927 1900 1988 1946 τὴν
2013 1901 2195 1951 κηρόδετον

1160 1965 1241 2010 (τὴν
1282 1962 1317 1999 δὲ
1361 1963 1440 2000 πολ.
1482 1960 1627 2005 Σιληνὸν
1667 1958 1842 2011 Μαρσύαν
1856 1989 1866 2008 ,
1905 1959 1969 2004 τὴν
2013 1958 2196 2010 κηρόδετον

1159 2025 1353 2059 Salmasius
1372 2023 1558 2069 probante
1579 2021 1766 2055 Meinekio
1776 2019 1786 2066 )
1796 2047 1804 2054 .

1565 2159 1792 2175 ψ-

73 2314 178 2321 ,,,,,
189 2303 2198 2321 ffl

561 2356 595 2386 7.

107 2410 290 2449 Euphorion
311 2409 525 2441 Chalcidensis
544 2408 661 2439 alicubi
686 2408 730 2438 sic
749 2407 858 2438 scribit
880 2419 887 2437 :
916 2418 929 2433 κ
956 2405 1102 2444 Lasyrtas

62 2461 225 2492 Lasionius
252 2469 315 2491 non
340 2459 610 2500 quemadmodum
637 2458 731 2489 ceteri
755 2458 898 2488 homines
922 2458 999 2496 potu
1025 2463 1103 2494 opus

62 2512 198 2542 habebat
208 2535 216 2548 ‚
231 2513 263 2542 at
276 2510 400 2542 urinam
415 2512 521 2542 tamen
535 2509 715 2548 emittebat,
740 2509 832 2539 sicuti
848 2509 899 2539 alii
922 2516 1042 2538 omnes.
1066 2507 1104 2537 Et

64 2562 156 2593 multi
170 2561 396 2601 cognoscendae
408 2561 453 2592 rei
466 2561 571 2600 cupidi
580 2584 588 2596 ,
600 2561 768 2591 observare
778 2568 850 2590 eum
864 2557 998 2598 aggressi
1010 2558 1102 2595 sunt,

69 2613 123 2654 sed
142 2613 324 2652 priusquam
350 2612 382 2642 id
408 2612 492 2652 quod
518 2620 567 2643 res
590 2612 671 2642 esset
690 2611 875 2649 reperissent
899 2609 1102 2641 destiterunt.

67 2666 148 2696 Nam
163 2673 264 2703 quum
281 2663 401 2694 aestatis
414 2665 556 2702 tempore
570 2671 624 2702 per
639 2662 764 2701 triginta
777 2661 848 2698 dies,
856 2661 884 2692 ei
898 2660 1102 2698 adsedissent,

63 2716 282 2755 vidissemque
300 2724 374 2746 eum
399 2715 518 2745 nullius
535 2714 662 2754 quidem
688 2713 759 2744 salsi
785 2713 845 2744 cibi
871 2713 1081 2744 abstinentem
1096 2735 1104 2748 ‚

64 2768 95 2797 et
111 2774 201 2796 suam
220 2767 304 2804 (nori
325 2766 498 2802 alienam,
515 2767 554 2795 uc
570 2765 862 2804 prwstiqmlores)
888 2764 1023 2795 vesicam
1049 2763 1105 2793 ha-

64 2819 190 2850 bentem
211 2830 218 2848 :
237 2817 375 2857 persuasi
391 2818 465 2847 sunt
485 2825 558 2846 vera
575 2825 649 2847 eum
666 2816 781 2846 dicere.
804 2816 958 2847 Utehatur
978 2815 1106 2854 quidem

65 2870 158 2902 etiam
177 2869 332 2901 interdum
360 2869 503 2909 potione,
521 2868 575 2899 scd
592 2878 628 2899 ea
651 2868 856 2901 nihilominus
876 2877 956 2906 opus
973 2876 1035 2898 non
1054 2867 1107 2897 ha-

68 2921 173 2952 bebat.
190 2933 206 2948 n

419 2980 484 3016 DE
513 2978 752 3016 ISTHMIlS.

574 3056 608 3087 8.

111 3109 289 3150 Euphorio,
314 3111 406 3149 poeta
431 3110 556 3149 epicus,
575 3109 607 3139 in
634 3108 714 3139 libro
742 3107 781 3138 de
803 3107 942 3138 Isthmiis
969 3119 976 3137 :
1008 3119 1021 3133 «
1049 3106 1110 3142 Qui

72 3170 156 3193 nunc
178 3162 271 3199 sunt,
297 3162 358 3199 ait,
391 3160 446 3199 qui
473 3160 640 3198 Nablistae‚
662 3157 877 3196 Panduristae‚
904 3157 1110 3189 sambucistae

73 3214 239 3250 vocantur,
254 3211 341 3242 nullo
353 3220 437 3242 novo
450 3212 584 3242 utuntur
597 3211 828 3241 instrumento:
844 3218 917 3240 nam
932 3209 1110 3240 bammum

1162 2345 1305 2382 itemque
1321 2339 1490 2379 maqadm
1509 2342 1540 2369 et
1561 2338 1739 2377 trtanqula
1756 2338 1788 2368 et
1805 2337 1986 2368 sambucas
2011 2337 2142 2377 antiqua
2157 2338 2202 2369 ait

1161 2404 1229 2427 esse
1247 2394 1469 2425 instrumenta.
1492 2391 1650 2430 Mytilenae
1673 2398 1747 2420 sane
1766 2398 1862 2420 unam
1879 2398 1919 2419 ex
1936 2389 2051 2427 Musis,
2080 2389 2198 2420 Lesbo-

1161 2446 1310 2478 themidis
1323 2453 1419 2484 opuS‚
1434 2443 1618 2474 sambucam
1636 2450 1731 2472 manu
1750 2442 1910 2472 tenentem
1924 2440 2074 2479 conspici.

1204 2557 1250 2586 De
1272 2553 1433 2584 sambuca
1456 2550 1536 2581 dixit
1551 2550 1722 2588 Masurius,
1741 2557 1807 2579 esse
1823 2557 1891 2579 eam
1908 2548 2065 2579 musicum
2082 2549 2201 2578 instru-

1165 2606 1313 2637 mentum
1342 2604 1470 2634 acutum
1498 2610 1610 2633 sonum
1636 2600 1747 2637 edens,
1778 2599 1817 2631 ‹le
1842 2608 1943 2638 eoque
1970 2598 2066 2629 verba
2094 2598 2202 2629 secisse

1165 2656 1399 2697 Euphorionem
1431 2653 1565 2685 eundem
1591 2652 1646 2692 qui
1680 2651 1840 2691 epicorum
1870 2659 1998 2690 quoque
2026 2650 2200 2681 carminum

1164 2710 1277 2738 auctor
1292 2707 1358 2746 est,
1372 2706 1404 2735 in
1418 2705 1498 2735 libro
1516 2707 1560 2735 De
1575 2703 1730 2740 Isthmiis3
1745 2710 1810 2741 quo
1824 2701 2034 2732 instrumento
2048 2709 2120 2731 usos
2135 2709 2202 2731 esse

1165 2759 1209 2790 ait
1228 2758 1358 2790 Parthos
1371 2758 1403 2787 et
1419 2755 1641 2795 Troglodytas,
1657 2754 1808 2793 quattuor
1822 2752 1937 2783 fidibus
1950 2753 2058 2789 tenso;
2077 2750 2200 2781 tradere

1166 2812 1272 2841 autem
1286 2809 1354 2839 haec
1367 2808 1462 2839 etiam
1480 2807 1689 2846 Pythagoram
1705 2805 1735 2835 in
1755 2804 1834 2835 libro
1858 2806 1903 2834 De
1926 2803 2003 2833 mari
2024 2802 2201 2841 Erythraeo.

1246 2880 1312 2917 DE
1343 2876 1619 2915 CARMINUM
1652 2871 2121 2912 MODULATIONlBUS.

1661 2948 1711 2978 10.

1210 3003 1391 3043 Euphorion
1402 3026 1410 3041 ‚
1426 3002 1533 3041 epicus
1546 3002 1637 3040 poeta
1648 3024 1656 3038 ,
1681 3000 1712 3030 in
1733 3000 1811 3030 libro
1828 3000 1875 3029 De
1888 2997 2062 3028 carminum
2086 2995 2200 3026 modu-

1169 3055 1355 3086 lationibus,
1371 3052 1506 3083 fistulam
1519 3060 1582 3081 uno
1596 3051 1719 3081 calamo
1734 3050 1930 3080 constantem
1951 3048 1995 3078 ait
2008 3045 2200 3078 Mercurium

1168 3105 1342 3142 invenisse;
1355 3113 1373 3134 a
1387 3103 1547 3134 nonnullis
1559 3110 1635 3132 vero
1649 3101 1831 3131 inventores
1849 3100 1917 3138 ejus
1935 3097 2103 3129 memorari
2123 3098 2201 3127 Seu·

1168 3159 1245 3189 then
1258 3160 1290 3189 et
1302 3159 1459 3188 Ronacem
1475 3154 1592 3186 Maedos
1604 3155 1612 3192 (
1625 3156 1646 3184 i.
1666 3162 1693 3184 e.
1715 3153 1889 3191 leraces);
1906 3150 2047 3190 pluribus
2062 3157 2134 3179 vero
2149 3156 2200 3177 ra-

1170 3209 1262 3240 lamis
1287 3209 1484 3239 constantem
1496 3230 1504 3245 ‚
1540 3214 1610 3237 cera
1634 3204 1830 3244 compactam
1844 3226 1852 3241 ‚
1878 3201 2032 3232 invenisse
2063 3198 2200 3230 Silenum

75 3274 114 3297 ac
132 3265 310 3303 barbiton,
328 3273 465 3304 quorum
488 3264 613 3303 Sappho
635 3264 666 3294 et
688 3266 853 3295 Anacreon
880 3261 1110 3296 meminerunt,
1138 3260 1142 3299 Ι
1171 3263 1342 3299 illan-syam.
