2338 3765
112 258 184 292 (352

107 341 200 376 adeo
215 346 256 373 ut
272 346 467 382 sanequam
482 333 574 366 mira
603 338 636 365 te
663 331 699 364 in
726 330 967 376 sequentibus
981 328 1127 363 auditu-

107 411 189 433 rum
218 406 356 443 speres;
389 394 506 439 ipsum
532 401 621 423 vero
641 388 804 422 historiae
828 399 965 434 corpus
997 385 1133 420 deinde

108 454 282 490 exhibere
301 450 475 498 pusillum
489 475 498 491 ‚
520 446 615 481 exile
635 452 672 480 et
690 446 876 493 ignavum.

597 538 634 572 9.

162 608 299 641 Verum
313 605 388 638 haec
402 607 569 649 peccata,
589 611 669 646 quae
684 598 731 633 ad
751 598 1001 633 elocutionem
1014 605 1049 632 et
1063 597 1136 631 dis-

111 665 333 712 positionem
366 660 554 707 pertinent
567 685 576 702 ‚
621 658 770 691 tolerari
803 656 924 691 adhuc
960 662 1135 703 possunt3

111 723 240 770 aegrius
270 721 362 755 feras
390 718 608 752 historicum
640 716 704 762 qui
723 715 761 748 in
792 715 964 749 locorum
997 714 1138 748 descri-

112 781 240 827 ptione
264 777 594 821 distantiaiumque
619 773 810 807 notatione
829 773 1076 820 negligentem
1103 783 1140 805 se

112 836 324 885 praebuciit.
347 833 525 879 Sequitur
546 831 757 877 exemplum
777 842 810 864 c.
835 834 913 871 24·
905 858 913 866 .

167 895 228 934 Εἰς
259 894 338 940 γοῦν
363 888 450 926 οὕτω
483 886 640 939 ραθύμως
664 885 834 936 συνήγαγε
856 884 900 922 τὰ
923 885 1137 936 πράγματα,

114 950 189 987 οὔτε
221 948 322 999 Συριι)
347 963 412 984 τινι
438 944 586 996 ἐντυχων
613 944 688 982 οὔτε
706 959 744 980 το
773 942 955 992 λεγόμενον
982 942 1022 988 δὴ
1042 958 1141 979 τουτο

115 1010 181 1044 τῶν
199 1006 253 1044 ἐπὶ
273 1005 433 1055 κουρείων
451 1002 494 1040 τὰ
511 1006 652 1040 τοιαῦτα
675 1001 952 1051 μυθολογούντων
970 1000 1138 1049 ἀκούσας,

117 1065 204 1101 ὥστε
219 1063 296 1114 περὶ
322 1062 489 1113 Εὐρώπου
512 1060 620 1109 λέγων
638 1059 743 1101 οὕτως
759 1058 822 1110 ἔφη
835 1074 842 1082 ·
861 1076 875 1091 «
894 1058 939 1096 ‘H
962 1059 996 1095 δὲ
1022 1057 1142 1108 Εὔρω-

116 1139 177 1164 πος
203 1127 313 1159 κεῖται
332 1121 372 1169 μὲ
377 1137 392 1155 ν
417 1121 449 1157 ἐν
477 1135 518 1170 τῃ
540 1117 792 1168 Μεσοποταμίᾳ
815 1114 986 1165 σταθυους
1007 1116 1066 1152 δυο
1084 1131 1142 1152 του

119 1183 163 1219 F?
151 1181 298 1232 υρράτου
312 1181 359 1215 ἀπ
364 1193 509 1229 ε’χουσα,
526 1175 707 1213 ἀπόκισαν
728 1174 761 1211 οὲ
778 1175 881 1219 αὐτὴν
898 1175 961 1212 ’·ᾸΡΙ
944 1189 1107 1211 οεσσαιοι
1127 1190 1142 1206 ¹²

119 1238 190 1276 Και
208 1236 281 1274 οὐδε
305 1240 403 1272 τοῦτο
428 1233 624 1285 ἀπεχρησεν
646 1234 753 1283 αὐτι),
771 1231 859 1268 ἀλλὰ
887 1247 944 1268 και
969 1246 1029 1276 την
1058 1229 1143 1277 ἐμὴν

118 1295 267 1346 πατρίδα
296 1293 340 1330 τὰ
375 1292 542 1341 Σααόσατ
546 1306 567 1326 α
595 1293 612 1327 5
638 1289 736 1332 αὐτος
772 1304 805 1326 εν
838 1304 885 1324 τιν)
905 1289 998 1324 αυτῶ
1023 1287 1144 1338 βιὸλίι)

120 1353 288 1402 ἀράμενος
312 1353 328 1387 5
339 1355 488 1399 γενιαῖος
505 1351 565 1385 αὐτ
556 1352 589 1400 ᾗ
610 1346 792 1399 ἀκροπόλει
816 1362 872 1383 και
889 1362 924 1382 τε
911 1345 1017 1396 (57561.
1046 1346 1145 1393 μετέ-

121 1414 221 1455 θηκεν
252 1410 300 1451 εἷς
328 1424 388 1453 την
415 1405 701 1454 Μεσοποταμίαν,
723 1407 766 1446 ὡς
792 1403 1014 1454 περιωρίσθαι
1041 1402 1145 1448 αυτὴν

120 1469 178 1504 ὑπ’
195 1465 396 1518 ἀμφοτέρων
417 1467 483 1501 τῶν
502 1466 681 1512 ποταμῶν,
702 1462 909 1513 ἑκατέρωθεν
930 1462 963 1497 ἓν
984 1463 1058 1512 χρῷ
1078 1476 1145 1498 πα·

125 1524 382 1576 ραμειὸομένων
400 1522 457 1559 καὶ
476 1520 654 1570 μονονουχὶ
673 1523 730 1556 τσῦ
751 1519 882 1569 τείχους
899 1518 1091 1568 ψαυόντων.

177 1581 394 1630 Ἐδεσσαῖοι]
411 1598 424 1613 «
442 1583 612 1626 Europus
623 1580 734 1626 Syriae
750 1579 932 1625 oppidum
946 1578 981 1611 in
996 1578 1149 1625 regione

127 1641 350 1688 Cyrresssce,
374 1641 438 1686 ipsi
460 1638 633 1685 Euphrati
658 1637 891 1683 proximum,
924 1635 1058 1681 proelio
1079 1636 1150 1669 hoc

125 1701 203 1746 ipso
223 1701 258 1732 in
275 1699 374 1732 hello
402 1698 475 1731 illic
496 1696 689 1730 commisso
716 1693 931 1741 insignitum
954 1693 1005 1739 (c.
1035 1705 1083 1727 20
1116 1700 1152 1727 et

127 1757 174 1791 28
187 1755 211 1804 ).
225 1758 367 1790 Nomen
383 1755 526 1789 duxisse
542 1753 689 1787 videtur
704 1765 722 1786 a
735 1752 956 1799 cognomine
971 1751 1149 1786 Macedo—

126 1816 194 1849 niae
214 1813 355 1859 oppido
370 1839 378 1854 ,
398 1818 626 1858 quapropter
643 1811 687 1845 ab
703 1809 916 1845 Alexandro
936 1810 1059 1855 potius
1074 1810 1152 1856 pri·

128 1873 240 1906 misve
253 1870 452 1905 Seleucidis
463 1869 654 1903 conditum
667 1880 740 1903 esse
753 1868 950 1902 verisimile
962 1874 1027 1910 est,
1042 1879 1153 1913 quam

128 1929 173 1963 ab
192 1927 394 1970 lidesscnis,
410 1938 570 1972 quorum
584 1926 781 1972 posteriori
798 1932 938 1959 tantum
954 1937 1031 1958 aevo
1044 1924 1090 1959 ad
1105 1925 1154 1959 al-

129 1987 199 2020 tius
213 1985 392 2031 fastigium
409 1985 572 2030 potentia
589 1991 639 2017 est
655 1990 794 2018 evecta.
812 1982 866 2017 Cf.
888 1982 1085 2028 Spanhem.
1102 1982 1153 2017 De

128 2056 196 2078 usu
211 2050 246 2077 et
259 2050 379 2089 praest.
399 2043 570 2077 numism.
587 2042 677 2077 Diss.
696 2042 745 2084 ΙΙ,
765 2053 803 2087 p.
826 2053 909 2085 1273
921 2041 989 2084 IX,
1005 2052 1044 2086 p.
1060 2039 1154 2085 6023

130 2103 258 2147 Bayer.
291 2101 379 2135 Hist.
407 2100 527 2147 Regni
552 2100 732 2134 Osroenes
753 2100 874 2133 numis
901 2099 1032 2133 illustr.
1065 2110 1102 2144 p.
1132 2098 1154 2133 6

149 2171 214 2205 qq.
234 2174 246 2189 »o
265 2160 390 2193 Hnmi.
411 2158 466 2193 Cf.
484 2159 663 2203 Droysen.
681 2158 893 2193 Hellenism.
913 2157 967 2200 ΙΙ,
983 2169 1022 2203 p.
1043 2156 1130 2192 686.

626 2276 661 2307 9.

175 2332 263 2361 Unus
275 2338 402 2369 eorum,
423 2330 476 2369 qui
495 2338 535 2361 ne
559 2329 752 2369 colloquium
779 2329 906 2369 quidem
929 2338 1068 2369 unquam
1089 2339 1163 2361 cum

137 2384 216 2421 Syro
230 2382 336 2420 aliquo
352 2382 522 2413 instituisse
532 2406 540 2420 ,
554 2390 655 2421 neque
665 2406 673 2421 ‚
688 2382 772 2421 quod
787 2382 892 2420 aiunt,
909 2382 941 2412 in
954 2383 1116 2413 tonstrinis
1126 2383 1164 2414 de

136 2432 287 2471 ejusmodi
312 2433 403 2463 rebus
420 2433 657 2464 confabulantes
673 2432 806 2464 audiisse
828 2433 963 2466 videtur,
981 2434 1047 2463 tam
1063 2433 1163 2472 negli-

137 2486 243 2523 genter
257 2492 305 2514 res
320 2485 421 2523 gestas
433 2483 601 2522 congessit,
618 2486 671 2522 ut,
690 2492 788 2523 quum
806 2483 845 2514 de
860 2486 983 2523 Europo
1002 2484 1167 2515 dissereret

139 2535 206 2564 baec
220 2534 334 2565 diceret
352 2544 358 2564 ε
384 2537 542 2573 Europus
563 2536 677 2565 aulem
697 2536 765 2565 sita
782 2537 830 2565 est
846 2536 882 2565 in
904 2536 1165 2574 Mesopotamia,

140 2585 268 2616 dicobus
291 2586 524 2616 τηαηειόηιὺιιε
549 2586 591 2616 ab
610 2586 788 2625 Euphrate
812 2586 1002 2626 dirempta3
1029 2587 1166 2618 condita

140 2638 256 2666 (tutem
270 2639 318 2667 est
331 2636 372 2667 ab
400 2636 590 2667 Edessenis.
616 2639 653 2667 Et
674 2645 713 2667 ne
733 2637 792 2668 boe
812 2637 939 2676 quidem
955 2637 998 2668 illi
1021 2639 1165 2669 suffecit:

140 2687 192 2717 sed
211 2696 312 2716 meam
333 2696 460 2726 quoque
479 2687 609 2725 patriam
633 2690 795 2720 Samosata
813 2689 843 2719 in
863 2689 972 2720 eodem
990 2689 1069 2720 libro
1091 2698 1167 2729 prae-

143 2736 246 2766 clarus
264 2736 319 2766 iste
334 2738 444 2766 auctor
457 2745 513 2767 sua
531 2737 625 2775 ipsius
641 2747 737 2768 manu
757 2739 912 2769 sublatam
928 2748 989 2770 una
1008 2748 1080 2770 cuni
1098 2748 1169 2771 arce

143 2787 360 2826 numinibusque
375 2788 404 2817 in
419 2788 674 2826 Mesopotamiam
689 2790 867 2828 transtulit,
888 2790 965 2821 adeo
983 2792 1017 2822 ut
1033 2791 1072 2821 ab
1086 2794 1170 2822 utro-

144 2847 207 2877 que
223 2847 314 2868 amne
329 2839 506 2878 (liupbrate
520 2843 550 2869 et
565 2839 706 2878 Tigride)
728 2841 951 2879 includeretur,
965 2842 1019 2881 qui
1035 2843 1170 2882 utraque

143 2898 184 2921 ex
204 2891 291 2929 parte
304 2899 399 2928 quain
420 2891 559 2929 proxime
584 2892 879 2930 piwterlaberentur
903 2894 934 2924 et
960 2895 1084 2924 tanturn
1107 2903 1169 2925 non

145 2941 261 2972 moenia
279 2941 477 2980 attingerent.

630 2987 682 3017 10.

188 3037 267 3068 lllud
285 3046 432 3077 quoque,
459 3039 655 3077 ineliereule,
679 3048 847 3079 sanequam
871 3042 1070 3080 probabiliter
1090 3042 1171 3073 idem

147 3089 197 3119 ille
213 3088 251 3118 de
268 3089 436 3120 Severiano
459 3090 615 3127 narraxit,
634 3090 693 3119 lide
717 3091 840 3130 insuper
859 3092 931 3122 data
945 3117 952 3130 ‚
971 3094 1108 3132 prolecto
1127 3102 1171 3123 se·

147 3143 211 3171 niet
225 3141 348 3172 audisse
364 3151 403 3171 ex
417 3151 524 3171 eorum
537 3142 659 3180 aliquo,
674 3143 726 3180 qui
742 3152 777 3172 ex
795 3144 858 3182 ipsa
872 3144 958 3175 clade
972 3145 1171 3183 aufugissent.

149 3193 255 3230 Neque
268 3192 351 3222 enim
366 3192 466 3231 gladio
483 3192 572 3222 illum
584 3192 771 3223 oecumlwre
783 3194 932 3233 voluisse,
948 3204 1004 3225 nec
1017 3204 1172 3226 venenum

150 3242 292 3281 inaurire,
313 3251 371 3273 nec
393 3243 539 3282 laqueum
564 3243 622 3273 sibi
643 3244 784 3281 nectere,
802 3244 853 3274 sed
877 3246 1029 3282 tragicum
1046 3247 1171 3285 aliquod

149 3292 206 3322 sibi
236 3293 344 3323 mortis
368 3302 466 3331 genus
491 3293 682 3332 excogitasse
699 3295 729 3324 et
749 3294 814 3332 ipso
837 3295 964 3325 consilio
985 3297 1172 3327 inauditum.

153 3344 245 3373 Forte
271 3345 395 3374 fortuna
416 3344 497 3374 euim
519 3344 661 3374 lialmisse
686 3345 774 3375 illum
799 3346 908 3383 poeula
931 3347 1028 3377 xilrra
1047 3349 1173 3378 maximi

154 3394 254 3433 modi,
271 3394 427 3434 ipsiusque
452 3395 521 3426 vitri
539 3395 770 3436 pulcluiludiin·
796 3397 971 3436 conspicua.
993 3402 1097 3434 Quum
1118 3408 1174 3429 au-

774 239 1093 280 SCRlPTORUM
1125 223 1270 276 BELLI
1301 235 1537 274 PARTHlCl

1681 330 1740 354 10.

1249 427 1337 473 Cap.
1359 424 1436 461 25:
1452 421 1507 467 Νὴ
1526 420 1591 459 Δία
1611 419 1748 457 κακεῖνο
1765 419 1891 468 κομιδη
1905 416 2046 455 πιθανον
2066 416 2147 467 περὶ
2167 419 2226 454 τοῦ

1199 482 1438 533 Σευηριανοῦ
1425 496 1442 517 ο
1459 478 1556 521 αὐτὸς
1580 481 1675 519 οὗτος
1692 481 1785 514 εἶπεν
1806 475 2124 525 ἐπομοσάμενος,
2120 474 2226 524 ημὴν

1200 538 1345 577 ἀκουσαί
1362 553 1450 580 τινος
1472 551 1536 573 των
1557 535 1590 579 ἐξ
1622 536 1726 572 αὐτου
1753 538 1812 571 τοῦ
1846 533 1943 585 ἔργου
1977 533 2228 585 διαφυγόντων·

1199 597 1275 634 οὔτε
1294 596 1360 646 γὰρ
1377 595 1461 646 ξίφει
1478 595 1639 640 ἐθελῆσαι
1659 592 1761 629 αὐτὸν
1781 592 1963 629 ἀποθανεῖν
1994 591 2070 628 οὔτε
2090 589 2228 642 φαρμά·

1202 671 1263 692 κου
1295 656 1382 690 πιεῖν
1413 652 1489 690 οὔτε
1510 652 1636 702 βρόχου
1655 649 1832 702 ἅψασθαι,
1863 649 1952 686 ἀλλά
1985 665 2060 686 τινα
2086 650 2230 686 θάνατον

1205 715 1387 756 ἐπινοῆσαι
1400 709 1561 761 τραγικὸν
1577 707 1637 746 καὶ
1655 711 1697 759 τῇ
1712 706 1824 758 τόλμῃ
1839 706 2024 751 ξενίζοντα·
2037 711 2151 758 τυχεῖν
2170 705 2231 755 μὲν

1201 770 1265 822 γὰρ
1297 769 1397 806 αὐτὸν
1427 768 1550 819 ἔχοντα
1580 765 1789 816 παμμεγέθη
1809 765 2001 814 ἐκπώματα
2021 764 2144 801 ὑάλινα
2169 767 2230 809 τ’ῆς

1202 827 1389 872 καλλίστης
1407 826 1512 863 ὑάλου
1524 840 1532 848 ·
1551 825 1625 862 ἐπεὶ
1655 822 1690 861 δὲ
1707 822 1844 866 πάντως
1861 824 2042 859 ἀποθανεῖν
2064 822 2234 872 ἔγνωστο,

1202 885 1399 929 κατάξαντα
1427 884 1484 921 τὸν
1507 883 1666 933 μέγιστον
1683 885 1750 920 τῶν
1771 881 1908 934 σκύφων
1927 881 1974 918 ἑνι
2001 897 2066 918 των
2084 880 2235 931 θραυμά·

1203 960 1267 981 των
1282 943 1474 994 χρήσεσθαι
1494 943 1538 984 εἷς
1558 941 1618 986 τὴν
1643 939 1779 992 σφαγὴν
1800 939 1986 989 ἐντεμόντα
2006 941 2048 990 τῇ
2068 938 2161 990 ὑάλῳ
2177 938 2236 976 τὸν

1203 1002 1341 1051 λαιμόν.
1374 999 1494 1041 Ουτως
1527 1001 1563 1037 οὐ
1585 998 1736 1050 ξιφίδιον,
1771 999 1808 1034 οὐ
1833 997 2018 1048 λογχάριον
2052 1000 2159 1048 ευρεν,
2191 999 2236 1039 ὡς

1205 1058 1353 1111 ἀνδρεῖός
1372 1073 1411 1107 γε
1428 1059 1519 1094 αὐτω
1539 1057 1596 1093 καὶ
1609 1071 1755 1108 Γ,ρωικος
1775 1058 1792 1091 5
1809 1053 1949 1097 θάνατος
1972 1053 2116 1104 γε’νοιτο.

1257 1131 1304 1155 26.
1345 1118 1421 1154 Ειτ’
1451 1116 1571 1160 ἐπειοὴ
1601 1112 1816 1184 Θουκυδίδης
1847 1111 2026 1163 ἐπιτάφιόν
2062 1128 2137 1150 τινα
2164 1117 2238 1150 εἰπε

1207 1181 1277 1217 τοῖς
1294 1174 1443 1226 πρώτοις
1470 1187 1527 1209 του
1555 1173 1637 1209 πολε
1625 1172 1706 1221 ’μου
1731 1171 1858 1208 ἐκείνου
1884 1186 2036 1221 νεκροις,
2063 1171 2121 1208 καὶ
2139 1173 2240 1215 αὐτὸς

1208 1234 1363 1284 ἡγήσατο
1386 1234 1514 1283 χρῆναι
1548 1232 1700 1267 ἐπειπεῖν
1721 1232 1769 1281 τῷ
1791 1231 2009 1280 Σευηριανῷ·
2037 1228 2146 1266 ἅπασι
2173 1230 2239 1281 γὰρ

1208 1292 1321 1332 αὐτοῖς
1340 1289 1423 1339 πρὸς
1440 1288 1497 1324 τὸν
1518 1287 1612 1325 οὐδὲν
1640 1287 1748 1324 αἴτιον
1779 1289 1846 1323 τῶν
1868 1288 1902 1324 ἐν
1929 1286 2088 1338 Ἀρμενίᾳ
2107 1290 2238 1334 κακῶν,

1208 1348 1263 1385 τὸν
1284 1346 1511 1391 Θουκυδίδην,
1524 1348 1545 1390 ἢ
1567 1344 1711 1394 ἅμιλλα.
1735 1344 1862 1396 Θάψας
1878 1340 1933 1382 οὖν
1949 1344 2006 1382 τὸν
2028 1346 2240 1396 Σευηριανὸν

1209 1407 1477 1455 μεγαλοπρεπῶς
1497 1403 1747 1447 ἀναὸιὸάζεται
1773 1403 1829 1439 ἐπὶ
1858 1403 1914 1440 τὸν
1934 1402 2041 1454 τάφον
2065 1403 2243 1454 Ἀφράνιόν

1209 1480 1283 1502 τινα
1299 1463 1436 1502 Σίλωνα
1458 1461 1722 1514 ἑκατόνταρχον,
1737 1462 1994 1511 ἀνταγωνιστὴν
2014 1462 2242 1512 Περικλέους,

1210 1523 1243 1565 ὃς
1270 1525 1411 1559 τοιαῦτα
1442 1521 1501 1558 καὶ
1536 1524 1689 1557 τοσαῦτα
1713 1520 2004 1571 ἐπερρητόρευσεν
2035 1521 2128 1572 αὐτῷ
2154 1519 2244 1558 ὥστε

1212 1595 1271 1628 με,
1289 1579 1329 1624 νὴ
1350 1578 1409 1621 τὰς
1430 1577 1606 1628 Χάριτας,
1641 1576 1754 1614 πολλὰ
1782 1576 1872 1614 πάνυ
1894 1578 2062 1628 δακρῦσαι
2089 1578 2154 1614 ὑπὸ
2185 1583 2243 1616 τοῦ
2292 1615 2295 1617 Α

1211 1637 1375 1687 γέλωτος,
1395 1635 1454 1673 καὶ
1473 1635 1625 1684 μάλιστα
1643 1635 1745 1673 ὁπότε
1763 1638 1779 1672 5
1814 1635 1931 1687 ῥήτωρ
1957 1638 1974 1671 ὁ
1997 1635 2172 1686 Ἀφράνιος
2190 1637 2246 1673 ἐπὶ

1211 1694 1301 1731 τελει
1321 1697 1379 1730 τοῦ
1401 1693 1503 1742 λόγου
1526 1692 1682 1743 δακρύων
1711 1692 1786 1741 diuet
1809 1708 1870 1729 συν
1902 1696 2035 1743 οἰμωγῇ
2063 1697 2248 1744 περιπαθεῖ

1221 1751 1399 1800 ἐμέμνητο
1415 1766 1482 1787 τι)ν
1503 1752 1677 1787 πολυτελ
1654 1767 1700 1787 ων
1715 1750 1852 1787 ἐκείνων
1873 1750 2017 1787 δείπνων
2041 1766 2099 1788 και
2116 1753 2246 1802 προπό-

1214 1824 1316 1858 σεων,
1347 1813 1420 1846 εἶτα
1449 1807 1617 1854 ἐπέθηκεν
1651 1808 1831 1846 Αἰάντειόν
1865 1824 1941 1846 τινα
1973 1809 2036 1854 τὴν
2061 1810 2248 1861 κορωνίδα·

1216 1866 1437 1916 σπασάμενος
1453 1866 1568 1919 γὰρτὸ
1590 1866 1680 1918 ξίφος
1690 1896 1700 1936 ,
1718 1868 1860 1917 εὐγενῶς
1876 1867 1966 1904 πάνυ
1983 1882 2042 1904 και
2060 1869 2105 1910 ὡς
2124 1866 2248 1918 Ἀφρά-

1214 1940 1282 1963 νιον
1300 1924 1387 1968 εἰκὸς
1404 1929 1459 1972 ἠν,
1476 1925 1614 1976 πάντων
1637 1925 1793 1997 ὁρώντων
1826 1924 2055 1976 ἀπέσφαξενε
2042 1924 2163 1962 εαυτὸν
2192 1925 2249 1961 ἐπὶ

1215 1999 1264 2020 τω
1283 1983 1400 2034 τάφω,
1417 1984 1477 2020 οὐκ
1498 1982 1632 2026 ἀνάξιος
1648 1999 1707 2030 ων,
1731 1982 1780 2033 μὰ
1797 1983 1853 2020 τὸν
1872 1982 2065 2030 Ἐνυάλιον,
2080 1982 2146 2034 πρὸ
2162 1984 2250 2019 πολ-

1220 2042 1280 2077 λοῦ
1315 2042 1510 2088 ἀποθανεῖν,
1543 2043 1571 2078 εἰ
1590 2044 1730 2078 τοιαῦτα
1753 2040 1967 2093 ἐρρητόρευε.
1984 2041 2055 2079 Καὶ
2069 2043 2166 2077 τοῦτο
2186 2039 2250 2091 ἔφη

1219 2098 1352 2141 ἰδόντας
1365 2099 1442 2141 τοὺς
1462 2099 1634 2150 παρόντας
1654 2099 1808 2141 ἅπαντας
1830 2098 2007 2148 θαυμάσαι
2035 2098 2094 2136 καὶ
2111 2099 2252 2150 ὑπεραι-

1218 2156 1312 2193 νέσαι
1328 2157 1384 2193 τὸν
1405 2157 1597 2210 Ἀφράνιον.

1221 2270 1285 2300 tem
1303 2270 1432 2301 omnino
1454 2272 1536 2301 mori
1556 2271 1639 2311 apud
1655 2271 1799 2302 animum
1821 2279 1913 2301 suum
1927 2269 2157 2307 constituisset,
2177 2277 2253 2299 con-

1223 2322 1321 2353 fracto
1334 2332 1444 2354 eorum
1459 2324 1594 2354 calicum
1607 2324 1748 2354 maximo
1759 2346 1768 2363 ‚
1778 2332 1842 2354 uno
1857 2332 1874 2354 e
1889 2322 2070 2362 fragmentis
2082 2330 2175 2352 usum
2188 2328 2255 2352 esse

1223 2373 1254 2404 in
1273 2375 1391 2406 caedem
1403 2399 1411 2413 ,
1427 2376 1469 2406 ita
1484 2378 1518 2407 ut
1531 2376 1612 2407 vitro
1626 2376 1770 2416 jugulum
1787 2375 1950 2406 incideret.
1968 2374 2094 2406 Adeone
2110 2383 2172 2405 non
2185 2373 2253 2413 gla-

1224 2424 1324 2462 dium,
1344 2434 1406 2456 non
1427 2426 1547 2457 hastam
1565 2426 1748 2457 vilissimam
1764 2426 1899 2456 nancisci
1915 2425 2029 2465 potuit,
2044 2426 2080 2456 ut
2094 2424 2175 2455 virili
2190 2424 2253 2455 sal,-

1227 2478 1287 2506 tem
1302 2478 1397 2515 atque
1411 2477 1537 2508 heroico
1556 2477 1666 2508 mortis
1678 2485 1791 2516 genere
1807 2476 2027 2507 occumberet!

1268 2528 1385 2559 Deinde
1405 2529 1554 2568 quoniam
1578 2529 1778 2569 Thucydides
1794 2528 1960 2560 funebrem
1980 2528 2156 2559 orationem
2177 2526 2257 2558 dixit

1227 2580 1263 2610 iis
1278 2580 1332 2619 qui
1351 2581 1380 2611 in
1405 2582 1487 2613 illius
1503 2582 1575 2613 belli
1590 2582 1678 2613 initio
1695 2582 1813 2613 mortui
1830 2583 1950 2620 essent,
1965 2582 1997 2613 et
2012 2581 2077 2621 ipse
2099 2580 2257 2612 severiani

1227 2633 1410 2663 memoiiam
1427 2634 1569 2666 oratione
1595 2634 1817 2665 celebrandam
1838 2643 1904 2666 esse
1919 2633 2121 2665 existimavit.
2140 2635 2258 2664 Omnes

1228 2683 1309 2714 enim
1327 2684 1356 2714 bi
1374 2686 1516 2716 auctores
1538 2686 1754 2717 aemulandum
1773 2685 1831 2716 sibi
1853 2686 1984 2716 sumunt
2005 2693 2078 2716 eum
2091 2708 2100 2724 ,
2117 2684 2171 2724 qui
2187 2683 2257 2715 illo-

1228 2744 1298 2765 rum
1313 2736 1344 2766 in
1358 2737 1505 2768 Armenia
1519 2737 1673 2768 malorum
1688 2738 1808 2768 nullam
1823 2738 1951 2777 eulpam
1965 2737 2120 2773 sustinet,
2135 2736 2258 2775 Thucy·

1228 2786 1344 2817 didem.
1373 2789 1502 2828 Sepulto
1532 2790 1615 2820 enim
1635 2790 1799 2829 magnifice
1827 2790 2015 2828 Severiano,
2041 2791 2200 2819 oratorem
2226 2787 2258 2819 in

1230 2838 1352 2869 tinnulo
1364 2840 1526 2871 constituit
1538 2841 1699 2871 Afranium
1710 2841 1869 2881 quendam
1881 2841 2017 2872 Silone-m
2028 2839 2257 2878 centurionem,

1230 2889 1357 2921 Periclis
1373 2891 1491 2921 scilicet
1507 2891 1678 2929 aemulum,
1693 2892 1747 2931 qui
1763 2893 1811 2923 tot
1832 2892 1969 2932 taliaque
1982 2891 2020 2922 de
2034 2891 2086 2921 illo
2105 2889 2258 2921 declama-

1230 2940 1292 2978 vit,
1307 2942 1341 2971 ut
1361 2941 1524 2981 equidem,
1540 2951 1594 2982 per
1613 2943 1753 2974 Gratias!
1776 2943 1913 2974 multum
1933 2950 2006 2974 sane
2028 2940 2257 2972 lacrimaverim

1230 3000 1295 3030 prae
1322 2992 1384 3022 risu
1415 3004 1423 3023 ι
1450 2993 1593 3024 omnium
1613 2996 1720 3025 autem
1747 2994 1902 3032 maxime,
1931 3001 2031 3033 quum
2055 2993 2160 3023 orator
2182 2991 2256 3029 iste,

1231 3042 1311 3072 idem
1328 3042 1380 3073 ille
1394 3043 1555 3082 Afranius,
1574 3044 1633 3075 sub
1649 3044 1907 3076 {memorationis
1921 3044 2086 3075 lacrimans
2099 3043 2163 3082 ipse
2177 3043 2259 3073 atro-

1231 3093 1354 3123 cissimo
1389 3104 1462 3125 eum
1484 3095 1601 3133 gemitu
1631 3095 1824 3126 meminisset
1844 3097 2101 3134 sumptuosarum
2135 3093 2258 3124 illarum

1232 3145 1394 3183 epularum
1427 3147 1522 3185 atque
1554 3146 1821 3186 propinationum.
1852 3145 1929 3177 Inde
1956 3144 2103 3176 coronida
2125 3142 2258 3174 orationi

1232 3204 1297 3225 suae
1311 3219 1318 3233 ‚
1336 3197 1460 3234 qualem
1483 3198 1562 3235 Ajax
1581 3197 1674 3236 olim,
1693 3198 1852 3237 imposuit.
1873 3197 1988 3229 stricto
2011 3197 2094 3228 enim
2112 3204 2187 3227 ense
2207 3194 2259 3226 ad-

1235 3246 1363 3276 modum
1377 3256 1523 3285 g‹·11e1·0se
1537 3249 1567 3279 et
1581 3249 1616 3278 ut
1631 3257 1758 3288 {equum
1772 3250 1839 3280 erat
1857 3248 2015 3280 Afranium
2027 3271 2035 3286 ‚
2047 3247 2078 3278 in
2093 3247 2259 3286 conspectu

1233 3297 1375 3327 omnium
1389 3300 1486 3328 semet
1501 3299 1530 3329 in
1545 3299 1668 3329 tumulo
1680 3299 1846 3339 jugulavit.
1861 3301 1970 3338 quue
1983 3299 2048 3329 viso
2063 3297 2259 3337 obstupuisse

1234 3348 1276 3378 ait
1298 3349 1350 3387 qui
1391 3350 1561 3381 adfuissent
1583 3360 1708 3390 omnes,
1731 3352 1936 3391 laudibusque
1961 3350 1999 3381 ad
2024 3350 2138 3381 ewlum
2161 3357 2259 3390 usque

1236 3400 1396 3431 sustulisse
1415 3400 1589 3433 Afranium.
