2289 3728
972 135 1297 174 FRAGMENTA.

72 225 167 277 τριὸέ
190 241 238 268 τις
271 224 446 273 Ἀθηνίων,
467 227 730 275 προσκαρτερῶν
749 223 816 265 τοῖς
851 223 978 273 λόγοις·
1008 223 1100 264 ὅστις

77 283 262 333 Αἰγυπτίαν
286 282 507 331 ὠνησάμενος
527 281 747 332 θεράπαιναν,
768 279 975 317 ἐπεπλέκετο
993 281 1094 330 αὐτῇ.

71 341 210 387 Ταύτης
227 334 299 388 οὖν,
315 340 375 377 εἴτ’
394 340 426 383 εξ
441 341 542 376 αὐτοῦ
560 339 733 384 τεκούσης,
748 337 806 374 εἴτ’
824 337 856 380 ἐξ
873 337 977 374 ἄλλου
991 337 1079 380 τινὸς
1091 366 1100 381 ,

71 398 251 448 ὁμώνυμος
270 398 445 442 Ἀθηνίωνι
474 399 521 448 τῷ
542 396 689 446 δεσπότῃ
710 395 956 446 παρετρέφετο.
982 393 1102 444 Γράμ-

74 472 166 505 ματα
185 457 219 493 δὲ
239 455 368 504 μαθὼν,
383 455 440 491 καὶ
452 453 647 504 πρεσῧύτην
662 453 840 503 γενόμενον
858 453 914 489 τὸν
930 452 1099 497 δεσπότην

73 514 160 563 μετὰ
180 517 240 559 τῆς
261 513 387 563 μητρὸς
407 512 648 563 ἐχειραγώγει,
669 511 726 548 καὶ
747 510 959 547 ἀποθανόντα
977 515 1100 560 κληρο-

71 572 224 621 νομήσας
236 601 244 617 ,
258 571 496 621 παρέγγραφος
514 569 697 615 Ἀθηναίων
714 569 854 614 πολίτης
872 568 1016 618 ἐγένετο.
1034 568 1102 612 Γή-

72 645 140 679 μας
159 645 194 666 τε
222 629 460 680 παιδισκάριον
488 626 669 678 εὔμορφον,
698 627 785 676 μετὰ
814 626 933 663 τούτου
963 626 1045 677 πρὸς
1065 627 1102 662 τὸ

73 686 281 739 σοφιστεύειν
307 685 446 736 ὥρμησε
459 715 469 733 ,
500 685 663 736 μειράκια
692 684 904 735 σχολαστικὰ
936 683 1099 734 θηρεύων.

73 745 144 783 Καὶ
161 743 384 795 σοφιστεύσας
405 745 438 780 ἐν
461 742 624 792 Μεσσήνῃ
645 744 707 779 κάν
725 741 884 793 Λαρίσσῃ
905 744 946 791 τῇ
968 745 1102 779 Θεττα-

72 804 151 853 λικῇ
164 832 172 847 ,
194 802 251 839 καὶ
271 802 381 839 πολλὰ
401 801 631 852 ἐργασάμενος
647 800 832 852 χρήματα,
850 801 1037 844 ἐπανῆλθεν
1059 800 1104 840 εἷς

71 858 131 901 τὰς
157 858 306 903 Ἀθήνας.
365 859 435 896 Καὶ
461 859 706 909 χειροτονηθεὶς
734 857 799 894 ὑπὸ
824 860 890 894 τῶν
918 856 1103 902 Ἀθηναίων

72 916 302 968 πρεσὸευτὴς,
316 916 372 954 ὅτε
385 918 429 958 εἷς
442 916 654 966 Μιθριδάτην
669 917 712 952 τὰ
727 915 918 965 πράγματα
934 914 1103 965 μετέρρει,

74 973 282 1025 ὑποδραμὼν
300 973 357 1010 τὸν
374 974 517 1023 βασιλέα
533 1002 543 1022 ,
566 976 631 1009 τῶν
647 973 753 1024 φίλων
771 967 816 1015 εἷς
832 973 965 1023 ἐγένετο
979 1002 987 1018 ,
1005 971 1103 1022 μεγί-

71 1046 153 1076 στης
169 1030 281 1081 τυχὼν
309 1033 525 1082 προαγωγῆς.
545 1029 672 1080 Διόπερ
702 1030 883 1081 μετεώριζε
908 1028 984 1070 τοὺς
1005 1029 1104 1074 Ἀθη·

71 1090 183 1131 ναίους
201 1089 241 1126 δι’
260 1090 461 1133 ἐπιστολῶν,
479 1091 524 1130 ὡς
540 1088 583 1124 τὰ
601 1088 745 1138 μέγιστα
763 1087 859 1140 παρὰ
881 1090 930 1139 τῷ
955 1089 1103 1124 Καππα-

71 1147 154 1198 δόκῃ
184 1146 366 1195 δυνάμενος
378 1175 387 1191 ,
416 1145 505 1182 ὥστε
538 1145 586 1194 μὴ
620 1146 721 1194 μόνον
749 1148 816 1182 τῶν
849 1143 1102 1196 ἐπιφερομένων

70 1204 278 1256 ὀφλημάτων
301 1203 527 1246 ἀπολυθέντας
547 1205 579 1240 ἐν
598 1203 738 1255 ὁμονοία
758 1206 832 1251 ζῆν,
855 1203 944 1239 ἀλλὰ
964 1203 1021 1240 καὶ
1041 1202 1102 1247 τὴν

72 1262 306 1313 δημοκρατίαν
322 1262 624 1308 ἀνακτησαμένους
641 1261 698 1297 καὶ
715 1263 848 1312 δωρεῶν
866 1262 1027 1312 μεγάλων
1044 1276 1101 1297 τυ·

69 1326 143 1370 χεῐν
166 1320 233 1370 ἰδίᾳ
251 1319 309 1356 καὶ
327 1318 487 1370 δημοσία.
505 1321 626 1357 Ταῦτα
646 1321 675 1356 οἳ
695 1319 862 1365 Ἀθηναῖοι
880 1319 1100 1368 διεκόμπουν,

69 1378 132 1422 τὴν
173 1377 359 1427 Ῥωμαίων
390 1375 577 1427 ἡγεμονίαν
621 1378 875 1415 καταλελύσθαι
914 1393 1103 1414 πεπιστευ-

69 1435 176 1477 κότες.

123 1511 137 1526 «
159 1491 252 1538 ’Ἤδη
270 1488 327 1530 οὖν
347 1496 407 1538 τῆς
422 1492 536 1535 Ἀσίας
552 1493 882 1542 μεταὸεὸλημένης,
903 1496 920 1530 ὃ
941 1493 1102 1538 Ἀθηνίων

70 1551 240 1600 ἐπανῆγεν
259 1552 303 1593 εἰς
317 1549 377 1592 τὰς
395 1549 554 1598 Ἀθήνας,
573 1551 631 1588 καὶ
649 1552 713 1587 ὑπὸ
729 1554 895 1601 χειμῶνος
910 1551 1103 1602 ἐνοχληθεὶς

70 1609 116 1649 Εἷς
135 1607 197 1653 τὴν
219 1607 418 1659 Καρυστίαν
436 1608 645 1658 κατηνέχθη.
668 1611 780 1646 Τοῦτο
798 1610 962 1658 μαθόντες
981 1612 1010 1646 οἱ
1036 1612 1102 1647 Κε-

71 1666 228 1716 κροπίδαι
246 1667 403 1718 ἔπεμψαν
418 1668 482 1714 ἐπὶ
500 1667 560 1712 τὴν
579 1668 791 1716 ἀνακομιδὴν
814 1669 915 1704 αὐτοῦ
933 1671 1013 1710 ναῦς
1035 1684 1101 1716 μα·
1134 1681 1137 1688 ·

70 1725 153 1775 κρὰς
178 1725 235 1761 καὶ
264 1727 395 1776 φορεῖον
420 1725 646 1775 ἀργυρόπουν.
680 1726 772 1762 Ἀλλ’
794 1725 931 1762 εἴσεισιν
952 1727 1017 1771 ήδη
1045 1725 1103 1762 καὶ

71 1782 192 1832 σχεδὸν
213 1782 250 1818 τὸ
270 1784 428 1819 πλεῖστον
451 1782 552 1833 μέρος
571 1786 631 1828 τῆς
655 1782 785 1825 πόλεως
804 1783 860 1819 ἐπὶ
878 1782 939 1828 τὴν
956 1783 1100 1833 ἐκδοχὴν

113 1916 128 1928 ⁴⁷
155 1905 188 1934 ln
221 1904 367 1943 Erymnei
399 1904 595 1943 Peripatetici
626 1904 735 1934 schola
765 1904 950 1934 versabatur
975 1904 1104 1943 quidam

71 1955 224 1994 Athenio,
257 1956 409 1986 doctrinae
437 1956 577 1986 sedulam
605 1955 683 1986 dans
707 1965 847 1994 operam.
882 1959 912 1987 Is
940 1958 1106 1996 postquam

71 2007 246 2046 AEgyptiam
261 2007 387 2037 emisset
403 2007 572 2043 famulam,
593 2015 666 2037 cum
684 2015 720 2037 ea
731 2008 992 2038 consuetudinem
1010 2008 1106 2039 habe-

71 2057 136 2088 bat.
160 2061 207 2088 Ex
233 2058 292 2088 hac
314 2058 417 2097 igitur,
436 2058 501 2088 sive
524 2066 563 2088 ex
581 2058 675 2097 ipsius
690 2059 876 2097 complexu,
896 2059 963 2090 sive
987 2069 1027 2090 ex
1052 2069 1106 2090 ne-

70 2110 135 2140 scio
145 2114 246 2149 cujus,
258 2112 351 2141 natus
364 2110 502 2148 ejusdem
522 2118 595 2140 cum
610 2110 785 2141 Athenione
802 2111 937 2141 nominis
951 2112 1105 2150 servulus,

72 2161 104 2191 in
130 2161 198 2200 ejus
212 2161 307 2192 domo
328 2161 535 2192 educabatur.
555 2161 614 2198 Qui
639 2170 740 2200 quum
763 2161 919 2192 didicisset
932 2162 1057 2199 literas,
1077 2165 1107 2193 et

70 2221 177 2243 senem
193 2212 260 2251 jam
284 2212 449 2243 dominum
473 2221 546 2243 cum
570 2214 670 2243 matre
687 2221 782 2243 manu
797 2213 912 2245 ducere
925 2214 1036 2244 solitus
1057 2223 1105 2244 es-

70 2266 136 2300 set,
151 2265 332 2295 mortuoitti
354 2264 452 2295 haeres
465 2264 615 2295 successit
627 2288 634 2302 ‚
650 2264 903 2304 etadscriptitius
923 2266 999 2297 civis
1009 2266 1107 2297 Athe-

71 2316 187 2347 niensis
206 2317 306 2347 sactus
327 2318 384 2347 est.
404 2316 524 2347 Deinde
546 2317 577 2347 in
594 2317 830 2347 matrimonium
851 2317 946 2349 ducta
972 2319 1107 2350 formosa

71 2367 192 2406 puella,
211 2367 304 2398 simul
322 2376 393 2397 cum
412 2376 448 2398 ea
464 2367 502 2397 ad
517 2367 675 2398 docendas
685 2368 791 2399 literas
810 2377 842 2399 se
859 2370 1011 2408 contulit,
1027 2369 1106 2400 ado-

71 2420 222 2450 lescentes
247 2428 364 2450 venans
382 2420 436 2459 qui
461 2420 601 2450 scholam
624 2420 720 2459 ipsius
747 2422 991 2460 frequentarent.
1010 2423 1108 2461 lgitur

71 2472 232 2503 literarum
244 2472 417 2503 doctrinam
429 2473 586 2512 professus
596 2481 696 2512 quum
717 2475 878 2512 Messenae,
895 2476 961 2504 tum
976 2476 1107 2506 Larissae

70 2524 104 2554 in
114 2524 290 2562 Thessalia,
303 2525 402 2555 multa
416 2527 597 2564 comparata
614 2526 765 2564 pecnnia,
780 2527 918 2557 Athenas
942 2527 1044 2558 rediit.
1061 2528 1107 2559 lbi

71 2577 179 2616 populi
199 2576 352 2616 suffragiis
374 2578 555 2608 nominatus
579 2577 698 2616 legatus
713 2578 752 2608 ad
769 2579 1000 2619 Mithridatem,
1019 2580 1109 2620 cujus

71 2629 151 2657 tunc.
168 2626 306 2657 maxime
323 2627 483 2657 eminebat
506 2627 647 2666 potentia
659 2651 667 2666 ,
679 2628 722 2658 ita
738 2637 770 2658 se
789 2628 961 2660 insinuavit
975 2630 1007 2660 in
1030 2631 1108 2669 regis

72 2679 325 2710 benevolentiam
337 2703 344 2716 ,
365 2681 399 2709 ut
414 2679 444 2709 in
456 2679 631 2709 amicorum
656 2688 823 2710 nnmerum
837 2681 878 2711 ab
892 2691 928 2712 eo
951 2685 1106 2722 receptus,

73 2738 197 2760 summo
215 2729 374 2759 inhonore
398 2729 482 2768 apud
512 2739 584 2760 eum
611 2730 792 2762 haberetur.
811 2733 921 2771 ltaque
938 2732 975 2763 ad
1002 2743 1107 2764 rerum

74 2789 229 2811 novarum
254 2788 340 2818 spem
358 2780 478 2810 animos
495 2781 596 2811 erexit
609 2781 787 2812 Atheniensi
795 2783 992 2820 um‚crebris
1003 2785 1106 2816 missis

73 2831 230 2870 epistolis;
245 2831 378 2870 quibus,
400 2840 456 2869 pro
479 2839 603 2861 summa
616 2841 679 2870 qna
703 2832 786 2871 apud
806 2834 1024 2872 Cappadocem
1045 2836 1108 2875 ipse

73 2883 193 2913 valeret
209 2882 414 2919 auctoritate,
433 2882 497 2912 sore
513 2882 732 2921 pollicebatur,
748 2884 783 2913 ut
797 2892 859 2913 non
874 2885 969 2915 modo
982 2887 1108 2917 mulctis

74 2934 217 2972 irrogatis
233 2933 353 2964 liberati
371 2933 402 2963 in
428 2942 504 2972 pace
517 2934 548 2964 et
559 2933 729 2964 concordia
740 2934 904 2975 viverent,
921 2937 974 2967 sed
1001 2939 1032 2968 et
1057 2947 1107 2969 re-

74 2984 185 3015 stituta
200 2984 305 3023 populi
324 2985 479 3023 potestate
496 2993 607 3022 magna
625 2984 750 3023 insuper
768 2994 900 3017 munera
914 2989 944 3018 et
958 2988 1106 3026 privatim

75 3036 241 3075 etpublice
258 3037 364 3067 essent
389 3036 524 3066 nacturi.
551 3036 671 3072 Quibus
690 3036 850 3075 promissis
876 3038 1013 3070 fastuose
1040 3040 1106 3079 glo-

77 3086 238 3117 riabantur
263 3087 483 3125 Athenienses,
504 3087 634 3125 jamjam
644 3095 786 3128 eversam
804 3097 870 3119 esse
890 3090 1106 3122 Romanorum

76 3137 250 3177 potentiam
267 3137 323 3167 sibi
341 3137 573 3176 persuadentes.

122 3202 137 3215 «
160 3191 265 3224 Quum
278 3189 342 3227 jam
358 3189 427 3220 Asia
449 3190 551 3220 omnis
574 3190 613 3220 ad
644 3198 747 3229 regem
773 3189 952 3231 defecisset,
970 3194 1108 3226 Athenas

79 3250 220 3271 reversus
234 3243 281 3272 est
298 3241 431 3272 Athenio
451 3255 457 3272 :
481 3242 535 3272 sed
558 3244 744 3280 tempestate
760 3242 895 3280 jactatus
907 3267 915 3281 ‚
938 3247 1105 3284 Carystum

79 3292 199 3323 «letatus
208 3294 263 3323 est.
283 3292 315 3323 ld
334 3293 385 3323 ubi
400 3293 592 3325 resciverunt
611 3293 811 3333 cecropium,
827 3295 957 3326 mittunt
974 3297 1012 3327 ad
1033 3307 1105 3328 enni

161 3360 175 3386 t

2121 143 2191 174 207

1166 224 1270 259 αὐτοῦ
1311 223 1508 274 ἐξεκέχυτο·
1547 224 1748 275 συνέτρεχον
1784 223 1818 261 δὲ
1850 224 1971 261 πολλοὶ
2004 223 2062 260 καὶ
2095 223 2194 261 ἄλλοι

1167 281 1308 330 θεαταὶ,
1326 281 1364 317 τὸ
1382 280 1569 330 παράδοξον
1588 285 1647 328 τῆς
1664 282 1769 332 τύχης
1784 282 2026 330 θαυμάζοντες,
2046 283 2105 318 εἷὸ
2124 297 2193 318 πα-

1176 337 1361 388 ρέγγραφος
1392 338 1552 382 Ἀθηνίων
1574 341 1618 381 εἷς
1641 339 1779 384 Ἀθήνας
1804 340 1855 375 ἐπ’
1878 339 2108 390 ἀργυρόποδος
2128 355 2194 376 κα-

1168 395 1391 443 τακομίζεται
1409 395 1541 446 φορείου
1564 396 1623 431 καὶ
1644 399 1825 447 πορφυρῶν
1847 397 2058 448 στρωμάτων
2079 399 2096 434 ὁ
2126 413 2195 445 μη-

1165 452 1284 489 δέποτε
1317 451 1372 488 ἐπὶ
1410 456 1469 488 τοῦ
1503 452 1664 501 τρίῧωνος
1701 456 1859 504 ἑωρακὼς
1899 455 2073 506 πορφύραν
2106 455 2195 506 πρό-

1165 525 1273 560 τερον,
1289 509 1419 551 οὐδενὸς
1433 509 1508 546 οὐδὲ
1526 510 1710 558 Ῥωμαίων
1726 513 1758 548 ἐν
1777 513 1924 563 τοσαύτῃ
1946 512 2119 564 φαντασία
2139 528 2197 549 κα-

1164 569 1393 617 ταχλιδῶντος
1414 570 1474 612 τῆς
1504 567 1671 612 Ἀττικῆς.
1706 570 1915 620 Συνέτρεχον
1938 565 1994 607 οὖν
2022 571 2105 621 πρὸς
2133 570 2196 615 τὴν

1165 624 1244 661 θέαν
1271 624 1398 669 ταύτην
1430 624 1568 674 ἄνδρες,
1598 626 1775 673 γυναῖκες,
1800 630 1941 673 παῖδες,
1964 628 2007 664 τὰ
2027 628 2196 665 κάλλιστα

1164 683 1417 733 προσδοκῶντες
1436 681 1531 732 παρὰ
1547 683 1776 732 Μιθριδάτου,
1794 684 1894 721 ὁπότε
1912 685 2071 731 Ἀθηνίων
2090 689 2106 722 ὁ
2128 686 2195 722 πέ-

1166 756 1223 785 νης
1255 740 1313 777 καὶ
1339 740 1398 781 τὰς
1425 739 1582 790 ἐρανικὰς
1608 740 1840 788 ποιησάμενος
1861 743 2037 793 ἀκροάσεις
2066 743 2121 780 διὰ
2142 744 2198 781 τὸν

1168 798 1314 849 βασιλέα
1336 799 1551 848 σιληπορδῶν
1573 797 1628 834 διὰ
1647 801 1707 843 τῆς
1731 801 1847 849 χώρας
1876 803 1933 836 καὶ
1954 803 2083 845 πόλεως
2103 818 2199 850 πομ-

1166 856 1277 894 πεύει.
1305 856 1529 901 Συνήντησαν
1551 855 1578 892 δ’
1608 856 1700 907 αὐτῷ
1727 856 1786 892 καὶ
1813 860 1842 894 οἱ
1862 859 1940 908 περὶ
1959 858 2015 895 τὸν
2037 860 2198 897 Διόνυσον

1165 921 1335 965 τεχνῖται,
1351 915 1407 951 τὸν
1430 914 1572 964 ἄγγελον
1593 918 1650 951 τοῦ
1668 914 1741 951 νέου
1759 915 1922 952 Διονύσου
1944 919 2125 959 καλοῦντες
2143 917 2199 954 ἐπὶ

1166 972 1229 1019 τὴν
1257 971 1373 1018 κοινὴν
1402 972 1515 1009 ἑστίαν
1537 971 1673 1014 καὶτὰς
1693 972 1771 1022 περὶ
1791 972 1919 1017 ταύτην
1946 974 2047 1024 εὐχάς
2074 991 2110 1011 τε
2139 976 2198 1012 καὶ

1169 1030 1330 1073 σπονδάς.
1351 1029 1395 1068 Ὁ
1420 1029 1454 1067 δὲ
1477 1031 1639 1080 πρότερον
1661 1031 1698 1067 ἐκ
1720 1033 1893 1079 μισθωτῆς
1913 1032 2020 1074 οἰκίας
2040 1032 2133 1075 ἐξιὼν
2156 1035 2201 1075 εἰς

1165 1088 1227 1133 τὴν
1252 1091 1341 1126 Δι...
1361 1087 1489 1134 οἰκίαν,
1508 1092 1567 1125 τοῦ
1585 1087 1662 1125 τότε
1679 1089 1903 1130 πλουτοῦντος
1928 1090 2105 1139 ἀνθρώπου
2126 1097 2199 1133 ταῖς

1168 1148 1206 1183 ἐκ
1226 1145 1341 1191 Δήλου
1365 1145 1562 1196 προσόδοις,
1593 1146 1773 1196 εἰσηνέχθη
1802 1147 2066 1195 κεκοσμημένην
2091 1163 2200 1199 στρω-

1171 1209 1270 1253 μναῖς
1294 1219 1330 1240 τε
1349 1204 1406 1240 καὶ
1427 1209 1573 1255 γραφαῖς
1601 1203 1660 1241 καὶ
1681 1205 1838 1254 ἀνδριᾶσι
1862 1204 1921 1240 καὶ
1942 1206 2202 1256 ἀργυρωμάτων

1166 1261 1310 1301 ἐκθέσει.
1336 1261 1408 1313 Ἀφ’
1429 1257 1468 1307 ἧς
1486 1261 1574 1312 ἐξῄει
1591 1262 1756 1313 χλαμύδα
1773 1262 1938 1314 λαμπρὰν
1958 1263 2124 1314 ἐκσύρων,
2144 1265 2203 1301 καὶ

1166 1319 1400 1370 περικείμενος
1412 1319 1593 1356 δακτύλιον
1605 1319 1765 1369 χρυσίου,
1783 1319 2065 1370 ἐγγεγλυμμένην
2081 1321 2203 1372 ἔχοντα

1166 1377 1226 1422 τὴν
1259 1378 1470 1428 Μιθριδάτου
1500 1378 1632 1414 εἰκόνα·
1663 1377 1926 1429 προεπόμπευον
1957 1380 1986 1415 δ’
2014 1380 2117 1416 αὐτοῦ1
2147 1381 2204 1416 καὶ

1168 1435 1344 1486 ἐφείποντο
1366 1435 1570 1486 θεράποντες
1596 1436 1729 1473 πολλοί.
1759 1436 1820 1474 Ἐν
1851 1436 1885 1473 δὲ
1906 1439 1954 1488 τῷ
1982 1437 2115 1485 τεμένει
2138 1440 2204 1474 τῶν

1167 1496 1331 1544 τεχνιτῶν
1353 1493 1466 1530 θυσίαι
1485 1495 1515 1530 τ’
1537 1495 1759 1531 ἐπετελοῦντο
1777 1494 1833 1531 ἐπὶ
1853 1498 1895 1546 τῇ
1917 1495 2115 1541 Ἀθηνίωνος
2135 1511 2205 1533 πα·-

1169 1551 1286 1602 ρουσία
1301 1581 1309 1597 ,
1332 1552 1390 1588 καὶ
1413 1551 1500 1600 μετὰ
1529 1551 1674 1601 κήρυκος
1700 1552 2020 1604 προαναφωνήσεως
2044 1553 2201 1591 σπονδαί.

1169 1610 1239 1647 Καὶ
1266 1613 1307 1660 τῇ
1332 1609 1496 1660 ὑστεραία
1525 1610 1646 1647 πολλοὶ
1669 1609 1729 1658 μὲν
1760 1610 1816 1647 ἐπὶ
1840 1610 1902 1655 τὴν
1922 1611 2033 1647 οἰκίαν
2053 1611 2204 1653 ἐλθόντες

1167 1667 1328 1716 ἀνέμενον
1351 1670 1453 1705 αὐτοῦ
1481 1667 1542 1713 τὴν
1570 1667 1730 1718 πρόοδον·
1754 1669 1888 1719 πλήρης
1908 1670 1936 1705 δ’
1961 1663 2001 1715 ἦν
2021 1669 2077 1706 καὶ
2099 1672 2115 1705 ὅ
2139 1672 2205 1707 Κε-

1167 1725 1329 1776 ραμεικὸς
1346 1728 1457 1762 ἀστῶν
1477 1726 1536 1762 καὶ
1558 1726 1672 1772 ξένων,
1697 1726 1755 1763 καὶ
1776 1726 1985 1772 αὐτόκλητος
2003 1730 2049 1770 εἷς
2068 1726 2127 1772 τὴν
2149 1729 2204 1764 {x—

1166 1783 1311 1829 κλησίαν
1341 1786 1407 1820 τῶν
1437 1783 1549 1834 ὄχλων
1582 1784 1767 1836 συνδρομή.
1796 1784 1840 1823 ‘O
1869 1784 1903 1821 δὲ
1931 1786 2027 1834 μόλις
2055 1787 2204 1836 προῆλθε

1166 1904 1387 1935 deducendum
1406 1913 1503 1935 naves
1525 1905 1651 1944 longas,
1669 1907 1700 1936 et
1728 1906 1874 1936 lecticam
1897 1907 2050 1945 argenteis
2075 1907 2206 1946 pedibus

1166 1956 1289 1986 tultam.
1316 1955 1376 1986 Sed
1388 1955 1452 1994 jam
1473 1956 1524 1987 ille
1541 1956 1653 1987 urbem
1676 1957 1792 1987 intrat:
1811 1959 1841 1987 et
1856 1957 1990 1996 plurima
2008 1958 2071 1988 sere
2087 1958 2204 1989 civium

1167 2016 1238 2046 pars
1251 2008 1287 2036 ad
1301 2016 1374 2037 eum
1389 2008 1609 2046 excipiendum
1625 2008 1723 2038 effusa
1735 2010 1802 2039 erat
1821 2021 1827 2039 :
1844 2009 2086 2049 confluebatque
2109 2011 2202 2042 simul

1165 2060 1301 2090 allorum
1333 2060 1509 2091 multitudo
1537 2061 1770 2100 spectatorum,
1796 2061 1992 2100 inopinatum
2022 2063 2204 2093 mirantium

1166 2112 1300 2142 fortunae
1312 2112 1434 2150 lusum,
1449 2112 1680 2151 adscriptitium
1700 2113 1909 2144 Athenionem
1925 2114 2066 2145 Athenas
2082 2115 2204 2145 intran-

1166 2166 1229 2194 tem
1243 2188 1251 2201 ,
1267 2164 1379 2194 lectica
1397 2166 1554 2203 gestatum
1568 2165 1723 2203 argenteis
1744 2168 1855 2196 ornata
1878 2167 2026 2205 pedibus,
2039 2168 2068 2198 et
2084 2176 2204 2207 purpu—

1167 2218 1225 2248 reis
1238 2218 1382 2256 stragulis
1394 2220 1509 2257 strata;
1525 2227 1598 2250 eum
1614 2220 1667 2258 qui
1679 2219 1754 2250 trito
1777 2220 1870 2259 pallio
1884 2221 2016 2251 vestitus
2030 2230 2203 2261 purpuram

1167 2278 1328 2308 nunquam
1341 2271 1434 2300 antea
1447 2270 1594 2309 vidissem
1609 2279 1708 2309 quun]
1724 2271 1829 2302 nullus
1846 2280 1883 2301 ne
1900 2274 2060 2303 Romanus
2074 2274 2204 2312 quidem

1166 2324 1253 2352 tanto
1269 2323 1348 2353 fastu
1370 2323 1482 2353 Atticae
1497 2325 1590 2353 terrae
1611 2323 1799 2354 insultasset.
1822 2324 2031 2355 Confluebant
2049 2325 2141 2364 igitur
2165 2327 2205 2358 ad

1167 2372 1196 2402 id
1219 2373 1434 2411 spectaculum
1461 2374 1538 2412 viri,
1563 2374 1730 2412 mulieres,
1756 2375 1863 2413 pueri,
1880 2375 2038 2406 laetissima
2068 2386 2206 2417 quaeque

1166 2432 1183 2454 a
1202 2425 1380 2455 Mithridate
1393 2427 1612 2464 exspectantes
1633 2439 1639 2456 :
1655 2425 1774 2457 interea
1789 2426 1864 2456 dum
1877 2426 2009 2457 Athenio
2020 2450 2027 2464 ,
2046 2429 2204 2466 quondam

1167 2476 1273 2515 inops,
1291 2479 1322 2508 et
1335 2486 1430 2516 opera
1445 2478 1637 2517 quaestuaria
1652 2478 1878 2517 ludimagister,
1895 2479 1974 2518 regis
1991 2480 2098 2510 favore
2112 2481 2206 2511 nixus

1167 2537 1221 2566 per
1236 2529 1391 2567 regionem
1407 2531 1438 2559 et
1455 2529 1565 2559 urbem
1583 2538 1656 2560 cum
1682 2530 1828 2560 insolenti
1847 2530 1973 2560 lascivia
1991 2539 2138 2570 pompam
2149 2532 2206 2563 du-

1167 2579 1218 2609 eit.
1231 2580 1362 2610 Obviam
1375 2581 1400 2611 ei
1416 2582 1632 2619 processerant
1645 2581 1740 2611 etiam
1755 2580 1890 2611 artitices
1907 2582 2023 2612 Bacchi
2039 2583 2204 2623 (scenici),

1167 2631 1320 2661 nuncium
1346 2631 1420 2661 novi
1448 2631 1560 2661 Bacchi
1586 2631 1624 2661 ad
1646 2640 1847 2662 communem
1872 2632 1976 2663 focum
1994 2635 2025 2664 et
2041 2642 2148 2672 preces
2166 2635 2204 2665 li-

1168 2682 1371 2722 bationesque
1387 2684 1428 2713 ibi
1452 2684 1643 2723 peragendas
1660 2686 1822 2715 vocantes.
1849 2686 1888 2716 Et
1901 2686 1956 2724 qui
1973 2686 2048 2716 olim
2076 2696 2115 2717 ex
2128 2687 2204 2718 aed?-

1167 2732 1225 2764 hus
1238 2733 1382 2764 mercede
1394 2734 1559 2765 conductis
1571 2743 1711 2773 egressus
1724 2738 1809 2774 erat,
1821 2745 1905 2766 nunc
1919 2736 1950 2767 in
1967 2738 2043 2768 Di...
2059 2738 2203 2777 domum,

1166 2785 1303 2816 hominis
1328 2786 1397 2816 Deli
1421 2786 1572 2817 reditibus
1594 2788 1737 2817 omnium
1767 2787 1932 2827 ditissimi,
1958 2789 2112 2821 deductus
2140 2793 2205 2830 est,

1166 2839 1330 2877 stragulis,
1349 2838 1496 2877 picturis,
1513 2840 1626 2870 statuis
1644 2843 1675 2870 et
1700 2843 1922 2877 argenteorum
1941 2851 2089 2872 vasorum
2113 2852 2205 2882 expo-

1167 2889 1278 2919 sitione
1300 2889 1516 2928 splendentem
1539 2903 1546 2920 :
1574 2899 1591 2921 e
1613 2899 1677 2930 qua
1697 2891 1801 2922 exibat
1826 2893 1975 2923 nitentem
2005 2894 2205 2932 chlamydem

1166 2940 1311 2977 trahens,
1337 2942 1369 2970 et
1385 2949 1518 2971 aureum
1543 2942 1695 2972 annulum
1713 2944 1836 2981 gestans
1849 2967 1856 2981 ‚
1880 2943 1932 2973 cui
1952 2944 2142 2975 Mithridatis
2156 2946 2204 2976 in-

1166 2993 1286 3031 sculpta
1299 2992 1414 3031 efligies
1424 2997 1491 3023 erat
1505 2995 1555 3024 :et
1572 2994 1784 3024 comitabatur
1799 3004 1871 3025 eum
1887 2996 2142 3036 sequebaturque
2157 2999 2202 3028 t'a-.

1166 3043 1326 3073 mulorum
1348 3044 1529 3074 multitudo.
1552 3046 1586 3075 In
1615 3044 1747 3075 delubro
1764 3054 1838 3076 vero
1861 3046 2093 3084 (scenicorum)
2110 3049 2203 3078 artili-

1166 3104 1240 3125 cum
1269 3095 1420 3126 sacrificia
1436 3097 1677 3135 peragebantur,
1696 3099 1727 3127 et
1756 3097 1923 3129 libationes
1948 3100 2102 3137 pra'conis
2125 3109 2202 3130 voce

1166 3147 1388 3186 proclamatse,
1412 3147 1568 3179 adventus
1601 3157 1698 3179 causa
1722 3150 1914 3180 Athenionis.
1943 3152 1981 3181 Et
2003 3152 2128 3189 postero
2152 3152 2203 3183 die

1166 3197 1331 3228 hominum
1355 3198 1525 3229 multitudo
1543 3199 1581 3229 ad
1599 3199 1683 3230 aedes
1702 3201 1948 3238 conveniebant,
1964 3209 2120 3239 egressum
2135 3202 2202 3240 ejus

1166 3249 1384 3287 exspectantes
1403 3261 1409 3279 ε
1423 3251 1453 3280 et
1465 3251 1602 3289 repletus
1612 3252 1679 3281 erat
1693 3252 1875 3282 Ceramicus
1889 3251 2008 3281 civibus
2020 3253 2048 3282 et
2064 3254 2198 3290 peregri-

1168 3299 1234 3337 nis;
1252 3301 1382 3339 eratque
1396 3303 1602 3339 spontaneus,
1619 3302 1743 3333 nemine
1769 3303 1941 3340 indicente,
1959 3303 1994 3332 ad
2017 3304 2200 3336 contionem
