2338 3765
925 186 1249 224 FRAGMENTA.

30 277 96 313 τῶν
114 271 313 324 ἐπιδρομὴν,
335 271 418 323 ἔργα
443 271 625 314 κακώσεως
652 272 867 323 ἀποδεικνὺς,
900 275 1056 309 ἐποιεὶτο.

30 334 82 371 Οὐ
121 330 188 380 μὴν
214 329 287 366 οὐδὲ
322 329 360 366 τὸ
387 330 490 366 αὐτοῦ
529 329 728 379 στράτευμα
766 332 881 367 κακῶν
917 331 1058 371 ἀπαθεῖς

29 390 194 440 ἔπραττον
205 388 291 438 ἅπερ
305 386 488 437 ἔπραττον,
504 386 657 437 ἔπασχον
670 387 772 424 δὲκαὶ
785 387 880 424 αὐτοὶ
893 381 938 424 ὧν
953 387 1056 438 ἔδρων

28 448 64 483 οὖ
85 445 175 483 κατὰ
196 444 284 482 πολὺ
302 444 519 495 ἀνεκτότερα.

81 506 132 542 xl
184 503 245 541 ’liv
271 502 381 554 τούτῳ
420 502 454 539 δὲ
490 502 655 544 Σέλευκος
689 502 897 554 Ἀφροδίσιον
927 502 1054 551 πέμπει

28 560 198 607 διοικητὴν
214 559 259 602 εἴς
278 575 313 596 τε
328 559 388 602 τὰς
406 561 439 596 ἐν
455 559 593 611 (Ι)ρυγιά
610 560 725 602 πόλεις
744 561 802 597 καὶ
823 560 882 603 τὰς
896 563 1056 611 ὑπερκει-

27 621 128 669 μένας
147 622 205 656 τοῦ
227 613 374 656 Πόντου.
434 617 477 655 ‘O
496 617 550 664 δὲ,
572 618 843 668 διαπραξάμενος
863 619 883 655 ἃ
899 619 1057 657 ἐὸούλετο

26 678 83 715 καὶ
102 675 266 724 ἐπανιὼν,
287 678 353 712 τῶν
381 675 442 724 μὲν
468 675 582 712 ἄλλων
611 677 744 713 πόλεων
768 678 802 713 ἐν
828 677 976 719 ἐπαίνοις
998 672 1055 725 ἦν,

26 735 276 786 Ἡρακλεωτῶν
294 732 328 770 δὲ
342 733 525 784 κατηγόρει
547 734 595 781 μὴ
613 736 773 777 εὐνοϊκῶς
793 734 883 785 ἔχειν
906 740 975 777 τοῖς
996 739 1055 772 τοῦ

26 793 196 832 Σελεύκου
214 793 430 846 πράγμασιν.
489 791 569 843 Ἵ“φ’
590 786 628 829 οὗ
643 792 809 835 Σέλευκος
828 792 1056 843 παροξυνθεὶς,

25 851 101 895 τούς
120 867 156 889 τε
172 851 257 902 πρὸς
273 851 373 887 αὐτὸν
393 850 619 901 ἀφικομένους
639 851 800 901 πρέσὸεις
821 852 1057 896 ἀπειλητικοῖς

26 908 218 960 ἓξεφαύλιζε
246 908 357 958 λόγοις
383 908 441 945 καὶ
467 906 716 957 κατέπληττεν,
737 907 808 950 ἑνὸς
827 912 885 945 τοῦ
915 910 1058 956 Χαμαι-

25 967 157 1009 λέοντος
176 965 272 1005 οὐδὲν
293 965 551 1017 ὀρρωδήσαντος
570 964 630 1008 τὰς
648 965 809 1012 ἀπειλὰς,
832 965 920 1002 ἀλλὰ
941 965 1054 1017 φαμέ-

24 1040 80 1062 νου
99 1043 114 1058 u
131 1023 306 1075 ‘Hpotfflffic
323 1022 478 1075 κάρρων,
499 1022 647 1060 Σέλευκε
666 1041 679 1054 n
692 1023 850 1082 onffppmv
869 1022 903 1060 δὲ
921 1025 938 1060 ὃ
958 1025 1056 1074 ἰσχυ-

27 1083 159 1134 ρότερος
178 1081 273 1132 παρὰ
303 1079 524 1131 Δωριεῦσιν).
546 1080 591 1119 ‘O
621 1081 730 1139 &0⁰0⁹
751 1081 918 1123 Σέλευκος
936 1081 975 1118 τὸ
995 1081 1055 1130 μὲν

26 1138 123 1191 ῥηθὲν
142 1139 179 1175 οὐ
211 1141 368 1184 συνῆκεν,
395 1139 497 1189 ὀργῆς
517 1138 546 1174 δ’
576 1140 621 1180 ὡς
641 1141 732 1188 εἶχε,
753 1136 811 1174 καὶ
830 1137 1052 1189 ἀπετρέπετο.

24 1199 106 1239 Τοῖς
124 1196 159 1233 δὲ
179 1194 254 1232 οὔτε
276 1196 314 1232 τὸ
339 1197 530 1245 ἀναχωρεῖν
556 1194 670 1231 οἴκαδε
692 1194 767 1231 οὔτε
795 1195 833 1232 τὸ
853 1194 1056 1246 προσμένειν

24 1253 200 1296 λυσιτελὲς
220 1253 343 1291 ἐδόκει.
369 1254 410 1301 (2)
432 1254 554 1290 Ταῦτα
575 1253 610 1289 δὲ
635 1252 878 1304 Ἡρακλεῶται
905 1254 1055 1302 πυθόμε-

23 1328 73 1350 νοι
84 1311 127 1349 τά
137 1327 173 1349 τε
188 1311 278 1348 ἄλλα
289 1310 581 1361 παρεσκευάζοντο
596 1310 654 1347 καὶ
669 1310 874 1360 συμμάχους
890 1311 1055 1362 ἤθροιζον,

24 1370 109 1423 πρός
127 1385 165 1407 τε
185 1368 399 1420 Μιθριδάτην
416 1367 472 1405 τὸν
492 1369 625 1407 Πόντου
648 1368 791 1419 βασιλέα
813 1370 1057 1421 διαπρεσὸευό-

25 1443 119 1478 μενοι
138 1427 197 1465 καὶ
213 1427 297 1477 πρὸς
316 1426 522 1470 Βυζαντίους
541 1427 599 1463 καὶ
617 1426 885 1471 Χαλκηδονίους.
945 1428 987 1476 (3)
1011 1430 1056 1466 Οἱ

25 1485 59 1523 δὲ
79 1484 352 1536 περιλειπόμενοι
369 1487 436 1521 τῶν
451 1484 519 1521 ἀπὸ
541 1484 751 1535 Ἡρακλείας
768 1486 940 1536 φυγάδων,
956 1486 1055 1534 Νύμ-

25 1545 135 1595 φιδος,
162 1542 221 1579 καὶ
251 1545 356 1579 αὐτοῦ
390 1542 462 1585 ἑνὸς
490 1544 701 1593 ὑπάρχοντος
720 1543 881 1602 Ντούτων,
912 1544 1054 1582 κάθοδον

27 1600 271 1652 βουλεύσαντος
305 1601 439 1646 αὐτοῖς,
465 1600 523 1637 καὶ
560 1600 679 1652 ῥᾳδίαν
708 1605 794 1638 εἰναι
822 1601 951 1648 ταύτην
983 1604 1056 1638 ἐπι-

25 1658 231 1706 δεικνύντος,
252 1659 279 1694 εἷ
295 1658 401 1706 μηδὲν
420 1652 465 1694 ὧν
483 1659 512 1695 οἱ
530 1658 688 1709 πρόγονοι
705 1659 938 1710 ἀπεστέρηντο
959 1661 1056 1697 αὐτοὶ

25 1717 158 1767 φανεῖεν
194 1717 407 1766 διοχλοῧντες
434 1716 692 1767 ἀναλήψεσθαι,
714 1716 848 1754 ἔπεισέν
874 1733 910 1754 τε
928 1718 987 1755 σὺν
1008 1722 1055 1770 τῷ

26 1774 160 1827 ῥᾴστῳ,
177 1774 236 1811 καὶ
255 1777 316 1819 τῆς
335 1774 480 1811 καθόδου
507 1774 543 1811 ὃν
569 1774 750 1812 ἐδούλευσε
767 1776 892 1826 τρόπον
910 1792 1055 1825 γεγενη-

24 1833 151 1882 μένης,
183 1831 215 1869 οἵ
245 1848 279 1869 τε
309 1833 536 1883 καταχθέντες
564 1833 622 1870 καὶ
646 1837 667 1879 ἡ
696 1833 861 1882 δεξαμένη
893 1834 990 1876 πόλις
1018 1837 1053 1871 ἐν

24 1885 158 1934 ὁμοίαις
175 1887 311 1929 ἡδοναῖς
330 1884 390 1921 καὶ
420 1885 640 1936 εὐφροσύναις
661 1885 931 1937 ἀνεστρέφοντο,
963 1890 1056 1938 φιλο-

26 1943 153 1993 φρόνως
170 1945 236 1978 τῶν
255 1943 287 1978 ἒν
302 1944 343 1990 τῆ
361 1941 459 1979 πόλει
480 1942 617 1985 τούτους
631 1942 903 1992 δεξιωσαμένων,
921 1944 979 1981 καὶ
995 1960 1057 1992 μη-

26 2001 80 2038 δὲν
96 2004 162 2038 τῶν
194 2002 239 2042 εἷς
261 1999 467 2050 αὐτάρκειαν
491 2002 603 2043 αὐτοῖς
632 2001 883 2039 συντελούντων
902 2005 1057 2053 παραλε-

25 2058 209 2097 λοιπότων.
234 2057 305 2096 Καὶ
332 2060 362 2095 οἱ
384 2058 625 2108 ζΗρακλεῶται
653 2060 710 2096 τὸν
733 2059 911 2111 εἰρημένον
932 2060 1056 2111 τρόπον

24 2120 83 2163 τ’ἧς
98 2118 247 2158 παλαιᾶς
265 2116 433 2167 εὐγενείας
444 2132 480 2153 τε
494 2117 552 2153 καὶ
569 2117 742 2160 πολιτείας
760 2118 1054 2167 ἓπελαμῧάνοντο.

79 2176 165 2213 ΧΠ.
199 2174 369 2216 Σέλευκος
394 2173 428 2211 δὲ
452 2180 520 2216 τοῖς
537 2175 818 2226 κατωρθωμένοις
837 2175 926 2213 κατὰ
947 2179 1057 2214 Λυσι-

27 2232 141 2283 μάχου
156 2232 325 2283 ἐπαρθεὶς,
338 2233 382 2274 εἷς
393 2233 453 2277 τὴν
470 2233 689 2270 Μακεδονίαν
702 2234 889 2270 διαέαίνειν
901 2232 1054 2284 ὥρμητο,

24 2291 125 2327 πόθον
142 2289 232 2342 ἔχων
248 2292 308 2335 τῆς
321 2289 503 2341 πατρίδος,
526 2290 558 2333 ἐξ
577 2285 616 2336 ἧς
631 2290 690 2328 σὺν
709 2290 916 2343 Ἀλεξάνδρῳ
937 2293 1054 2342 ἐστρα-

25 2348 161 2395 τεύετο,
189 2348 290 2384 κάκεῖ
315 2351 372 2384 τοῦ
396 2347 470 2398 βίου
496 2347 534 2385 τὸ
563 2349 680 2385 λεῖπον
711 2350 885 2395 διανῦσαι,
917 2349 1056 2400 γηραιὸς

25 2406 90 2451 ἤδη
111 2404 171 2452 ὢν,
192 2404 447 2455 διανοούμενος,
469 2405 531 2451 τὴν
553 2405 588 2442 δὲ
614 2406 728 2442 Ἀσίαν
754 2406 917 2457 Ἀντιόχῳ
938 2422 1055 2456 παρα-

25 2463 141 2500 θέσθαι
160 2465 207 2513 τῷ
227 2463 338 2502 παιδί.
399 2465 440 2514 (2)
460 2465 675 2512 Πτολεμαῖος
693 2463 727 2501 δὲ
748 2467 765 2501 ὁ
782 2464 972 2515 Κεραυνὸς,
990 2467 1055 2501 τῶν

25 2521 232 2572 Λυσιμάχου
265 2521 480 2572 πραγμάτων
521 2521 587 2558 ὑπὸ
614 2521 778 2573 Σελεύκῳ
808 2522 1056 2572 γεγενημένων,

25 2577 83 2615 καὶ
104 2577 201 2620 αὐτὸς
222 2579 281 2614 ὑπ’
305 2578 407 2615 αὐτὸν
438 2577 565 2626 ἐτέλει,
595 2580 659 2629 οὐχ
678 2581 722 2621 ὡς
743 2579 962 2630 αἰχμάλωτος
981 2594 1057 2615 πα-

28 2634 235 2686 ρορώμενος,
265 2636 340 2672 ἀλλ’
373 2631 427 2673 οἷα
449 2635 489 2681 δὴ
511 2639 591 2679 παῖς
621 2636 788 2688 βασιλέως
813 2640 916 2686 τιμῆς
935 2652 971 2674 τε
998 2636 1056 2674 καὶ

26 2693 186 2744 προνοίας
219 2692 436 2742 ἀξιούμενος,
470 2695 507 2730 οὗ
541 2694 608 2743 μὴν
643 2694 732 2731 ἀλλὰ
765 2694 822 2731 καὶ
851 2693 1058 2745 ὑποσχέσεσι

27 2750 327 2802 λαμπρυνάμενος,
345 2751 382 2793 ἃς
407 2753 501 2803 αὐτῷ
522 2752 691 2795 Σέλευκος
714 2751 925 2802 προῦτεινεν,
948 2754 976 2789 εἰ
999 2767 1057 2788 τε-

25 2807 219 2853 λευτήσειεν
253 2811 270 2845 ὃ
298 2808 516 2858 γεινάμενος,
541 2809 659 2859 [αὐτὸν
693 2810 753 2860 εἷς]
773 2808 832 2855 τὴν
867 2809 1055 2859 Αἴγυπτον,

28 2865 193 2917 πατρῴαν
222 2859 324 2902 οὖσαν
357 2865 482 2917 ἀρχὴν,
514 2872 736 2917 καταγαγεῖν.
777 2868 817 2915 (3)
846 2866 938 2904 Ἀλλ’
959 2868 976 2902 ὃ
997 2865 1058 2915 μὲν

27 2923 185 2968 τοιαύτης
204 2924 406 2973 κηδεμονίας
426 2924 566 2969 ἠξίωτο·
589 2925 694 2961 κακὸν
715 2924 749 2961 δὲ
778 2924 846 2975 ἄρα
869 2926 903 2961 αἱ
925 2925 1057 2974 εὐεργε-

2069 202 2140 232 533

1121 281 1223 308 ιιιι·ιι1;ι
1243 280 1277 308 iis
1298 280 1409 311 intulit.
1433 283 1594 313 Exercitus
1615 285 1717 315 tanicn
1732 285 1816 323 ejus,
1834 285 1909 315 duni
1936 286 2006 315 huic
2025 288 2148 324 negotio

1119 336 1283 373 incumbit,
1298 338 1434 369 cladium
1454 349 1515 370 non
1530 350 1640 380 expers
1653 345 1710 381 cst,
1725 344 1778 373 sed
1794 352 1855 374 non
1874 344 1973 374 nnilto
1997 346 2148 382 mitiores,

1120 403 1214 432 quain
1231 394 1334 432 insert,
1352 397 1469 436 recipit.

1159 515 1213 544 ΧΙ.
1230 513 1294 543 Sub
1311 513 1377 543 haec
1392 515 1539 547 Seleucus
1557 519 1774 557 Aphrodisium
1791 526 2026 560 procuratorem
2043 525 2071 553 in
2092 534 2147 563 upa

1120 579 1191 618 pida
1208 580 1352 618 Phrygize
1378 584 1408 612 et
1433 592 1504 621 qum
1521 584 1664 622 adiacent
1689 589 1777 618 l‘onti
1799 590 1906 620 mittit.
1935 591 2003 630 Hic,
2034 592 2147 629 rebus,

1118 650 1253 681 quarum
1270 651 1363 674 causa
1376 648 1522 683 venerat,
1543 649 1691 679 contectis
1703 674 1711 688 ,
1736 652 1805 689 post
1819 652 1954 684 reditum
1970 654 2000 684 in
2015 655 2148 685 aliarum

1118 704 1246 743 quidem
1266 705 1430 736 civitatum
1449 707 1539 738 laude
1556 710 1695 747 prolixus
1711 713 1794 749 erat,
1817 714 2028 746 Heraclienses
2041 718 2148 747 antem

1118 768 1344 799 criminabatur
1368 771 1403 800 ut
1420 771 1557 801 Seleuco
1584 781 1693 811 parum
1710 775 1861 807 addictos.
1890 778 2038 809 Seleucus
2058 789 2148 819 ergo,

1119 830 1178 861 hoc
1191 831 1348 869 irritatus,
1368 832 1486 871 legatos
1502 834 1583 865 adse
1603 836 1759 874 profectos
1777 839 1912 878 fastidit,
1930 843 1961 871 et
1984 842 2075 873 minis
2099 844 2148 873 in·

1118 893 1274 933 crepitans
1292 895 1400 924 terret.
1447 897 1590 931 Quorum
1608 899 1712 929 tamen
1727 908 1823 939 unus,
1839 902 2037 935 Channeleon
2051 929 2059 943 ,
2074 906 2149 937 nihil

1118 955 1166 986 his
1179 956 1355 995 perculsus,
1373 956 1416 987 ita
1443 966 1547 996 regem
1571 960 1737 998 compellat
1752 971 1759 991 :
1776 964 1925 995 Hercules
1943 966 2074 1006 κάρρων,
2095 970 2149 1000 Se-

1119 1018 1207 1048 leuce
1224 1018 1364 1058 (κάρρων
1392 1020 1500 1050 autem
1516 1020 1719 1053 Doriensibus
1737 1032 1809 1054 eum
1837 1025 2006 1067 siguificat,
2033 1031 2087 1068 qui
2104 1034 2150 1062 cst

1118 1081 1228 1111 sortior
1239 1082 1261 1117 ).
1283 1084 1386 1118 Quam
1402 1090 1513 1113 vocem
1526 1091 1628 1122 quum
1641 1092 1696 1114 rex
1707 1093 1769 1115 non
1784 1085 1987 1127 intelligeret,
2000 1094 2151 1132 concepta

1118 1143 1149 1173 in
1163 1143 1208 1173 ira
1222 1143 1400 1182 persistens,
1419 1153 1452 1176 se
1464 1145 1590 1176 avertit.
1606 1146 1725 1185 Legatis
1737 1146 1833 1186 igitur
1847 1158 1949 1189 neque
1961 1151 2090 1183 domum
2107 1164 2151 1185 ro-

1117 1206 1184 1236 dire
1202 1215 1304 1246 neque
1318 1206 1381 1237 illic
1397 1215 1525 1238 manere
1537 1216 1641 1247 operae
1655 1209 1791 1248 pretium
1815 1211 1990 1243 videbatur.
2007 1216 2050 1253 (2)
2072 1218 2151 1252 Quae

1118 1275 1217 1305 quum
1241 1267 1494 1298 Heracliensibus
1516 1269 1789 1308 renunciarentur,
1813 1272 1881 1301 tuni
1895 1273 2005 1304 ceteris
2023 1283 2055 1304 se
2081 1284 2152 1305 inu-

1117 1330 1225 1368 niunt,
1255 1330 1324 1359 tum
1347 1329 1506 1360 sociorum
1528 1331 1634 1370 copias
1657 1331 1828 1371 colligunt,
1862 1333 1969 1373 legatis
1994 1335 2095 1367 missis
2113 1337 2152 1366 ad

1118 1389 1349 1428 Mithridatem,
1371 1390 1460 1421 Ponti
1483 1398 1605 1430 regem,
1628 1392 1658 1422 et
1676 1392 1842 1431 Byzantios
1857 1394 1888 1424 et
1912 1393 2151 1426 Chalcedonius.

1119 1450 1162 1488 (3)
1183 1452 1277 1480 Porro
1301 1450 1411 1481 exules
1435 1450 1474 1481 ab
1506 1450 1658 1481 Heraclea
1689 1451 1742 1491 qui
1772 1457 1972 1492 supererant,
2001 1455 2154 1494 Nymphis

1117 1510 1247 1550 quidam
1263 1519 1303 1541 ex
1324 1518 1433 1540 eorum
1451 1519 1584 1541 numero
1596 1534 1605 1549 ,
1633 1510 1770 1542 reditum
1787 1512 1831 1542 eis
1847 1513 1981 1544 suadens
1994 1522 2052 1544 nec
2069 1514 2152 1545 disti-

1118 1571 1208 1601 cilem
1226 1571 1310 1601 hunc
1327 1579 1392 1602 esse
1412 1570 1650 1610 demonstrans,
1666 1571 1690 1602 si
1708 1572 1785 1602 nihil
1799 1581 1910 1603 eorum
1927 1582 1998 1613 quac
2018 1574 2154 1613 majores

1117 1630 1294 1661 amisissent
1331 1630 1463 1660 moleste
1494 1630 1675 1661 viderentur
1702 1631 1733 1661 et
1761 1631 1943 1663 turbulente
1973 1641 2153 1672 reposcere,

1118 1700 1212 1730 quani
1229 1691 1359 1721 minimo
1379 1691 1504 1729 negotio
1526 1691 1690 1730 persuasit.
1704 1694 1809 1729 Quare
1823 1702 1920 1732 quum
1936 1702 1973 1723 eo
1995 1702 2059 1732 quo
2075 1703 2152 1725 con-

1117 1752 1259 1781 suluerat
1285 1751 1379 1781 modo
1405 1751 1526 1781 felicem
1553 1751 1708 1782 inveniret
1731 1761 1910 1783 successum
1928 1753 2064 1793 reditus,
2083 1756 2153 1786 tum

1119 1812 1252 1849 reducti,
1274 1814 1343 1842 tum
1358 1820 1429 1850 quae
1444 1811 1559 1850 recepit
1576 1811 1644 1841 illos
1659 1811 1777 1850 patria,
1794 1812 1825 1842 in
1840 1813 2000 1844 communi
2015 1817 2043 1844 ct
2061 1823 2154 1854 aequa

1119 1872 1324 1903 versabantur
1349 1872 1458 1902 laetitia
1474 1874 1505 1902 et
1526 1872 1696 1911 voluptate.
1716 1875 1795 1904 Nam
1810 1874 1841 1904 et
1860 1873 2084 1906 humanissime
2100 1885 2155 1907 eos

1119 1936 1203 1966 cives
1218 1934 1414 1973 tractabant,
1432 1935 1463 1964 et
1480 1934 1556 1965 nihil
1577 1943 1705 1973 eorum,
1726 1944 1798 1975 quae
1815 1935 1854 1966 ad
1868 1936 2062 1967 mediocrem
2079 1938 2154 1970 vitae

1118 1996 1378 2028 sustentationem
1396 1996 1599 2036 conducunt,
1623 1997 1728 2028 deesse
1746 1997 1954 2037 patiebantur.
2000 2002 2069 2031 Hoc
2094 2001 2154 2031 ita-

1118 2069 1179 2099 que
1195 2059 1288 2090 modo
1304 2060 1516 2090 Heraclienses
1532 2059 1563 2090 in
1578 2060 1744 2099 antiquum
1764 2061 1937 2092 nobilitatis
1950 2063 1981 2092 et
1997 2062 2152 2101 guberna—

1118 2121 1213 2152 tionis
1230 2120 1327 2151 decus
1345 2130 1411 2152 sese
1425 2121 1640 2152 vindicarunt.

1160 2187 1228 2215 Xll.
1246 2186 1285 2216 At
1298 2185 1464 2223 SeleucUS,
1490 2193 1636 2216 successu
1659 2186 1769 2215 contra
1786 2186 2010 2224 Lysimachum
2033 2187 2152 2226 elatus,

1118 2254 1282 2284 transitum
1300 2253 1331 2283 in
1359 2252 1574 2283 Macedoniam
1601 2253 1757 2292 instituit,
1784 2253 1934 2293 (impulit
1956 2254 2038 2285 enim
2065 2264 2154 2286 amor

1117 2320 1244 2360 patriae,
1275 2329 1314 2351 ex
1333 2328 1396 2359 qua
1416 2328 1489 2350 cum
1515 2319 1695 2351 Alexandro
1711 2320 1884 2351 militatum
1899 2321 2009 2360 iverat,
2022 2322 2032 2360 >
2046 2322 2153 2362 ibique

1117 2390 1274 2429 reliquum
1291 2389 1365 2420 vitae
1379 2390 1504 2428 tempus
1518 2388 1672 2419 conficere
1687 2388 1845 2420 destinans
1864 2390 1955 2428 (nam
1977 2391 2063 2422 senio
2083 2402 2153 2425 con-

1117 2460 1215 2490 fectus
1232 2460 1330 2498 erat),
1349 2460 1456 2490 Asiam
1484 2458 1549 2489 silio
1575 2458 1728 2489 Antiocho
1748 2458 1995 2490 commendavit.
2015 2460 2057 2499 (2)
2077 2463 2153 2492 Pto-

1118 2530 1248 2561 lemaeus
1264 2531 1371 2560 autem
1389 2530 1570 2566 Ceraunus,
1594 2528 1772 2567 Lysimachi
1789 2536 1884 2567 regno
1898 2527 1957 2558 sub
1976 2528 2149 2559 arbitrium

1118 2600 1238 2631 Seleuci
1255 2599 1402 2637 redacto,
1423 2598 1531 2637 etipse
1548 2598 1574 2628 ei
1589 2597 1750 2637 subjectus
1769 2599 1835 2629 erat
1854 2610 1861 2628 2
1879 2606 1937 2628 nee
1956 2599 2079 2635 tamen,
2095 2606 2154 2629 ceu

1118 2669 1234 2709 captivi
1248 2669 1317 2699 loco
1331 2692 1339 2706 ,
1360 2667 1525 2707 neglectim
1538 2690 1547 2706 ‚
1569 2666 1640 2705 sed,
1664 2667 1700 2697 ut
1716 2666 1798 2705 regia
1817 2666 1960 2704 soboles,
1980 2666 2010 2697 in
2037 2666 2155 2697 honore

1119 2736 1150 2765 et
1169 2734 1369 2765 accuratione
1394 2732 1539 2771 habitus;
1568 2732 1664 2762 immo
1682 2731 1856 2770 magnificis
1874 2732 1967 2762 etiam
1995 2730 2156 2770 promissis

1119 2799 1251 2829 ornatus
1278 2805 1295 2826 a
1314 2796 1446 2828 Seleuco
1458 2819 1466 2833 ,
1485 2796 1552 2826 sore
1571 2796 1606 2826 ut
1631 2795 1780 2826 defuncto
1804 2797 1933 2834 parente
1952 2794 2155 2833 (Ptolemceo

2044 2858 2087 2896 (3)
2108 2858 2154 2888 lta

1119 2935 1193 2958 sane
1213 2925 1383 2957 liberaliter
1403 2926 1433 2955 et
1455 2924 1626 2955 honorifice
1642 2923 1694 2954 ille
1708 2922 1905 2954 tractabatur
1925 2931 1932 2951 τ
1949 2923 1981 2952 at
1995 2921 2154 2952 hominem

1120 2864 1202 2901 Layi
1217 2862 1227 2902 )
1240 2862 1271 2892 in
1285 2862 1450 2901 paternum
1472 2860 1595 2899 AEgypti
1615 2867 1745 2899 regnum
1762 2858 1984 2890 deduceretur.

37 2992 2156 3007 Μ

69 3039 129 3073 ΧΙ,
152 3040 177 3068 1.
196 3037 334 3078 κάρρων]
349 3039 388 3068 Η.
409 3038 609 3076 Stephanus3
626 3040 727 3077 καρῶν
742 3037 825 3068 libri.
844 3037 987 3076 Sophron
1010 3046 1061 3077 ap.
1076 3037 1218 3077 Apollon.
1235 3039 1329 3075 Dyse.
1345 3037 1389 3066 De
1404 3043 1492 3074 pron.
1509 3042 1539 3073 p.
1556 3038 1615 3065 355
1629 3017 1725 3065 Behk.
1744 3047 1750 3064 :
1766 3034 1916 3073 Ἡρακλῆς
1931 3035 2015 3067 τεοῡς
2035 3031 2151 3081 κάρρων

29 3081 74 3120 ἦν.
91 3083 295 3114 proverbium
308 3083 341 3113 in
353 3083 516 3122 superbos.
536 3084 629 3114 Plura
650 3092 679 3114 v.
699 3083 730 3113 in
748 3085 786 3113 H.
805 3084 953 3122 stephan.
975 3084 1124 3114 Thesaur.
1143 3092 1175 3113 v.
1199 3082 1319 3122 κρατός.
1337 3099 1377 3106 -
1393 3081 1483 3121 ὀργῆς
1497 3081 1522 3111 δ’
1542 3082 1581 3116 ὡς
1598 3079 1684 3120 εἶχε]
1700 3092 1713 3106 «
1734 3081 1790 3110 Est
1813 3078 1993 3110 Herodotea
2011 3076 2148 3115 phrasm,

0 3125 1 3130 ’
30 3137 104 3167 qua,
116 3131 152 3159 ut
165 3130 213 3159 tot
226 3129 293 3160 aliis
307 3129 469 3167 Herodoti,
484 3129 584 3159 utitur
597 3131 730 3159 Pausan.
749 3131 759 3159 1
773 3153 781 3168 ,
798 3131 848 3160 42.
864 3131 902 3160 V.
918 3130 1106 3161 Valclienar.
1119 3130 1157 3160 ad
1173 3128 1321 3160 uei-odot.
1335 3137 1367 3168 p.
1385 3131 1454 3160 412.
1472 3141 1485 3154 »
1501 3126 1661 3165 Schstffser.
1675 3145 1711 3151 —
1723 3129 1752 3157 3.
1766 3123 1938 3164 Νύμφιδος]
1955 3133 1983 3153 v.
2002 3124 2148 3161 sr,Ny111-

31 3175 116 3214 phid.
132 3175 303 3206 introduct.
321 3196 361 3203 —
374 3177 399 3207 εἰ
418 3176 529 3216 μηδὲν]
547 3180 602 3214 A.;
621 3177 695 3216 μηδὲ
713 3177 795 3215 vulg.

72 3223 147 3259 Xll,
166 3225 191 3252 1.
207 3222 286 3252 κατὰ
303 3222 402 3262 Λυσ.]
417 3231 478 3253 em.
496 3222 759 3261 Rhodomannus;
778 3223 846 3253 libri
862 3224 947 3263 μετὰ.
964 3242 1003 3249 --
1016 3223 1178 3264 Ἀντιόχῳ]
1194 3231 1256 3254 em.
1277 3222 1432 3259 Palmer.;
1449 3220 1519 3251 libri
1534 3219 1708 3259 Ἀντιγόνῳ.
1729 3239 1768 3244 -
1786 3223 1812 3248 Q.
1828 3217 1934 3257 [αὑτὸν
1949 3216 1989 3249 εἰς
2002 3214 2011 3252 l
2024 3213 2148 3252 SUDDIU·

32 3267 77 3297 vit
103 3262 249 3307 Scaliger.
267 3286 306 3290 —
321 3273 347 3299 3.
366 3267 537 3307 ἐδελτίουν]
554 3271 587 3299 Λ.
600 3292 608 3306 ,
626 3269 783 3299 ἐπετέλουν
801 3271 865 3300 cett
892 3289 928 3295 -
944 3270 1128 3300 interfectus
1142 3269 1291 3301 Seleucus
1312 3276 1394 3299 anno
1421 3267 1494 3298 vitoe
1510 3270 1613 3303 75m0,
1633 3265 1717 3304 regni
1742 3269 1824 3295 :32¹¹10
1844 3261 1998 3301 (Syfflfssll-
2021 3268 2049 3299 Ρ·
2069 3260 2147 3296 256)

34 3311 120 3344 initio
135 3315 205 3344 anni
222 3317 279 3345 280
294 3323 320 3344 a.
342 3316 377 3346 C.
397 3314 474 3344 Vide
490 3314 628 3345 Clinlon.
646 3315 684 3344 ad
702 3315 731 3344 h.
748 3324 797 3345 an.
