<?xml version="1.0" encoding="UTF-8"?>
<!DOCTYPE html PUBLIC "-//W3C//DTD XHTML 1.0 Transitional//EN"
    "http://www.w3.org/TR/xhtml1/DTD/xhtml1-transitional.dtd">
<html xmlns="http://www.w3.org/1999/xhtml" xml:lang="en" lang="en">
 <head>
  <title>
</title>
<meta http-equiv="Content-Type" content="text/html;charset=utf-8" />
  <meta name='ocr-system' content='tesseract 3.04.00' />
  <meta name='ocr-capabilities' content='ocr_page ocr_carea ocr_par ocr_line ocrx_word'/>
</head>
<body>
  <div class='ocr_page' id='page_1' title='image "./fragmentahistori03mueluoft_0627.png"; bbox 0 0 2338 3765; ppageno 0'>
   <div class='ocr_carea' id='block_1_1' title="bbox 671 146 1279 185">
    <p class='ocr_par' dir='ltr' id='par_1_1' title="bbox 671 146 1279 185">
     <span class='ocr_line' id='line_1_1' title="bbox 671 146 1279 185; baseline 0.003 -2"><span class='ocrx_word' id='word_1_1' title='bbox 671 155 683 167; x_wconf 61' lang='lat'>²</span> <span class='ocrx_word' id='word_1_2' title='bbox 957 146 1279 185; x_wconf 71' lang='lat' dir='ltr'><strong>FRAGMENTA.</strong></span> 
     </span>
    </p>
   </div>
   <div class='ocr_carea' id='block_1_2' title="bbox 147 237 951 415">
    <p class='ocr_par' dir='ltr' id='par_1_2' title="bbox 147 237 951 415">
     <span class='ocr_line' id='line_1_2' title="bbox 147 237 889 277; baseline -0.004 -7"><span class='ocrx_word' id='word_1_3' title='bbox 147 239 291 270; x_wconf 82' lang='grc' dir='ltr'>πάντοθεν</span> <span class='ocrx_word' id='word_1_4' title='bbox 305 239 339 269; x_wconf 81' lang='grc' dir='ltr'>ἔκ</span> <span class='ocrx_word' id='word_1_5' title='bbox 352 238 377 268; x_wconf 89' lang='grc' dir='ltr'>τ’</span> <span class='ocrx_word' id='word_1_6' title='bbox 388 237 485 274; x_wconf 75' lang='grc' dir='ltr'>Ἀσίης</span> <span class='ocrx_word' id='word_1_7' title='bbox 499 237 546 274; x_wconf 80' lang='grc' dir='ltr'>ἠδ’</span> <span class='ocrx_word' id='word_1_8' title='bbox 564 237 708 277; x_wconf 77' lang='grc' dir='ltr'>Εὐρώπης</span> <span class='ocrx_word' id='word_1_9' title='bbox 723 237 889 276; x_wconf 87' lang='grc' dir='ltr'>ἐρατεινῆς,</span> 
     </span>
     <span class='ocr_line' id='line_1_3' title="bbox 152 283 949 324; baseline -0.004 -9"><span class='ocrx_word' id='word_1_10' title='bbox 152 285 204 315; x_wconf 89' lang='grc' dir='ltr'>καί</span> <span class='ocrx_word' id='word_1_11' title='bbox 219 295 254 315; x_wconf 89' lang='grc' dir='ltr'>σε</span> <span class='ocrx_word' id='word_1_12' title='bbox 269 285 369 324; x_wconf 82' lang='grc' dir='ltr'>δαμᾷ,</span> <span class='ocrx_word' id='word_1_13' title='bbox 383 284 493 323; x_wconf 87' lang='grc' dir='ltr'>χήρους</span> <span class='ocrx_word' id='word_1_14' title='bbox 507 284 533 313; x_wconf 86' lang='grc' dir='ltr'>δ’</span> <span class='ocrx_word' id='word_1_15' title='bbox 548 283 648 318; x_wconf 78' lang='grc' dir='ltr'>οἴκους</span> <span class='ocrx_word' id='word_1_16' title='bbox 665 284 715 312; x_wconf 88' lang='grc' dir='ltr'>καὶ</span> <span class='ocrx_word' id='word_1_17' title='bbox 729 283 834 322; x_wconf 78' lang='grc' dir='ltr'>τείχεα</span> <span class='ocrx_word' id='word_1_18' title='bbox 847 284 930 319; x_wconf 88' lang='grc' dir='ltr'>θήσει</span> <span class='ocrx_word' id='word_1_19' title='bbox 942 307 949 319; x_wconf 92' lang='grc'>,</span> 
     </span>
     <span class='ocr_line' id='line_1_4' title="bbox 150 328 951 367; baseline -0.005 -6"><span class='ocrx_word' id='word_1_20' title='bbox 150 330 332 365; x_wconf 81' lang='grc' dir='ltr'>δουλοσύνην</span> <span class='ocrx_word' id='word_1_21' title='bbox 349 329 375 359; x_wconf 85' lang='grc' dir='ltr'>δ’</span> <span class='ocrx_word' id='word_1_22' title='bbox 393 329 441 359; x_wconf 85' lang='grc' dir='ltr'>ἐπὶ</span> <span class='ocrx_word' id='word_1_23' title='bbox 455 331 547 359; x_wconf 78' lang='grc' dir='ltr'>πᾶσιν</span> <span class='ocrx_word' id='word_1_24' title='bbox 565 328 715 367; x_wconf 86' lang='grc' dir='ltr'>ἐλεύθερον</span> <span class='ocrx_word' id='word_1_25' title='bbox 728 328 808 367; x_wconf 84' lang='grc' dir='ltr'>ἠμαρ</span> <span class='ocrx_word' id='word_1_26' title='bbox 818 328 951 367; x_wconf 78' lang='grc' dir='ltr'>ἀπούρας</span> 
     </span>
     <span class='ocr_line' id='line_1_5' title="bbox 152 374 861 415; baseline -0.004 -8"><span class='ocrx_word' id='word_1_27' title='bbox 152 376 243 412; x_wconf 81' lang='grc' dir='ltr'>τεύξει</span> <span class='ocrx_word' id='word_1_28' title='bbox 258 375 378 415; x_wconf 85' lang='grc' dir='ltr'>μήνιδος</span> <span class='ocrx_word' id='word_1_29' title='bbox 393 375 491 405; x_wconf 82' lang='grc' dir='ltr'>οὕνεκ’</span> <span class='ocrx_word' id='word_1_30' title='bbox 506 374 657 411; x_wconf 80' lang='grc' dir='ltr'>Ἀθηναίης</span> <span class='ocrx_word' id='word_1_31' title='bbox 675 375 861 414; x_wconf 79' lang='grc' dir='ltr'>μεγαθύμου.</span> 
     </span>
    </p>
   </div>
   <div class='ocr_carea' id='block_1_3' title="bbox 71 469 1115 1959">
    <p class='ocr_par' dir='ltr' id='par_1_3' title="bbox 72 469 1095 522">
     <span class='ocr_line' id='line_1_6' title="bbox 72 469 1095 522; baseline -0.001 -12.994"><span class='ocrx_word' id='word_1_32' title='bbox 72 471 231 511; x_wconf 84' lang='grc' dir='ltr'>Ἀνειπὼν</span> <span class='ocrx_word' id='word_1_33' title='bbox 251 469 285 508; x_wconf 80' lang='grc' dir='ltr'>δὲ</span> <span class='ocrx_word' id='word_1_34' title='bbox 302 470 377 513; x_wconf 84' lang='grc' dir='ltr'>τους</span> <span class='ocrx_word' id='word_1_35' title='bbox 393 469 530 522; x_wconf 80' lang='grc' dir='ltr'>στίχους</span> <span class='ocrx_word' id='word_1_36' title='bbox 545 469 681 513; x_wconf 86' lang='grc' dir='ltr'>τούτους</span> <span class='ocrx_word' id='word_1_37' title='bbox 700 469 859 522; x_wconf 76' lang='grc' dir='ltr'>ὥρμησεν</span> <span class='ocrx_word' id='word_1_38' title='bbox 878 472 915 507; x_wconf 83' lang='grc' dir='ltr'>ἐκ</span> <span class='ocrx_word' id='word_1_39' title='bbox 933 473 991 516; x_wconf 81' lang='grc' dir='ltr'>τῆς</span> <span class='ocrx_word' id='word_1_40' title='bbox 1009 486 1095 517; x_wconf 87' lang='grc' dir='ltr'>σκη-</span> 
     </span>
    </p>

    <p class='ocr_par' dir='ltr' id='par_1_4' title="bbox 71 527 1115 1959">
     <span class='ocr_line' id='line_1_7' title="bbox 71 527 1095 588; baseline -0.002 -21"><span class='ocrx_word' id='word_1_41' title='bbox 71 534 129 576; x_wconf 89' lang='grc' dir='ltr'>νῆς</span> <span class='ocrx_word' id='word_1_42' title='bbox 143 533 174 568; x_wconf 82' lang='grc' dir='ltr'>ἐν</span> <span class='ocrx_word' id='word_1_43' title='bbox 191 532 310 588; x_wconf 79' lang='grc' dir='ltr'>χιτῶνι</span> <span class='ocrx_word' id='word_1_44' title='bbox 323 545 381 566; x_wconf 86' lang='grc' dir='ltr'>και</span> <span class='ocrx_word' id='word_1_45' title='bbox 398 529 626 580; x_wconf 70' lang='grc' dir='ltr'>ἀπεφθέγγετο</span> <span class='ocrx_word' id='word_1_46' title='bbox 637 527 874 578; x_wconf 80' lang='grc' dir='ltr'>καταλογάδην</span> <span class='ocrx_word' id='word_1_47' title='bbox 888 527 979 564; x_wconf 78' lang='grc' dir='ltr'>τάδε·</span> <span class='ocrx_word' id='word_1_48' title='bbox 993 545 1006 560; x_wconf 73' lang='grc' dir='ltr'>(ι</span> <span class='ocrx_word' id='word_1_49' title='bbox 1019 530 1095 573; x_wconf 86' lang='grc' dir='ltr'>Μη-</span> 
     </span>
     <span class='ocr_line' id='line_1_8' title="bbox 71 584 1096 638; baseline -0.004 -14"><span class='ocrx_word' id='word_1_50' title='bbox 71 586 203 636; x_wconf 85' lang='grc' dir='ltr'>νύομεν,</span> <span class='ocrx_word' id='word_1_51' title='bbox 213 603 241 624; x_wconf 86' lang='grc' dir='ltr'>ω</span> <span class='ocrx_word' id='word_1_52' title='bbox 256 588 372 638; x_wconf 86' lang='grc' dir='ltr'>ἄνδρες</span> <span class='ocrx_word' id='word_1_53' title='bbox 391 588 597 637; x_wconf 82' lang='grc' dir='ltr'>στρατιῶται</span> <span class='ocrx_word' id='word_1_54' title='bbox 614 601 672 622; x_wconf 89' lang='grc' dir='ltr'>και</span> <span class='ocrx_word' id='word_1_55' title='bbox 689 587 844 634; x_wconf 85' lang='grc' dir='ltr'>πολῖται,</span> <span class='ocrx_word' id='word_1_56' title='bbox 863 584 1073 626; x_wconf 46' lang='lat' dir='ltr'>&amp;affatui-aff</span> <span class='ocrx_word' id='word_1_57' title='bbox 1060 600 1096 620; x_wconf 86' lang='grc' dir='ltr'>εκ</span> 
     </span>
     <span class='ocr_line' id='line_1_9' title="bbox 71 641 1096 698; baseline -0.005 -16"><span class='ocrx_word' id='word_1_58' title='bbox 71 648 131 691; x_wconf 85' lang='grc' dir='ltr'>τῆς</span> <span class='ocrx_word' id='word_1_59' title='bbox 155 644 321 696; x_wconf 81' lang='grc' dir='ltr'>Εὐρώπης</span> <span class='ocrx_word' id='word_1_60' title='bbox 339 646 384 687; x_wconf 82' lang='grc' dir='ltr'>εἷς</span> <span class='ocrx_word' id='word_1_61' title='bbox 399 643 461 689; x_wconf 83' lang='grc' dir='ltr'>τὴν</span> <span class='ocrx_word' id='word_1_62' title='bbox 482 644 596 681; x_wconf 75' lang='grc' dir='ltr'>Ἀσίαν</span> <span class='ocrx_word' id='word_1_63' title='bbox 615 646 750 687; x_wconf 85' lang='grc' dir='ltr'>νικῆσαι</span> <span class='ocrx_word' id='word_1_64' title='bbox 767 645 854 698; x_wconf 84' lang='grc' dir='ltr'>υμᾶς</span> <span class='ocrx_word' id='word_1_65' title='bbox 876 642 931 680; x_wconf 85' lang='grc' dir='ltr'>τὸν</span> <span class='ocrx_word' id='word_1_66' title='bbox 953 641 1096 693; x_wconf 84' lang='grc' dir='ltr'>βασιλέα</span> 
     </span>
     <span class='ocr_line' id='line_1_10' title="bbox 73 699 1097 753; baseline -0.005 -13"><span class='ocrx_word' id='word_1_67' title='bbox 73 702 242 753; x_wconf 87' lang='grc' dir='ltr'>Ἀντίοχον</span> <span class='ocrx_word' id='word_1_68' title='bbox 253 701 545 752; x_wconf 75' lang='grc' dir='ltr'>ναυμαχήσαντας</span> <span class='ocrx_word' id='word_1_69' title='bbox 559 716 594 738; x_wconf 92' lang='grc' dir='ltr'>τε</span> <span class='ocrx_word' id='word_1_70' title='bbox 605 700 663 737; x_wconf 75' lang='grc' dir='ltr'>καὶ</span> <span class='ocrx_word' id='word_1_71' title='bbox 679 703 764 750; x_wconf 77' lang='grc' dir='ltr'>πεζῇ</span> <span class='ocrx_word' id='word_1_72' title='bbox 783 699 1097 750; x_wconf 79' lang='grc' dir='ltr'>παραταξαμένους,</span> 
     </span>
     <span class='ocr_line' id='line_1_11' title="bbox 73 757 1097 810; baseline -0.003 -14"><span class='ocrx_word' id='word_1_73' title='bbox 73 763 247 810; x_wconf 76' lang='grc' dir='ltr'>κυριεῦσαι</span> <span class='ocrx_word' id='word_1_74' title='bbox 265 757 300 796; x_wconf 76' lang='grc' dir='ltr'>δὲ</span> <span class='ocrx_word' id='word_1_75' title='bbox 318 761 376 804; x_wconf 87' lang='grc' dir='ltr'>τῆς</span> <span class='ocrx_word' id='word_1_76' title='bbox 392 758 529 796; x_wconf 78' lang='grc' dir='ltr'>ἐπιτάδε</span> <span class='ocrx_word' id='word_1_77' title='bbox 546 761 603 795; x_wconf 89' lang='grc' dir='ltr'>τοῦ</span> <span class='ocrx_word' id='word_1_78' title='bbox 621 757 758 807; x_wconf 83' lang='grc' dir='ltr'>Ταύρου</span> <span class='ocrx_word' id='word_1_79' title='bbox 775 757 889 807; x_wconf 70' lang='grc' dir='ltr'>χώρας</span> <span class='ocrx_word' id='word_1_80' title='bbox 911 757 1023 802; x_wconf 82' lang='grc' dir='ltr'>πάσης</span> <span class='ocrx_word' id='word_1_81' title='bbox 1040 757 1097 794; x_wconf 76' lang='grc' dir='ltr'>καὶ</span> 
     </span>
     <span class='ocr_line' id='line_1_12' title="bbox 75 814 1097 865; baseline -0.003 -12"><span class='ocrx_word' id='word_1_82' title='bbox 75 819 141 854; x_wconf 81' lang='grc' dir='ltr'>τῶν</span> <span class='ocrx_word' id='word_1_83' title='bbox 164 817 294 853; x_wconf 85' lang='grc' dir='ltr'>πόλεων</span> <span class='ocrx_word' id='word_1_84' title='bbox 314 819 380 853; x_wconf 86' lang='grc' dir='ltr'>τῶν</span> <span class='ocrx_word' id='word_1_85' title='bbox 402 816 607 865; x_wconf 83' lang='grc' dir='ltr'>ἐκτισμένων</span> <span class='ocrx_word' id='word_1_86' title='bbox 634 817 667 851; x_wconf 83' lang='grc' dir='ltr'>ἐν</span> <span class='ocrx_word' id='word_1_87' title='bbox 689 817 793 865; x_wconf 82' lang='grc' dir='ltr'>αὐτῆ,</span> <span class='ocrx_word' id='word_1_88' title='bbox 815 814 1021 856; x_wconf 70' lang='grc' dir='ltr'>ἐκὸαλόντας</span> <span class='ocrx_word' id='word_1_89' title='bbox 1043 814 1097 851; x_wconf 86' lang='grc' dir='ltr'>τὸν</span> 
     </span>
     <span class='ocr_line' id='line_1_13' title="bbox 74 871 1099 924; baseline -0.001 -15"><span class='ocrx_word' id='word_1_90' title='bbox 74 871 245 924; x_wconf 80' lang='grc' dir='ltr'>Ἀντίοχον</span> <span class='ocrx_word' id='word_1_91' title='bbox 273 875 318 916; x_wconf 86' lang='grc' dir='ltr'>εἰς</span> <span class='ocrx_word' id='word_1_92' title='bbox 346 874 485 924; x_wconf 83' lang='grc' dir='ltr'>Συρίαν,</span> <span class='ocrx_word' id='word_1_93' title='bbox 502 871 627 918; x_wconf 83' lang='grc' dir='ltr'>ταύτην</span> <span class='ocrx_word' id='word_1_94' title='bbox 650 871 684 908; x_wconf 81' lang='grc' dir='ltr'>δὲ</span> <span class='ocrx_word' id='word_1_95' title='bbox 702 873 936 922; x_wconf 74' lang='grc' dir='ltr'>παραδοθῆναι</span> <span class='ocrx_word' id='word_1_96' title='bbox 960 873 1017 910; x_wconf 83' lang='grc' dir='ltr'>καὶ</span> <span class='ocrx_word' id='word_1_97' title='bbox 1041 873 1099 914; x_wconf 76' lang='grc' dir='ltr'>τὰς</span> 
     </span>
     <span class='ocr_line' id='line_1_14' title="bbox 75 928 1101 976; baseline -0.002 -9"><span class='ocrx_word' id='word_1_98' title='bbox 75 930 190 973; x_wconf 86' lang='grc' dir='ltr'>πόλεις</span> <span class='ocrx_word' id='word_1_99' title='bbox 208 937 277 973; x_wconf 85' lang='grc' dir='ltr'>τοῖς</span> <span class='ocrx_word' id='word_1_100' title='bbox 294 931 453 969; x_wconf 72' lang='grc' dir='ltr'>Ἀττάλου</span> <span class='ocrx_word' id='word_1_101' title='bbox 469 933 566 976; x_wconf 81' lang='grc' dir='ltr'>υἱοῖς,</span> <span class='ocrx_word' id='word_1_102' title='bbox 586 930 744 972; x_wconf 81' lang='grc' dir='ltr'>Γαλάτας</span> <span class='ocrx_word' id='word_1_103' title='bbox 759 929 793 966; x_wconf 79' lang='grc' dir='ltr'>δὲ</span> <span class='ocrx_word' id='word_1_104' title='bbox 810 928 884 971; x_wconf 73' lang='grc' dir='ltr'>τοὺς</span> <span class='ocrx_word' id='word_1_105' title='bbox 903 933 1101 967; x_wconf 88' lang='grc' dir='ltr'>κατοικοῦν-</span> 
     </span>
     <span class='ocr_line' id='line_1_15' title="bbox 74 987 1100 1040; baseline -0.001 -17"><span class='ocrx_word' id='word_1_106' title='bbox 74 1003 134 1030; x_wconf 82' lang='grc' dir='ltr'>τας</span> <span class='ocrx_word' id='word_1_107' title='bbox 153 990 186 1025; x_wconf 84' lang='grc' dir='ltr'>ἐν</span> <span class='ocrx_word' id='word_1_108' title='bbox 203 992 245 1040; x_wconf 79' lang='grc' dir='ltr'>τῆ</span> <span class='ocrx_word' id='word_1_109' title='bbox 267 988 361 1039; x_wconf 79' lang='grc' dir='ltr'>Ἀσία</span> <span class='ocrx_word' id='word_1_110' title='bbox 380 987 682 1039; x_wconf 82' lang='grc' dir='ltr'>παραταξαμένους</span> <span class='ocrx_word' id='word_1_111' title='bbox 699 987 781 1035; x_wconf 78' lang='grc' dir='ltr'>πρὸς</span> <span class='ocrx_word' id='word_1_112' title='bbox 795 990 882 1035; x_wconf 80' lang='grc' dir='ltr'>ὑμᾶς</span> <span class='ocrx_word' id='word_1_113' title='bbox 897 990 1100 1033; x_wconf 83' lang='grc' dir='ltr'>ἡσσηθῆναι,</span> 
     </span>
     <span class='ocr_line' id='line_1_16' title="bbox 75 1043 1102 1094; baseline -0.001 -13"><span class='ocrx_word' id='word_1_114' title='bbox 75 1047 141 1081; x_wconf 81' lang='grc' dir='ltr'>τῶν</span> <span class='ocrx_word' id='word_1_115' title='bbox 163 1045 196 1082; x_wconf 81' lang='grc' dir='ltr'>δὲ</span> <span class='ocrx_word' id='word_1_116' title='bbox 217 1048 386 1094; x_wconf 79' lang='grc' dir='ltr'>γυναικῶν</span> <span class='ocrx_word' id='word_1_117' title='bbox 404 1045 461 1081; x_wconf 82' lang='grc' dir='ltr'>καὶ</span> <span class='ocrx_word' id='word_1_118' title='bbox 476 1044 602 1081; x_wconf 88' lang='grc' dir='ltr'>τέκνων</span> <span class='ocrx_word' id='word_1_119' title='bbox 623 1043 756 1088; x_wconf 77' lang='grc' dir='ltr'>καὶτῆς</span> <span class='ocrx_word' id='word_1_120' title='bbox 778 1045 968 1089; x_wconf 83' lang='grc' dir='ltr'>ἀποσκευῆς</span> <span class='ocrx_word' id='word_1_121' title='bbox 990 1045 1102 1088; x_wconf 80' lang='grc' dir='ltr'>πάσης</span> 
     </span>
     <span class='ocr_line' id='line_1_17' title="bbox 76 1100 1102 1153; baseline -0.001 -14"><span class='ocrx_word' id='word_1_122' title='bbox 76 1107 253 1153; x_wconf 78' lang='grc' dir='ltr'>κυριεῦσαι</span> <span class='ocrx_word' id='word_1_123' title='bbox 274 1105 361 1152; x_wconf 76' lang='grc' dir='ltr'>ὑμᾶς</span> <span class='ocrx_word' id='word_1_124' title='bbox 381 1102 439 1139; x_wconf 81' lang='grc' dir='ltr'>καὶ</span> <span class='ocrx_word' id='word_1_125' title='bbox 463 1102 601 1152; x_wconf 74' lang='grc' dir='ltr'>ἀγαγεῖν</span> <span class='ocrx_word' id='word_1_126' title='bbox 621 1103 665 1143; x_wconf 83' lang='grc' dir='ltr'>εἷς</span> <span class='ocrx_word' id='word_1_127' title='bbox 685 1100 745 1146; x_wconf 80' lang='grc' dir='ltr'>τὴν</span> <span class='ocrx_word' id='word_1_128' title='bbox 768 1102 953 1152; x_wconf 81' lang='grc' dir='ltr'>Εὐρώπην,</span> <span class='ocrx_word' id='word_1_129' title='bbox 974 1101 1048 1143; x_wconf 75' lang='grc' dir='ltr'>τοὺς</span> <span class='ocrx_word' id='word_1_130' title='bbox 1069 1101 1102 1138; x_wconf 82' lang='grc' dir='ltr'>δὲ</span> 
     </span>
     <span class='ocr_line' id='line_1_18' title="bbox 77 1158 1104 1210; baseline -0.001 -13"><span class='ocrx_word' id='word_1_131' title='bbox 77 1164 319 1203; x_wconf 74' lang='grc' dir='ltr'>κατοικοῦντας</span> <span class='ocrx_word' id='word_1_132' title='bbox 337 1161 369 1197; x_wconf 84' lang='grc' dir='ltr'>ἐν</span> <span class='ocrx_word' id='word_1_133' title='bbox 389 1162 428 1210; x_wconf 75' lang='grc' dir='ltr'>τῇ</span> <span class='ocrx_word' id='word_1_134' title='bbox 448 1159 600 1209; x_wconf 82' lang='grc' dir='ltr'>Εὐρώπῃ</span> <span class='ocrx_word' id='word_1_135' title='bbox 621 1158 680 1204; x_wconf 80' lang='grc' dir='ltr'>τὴν</span> <span class='ocrx_word' id='word_1_136' title='bbox 699 1159 871 1210; x_wconf 85' lang='grc' dir='ltr'>παραλίαν</span> <span class='ocrx_word' id='word_1_137' title='bbox 891 1162 1031 1210; x_wconf 72' lang='grc' dir='ltr'>Θρᾷκας</span> <span class='ocrx_word' id='word_1_138' title='bbox 1045 1163 1104 1205; x_wconf 86' lang='grc' dir='ltr'>τῆς</span> 
     </span>
     <span class='ocr_line' id='line_1_19' title="bbox 77 1215 1104 1269; baseline -0.001 -14"><span class='ocrx_word' id='word_1_139' title='bbox 77 1233 114 1255; x_wconf 85' lang='grc' dir='ltr'>τε</span> <span class='ocrx_word' id='word_1_140' title='bbox 136 1217 366 1269; x_wconf 78' lang='grc' dir='ltr'>Προποντίδος</span> <span class='ocrx_word' id='word_1_141' title='bbox 379 1215 436 1254; x_wconf 75' lang='grc' dir='ltr'>καὶ</span> <span class='ocrx_word' id='word_1_142' title='bbox 450 1216 708 1263; x_wconf 80' lang='grc' dir='ltr'>Ἑλλησπόντου</span> <span class='ocrx_word' id='word_1_143' title='bbox 726 1216 927 1254; x_wconf 82' lang='grc' dir='ltr'>ἀναλύουσιν</span> <span class='ocrx_word' id='word_1_144' title='bbox 944 1218 1021 1265; x_wconf 74' lang='grc' dir='ltr'>ὑμῖν</span> <span class='ocrx_word' id='word_1_145' title='bbox 1038 1217 1104 1254; x_wconf 75' lang='grc' dir='ltr'>ἀπὸ</span> 
     </span>
     <span class='ocr_line' id='line_1_20' title="bbox 76 1273 1106 1326; baseline -0.002 -13"><span class='ocrx_word' id='word_1_146' title='bbox 76 1278 137 1320; x_wconf 86' lang='grc' dir='ltr'>τῆς</span> <span class='ocrx_word' id='word_1_147' title='bbox 157 1275 335 1326; x_wconf 79' lang='grc' dir='ltr'>στρατείας</span> <span class='ocrx_word' id='word_1_148' title='bbox 356 1274 506 1311; x_wconf 79' lang='grc' dir='ltr'>ἐπίθεσιν</span> <span class='ocrx_word' id='word_1_149' title='bbox 526 1273 736 1318; x_wconf 78' lang='grc' dir='ltr'>ποιήσασθαι</span> <span class='ocrx_word' id='word_1_150' title='bbox 761 1274 839 1324; x_wconf 82' lang='grc' dir='ltr'>περὶ</span> <span class='ocrx_word' id='word_1_151' title='bbox 859 1274 919 1319; x_wconf 83' lang='grc' dir='ltr'>τὴν</span> <span class='ocrx_word' id='word_1_152' title='bbox 945 1277 1011 1310; x_wconf 80' lang='grc' dir='ltr'>τῶν</span> <span class='ocrx_word' id='word_1_153' title='bbox 1040 1276 1106 1312; x_wconf 84' lang='grc' dir='ltr'>Αἰ-</span> 
     </span>
     <span class='ocr_line' id='line_1_21' title="bbox 77 1331 1107 1384; baseline 0 -15"><span class='ocrx_word' id='word_1_154' title='bbox 77 1334 198 1369; x_wconf 78' lang='grc' dir='ltr'>νιάνων</span> <span class='ocrx_word' id='word_1_155' title='bbox 217 1332 334 1384; x_wconf 74' lang='grc' dir='ltr'>χώραν</span> <span class='ocrx_word' id='word_1_156' title='bbox 352 1331 410 1369; x_wconf 87' lang='grc' dir='ltr'>καί</span> <span class='ocrx_word' id='word_1_157' title='bbox 425 1347 516 1374; x_wconf 85' lang='grc' dir='ltr'>τινας</span> <span class='ocrx_word' id='word_1_158' title='bbox 531 1331 788 1382; x_wconf 56' lang='grc' dir='ltr'>διαφθείραντας</span> <span class='ocrx_word' id='word_1_159' title='bbox 809 1331 989 1382; x_wconf 71' lang='grc' dir='ltr'>ἀφελέσθαι</span> <span class='ocrx_word' id='word_1_160' title='bbox 1010 1331 1107 1382; x_wconf 80' lang='grc' dir='ltr'>μέρος</span> 
     </span>
     <span class='ocr_line' id='line_1_22' title="bbox 77 1389 1107 1440; baseline -0.002 -13"><span class='ocrx_word' id='word_1_161' title='bbox 77 1406 110 1428; x_wconf 88' lang='grc' dir='ltr'>τι</span> <span class='ocrx_word' id='word_1_162' title='bbox 130 1393 189 1436; x_wconf 91' lang='grc' dir='ltr'>τῆς</span> <span class='ocrx_word' id='word_1_163' title='bbox 208 1393 397 1440; x_wconf 86' lang='grc' dir='ltr'>προνομῆς,</span> <span class='ocrx_word' id='word_1_164' title='bbox 419 1389 653 1426; x_wconf 76' lang='grc' dir='ltr'>διασωθέντων</span> <span class='ocrx_word' id='word_1_165' title='bbox 674 1389 708 1425; x_wconf 80' lang='grc' dir='ltr'>δὲ</span> <span class='ocrx_word' id='word_1_166' title='bbox 735 1392 801 1425; x_wconf 80' lang='grc' dir='ltr'>τῶν</span> <span class='ocrx_word' id='word_1_167' title='bbox 825 1389 938 1426; x_wconf 78' lang='grc' dir='ltr'>ἄλλων</span> <span class='ocrx_word' id='word_1_168' title='bbox 960 1389 1017 1426; x_wconf 77' lang='grc' dir='ltr'>καὶ</span> <span class='ocrx_word' id='word_1_169' title='bbox 1038 1406 1107 1426; x_wconf 83' lang='grc' dir='ltr'>κω-</span> 
     </span>
     <span class='ocr_line' id='line_1_23' title="bbox 79 1446 1107 1497; baseline 0 -14"><span class='ocrx_word' id='word_1_170' title='bbox 79 1446 265 1495; x_wconf 85' lang='grc' dir='ltr'>μισθέντων</span> <span class='ocrx_word' id='word_1_171' title='bbox 284 1448 329 1489; x_wconf 87' lang='grc' dir='ltr'>εἷς</span> <span class='ocrx_word' id='word_1_172' title='bbox 349 1446 491 1496; x_wconf 78' lang='grc' dir='ltr'>Ῥώμην</span> <span class='ocrx_word' id='word_1_173' title='bbox 513 1446 649 1483; x_wconf 85' lang='grc' dir='ltr'>ἔσεσθαι</span> <span class='ocrx_word' id='word_1_174' title='bbox 672 1446 841 1491; x_wconf 83' lang='grc' dir='ltr'>συνθήκας</span> <span class='ocrx_word' id='word_1_175' title='bbox 859 1462 942 1497; x_wconf 90' lang='grc' dir='ltr'>προς</span> <span class='ocrx_word' id='word_1_176' title='bbox 965 1447 1107 1497; x_wconf 87' lang='grc' dir='ltr'>βασιλέα</span> 
     </span>
     <span class='ocr_line' id='line_1_24' title="bbox 80 1503 1110 1555; baseline 0 -15"><span class='ocrx_word' id='word_1_177' title='bbox 80 1504 299 1554; x_wconf 76' lang='grc' dir='ltr'>Ἀντίοχον,’</span> <span class='ocrx_word' id='word_1_178' title='bbox 285 1504 334 1555; x_wconf 80' lang='grc' dir='ltr'>εφ’</span> <span class='ocrx_word' id='word_1_179' title='bbox 352 1521 379 1541; x_wconf 88' lang='grc' dir='ltr'>ω</span> <span class='ocrx_word' id='word_1_180' title='bbox 399 1504 565 1554; x_wconf 78' lang='grc' dir='ltr'>χρήματα</span> <span class='ocrx_word' id='word_1_181' title='bbox 587 1503 647 1553; x_wconf 80' lang='grc' dir='ltr'>μὲν</span> <span class='ocrx_word' id='word_1_182' title='bbox 666 1503 802 1540; x_wconf 84' lang='grc' dir='ltr'>εἰσοίσει</span> <span class='ocrx_word' id='word_1_183' title='bbox 820 1504 877 1540; x_wconf 82' lang='grc' dir='ltr'>καὶ</span> <span class='ocrx_word' id='word_1_184' title='bbox 894 1503 1010 1555; x_wconf 74' lang='grc' dir='ltr'>γώρας</span> <span class='ocrx_word' id='word_1_185' title='bbox 1023 1519 1110 1545; x_wconf 82' lang='grc' dir='ltr'>τινος</span> 
     </span>
     <span class='ocr_line' id='line_1_25' title="bbox 80 1561 1110 1612; baseline 0 -14"><span class='ocrx_word' id='word_1_186' title='bbox 80 1561 368 1606; x_wconf 79' lang='grc' dir='ltr'>ἀποστήσεται.»</span> <span class='ocrx_word' id='word_1_187' title='bbox 426 1561 670 1612; x_wconf 81' lang='grc' dir='ltr'>Αναγορεύσας</span> <span class='ocrx_word' id='word_1_188' title='bbox 698 1561 732 1598; x_wconf 80' lang='grc' dir='ltr'>δὲ</span> <span class='ocrx_word' id='word_1_189' title='bbox 752 1565 860 1597; x_wconf 87' lang='grc' dir='ltr'>ταῦτα</span> <span class='ocrx_word' id='word_1_190' title='bbox 891 1561 1110 1612; x_wconf 81' lang='grc' dir='ltr'>ἀνεκεκράγει</span> 
     </span>
     <span class='ocr_line' id='line_1_26' title="bbox 80 1619 1111 1671; baseline 0 -15"><span class='ocrx_word' id='word_1_191' title='bbox 80 1619 215 1671; x_wconf 79' lang='grc' dir='ltr'>μεγάλῃ</span> <span class='ocrx_word' id='word_1_192' title='bbox 237 1623 278 1670; x_wconf 76' lang='grc' dir='ltr'>τῇ</span> <span class='ocrx_word' id='word_1_193' title='bbox 307 1622 400 1670; x_wconf 69' lang='grc' dir='ltr'>φωνῇ</span> <span class='ocrx_word' id='word_1_194' title='bbox 429 1620 536 1669; x_wconf 87' lang='grc' dir='ltr'>λέγων</span> <span class='ocrx_word' id='word_1_195' title='bbox 565 1620 668 1657; x_wconf 83' lang='grc' dir='ltr'>τάδε·</span> <span class='ocrx_word' id='word_1_196' title='bbox 697 1636 710 1652; x_wconf 86' lang='lat'>»</span> <span class='ocrx_word' id='word_1_197' title='bbox 740 1619 804 1657; x_wconf 85' lang='grc' dir='ltr'>Εκ</span> <span class='ocrx_word' id='word_1_198' title='bbox 823 1622 883 1664; x_wconf 85' lang='grc' dir='ltr'>τῆς</span> <span class='ocrx_word' id='word_1_199' title='bbox 904 1619 1016 1662; x_wconf 82' lang='grc' dir='ltr'>Ἀσίας</span> <span class='ocrx_word' id='word_1_200' title='bbox 1044 1622 1111 1670; x_wconf 78' lang='grc' dir='ltr'>ὁρῶ</span> 
     </span>
     <span class='ocr_line' id='line_1_27' title="bbox 81 1676 1112 1728; baseline 0 -15"><span class='ocrx_word' id='word_1_201' title='bbox 81 1677 322 1720; x_wconf 72' lang='grc' dir='ltr'>διαὸαινούσας</span> <span class='ocrx_word' id='word_1_202' title='bbox 355 1676 514 1726; x_wconf 81' lang='grc' dir='ltr'>δυνάμεις</span> <span class='ocrx_word' id='word_1_203' title='bbox 551 1676 821 1728; x_wconf 77' lang='grc' dir='ltr'>χαλκοστέρνους</span> <span class='ocrx_word' id='word_1_204' title='bbox 852 1676 912 1713; x_wconf 78' lang='grc' dir='ltr'>καὶ</span> <span class='ocrx_word' id='word_1_205' title='bbox 952 1676 1112 1726; x_wconf 82' lang='grc' dir='ltr'>βασιλέας</span> 
     </span>
     <span class='ocr_line' id='line_1_28' title="bbox 81 1733 1110 1785; baseline -0.001 -14"><span class='ocrx_word' id='word_1_206' title='bbox 81 1736 137 1771; x_wconf 79' lang='grc' dir='ltr'>ἐπὶ</span> <span class='ocrx_word' id='word_1_207' title='bbox 151 1734 188 1771; x_wconf 85' lang='grc' dir='ltr'>τὸ</span> <span class='ocrx_word' id='word_1_208' title='bbox 209 1735 292 1772; x_wconf 81' lang='grc' dir='ltr'>αὐτὸ</span> <span class='ocrx_word' id='word_1_209' title='bbox 313 1735 561 1785; x_wconf 82' lang='grc' dir='ltr'>συναγομένους</span> <span class='ocrx_word' id='word_1_210' title='bbox 576 1734 634 1771; x_wconf 75' lang='grc' dir='ltr'>καὶ</span> <span class='ocrx_word' id='word_1_211' title='bbox 653 1733 728 1779; x_wconf 85' lang='grc' dir='ltr'>ἔθνη</span> <span class='ocrx_word' id='word_1_212' title='bbox 753 1734 959 1771; x_wconf 85' lang='grc' dir='ltr'>παντοδαπὰ</span> <span class='ocrx_word' id='word_1_213' title='bbox 979 1734 1034 1770; x_wconf 73' lang='grc' dir='ltr'>ἐπὶ</span> <span class='ocrx_word' id='word_1_214' title='bbox 1051 1733 1110 1778; x_wconf 78' lang='grc' dir='ltr'>τὴν</span> 
     </span>
     <span class='ocr_line' id='line_1_29' title="bbox 83 1791 1113 1843; baseline -0.002 -14"><span class='ocrx_word' id='word_1_215' title='bbox 83 1792 268 1843; x_wconf 80' lang='grc' dir='ltr'>Εὐρώπην,</span> <span class='ocrx_word' id='word_1_216' title='bbox 296 1791 411 1829; x_wconf 78' lang='grc' dir='ltr'>ἵππων</span> <span class='ocrx_word' id='word_1_217' title='bbox 447 1808 482 1829; x_wconf 91' lang='grc' dir='ltr'>τε</span> <span class='ocrx_word' id='word_1_218' title='bbox 513 1792 642 1829; x_wconf 83' lang='grc' dir='ltr'>κτύπον</span> <span class='ocrx_word' id='word_1_219' title='bbox 673 1791 822 1843; x_wconf 80' lang='grc' dir='ltr'>δοράτων</span> <span class='ocrx_word' id='word_1_220' title='bbox 850 1807 887 1828; x_wconf 90' lang='grc' dir='ltr'>τε</span> <span class='ocrx_word' id='word_1_221' title='bbox 918 1791 1025 1842; x_wconf 72' lang='grc' dir='ltr'>ψόφον</span> <span class='ocrx_word' id='word_1_222' title='bbox 1054 1791 1113 1828; x_wconf 73' lang='grc' dir='ltr'>καὶ</span> 
     </span>
     <span class='ocr_line' id='line_1_30' title="bbox 84 1849 1113 1903; baseline -0.002 -16"><span class='ocrx_word' id='word_1_223' title='bbox 84 1850 182 1900; x_wconf 82' lang='grc' dir='ltr'>φόνον</span> <span class='ocrx_word' id='word_1_224' title='bbox 212 1850 463 1903; x_wconf 63' lang='grc' dir='ltr'>αἱματόφυρτον</span> <span class='ocrx_word' id='word_1_225' title='bbox 488 1849 674 1895; x_wconf 86' lang='grc' dir='ltr'>λεηλασίαν</span> <span class='ocrx_word' id='word_1_226' title='bbox 705 1865 739 1886; x_wconf 89' lang='grc' dir='ltr'>τε</span> <span class='ocrx_word' id='word_1_227' title='bbox 768 1849 879 1894; x_wconf 78' lang='grc' dir='ltr'>δεινὴν</span> <span class='ocrx_word' id='word_1_228' title='bbox 902 1849 1050 1891; x_wconf 83' lang='grc' dir='ltr'>πτώσεις</span> <span class='ocrx_word' id='word_1_229' title='bbox 1077 1864 1113 1885; x_wconf 88' lang='grc' dir='ltr'>τε</span> 
     </span>
     <span class='ocr_line' id='line_1_31' title="bbox 83 1906 1115 1959; baseline -0.002 -15"><span class='ocrx_word' id='word_1_230' title='bbox 83 1907 223 1959; x_wconf 87' lang='grc' dir='ltr'>πύργων</span> <span class='ocrx_word' id='word_1_231' title='bbox 251 1908 309 1944; x_wconf 85' lang='grc' dir='ltr'>καὶ</span> <span class='ocrx_word' id='word_1_232' title='bbox 342 1911 465 1958; x_wconf 74' lang='grc' dir='ltr'>τειχῶν</span> <span class='ocrx_word' id='word_1_233' title='bbox 497 1907 723 1958; x_wconf 75' lang='grc' dir='ltr'>κατασκαφὰς</span> <span class='ocrx_word' id='word_1_234' title='bbox 753 1907 897 1957; x_wconf 80' lang='grc' dir='ltr'>ἐρημίαν</span> <span class='ocrx_word' id='word_1_235' title='bbox 931 1923 967 1943; x_wconf 89' lang='grc' dir='ltr'>τε</span> <span class='ocrx_word' id='word_1_236' title='bbox 999 1906 1115 1957; x_wconf 75' lang='grc' dir='ltr'>χθονὸς</span> 
     </span>
    </p>
   </div>
   <div class='ocr_carea' id='block_1_4' title="bbox 152 2015 1012 2185">
    <p class='ocr_par' dir='ltr' id='par_1_5' title="bbox 152 2015 858 2051">
     <span class='ocr_line' id='line_1_32' title="bbox 152 2015 858 2051; baseline 0 -9"><span class='ocrx_word' id='word_1_237' title='bbox 152 2017 192 2042; x_wconf 85' lang='lat' dir='ltr'>Ex</span> <span class='ocrx_word' id='word_1_238' title='bbox 203 2016 267 2042; x_wconf 83' lang='lat' dir='ltr'>Asia</span> <span class='ocrx_word' id='word_1_239' title='bbox 277 2036 283 2047; x_wconf 90' lang='lat'>‚</span> <span class='ocrx_word' id='word_1_240' title='bbox 298 2018 482 2051; x_wconf 71' lang='lat' dir='ltr'>Eiiropaeque</span> <span class='ocrx_word' id='word_1_241' title='bbox 501 2016 606 2043; x_wconf 79' lang='lat' dir='ltr'>educet</span> <span class='ocrx_word' id='word_1_242' title='bbox 620 2015 727 2042; x_wconf 81' lang='lat' dir='ltr'>finibus</span> <span class='ocrx_word' id='word_1_243' title='bbox 746 2016 858 2050; x_wconf 83' lang='lat' dir='ltr'>amplae.</span> 
     </span>
    </p>

    <p class='ocr_par' dir='ltr' id='par_1_6' title="bbox 153 2061 1012 2142">
     <span class='ocr_line' id='line_1_33' title="bbox 153 2061 1012 2096; baseline 0.001 -8"><span class='ocrx_word' id='word_1_244' title='bbox 153 2063 193 2089; x_wconf 83' lang='lat' dir='ltr'>&#39;re</span> <span class='ocrx_word' id='word_1_245' title='bbox 206 2062 337 2096; x_wconf 79' lang='lat' dir='ltr'>subiget,</span> <span class='ocrx_word' id='word_1_246' title='bbox 355 2061 517 2096; x_wconf 78' lang='lat' dir='ltr'><strong>viduasque</strong></span> <span class='ocrx_word' id='word_1_247' title='bbox 532 2062 643 2092; x_wconf 83' lang='lat' dir='ltr'>domos,</span> <span class='ocrx_word' id='word_1_248' title='bbox 662 2069 821 2096; x_wconf 82' lang='lat' dir='ltr'>murosque</span> <span class='ocrx_word' id='word_1_249' title='bbox 847 2062 1012 2096; x_wconf 76' lang='lat' dir='ltr'>relinquet:</span> 
     </span>
     <span class='ocr_line' id='line_1_34' title="bbox 153 2106 854 2142; baseline -0.001 -8"><span class='ocrx_word' id='word_1_250' title='bbox 153 2106 336 2141; x_wconf 85' lang='lat' dir='ltr'>servitioque</span> <span class='ocrx_word' id='word_1_251' title='bbox 350 2109 478 2142; x_wconf 83' lang='lat' dir='ltr'>premet,</span> <span class='ocrx_word' id='word_1_252' title='bbox 492 2114 541 2141; x_wconf 84' lang='lat' dir='ltr'>spe</span> <span class='ocrx_word' id='word_1_253' title='bbox 553 2107 695 2134; x_wconf 73' lang='lat' dir='ltr'>libertatis</span> <span class='ocrx_word' id='word_1_254' title='bbox 708 2106 854 2141; x_wconf 82' lang='lat' dir='ltr'>adempta.</span> 
     </span>
    </p>

    <p class='ocr_par' dir='ltr' id='par_1_7' title="bbox 155 2150 871 2185">
     <span class='ocr_line' id='line_1_35' title="bbox 155 2150 871 2185; baseline 0 -8"><span class='ocrx_word' id='word_1_255' title='bbox 155 2152 249 2185; x_wconf 80' lang='lat' dir='ltr'><strong>Atque</strong></span> <span class='ocrx_word' id='word_1_256' title='bbox 263 2150 325 2178; x_wconf 84' lang='lat' dir='ltr'>liaec</span> <span class='ocrx_word' id='word_1_257' title='bbox 339 2152 377 2178; x_wconf 89' lang='lat' dir='ltr'>ob</span> <span class='ocrx_word' id='word_1_258' title='bbox 397 2159 503 2178; x_wconf 83' lang='lat' dir='ltr'>saevam</span> <span class='ocrx_word' id='word_1_259' title='bbox 519 2151 590 2179; x_wconf 85' lang='lat' dir='ltr'>fient</span> <span class='ocrx_word' id='word_1_260' title='bbox 609 2151 769 2179; x_wconf 83' lang='lat' dir='ltr'>Tritonidis</span> <span class='ocrx_word' id='word_1_261' title='bbox 789 2151 871 2177; x_wconf 80' lang='lat' dir='ltr'>iram.</span> 
     </span>
    </p>
   </div>
   <div class='ocr_carea' id='block_1_5' title="bbox 61 2215 1121 3328">
    <p class='ocr_par' dir='ltr' id='par_1_8' title="bbox 61 2215 1121 3328">
     <span class='ocr_line' id='line_1_36' title="bbox 85 2215 1116 2254; baseline -0.002 -8"><span class='ocrx_word' id='word_1_262' title='bbox 85 2215 139 2246; x_wconf 83' lang='lat' dir='ltr'>His</span> <span class='ocrx_word' id='word_1_263' title='bbox 154 2216 368 2254; x_wconf 81' lang='lat' dir='ltr'>pronunciatis</span> <span class='ocrx_word' id='word_1_264' title='bbox 383 2215 542 2246; x_wconf 77' lang='lat' dir='ltr'>tunicatus</span> <span class='ocrx_word' id='word_1_265' title='bbox 559 2224 575 2246; x_wconf 90' lang='lat' dir='ltr'>e</span> <span class='ocrx_word' id='word_1_266' title='bbox 590 2215 724 2246; x_wconf 87' lang='lat' dir='ltr'>tentorio</span> <span class='ocrx_word' id='word_1_267' title='bbox 735 2224 766 2246; x_wconf 90' lang='lat' dir='ltr'>se</span> <span class='ocrx_word' id='word_1_268' title='bbox 783 2215 956 2254; x_wconf 88' lang='lat' dir='ltr'>proripuit,</span> <span class='ocrx_word' id='word_1_269' title='bbox 971 2215 1002 2245; x_wconf 88' lang='lat' dir='ltr'>et</span> <span class='ocrx_word' id='word_1_270' title='bbox 1013 2215 1116 2245; x_wconf 89' lang='lat' dir='ltr'>soluta</span> 
     </span>
     <span class='ocr_line' id='line_1_37' title="bbox 84 2266 1116 2305; baseline 0 -9"><span class='ocrx_word' id='word_1_271' title='bbox 84 2267 226 2297; x_wconf 78' lang='lat' dir='ltr'>oratione</span> <span class='ocrx_word' id='word_1_272' title='bbox 242 2267 285 2297; x_wconf 88' lang='lat' dir='ltr'>ita</span> <span class='ocrx_word' id='word_1_273' title='bbox 301 2268 347 2297; x_wconf 88' lang='lat' dir='ltr'>est</span> <span class='ocrx_word' id='word_1_274' title='bbox 366 2267 491 2297; x_wconf 84' lang='lat' dir='ltr'>locutus</span> <span class='ocrx_word' id='word_1_275' title='bbox 507 2280 513 2297; x_wconf 92' lang='lat'>:</span> <span class='ocrx_word' id='word_1_276' title='bbox 533 2279 547 2293; x_wconf 82' lang='lat'>«</span> <span class='ocrx_word' id='word_1_277' title='bbox 569 2267 806 2305; x_wconf 72' lang='lat' dir='ltr'>Signiticamus,</span> <span class='ocrx_word' id='word_1_278' title='bbox 825 2267 939 2297; x_wconf 76' lang='lat' dir='ltr'>milites</span> <span class='ocrx_word' id='word_1_279' title='bbox 961 2270 1054 2305; x_wconf 81' lang='lat' dir='ltr'>atque</span> <span class='ocrx_word' id='word_1_280' title='bbox 1073 2266 1116 2296; x_wconf 89' lang='lat' dir='ltr'>ci-</span> 
     </span>
     <span class='ocr_line' id='line_1_38' title="bbox 85 2317 1117 2356; baseline -0.001 -9"><span class='ocrx_word' id='word_1_281' title='bbox 85 2326 140 2347; x_wconf 83' lang='lat' dir='ltr'>ves</span> <span class='ocrx_word' id='word_1_282' title='bbox 152 2341 159 2355; x_wconf 91' lang='grc'>,</span> <span class='ocrx_word' id='word_1_283' title='bbox 174 2326 230 2347; x_wconf 88' lang='lat' dir='ltr'>vos</span> <span class='ocrx_word' id='word_1_284' title='bbox 249 2326 288 2347; x_wconf 82' lang='lat' dir='ltr'>ex</span> <span class='ocrx_word' id='word_1_285' title='bbox 303 2319 426 2356; x_wconf 83' lang='lat' dir='ltr'>Europa</span> <span class='ocrx_word' id='word_1_286' title='bbox 442 2317 474 2347; x_wconf 91' lang='lat' dir='ltr'>in</span> <span class='ocrx_word' id='word_1_287' title='bbox 490 2317 592 2348; x_wconf 87' lang='lat' dir='ltr'>Asiam</span> <span class='ocrx_word' id='word_1_288' title='bbox 615 2317 785 2356; x_wconf 75' lang='lat' dir='ltr'>digressos,</span> <span class='ocrx_word' id='word_1_289' title='bbox 804 2317 991 2348; x_wconf 73' lang='lat' dir='ltr'>Antiochum</span> <span class='ocrx_word' id='word_1_290' title='bbox 1015 2325 1117 2355; x_wconf 68' lang='lat' dir='ltr'>regem</span> 
     </span>
     <span class='ocr_line' id='line_1_39' title="bbox 61 2367 1118 2407; baseline -0.001 -10"><span class='ocrx_word' id='word_1_291' title='bbox 61 2393 70 2397; x_wconf 73' lang='grc'>,</span> <span class='ocrx_word' id='word_1_292' title='bbox 85 2370 168 2399; x_wconf 82' lang='lat' dir='ltr'>terra</span> <span class='ocrx_word' id='word_1_293' title='bbox 183 2367 324 2407; x_wconf 86' lang='lat' dir='ltr'>marique</span> <span class='ocrx_word' id='word_1_294' title='bbox 335 2368 511 2399; x_wconf 81' lang='lat' dir='ltr'>commissis</span> <span class='ocrx_word' id='word_1_295' title='bbox 529 2376 693 2407; x_wconf 76' lang='lat' dir='ltr'>superasse</span> <span class='ocrx_word' id='word_1_296' title='bbox 707 2368 841 2407; x_wconf 78' lang='lat' dir='ltr'>proeliis3</span> <span class='ocrx_word' id='word_1_297' title='bbox 854 2367 1009 2406; x_wconf 76' lang='lat' dir='ltr'>subegisse</span> <span class='ocrx_word' id='word_1_298' title='bbox 1025 2367 1118 2406; x_wconf 89' lang='lat' dir='ltr'>quid-</span> 
     </span>
     <span class='ocr_line' id='line_1_40' title="bbox 86 2419 1116 2459; baseline 0 -10"><span class='ocrx_word' id='word_1_299' title='bbox 86 2419 162 2459; x_wconf 85' lang='lat' dir='ltr'>quid</span> <span class='ocrx_word' id='word_1_300' title='bbox 173 2421 219 2450; x_wconf 78' lang='lat' dir='ltr'>est</span> <span class='ocrx_word' id='word_1_301' title='bbox 235 2420 312 2450; x_wconf 88' lang='lat' dir='ltr'>citra</span> <span class='ocrx_word' id='word_1_302' title='bbox 325 2421 464 2450; x_wconf 84' lang='lat' dir='ltr'>Taurum</span> <span class='ocrx_word' id='word_1_303' title='bbox 482 2420 624 2459; x_wconf 78' lang='lat' dir='ltr'>regionis,</span> <span class='ocrx_word' id='word_1_304' title='bbox 634 2422 665 2450; x_wconf 88' lang='lat' dir='ltr'>et</span> <span class='ocrx_word' id='word_1_305' title='bbox 676 2420 801 2450; x_wconf 90' lang='lat' dir='ltr'>urbium</span> <span class='ocrx_word' id='word_1_306' title='bbox 814 2420 842 2449; x_wconf 91' lang='lat' dir='ltr'>in</span> <span class='ocrx_word' id='word_1_307' title='bbox 857 2429 894 2450; x_wconf 77' lang='lat' dir='ltr'>ea</span> <span class='ocrx_word' id='word_1_308' title='bbox 906 2419 1116 2457; x_wconf 84' lang='lat' dir='ltr'>conditarum,</span> 
     </span>
     <span class='ocr_line' id='line_1_41' title="bbox 86 2470 1118 2510; baseline 0 -10"><span class='ocrx_word' id='word_1_309' title='bbox 86 2470 219 2509; x_wconf 72' lang='lat' dir='ltr'>expulso</span> <span class='ocrx_word' id='word_1_310' title='bbox 237 2470 269 2500; x_wconf 91' lang='lat' dir='ltr'>in</span> <span class='ocrx_word' id='word_1_311' title='bbox 282 2470 401 2509; x_wconf 81' lang='lat' dir='ltr'>Syriam</span> <span class='ocrx_word' id='word_1_312' title='bbox 420 2471 593 2509; x_wconf 83' lang='lat' dir='ltr'>Antiocho;</span> <span class='ocrx_word' id='word_1_313' title='bbox 608 2471 765 2510; x_wconf 81' lang='lat' dir='ltr'>regionem</span> <span class='ocrx_word' id='word_1_314' title='bbox 786 2480 855 2501; x_wconf 89' lang='lat' dir='ltr'>eam</span> <span class='ocrx_word' id='word_1_315' title='bbox 871 2472 901 2501; x_wconf 88' lang='lat' dir='ltr'>et</span> <span class='ocrx_word' id='word_1_316' title='bbox 914 2471 1008 2501; x_wconf 89' lang='lat' dir='ltr'>urbes</span> <span class='ocrx_word' id='word_1_317' title='bbox 1025 2471 1118 2501; x_wconf 78' lang='lat' dir='ltr'>Attali</span> 
     </span>
     <span class='ocr_line' id='line_1_42' title="bbox 87 2521 1119 2561; baseline 0 -10"><span class='ocrx_word' id='word_1_318' title='bbox 87 2521 158 2552; x_wconf 87' lang='lat' dir='ltr'>tiliis</span> <span class='ocrx_word' id='word_1_319' title='bbox 171 2530 227 2552; x_wconf 89' lang='lat' dir='ltr'>vos</span> <span class='ocrx_word' id='word_1_320' title='bbox 245 2521 426 2560; x_wconf 60' lang='lat' dir='ltr'>tradidisse-,3</span> <span class='ocrx_word' id='word_1_321' title='bbox 441 2522 586 2559; x_wconf 75' lang='lat' dir='ltr'>Galatas,</span> <span class='ocrx_word' id='word_1_322' title='bbox 599 2523 653 2561; x_wconf 89' lang='lat' dir='ltr'>qui</span> <span class='ocrx_word' id='word_1_323' title='bbox 667 2523 698 2552; x_wconf 91' lang='lat' dir='ltr'>in</span> <span class='ocrx_word' id='word_1_324' title='bbox 713 2522 783 2553; x_wconf 82' lang='lat' dir='ltr'>Asia</span> <span class='ocrx_word' id='word_1_325' title='bbox 799 2522 917 2561; x_wconf 76' lang='lat' dir='ltr'>degunt</span> <span class='ocrx_word' id='word_1_326' title='bbox 930 2545 937 2559; x_wconf 90' lang='lat'>‚</span> <span class='ocrx_word' id='word_1_327' title='bbox 955 2522 1119 2552; x_wconf 86' lang='lat' dir='ltr'>vobiscum</span> 
     </span>
     <span class='ocr_line' id='line_1_43' title="bbox 87 2573 1120 2613; baseline 0.001 -10"><span class='ocrx_word' id='word_1_328' title='bbox 87 2581 190 2612; x_wconf 84' lang='lat' dir='ltr'>pugna</span> <span class='ocrx_word' id='word_1_329' title='bbox 220 2581 399 2611; x_wconf 81' lang='lat' dir='ltr'>congressos</span> <span class='ocrx_word' id='word_1_330' title='bbox 426 2573 646 2611; x_wconf 85' lang='lat' dir='ltr'>succubuisse3</span> <span class='ocrx_word' id='word_1_331' title='bbox 678 2574 825 2604; x_wconf 89' lang='lat' dir='ltr'>mulieres</span> <span class='ocrx_word' id='word_1_332' title='bbox 852 2582 962 2605; x_wconf 89' lang='lat' dir='ltr'>eorum</span> <span class='ocrx_word' id='word_1_333' title='bbox 974 2598 982 2613; x_wconf 90' lang='lat'>,</span> <span class='ocrx_word' id='word_1_334' title='bbox 1006 2574 1120 2604; x_wconf 79' lang='lat' dir='ltr'>liberos</span> 
     </span>
     <span class='ocr_line' id='line_1_44' title="bbox 87 2624 1118 2664; baseline 0.001 -10"><span class='ocrx_word' id='word_1_335' title='bbox 87 2626 118 2655; x_wconf 88' lang='lat' dir='ltr'>et</span> <span class='ocrx_word' id='word_1_336' title='bbox 135 2624 240 2654; x_wconf 90' lang='lat' dir='ltr'>omnia</span> <span class='ocrx_word' id='word_1_337' title='bbox 263 2624 487 2663; x_wconf 87' lang='lat' dir='ltr'>impedimenta</span> <span class='ocrx_word' id='word_1_338' title='bbox 504 2633 558 2654; x_wconf 83' lang='lat' dir='ltr'>vos</span> <span class='ocrx_word' id='word_1_339' title='bbox 578 2625 696 2663; x_wconf 81' lang='lat' dir='ltr'>cepisse</span> <span class='ocrx_word' id='word_1_340' title='bbox 711 2626 742 2655; x_wconf 83' lang='lat' dir='ltr'>et</span> <span class='ocrx_word' id='word_1_341' title='bbox 758 2625 788 2655; x_wconf 87' lang='lat' dir='ltr'>in</span> <span class='ocrx_word' id='word_1_342' title='bbox 809 2628 965 2664; x_wconf 82' lang='lat' dir='ltr'>Europam</span> <span class='ocrx_word' id='word_1_343' title='bbox 980 2625 1118 2655; x_wconf 78' lang='lat' dir='ltr'>duxisse.</span> 
     </span>
     <span class='ocr_line' id='line_1_45' title="bbox 88 2674 1119 2714; baseline 0 -9"><span class='ocrx_word' id='word_1_344' title='bbox 88 2677 113 2706; x_wconf 84' lang='lat' dir='ltr'>A</span> <span class='ocrx_word' id='word_1_345' title='bbox 130 2674 305 2705; x_wconf 81' lang='lat' dir='ltr'>Thracibus</span> <span class='ocrx_word' id='word_1_346' title='bbox 319 2683 394 2705; x_wconf 88' lang='lat' dir='ltr'>vero</span> <span class='ocrx_word' id='word_1_347' title='bbox 406 2698 414 2712; x_wconf 89' lang='lat'>‚</span> <span class='ocrx_word' id='word_1_348' title='bbox 429 2675 482 2713; x_wconf 90' lang='lat' dir='ltr'>qui</span> <span class='ocrx_word' id='word_1_349' title='bbox 499 2675 529 2704; x_wconf 89' lang='lat' dir='ltr'>in</span> <span class='ocrx_word' id='word_1_350' title='bbox 544 2676 669 2714; x_wconf 87' lang='lat' dir='ltr'>Europa</span> <span class='ocrx_word' id='word_1_351' title='bbox 683 2684 769 2705; x_wconf 88' lang='lat' dir='ltr'>oram</span> <span class='ocrx_word' id='word_1_352' title='bbox 790 2675 984 2714; x_wconf 82' lang='lat' dir='ltr'>Propontidis</span> <span class='ocrx_word' id='word_1_353' title='bbox 997 2676 1028 2706; x_wconf 87' lang='lat' dir='ltr'>ct</span> <span class='ocrx_word' id='word_1_354' title='bbox 1044 2675 1119 2706; x_wconf 85' lang='lat' dir='ltr'>Hel-</span> 
     </span>
     <span class='ocr_line' id='line_1_46' title="bbox 88 2725 1120 2766; baseline 0 -10"><span class='ocrx_word' id='word_1_355' title='bbox 88 2726 219 2765; x_wconf 85' lang='lat' dir='ltr'>lesponti</span> <span class='ocrx_word' id='word_1_356' title='bbox 238 2726 401 2764; x_wconf 86' lang='lat' dir='ltr'>accolunt,</span> <span class='ocrx_word' id='word_1_357' title='bbox 420 2725 587 2756; x_wconf 78' lang='lat' dir='ltr'>redeuntes</span> <span class='ocrx_word' id='word_1_358' title='bbox 601 2734 657 2756; x_wconf 92' lang='lat' dir='ltr'>vos</span> <span class='ocrx_word' id='word_1_359' title='bbox 673 2726 754 2765; x_wconf 87' lang='lat' dir='ltr'>apud</span> <span class='ocrx_word' id='word_1_360' title='bbox 773 2727 940 2757; x_wconf 87' lang='lat' dir='ltr'>AEnianum</span> <span class='ocrx_word' id='word_1_361' title='bbox 961 2727 1120 2766; x_wconf 85' lang='lat' dir='ltr'>regionem</span> 
     </span>
     <span class='ocr_line' id='line_1_47' title="bbox 87 2776 1121 2816; baseline 0.001 -10"><span class='ocrx_word' id='word_1_362' title='bbox 87 2776 232 2807; x_wconf 87' lang='lat' dir='ltr'>invasum</span> <span class='ocrx_word' id='word_1_363' title='bbox 254 2776 307 2814; x_wconf 91' lang='lat' dir='ltr'>iri,</span> <span class='ocrx_word' id='word_1_364' title='bbox 326 2778 358 2806; x_wconf 86' lang='lat' dir='ltr'>et</span> <span class='ocrx_word' id='word_1_365' title='bbox 373 2784 426 2806; x_wconf 90' lang='lat' dir='ltr'>eos</span> <span class='ocrx_word' id='word_1_366' title='bbox 444 2776 603 2806; x_wconf 86' lang='lat' dir='ltr'>nonnullis</span> <span class='ocrx_word' id='word_1_367' title='bbox 616 2776 726 2807; x_wconf 89' lang='lat' dir='ltr'>occisis</span> <span class='ocrx_word' id='word_1_368' title='bbox 745 2778 865 2815; x_wconf 87' lang='lat' dir='ltr'>partem</span> <span class='ocrx_word' id='word_1_369' title='bbox 892 2777 1007 2816; x_wconf 70' lang='lat' dir='ltr'>praedae</span> <span class='ocrx_word' id='word_1_370' title='bbox 1033 2777 1121 2808; x_wconf 89' lang='lat' dir='ltr'>vobis</span> 
     </span>
     <span class='ocr_line' id='line_1_48' title="bbox 89 2826 1118 2866; baseline 0.002 -10"><span class='ocrx_word' id='word_1_371' title='bbox 89 2828 250 2866; x_wconf 83' lang='lat' dir='ltr'>erepturos</span> <span class='ocrx_word' id='word_1_372' title='bbox 265 2836 271 2856; x_wconf 91' lang='lat'>:</span> <span class='ocrx_word' id='word_1_373' title='bbox 294 2827 421 2865; x_wconf 81' lang='lat' dir='ltr'>reliquis</span> <span class='ocrx_word' id='word_1_374' title='bbox 439 2826 533 2857; x_wconf 82' lang='lat' dir='ltr'>salvis</span> <span class='ocrx_word' id='word_1_375' title='bbox 546 2828 676 2857; x_wconf 85' lang='lat' dir='ltr'>Romam</span> <span class='ocrx_word' id='word_1_376' title='bbox 691 2828 816 2866; x_wconf 83' lang='lat' dir='ltr'>perlatis</span> <span class='ocrx_word' id='word_1_377' title='bbox 832 2836 904 2857; x_wconf 88' lang='lat' dir='ltr'>cum</span> <span class='ocrx_word' id='word_1_378' title='bbox 923 2836 993 2866; x_wconf 85' lang='lat' dir='ltr'>rege</span> <span class='ocrx_word' id='word_1_379' title='bbox 1010 2828 1118 2858; x_wconf 86' lang='lat' dir='ltr'>Antio-</span> 
     </span>
     <span class='ocr_line' id='line_1_49' title="bbox 89 2877 1120 2917; baseline -0.001 -8"><span class='ocrx_word' id='word_1_380' title='bbox 89 2879 149 2909; x_wconf 90' lang='lat' dir='ltr'>cho</span> <span class='ocrx_word' id='word_1_381' title='bbox 165 2878 265 2909; x_wconf 79' lang='lat' dir='ltr'>foedus</span> <span class='ocrx_word' id='word_1_382' title='bbox 278 2878 466 2908; x_wconf 79' lang='lat' dir='ltr'>exstiturum</span> <span class='ocrx_word' id='word_1_383' title='bbox 478 2902 486 2915; x_wconf 84' lang='lat'>,</span> <span class='ocrx_word' id='word_1_384' title='bbox 507 2886 542 2907; x_wconf 87' lang='lat' dir='ltr'>ea</span> <span class='ocrx_word' id='word_1_385' title='bbox 559 2877 756 2916; x_wconf 86' lang='lat' dir='ltr'>conditione,</span> <span class='ocrx_word' id='word_1_386' title='bbox 778 2880 814 2908; x_wconf 92' lang='lat' dir='ltr'>ut</span> <span class='ocrx_word' id='word_1_387' title='bbox 830 2878 854 2908; x_wconf 80' lang='lat' dir='ltr'>is</span> <span class='ocrx_word' id='word_1_388' title='bbox 871 2879 988 2908; x_wconf 88' lang='lat' dir='ltr'>certam</span> <span class='ocrx_word' id='word_1_389' title='bbox 1004 2878 1120 2917; x_wconf 84' lang='lat' dir='ltr'>pendat</span> 
     </span>
     <span class='ocr_line' id='line_1_50' title="bbox 90 2928 1118 2969; baseline 0 -9"><span class='ocrx_word' id='word_1_390' title='bbox 90 2929 267 2969; x_wconf 89' lang='lat' dir='ltr'>pecuniam,</span> <span class='ocrx_word' id='word_1_391' title='bbox 294 2931 325 2960; x_wconf 87' lang='lat' dir='ltr'>et.</span> <span class='ocrx_word' id='word_1_392' title='bbox 342 2929 478 2968; x_wconf 83' lang='lat' dir='ltr'>quadam</span> <span class='ocrx_word' id='word_1_393' title='bbox 493 2928 618 2967; x_wconf 81' lang='lat' dir='ltr'>regione</span> <span class='ocrx_word' id='word_1_394' title='bbox 643 2929 745 2960; x_wconf 87' lang='lat' dir='ltr'>cedat.</span> <span class='ocrx_word' id='word_1_395' title='bbox 770 2943 784 2956; x_wconf 86' lang='grc'>»</span> <span class='ocrx_word' id='word_1_396' title='bbox 804 2929 858 2960; x_wconf 85' lang='lat' dir='ltr'>His</span> <span class='ocrx_word' id='word_1_397' title='bbox 871 2929 962 2959; x_wconf 88' lang='lat' dir='ltr'>dictis</span> <span class='ocrx_word' id='word_1_398' title='bbox 971 2953 979 2968; x_wconf 92' lang='lat'>‚</span> <span class='ocrx_word' id='word_1_399' title='bbox 1007 2938 1118 2968; x_wconf 78' lang='lat' dir='ltr'>magna</span> 
     </span>
     <span class='ocr_line' id='line_1_51' title="bbox 89 2980 1119 3019; baseline 0.001 -9"><span class='ocrx_word' id='word_1_400' title='bbox 89 2989 168 3011; x_wconf 84' lang='lat' dir='ltr'>voce</span> <span class='ocrx_word' id='word_1_401' title='bbox 184 2980 216 3010; x_wconf 90' lang='lat' dir='ltr'>in</span> <span class='ocrx_word' id='word_1_402' title='bbox 227 2980 295 3011; x_wconf 83' lang='lat' dir='ltr'>haec</span> <span class='ocrx_word' id='word_1_403' title='bbox 305 2980 399 3010; x_wconf 83' lang='lat' dir='ltr'>verba</span> <span class='ocrx_word' id='word_1_404' title='bbox 413 2980 561 3011; x_wconf 82' lang='lat' dir='ltr'>clamavit</span> <span class='ocrx_word' id='word_1_405' title='bbox 577 2992 584 3010; x_wconf 75' lang='grc' dir='ltr'>ι</span> <span class='ocrx_word' id='word_1_406' title='bbox 601 2981 728 3011; x_wconf 75' lang='lat' dir='ltr'>«Video</span> <span class='ocrx_word' id='word_1_407' title='bbox 743 2989 782 3011; x_wconf 77' lang='lat' dir='ltr'>ex</span> <span class='ocrx_word' id='word_1_408' title='bbox 797 2983 866 3011; x_wconf 84' lang='lat' dir='ltr'>Asia</span> <span class='ocrx_word' id='word_1_409' title='bbox 877 2981 1020 3019; x_wconf 76' lang='lat' dir='ltr'>trajicere</span> <span class='ocrx_word' id='word_1_410' title='bbox 1033 2990 1119 3011; x_wconf 73' lang='lat' dir='ltr'>exer-</span> 
     </span>
     <span class='ocr_line' id='line_1_52' title="bbox 90 3031 1120 3070; baseline 0.001 -9"><span class='ocrx_word' id='word_1_411' title='bbox 90 3031 171 3061; x_wconf 87' lang='lat' dir='ltr'>citus</span> <span class='ocrx_word' id='word_1_412' title='bbox 189 3031 296 3062; x_wconf 83' lang='lat' dir='ltr'>ferreis</span> <span class='ocrx_word' id='word_1_413' title='bbox 317 3031 513 3070; x_wconf 78' lang='lat' dir='ltr'>pectoribus,</span> <span class='ocrx_word' id='word_1_414' title='bbox 539 3039 688 3070; x_wconf 77' lang='lat' dir='ltr'>regesque</span> <span class='ocrx_word' id='word_1_415' title='bbox 711 3031 742 3061; x_wconf 92' lang='lat' dir='ltr'>in</span> <span class='ocrx_word' id='word_1_416' title='bbox 759 3040 858 3061; x_wconf 87' lang='lat' dir='ltr'>uuum</span> <span class='ocrx_word' id='word_1_417' title='bbox 880 3031 1068 3070; x_wconf 84' lang='lat' dir='ltr'>conductos,</span> <span class='ocrx_word' id='word_1_418' title='bbox 1089 3032 1120 3062; x_wconf 86' lang='lat' dir='ltr'>et</span> 
     </span>
     <span class='ocr_line' id='line_1_53' title="bbox 90 3081 1120 3121; baseline 0.001 -9"><span class='ocrx_word' id='word_1_419' title='bbox 90 3082 197 3120; x_wconf 86' lang='lat' dir='ltr'>gentes</span> <span class='ocrx_word' id='word_1_420' title='bbox 220 3081 323 3111; x_wconf 83' lang='lat' dir='ltr'>varias</span> <span class='ocrx_word' id='word_1_421' title='bbox 351 3081 381 3110; x_wconf 92' lang='lat' dir='ltr'>in</span> <span class='ocrx_word' id='word_1_422' title='bbox 407 3084 564 3120; x_wconf 84' lang='lat' dir='ltr'>Europam</span> <span class='ocrx_word' id='word_1_423' title='bbox 576 3105 584 3119; x_wconf 93' lang='lat'>,</span> <span class='ocrx_word' id='word_1_424' title='bbox 618 3081 848 3121; x_wconf 82' lang='lat' dir='ltr'>strepitumque</span> <span class='ocrx_word' id='word_1_425' title='bbox 881 3090 1037 3120; x_wconf 86' lang='lat' dir='ltr'>equorum</span> <span class='ocrx_word' id='word_1_426' title='bbox 1049 3106 1056 3119; x_wconf 93' lang='lat'>‚</span> <span class='ocrx_word' id='word_1_427' title='bbox 1089 3084 1120 3113; x_wconf 87' lang='lat' dir='ltr'>et</span> 
     </span>
     <span class='ocr_line' id='line_1_54' title="bbox 91 3130 1118 3171; baseline 0.002 -10"><span class='ocrx_word' id='word_1_428' title='bbox 91 3132 253 3162; x_wconf 85' lang='lat' dir='ltr'>hastarum</span> <span class='ocrx_word' id='word_1_429' title='bbox 269 3132 440 3170; x_wconf 76' lang='lat' dir='ltr'>fragorem,</span> <span class='ocrx_word' id='word_1_430' title='bbox 464 3130 581 3162; x_wconf 74' lang='lat' dir='ltr'>caedem</span> <span class='ocrx_word' id='word_1_431' title='bbox 606 3133 788 3170; x_wconf 83' lang='lat' dir='ltr'>cruentam,</span> <span class='ocrx_word' id='word_1_432' title='bbox 811 3131 1031 3170; x_wconf 74' lang='lat' dir='ltr'>praedationem</span> <span class='ocrx_word' id='word_1_433' title='bbox 1048 3142 1118 3171; x_wconf 83' lang='lat' dir='ltr'>gra—</span> 
     </span>
     <span class='ocr_line' id='line_1_55' title="bbox 92 3181 1117 3220; baseline 0.002 -9"><span class='ocrx_word' id='word_1_434' title='bbox 92 3190 179 3219; x_wconf 90' lang='lat' dir='ltr'>vem,</span> <span class='ocrx_word' id='word_1_435' title='bbox 194 3181 315 3211; x_wconf 87' lang='lat' dir='ltr'>ruinam</span> <span class='ocrx_word' id='word_1_436' title='bbox 331 3182 483 3219; x_wconf 81' lang='lat' dir='ltr'>turrium,</span> <span class='ocrx_word' id='word_1_437' title='bbox 494 3183 526 3212; x_wconf 86' lang='lat' dir='ltr'>et</span> <span class='ocrx_word' id='word_1_438' title='bbox 544 3191 708 3212; x_wconf 89' lang='lat' dir='ltr'>murorum</span> <span class='ocrx_word' id='word_1_439' title='bbox 727 3182 932 3220; x_wconf 75' lang='lat' dir='ltr'>dejectiones,</span> <span class='ocrx_word' id='word_1_440' title='bbox 949 3191 985 3212; x_wconf 90' lang='lat' dir='ltr'>ac</span> <span class='ocrx_word' id='word_1_441' title='bbox 996 3185 1117 3213; x_wconf 81' lang='lat' dir='ltr'>evasta-</span> 
     </span>
     <span class='ocr_line' id='line_1_56' title="bbox 91 3231 1120 3263; baseline 0 -1"><span class='ocrx_word' id='word_1_442' title='bbox 91 3232 210 3263; x_wconf 76' lang='lat' dir='ltr'>tionem</span> <span class='ocrx_word' id='word_1_443' title='bbox 227 3231 389 3261; x_wconf 63' lang='lat' dir='ltr'>immensa}</span> <span class='ocrx_word' id='word_1_444' title='bbox 409 3233 514 3261; x_wconf 79' lang='lat' dir='ltr'>terrae.</span> <span class='ocrx_word' id='word_1_445' title='bbox 543 3245 557 3257; x_wconf 77' lang='lat' dir='ltr'>n</span> <span class='ocrx_word' id='word_1_446' title='bbox 582 3231 760 3261; x_wconf 85' lang='lat' dir='ltr'>Secundum</span> <span class='ocrx_word' id='word_1_447' title='bbox 777 3232 843 3262; x_wconf 76' lang='lat' dir='ltr'>hore</span> <span class='ocrx_word' id='word_1_448' title='bbox 864 3240 989 3262; x_wconf 85' lang='lat' dir='ltr'>rursum</span> <span class='ocrx_word' id='word_1_449' title='bbox 1013 3240 1120 3263; x_wconf 83' lang='lat' dir='ltr'>versus</span> 
     </span>
     <span class='ocr_line' id='line_1_57' title="bbox 94 3283 738 3328; baseline 0 -15"><span class='ocrx_word' id='word_1_450' title='bbox 94 3283 241 3328; x_wconf 59' lang='lat' dir='ltr'>protulit,</span> <span class='ocrx_word' id='word_1_451' title='bbox 257 3292 393 3322; x_wconf 87' lang='lat' dir='ltr'>quorum</span> <span class='ocrx_word' id='word_1_452' title='bbox 407 3284 472 3314; x_wconf 74' lang='lat' dir='ltr'>hacc</span> <span class='ocrx_word' id='word_1_453' title='bbox 487 3284 544 3314; x_wconf 82' lang='lat' dir='ltr'>suit</span> <span class='ocrx_word' id='word_1_454' title='bbox 558 3284 711 3315; x_wconf 84' lang='lat' dir='ltr'>scntentia</span> <span class='ocrx_word' id='word_1_455' title='bbox 733 3294 738 3313; x_wconf 89' lang='grc'>;</span> 
     </span>
    </p>
   </div>
   <div class='ocr_carea' id='block_1_6' title="bbox 2097 156 2170 187">
    <p class='ocr_par' dir='ltr' id='par_1_9' title="bbox 2097 156 2170 187">
     <span class='ocr_line' id='line_1_58' title="bbox 2097 156 2170 187; baseline 0 0"><span class='ocrx_word' id='word_1_456' title='bbox 2097 156 2170 187; x_wconf 79' lang='grc'>617</span> 
     </span>
    </p>
   </div>
   <div class='ocr_carea' id='block_1_7' title="bbox 1156 233 1388 328">
    <p class='ocr_par' dir='ltr' id='par_1_10' title="bbox 1156 233 1388 328">
     <span class='ocr_line' id='line_1_59' title="bbox 1158 233 1388 282; baseline 0.004 -13"><span class='ocrx_word' id='word_1_457' title='bbox 1158 233 1343 282; x_wconf 86' lang='grc' dir='ltr'>ἀμυθήτου.</span> <span class='ocrx_word' id='word_1_458' title='bbox 1375 250 1388 264; x_wconf 69' lang='lat'>¹¹</span> 
     </span>
     <span class='ocr_line' id='line_1_60' title="bbox 1156 292 1257 328; baseline 0 -1"><span class='ocrx_word' id='word_1_459' title='bbox 1156 292 1234 328; x_wconf 83' lang='grc' dir='ltr'>τάδε</span> <span class='ocrx_word' id='word_1_460' title='bbox 1252 307 1257 314; x_wconf 94' lang='grc'><em>·</em></span> 
     </span>
    </p>
   </div>
   <div class='ocr_carea' id='block_1_8' title="bbox 1444 229 2176 277">
    <p class='ocr_par' dir='ltr' id='par_1_11' title="bbox 1444 229 2176 277">
     <span class='ocr_line' id='line_1_61' title="bbox 1444 229 2176 277; baseline 0 -6"><span class='ocrx_word' id='word_1_461' title='bbox 1444 236 1565 271; x_wconf 80' lang='grc' dir='ltr'>Ἰἀῦτα</span> <span class='ocrx_word' id='word_1_462' title='bbox 1587 234 1619 271; x_wconf 77' lang='grc' dir='ltr'>δὲ</span> <span class='ocrx_word' id='word_1_463' title='bbox 1642 235 1744 271; x_wconf 82' lang='grc' dir='ltr'>εἰπὼν</span> <span class='ocrx_word' id='word_1_464' title='bbox 1771 234 1876 277; x_wconf 79' lang='grc' dir='ltr'>ἔλεξεν</span> <span class='ocrx_word' id='word_1_465' title='bbox 1895 229 1994 276; x_wconf 65' lang='grc' dir='ltr'>αὖθις</span> <span class='ocrx_word' id='word_1_466' title='bbox 2023 235 2056 270; x_wconf 79' lang='grc' dir='ltr'>ἐν</span> <span class='ocrx_word' id='word_1_467' title='bbox 2079 234 2176 271; x_wconf 82' lang='grc' dir='ltr'>ἔπεσι</span> 
     </span>
    </p>
   </div>
   <div class='ocr_carea' id='block_1_9' title="bbox 1237 364 2184 1139">
    <p class='ocr_par' dir='ltr' id='par_1_12' title="bbox 1237 364 1954 406">
     <span class='ocr_line' id='line_1_62' title="bbox 1237 364 1954 406; baseline 0.006 -12"><span class='ocrx_word' id='word_1_468' title='bbox 1237 364 1346 395; x_wconf 86' lang='grc' dir='ltr'>Ἡνίκα</span> <span class='ocrx_word' id='word_1_469' title='bbox 1365 367 1487 396; x_wconf 81' lang='grc' dir='ltr'>Νισαῖοι</span> <span class='ocrx_word' id='word_1_470' title='bbox 1502 366 1715 406; x_wconf 78' lang='grc' dir='ltr'>χρυσάμπυκες</span> <span class='ocrx_word' id='word_1_471' title='bbox 1730 368 1851 406; x_wconf 84' lang='grc' dir='ltr'>ἀργέται</span> <span class='ocrx_word' id='word_1_472' title='bbox 1866 369 1954 398; x_wconf 81' lang='grc' dir='ltr'>ἰ’πποι</span> 
     </span>
    </p>

    <p class='ocr_par' dir='ltr' id='par_1_13' title="bbox 1238 411 2016 453">
     <span class='ocr_line' id='line_1_63' title="bbox 1238 411 2016 453; baseline 0.006 -14"><span class='ocrx_word' id='word_1_473' title='bbox 1238 411 1332 449; x_wconf 83' lang='grc' dir='ltr'>βῶσιν</span> <span class='ocrx_word' id='word_1_474' title='bbox 1349 412 1396 441; x_wconf 81' lang='grc' dir='ltr'>ἐπὶ</span> <span class='ocrx_word' id='word_1_475' title='bbox 1414 411 1507 450; x_wconf 81' lang='grc' dir='ltr'>χθόνα</span> <span class='ocrx_word' id='word_1_476' title='bbox 1520 412 1597 449; x_wconf 82' lang='grc' dir='ltr'>δῖαν,</span> <span class='ocrx_word' id='word_1_477' title='bbox 1612 414 1662 449; x_wconf 79' lang='grc' dir='ltr'>ἑὴν</span> <span class='ocrx_word' id='word_1_478' title='bbox 1678 413 1871 452; x_wconf 79' lang='grc' dir='ltr'>προλιπόντες</span> <span class='ocrx_word' id='word_1_479' title='bbox 1882 414 2016 453; x_wconf 77' lang='grc' dir='ltr'>ἑφέδρην,</span> 
     </span>
    </p>

    <p class='ocr_par' dir='ltr' id='par_1_14' title="bbox 1238 457 2007 498">
     <span class='ocr_line' id='line_1_64' title="bbox 1238 457 2007 498; baseline 0.007 -12"><span class='ocrx_word' id='word_1_480' title='bbox 1238 457 1287 491; x_wconf 75' lang='grc' dir='ltr'>οὕς</span> <span class='ocrx_word' id='word_1_481' title='bbox 1300 458 1367 486; x_wconf 87' lang='grc' dir='ltr'>ποτ’</span> <span class='ocrx_word' id='word_1_482' title='bbox 1383 458 1412 487; x_wconf 86' lang='grc' dir='ltr'>ἐν</span> <span class='ocrx_word' id='word_1_483' title='bbox 1430 458 1514 488; x_wconf 84' lang='grc' dir='ltr'>ἄστει</span> <span class='ocrx_word' id='word_1_484' title='bbox 1528 460 1609 493; x_wconf 77' lang='grc' dir='ltr'>τεῦξε</span> <span class='ocrx_word' id='word_1_485' title='bbox 1626 460 1819 498; x_wconf 82' lang='grc' dir='ltr'>Συρηκοσίων</span> <span class='ocrx_word' id='word_1_486' title='bbox 1832 461 2007 491; x_wconf 70' lang='grc' dir='ltr'>πολυὸλῧων</span> 
     </span>
    </p>

    <p class='ocr_par' dir='ltr' id='par_1_15' title="bbox 1239 502 1978 544">
     <span class='ocr_line' id='line_1_65' title="bbox 1239 502 1978 544; baseline 0.005 -13"><span class='ocrx_word' id='word_1_487' title='bbox 1239 502 1386 537; x_wconf 75' lang='grc' dir='ltr'>Δαίδαλος</span> <span class='ocrx_word' id='word_1_488' title='bbox 1399 503 1537 541; x_wconf 85' lang='grc' dir='ltr'>Ἠετίων,</span> <span class='ocrx_word' id='word_1_489' title='bbox 1552 505 1649 543; x_wconf 73' lang='grc' dir='ltr'>φιλίαν</span> <span class='ocrx_word' id='word_1_490' title='bbox 1665 506 1852 544; x_wconf 85' lang='grc' dir='ltr'>πολυήρατον</span> <span class='ocrx_word' id='word_1_491' title='bbox 1867 506 1978 543; x_wconf 75' lang='grc' dir='ltr'>αὔξων,</span> 
     </span>
    </p>

    <p class='ocr_par' dir='ltr' id='par_1_16' title="bbox 1242 548 2046 590">
     <span class='ocr_line' id='line_1_66' title="bbox 1242 548 2046 590; baseline 0.006 -13"><span class='ocrx_word' id='word_1_492' title='bbox 1242 548 1317 577; x_wconf 86' lang='grc' dir='ltr'>δαῖτ’</span> <span class='ocrx_word' id='word_1_493' title='bbox 1336 548 1383 578; x_wconf 84' lang='grc' dir='ltr'>ἐπὶ</span> <span class='ocrx_word' id='word_1_494' title='bbox 1403 549 1529 587; x_wconf 83' lang='grc' dir='ltr'>χαλκείῃ</span> <span class='ocrx_word' id='word_1_495' title='bbox 1541 573 1548 586; x_wconf 94' lang='grc'>,</span> <span class='ocrx_word' id='word_1_496' title='bbox 1565 551 1685 589; x_wconf 80' lang='grc' dir='ltr'>δεσμοῖς</span> <span class='ocrx_word' id='word_1_497' title='bbox 1699 551 1723 580; x_wconf 83' lang='grc' dir='ltr'>δ’</span> <span class='ocrx_word' id='word_1_498' title='bbox 1742 552 1791 581; x_wconf 83' lang='grc' dir='ltr'>ἐπὶ</span> <span class='ocrx_word' id='word_1_499' title='bbox 1808 551 1918 590; x_wconf 77' lang='grc' dir='ltr'>δεσμὸν</span> <span class='ocrx_word' id='word_1_500' title='bbox 1935 552 2046 589; x_wconf 74' lang='grc' dir='ltr'>ἴαλλεν,</span> 
     </span>
    </p>

    <p class='ocr_par' dir='ltr' id='par_1_17' title="bbox 1238 594 1927 636">
     <span class='ocr_line' id='line_1_67' title="bbox 1238 594 1927 636; baseline 0.006 -13"><span class='ocrx_word' id='word_1_501' title='bbox 1238 594 1367 633; x_wconf 84' lang='grc' dir='ltr'>χρύσεον</span> <span class='ocrx_word' id='word_1_502' title='bbox 1385 595 1414 624; x_wconf 84' lang='grc' dir='ltr'>ἐν</span> <span class='ocrx_word' id='word_1_503' title='bbox 1428 595 1455 624; x_wconf 82' lang='grc' dir='ltr'>δ’</span> <span class='ocrx_word' id='word_1_504' title='bbox 1465 595 1554 625; x_wconf 80' lang='grc' dir='ltr'>αὐτὸν</span> <span class='ocrx_word' id='word_1_505' title='bbox 1570 599 1661 625; x_wconf 84' lang='grc' dir='ltr'>πᾶσιν</span> <span class='ocrx_word' id='word_1_506' title='bbox 1680 597 1850 636; x_wconf 87' lang='grc' dir='ltr'>Ὑπερίονος</span> <span class='ocrx_word' id='word_1_507' title='bbox 1863 598 1927 628; x_wconf 87' lang='grc' dir='ltr'>υἱὸν</span> 
     </span>
    </p>

    <p class='ocr_par' dir='ltr' id='par_1_18' title="bbox 1238 640 1977 682">
     <span class='ocr_line' id='line_1_68' title="bbox 1238 640 1977 682; baseline 0.005 -13"><span class='ocrx_word' id='word_1_508' title='bbox 1238 640 1368 678; x_wconf 80' lang='grc' dir='ltr'>ἥρμοσεν</span> <span class='ocrx_word' id='word_1_509' title='bbox 1382 640 1536 670; x_wconf 81' lang='grc' dir='ltr'>ἀκτίνεσσι</span> <span class='ocrx_word' id='word_1_510' title='bbox 1553 642 1603 670; x_wconf 90' lang='grc' dir='ltr'>καὶ</span> <span class='ocrx_word' id='word_1_511' title='bbox 1620 641 1736 680; x_wconf 78' lang='grc' dir='ltr'>ὄμμασι</span> <span class='ocrx_word' id='word_1_512' title='bbox 1752 643 1957 682; x_wconf 84' lang='grc' dir='ltr'>μαρμαίροντα</span> <span class='ocrx_word' id='word_1_513' title='bbox 1970 652 1977 659; x_wconf 88' lang='grc'><em>·</em></span> 
     </span>
    </p>

    <p class='ocr_par' dir='ltr' id='par_1_19' title="bbox 1242 685 2098 726">
     <span class='ocr_line' id='line_1_69' title="bbox 1242 685 2098 726; baseline 0.007 -12"><span class='ocrx_word' id='word_1_514' title='bbox 1242 686 1295 714; x_wconf 84' lang='grc' dir='ltr'>καὶ</span> <span class='ocrx_word' id='word_1_515' title='bbox 1311 685 1379 715; x_wconf 78' lang='grc' dir='ltr'>τότε</span> <span class='ocrx_word' id='word_1_516' title='bbox 1395 687 1443 716; x_wconf 86' lang='grc' dir='ltr'>σοὶ</span> <span class='ocrx_word' id='word_1_517' title='bbox 1457 709 1465 722; x_wconf 97' lang='grc'>,</span> <span class='ocrx_word' id='word_1_518' title='bbox 1481 686 1587 725; x_wconf 77' lang='grc' dir='ltr'>Ῥώμη</span> <span class='ocrx_word' id='word_1_519' title='bbox 1597 710 1604 723; x_wconf 93' lang='grc'>,</span> <span class='ocrx_word' id='word_1_520' title='bbox 1619 687 1729 726; x_wconf 71' lang='grc' dir='ltr'>χαλέπ’</span> <span class='ocrx_word' id='word_1_521' title='bbox 1743 688 1836 726; x_wconf 85' lang='grc' dir='ltr'>ἄλγεα</span> <span class='ocrx_word' id='word_1_522' title='bbox 1849 689 1947 719; x_wconf 85' lang='grc' dir='ltr'>πάντα</span> <span class='ocrx_word' id='word_1_523' title='bbox 1960 690 2098 720; x_wconf 77' lang='grc' dir='ltr'>τελεῖται.</span> 
     </span>
    </p>

    <p class='ocr_par' dir='ltr' id='par_1_20' title="bbox 1239 731 2184 822">
     <span class='ocr_line' id='line_1_70' title="bbox 1239 731 2183 774; baseline 0.007 -14"><span class='ocrx_word' id='word_1_524' title='bbox 1239 731 1322 765; x_wconf 85' lang='grc' dir='ltr'>’Ὴξει</span> <span class='ocrx_word' id='word_1_525' title='bbox 1336 731 1393 770; x_wconf 86' lang='grc' dir='ltr'>γὰρ</span> <span class='ocrx_word' id='word_1_526' title='bbox 1416 732 1543 771; x_wconf 80' lang='grc' dir='ltr'>στρατὸς</span> <span class='ocrx_word' id='word_1_527' title='bbox 1563 733 1664 771; x_wconf 82' lang='grc' dir='ltr'>εὐρὺς,</span> <span class='ocrx_word' id='word_1_528' title='bbox 1679 733 1710 768; x_wconf 83' lang='grc' dir='ltr'>ὃς</span> <span class='ocrx_word' id='word_1_529' title='bbox 1730 734 1765 763; x_wconf 88' lang='grc' dir='ltr'>οὐ</span> <span class='ocrx_word' id='word_1_530' title='bbox 1783 734 1822 771; x_wconf 87' lang='grc' dir='ltr'>(Ι.</span> <span class='ocrx_word' id='word_1_531' title='bbox 1841 734 1857 764; x_wconf 84' lang='grc' dir='ltr'>ὅ</span> <span class='ocrx_word' id='word_1_532' title='bbox 1877 735 1954 773; x_wconf 89' lang='grc' dir='ltr'>σου)</span> <span class='ocrx_word' id='word_1_533' title='bbox 1972 736 2065 774; x_wconf 79' lang='grc' dir='ltr'>χθόνα</span> <span class='ocrx_word' id='word_1_534' title='bbox 2081 739 2183 767; x_wconf 80' lang='grc' dir='ltr'>πᾶσαν</span> 
     </span>
     <span class='ocr_line' id='line_1_71' title="bbox 2042 781 2184 822; baseline 0.021 -10"><span class='ocrx_word' id='word_1_535' title='bbox 2042 781 2184 822; x_wconf 69' lang='grc' dir='ltr'>[ἁλι-ἕσσει,</span> 
     </span>
    </p>

    <p class='ocr_par' dir='ltr' id='par_1_21' title="bbox 1246 822 2021 866">
     <span class='ocr_line' id='line_1_72' title="bbox 1246 822 2021 866; baseline 0.008 -15"><span class='ocrx_word' id='word_1_536' title='bbox 1246 822 1379 861; x_wconf 83' lang='grc' dir='ltr'>χηρώσει</span> <span class='ocrx_word' id='word_1_537' title='bbox 1397 822 1421 852; x_wconf 77' lang='grc' dir='ltr'>δ’</span> <span class='ocrx_word' id='word_1_538' title='bbox 1436 822 1558 862; x_wconf 80' lang='grc' dir='ltr'>ἀγορὰς,</span> <span class='ocrx_word' id='word_1_539' title='bbox 1575 823 1653 859; x_wconf 79' lang='grc' dir='ltr'>ἄστη</span> <span class='ocrx_word' id='word_1_540' title='bbox 1669 824 1700 854; x_wconf 83' lang='grc' dir='ltr'>δέ</span> <span class='ocrx_word' id='word_1_541' title='bbox 1715 834 1747 854; x_wconf 87' lang='grc' dir='ltr'>τε</span> <span class='ocrx_word' id='word_1_542' title='bbox 1763 825 1902 864; x_wconf 85' lang='grc' dir='ltr'>πυρπὸλα</span> <span class='ocrx_word' id='word_1_543' title='bbox 1920 827 2021 866; x_wconf 84' lang='grc' dir='ltr'>θήσει,</span> 
     </span>
    </p>

    <p class='ocr_par' dir='ltr' id='par_1_22' title="bbox 1249 868 2042 912">
     <span class='ocr_line' id='line_1_73' title="bbox 1249 868 2042 912; baseline 0.009 -15"><span class='ocrx_word' id='word_1_544' title='bbox 1249 868 1354 907; x_wconf 76' lang='grc' dir='ltr'>αἵματι</span> <span class='ocrx_word' id='word_1_545' title='bbox 1368 868 1398 897; x_wconf 82' lang='grc' dir='ltr'>δὲ</span> <span class='ocrx_word' id='word_1_546' title='bbox 1416 869 1523 904; x_wconf 88' lang='grc' dir='ltr'>πλήσει</span> <span class='ocrx_word' id='word_1_547' title='bbox 1539 870 1692 908; x_wconf 80' lang='grc' dir='ltr'>ποταμοὺς</span> <span class='ocrx_word' id='word_1_548' title='bbox 1703 893 1710 907; x_wconf 89' lang='grc'>,</span> <span class='ocrx_word' id='word_1_549' title='bbox 1725 870 1832 906; x_wconf 85' lang='grc' dir='ltr'>πλήσει</span> <span class='ocrx_word' id='word_1_550' title='bbox 1846 872 1876 901; x_wconf 79' lang='grc' dir='ltr'>δὲ</span> <span class='ocrx_word' id='word_1_551' title='bbox 1893 874 1942 902; x_wconf 83' lang='grc' dir='ltr'>καὶ</span> <span class='ocrx_word' id='word_1_552' title='bbox 1957 873 2042 912; x_wconf 77' lang='grc' dir='ltr'>ᾅδην,</span> 
     </span>
    </p>

    <p class='ocr_par' dir='ltr' id='par_1_23' title="bbox 1242 913 2130 957">
     <span class='ocr_line' id='line_1_74' title="bbox 1242 913 2130 957; baseline 0.008 -14"><span class='ocrx_word' id='word_1_553' title='bbox 1242 913 1425 949; x_wconf 85' lang='grc' dir='ltr'>δουλοσύνην</span> <span class='ocrx_word' id='word_1_554' title='bbox 1437 913 1464 943; x_wconf 90' lang='grc' dir='ltr'>τ’</span> <span class='ocrx_word' id='word_1_555' title='bbox 1479 915 1608 953; x_wconf 76' lang='grc' dir='ltr'>οἷκτρὴν,</span> <span class='ocrx_word' id='word_1_556' title='bbox 1626 917 1782 954; x_wconf 77' lang='grc' dir='ltr'>στυγερὴν,</span> <span class='ocrx_word' id='word_1_557' title='bbox 1798 917 1984 957; x_wconf 79' lang='grc' dir='ltr'>ἀτέκμαρτον</span> <span class='ocrx_word' id='word_1_558' title='bbox 1999 919 2130 957; x_wconf 79' lang='grc' dir='ltr'>ἐφέσσει.</span> 
     </span>
    </p>

    <p class='ocr_par' dir='ltr' id='par_1_24' title="bbox 1244 959 1998 1002">
     <span class='ocr_line' id='line_1_75' title="bbox 1244 959 1998 1002; baseline 0.005 -13"><span class='ocrx_word' id='word_1_559' title='bbox 1244 959 1326 989; x_wconf 78' lang='grc' dir='ltr'>Οὐδὲ</span> <span class='ocrx_word' id='word_1_560' title='bbox 1342 960 1416 997; x_wconf 76' lang='grc' dir='ltr'>γυνη</span> <span class='ocrx_word' id='word_1_561' title='bbox 1430 959 1519 989; x_wconf 84' lang='grc' dir='ltr'>πόσιν</span> <span class='ocrx_word' id='word_1_562' title='bbox 1534 960 1565 990; x_wconf 82' lang='grc' dir='ltr'>ὅν</span> <span class='ocrx_word' id='word_1_563' title='bbox 1582 960 1609 998; x_wconf 78' lang='grc' dir='ltr'>γ’</span> <span class='ocrx_word' id='word_1_564' title='bbox 1624 961 1794 995; x_wconf 73' lang='grc' dir='ltr'>ὑποδέξεται</span> <span class='ocrx_word' id='word_1_565' title='bbox 1808 961 1841 991; x_wconf 87' lang='grc' dir='ltr'>ἐκ</span> <span class='ocrx_word' id='word_1_566' title='bbox 1854 964 1998 1002; x_wconf 79' lang='grc' dir='ltr'>πολέμοιο</span> 
     </span>
    </p>

    <p class='ocr_par' dir='ltr' id='par_1_25' title="bbox 1242 1006 2020 1047">
     <span class='ocr_line' id='line_1_76' title="bbox 1242 1006 2020 1047; baseline 0.005 -11"><span class='ocrx_word' id='word_1_567' title='bbox 1242 1006 1412 1042; x_wconf 83' lang='grc' dir='ltr'>νοστήσαντ</span> <span class='ocrx_word' id='word_1_568' title='bbox 1426 1030 1434 1043; x_wconf 92' lang='grc'>,</span> <span class='ocrx_word' id='word_1_569' title='bbox 1449 1007 1532 1042; x_wconf 77' lang='grc' dir='ltr'>ἀίδης</span> <span class='ocrx_word' id='word_1_570' title='bbox 1544 1007 1574 1037; x_wconf 80' lang='grc' dir='ltr'>δὲ</span> <span class='ocrx_word' id='word_1_571' title='bbox 1591 1007 1786 1045; x_wconf 72' lang='grc' dir='ltr'>καταχθόνιος</span> <span class='ocrx_word' id='word_1_572' title='bbox 1796 1031 1804 1044; x_wconf 89' lang='grc'>,</span> <span class='ocrx_word' id='word_1_573' title='bbox 1821 1009 2020 1047; x_wconf 81' lang='grc' dir='ltr'>μελανείμων,</span> 
     </span>
    </p>

    <p class='ocr_par' dir='ltr' id='par_1_26' title="bbox 1245 1052 2044 1094">
     <span class='ocr_line' id='line_1_77' title="bbox 1245 1052 2044 1094; baseline 0.005 -13"><span class='ocrx_word' id='word_1_574' title='bbox 1245 1052 1300 1086; x_wconf 83' lang='grc' dir='ltr'>ἕξει</span> <span class='ocrx_word' id='word_1_575' title='bbox 1315 1052 1356 1081; x_wconf 85' lang='grc' dir='ltr'>ἐνὶ</span> <span class='ocrx_word' id='word_1_576' title='bbox 1372 1052 1555 1090; x_wconf 76' lang='grc' dir='ltr'>φθιμένοισιν</span> <span class='ocrx_word' id='word_1_577' title='bbox 1571 1052 1646 1090; x_wconf 78' lang='grc' dir='ltr'>ὁμοῦ</span> <span class='ocrx_word' id='word_1_578' title='bbox 1664 1052 1754 1081; x_wconf 80' lang='grc' dir='ltr'>τέκνα</span> <span class='ocrx_word' id='word_1_579' title='bbox 1771 1054 1880 1092; x_wconf 82' lang='grc' dir='ltr'>μητρὸς</span> <span class='ocrx_word' id='word_1_580' title='bbox 1894 1054 2044 1094; x_wconf 84' lang='grc' dir='ltr'>ἀπούρας,</span> 
     </span>
    </p>

    <p class='ocr_par' dir='ltr' id='par_1_27' title="bbox 1245 1096 1967 1139">
     <span class='ocr_line' id='line_1_78' title="bbox 1245 1096 1967 1139; baseline 0.001 -11"><span class='ocrx_word' id='word_1_581' title='bbox 1245 1097 1331 1137; x_wconf 83' lang='grc' dir='ltr'>Ἄρης</span> <span class='ocrx_word' id='word_1_582' title='bbox 1343 1096 1367 1127; x_wconf 81' lang='grc' dir='ltr'>δ’</span> <span class='ocrx_word' id='word_1_583' title='bbox 1382 1097 1561 1132; x_wconf 82' lang='grc' dir='ltr'>ἀλλοδαποῖς</span> <span class='ocrx_word' id='word_1_584' title='bbox 1574 1097 1726 1136; x_wconf 78' lang='grc' dir='ltr'>περιθήσει</span> <span class='ocrx_word' id='word_1_585' title='bbox 1744 1098 1859 1128; x_wconf 81' lang='grc' dir='ltr'>δούλιον</span> <span class='ocrx_word' id='word_1_586' title='bbox 1876 1099 1967 1139; x_wconf 77' lang='grc' dir='ltr'>ἦμαρ.</span> 
     </span>
    </p>
   </div>
   <div class='ocr_carea' id='block_1_10' title="bbox 1164 1160 2188 1268">
    <p class='ocr_par' dir='ltr' id='par_1_28' title="bbox 1164 1160 2188 1268">
     <span class='ocr_line' id='line_1_79' title="bbox 1164 1160 2184 1214; baseline 0.01 -22"><span class='ocrx_word' id='word_1_587' title='bbox 1164 1160 1471 1212; x_wconf 70' lang='grc' dir='ltr'>Ἀποφθεγξοίμενος</span> <span class='ocrx_word' id='word_1_588' title='bbox 1489 1160 1522 1196; x_wconf 79' lang='grc' dir='ltr'>δὲ</span> <span class='ocrx_word' id='word_1_589' title='bbox 1539 1163 1646 1196; x_wconf 86' lang='grc' dir='ltr'>ταῦτα</span> <span class='ocrx_word' id='word_1_590' title='bbox 1661 1160 1850 1205; x_wconf 80' lang='grc' dir='ltr'>ἐσιώπησεν</span> <span class='ocrx_word' id='word_1_591' title='bbox 1864 1162 1921 1198; x_wconf 79' lang='grc' dir='ltr'>καὶ</span> <span class='ocrx_word' id='word_1_592' title='bbox 1938 1165 2110 1214; x_wconf 83' lang='grc' dir='ltr'>πορευθεὶς</span> <span class='ocrx_word' id='word_1_593' title='bbox 2121 1165 2184 1206; x_wconf 75' lang='grc' dir='ltr'>ἔξω</span> 
     </span>
     <span class='ocr_line' id='line_1_80' title="bbox 1165 1215 2188 1268; baseline 0.005 -14"><span class='ocrx_word' id='word_1_594' title='bbox 1165 1221 1222 1255; x_wconf 87' lang='grc' dir='ltr'>τοῦ</span> <span class='ocrx_word' id='word_1_595' title='bbox 1243 1215 1472 1268; x_wconf 79' lang='grc' dir='ltr'>στρατοπέδου</span> <span class='ocrx_word' id='word_1_596' title='bbox 1499 1215 1602 1262; x_wconf 67' lang='grc' dir='ltr'>ἀνέὸη</span> <span class='ocrx_word' id='word_1_597' title='bbox 1628 1216 1685 1252; x_wconf 79' lang='grc' dir='ltr'>ἐπί</span> <span class='ocrx_word' id='word_1_598' title='bbox 1705 1232 1779 1253; x_wconf 90' lang='grc' dir='ltr'>τινα</span> <span class='ocrx_word' id='word_1_599' title='bbox 1808 1218 1901 1268; x_wconf 86' lang='grc' dir='ltr'>δρῦν.</span> <span class='ocrx_word' id='word_1_600' title='bbox 1926 1218 2188 1266; x_wconf 84' lang='grc' dir='ltr'>Ἐπακολουθή-</span> 
     </span>
    </p>
   </div>
   <div class='ocr_carea' id='block_1_11' title="bbox 1167 1273 2173 1324">
    <p class='ocr_par' dir='ltr' id='par_1_29' title="bbox 1167 1273 2173 1324">
     <span class='ocr_line' id='line_1_81' title="bbox 1167 1273 2173 1324; baseline 0.003 -12"><span class='ocrx_word' id='word_1_601' title='bbox 1167 1290 1287 1317; x_wconf 90' lang='grc' dir='ltr'>σαντος</span> <span class='ocrx_word' id='word_1_602' title='bbox 1310 1273 1344 1311; x_wconf 80' lang='grc' dir='ltr'>δὲ</span> <span class='ocrx_word' id='word_1_603' title='bbox 1369 1277 1428 1311; x_wconf 86' lang='grc' dir='ltr'>τοῦ</span> <span class='ocrx_word' id='word_1_604' title='bbox 1456 1273 1560 1324; x_wconf 77' lang='grc' dir='ltr'>ὄχλου</span> <span class='ocrx_word' id='word_1_605' title='bbox 1592 1273 1873 1324; x_wconf 83' lang='grc' dir='ltr'>προσεκαλέσατο</span> <span class='ocrx_word' id='word_1_606' title='bbox 1898 1276 2016 1320; x_wconf 78' lang='grc' dir='ltr'>αὐτοὺς</span> <span class='ocrx_word' id='word_1_607' title='bbox 2034 1278 2092 1314; x_wconf 81' lang='grc' dir='ltr'>καὶ</span> <span class='ocrx_word' id='word_1_608' title='bbox 2118 1273 2173 1315; x_wconf 57' lang='lat' dir='ltr'>{tn</span> 
     </span>
    </p>
   </div>
   <div class='ocr_carea' id='block_1_12' title="bbox 1548 1324 1568 1333">
    <p class='ocr_par' dir='ltr' id='par_1_30' title="bbox 1548 1324 1568 1333">
     <span class='ocr_line' id='line_1_82' title="bbox 1548 1324 1568 1333; baseline 0 0"><span class='ocrx_word' id='word_1_609' title='bbox 1548 1324 1568 1333; x_wconf 71' lang='lat' dir='ltr'>av</span> 
     </span>
    </p>
   </div>
   <div class='ocr_carea' id='block_1_13' title="bbox 1167 1330 2198 1956">
    <p class='ocr_par' dir='ltr' id='par_1_31' title="bbox 1167 1330 2198 1956">
     <span class='ocr_line' id='line_1_83' title="bbox 1167 1330 2192 1381; baseline 0 -11"><span class='ocrx_word' id='word_1_610' title='bbox 1167 1332 1266 1370; x_wconf 84' lang='grc' dir='ltr'>τάδε·</span> <span class='ocrx_word' id='word_1_611' title='bbox 1287 1350 1301 1366; x_wconf 83' lang='grc'>«</span> <span class='ocrx_word' id='word_1_612' title='bbox 1319 1331 1420 1380; x_wconf 82' lang='grc' dir='ltr'>Ἐμοὶ</span> <span class='ocrx_word' id='word_1_613' title='bbox 1441 1331 1515 1381; x_wconf 81' lang='grc' dir='ltr'>μὲν,</span> <span class='ocrx_word' id='word_1_614' title='bbox 1544 1334 1572 1368; x_wconf 88' lang='grc' dir='ltr'>ὠ</span> <span class='ocrx_word' id='word_1_615' title='bbox 1602 1331 1717 1381; x_wconf 80' lang='grc' dir='ltr'>ἄνδρες</span> <span class='ocrx_word' id='word_1_616' title='bbox 1741 1330 1912 1380; x_wconf 77' lang='grc' dir='ltr'>Ῥωμαῖοι</span> <span class='ocrx_word' id='word_1_617' title='bbox 1942 1334 1998 1372; x_wconf 78' lang='grc' dir='ltr'>καὶ</span> <span class='ocrx_word' id='word_1_618' title='bbox 2027 1336 2056 1371; x_wconf 78' lang='grc' dir='ltr'>οἱ</span> <span class='ocrx_word' id='word_1_619' title='bbox 2081 1335 2192 1373; x_wconf 83' lang='grc' dir='ltr'>λοιποὶ</span> 
     </span>
     <span class='ocr_line' id='line_1_84' title="bbox 1169 1388 2192 1443; baseline 0.003 -17"><span class='ocrx_word' id='word_1_620' title='bbox 1169 1390 1397 1441; x_wconf 79' lang='grc' dir='ltr'>στρατιῶται,</span> <span class='ocrx_word' id='word_1_621' title='bbox 1417 1388 1561 1433; x_wconf 79' lang='grc' dir='ltr'>καθήκει</span> <span class='ocrx_word' id='word_1_622' title='bbox 1581 1389 1821 1434; x_wconf 78' lang='grc' dir='ltr'>τελευτήσαντι</span> <span class='ocrx_word' id='word_1_623' title='bbox 1843 1391 1907 1427; x_wconf 80' lang='grc' dir='ltr'>ὑπὸ</span> <span class='ocrx_word' id='word_1_624' title='bbox 1933 1390 2036 1428; x_wconf 83' lang='grc' dir='ltr'>λύκου</span> <span class='ocrx_word' id='word_1_625' title='bbox 2065 1396 2192 1443; x_wconf 89' lang='grc' dir='ltr'>πυρροῦ</span> 
     </span>
     <span class='ocr_line' id='line_1_85' title="bbox 1170 1447 2195 1500; baseline 0.001 -15"><span class='ocrx_word' id='word_1_626' title='bbox 1170 1447 1369 1496; x_wconf 83' lang='grc' dir='ltr'>εὐμεγέθους</span> <span class='ocrx_word' id='word_1_627' title='bbox 1382 1447 1649 1496; x_wconf 72' lang='grc' dir='ltr'>καταὸρωθῆναι</span> <span class='ocrx_word' id='word_1_628' title='bbox 1666 1448 1699 1483; x_wconf 80' lang='grc' dir='ltr'>ἓν</span> <span class='ocrx_word' id='word_1_629' title='bbox 1717 1450 1759 1497; x_wconf 79' lang='grc' dir='ltr'>τῇ</span> <span class='ocrx_word' id='word_1_630' title='bbox 1778 1447 1926 1499; x_wconf 84' lang='grc' dir='ltr'>σήμερον</span> <span class='ocrx_word' id='word_1_631' title='bbox 1944 1448 2057 1500; x_wconf 75' lang='grc' dir='ltr'>ἡμέρα</span> <span class='ocrx_word' id='word_1_632' title='bbox 2072 1479 2081 1494; x_wconf 93' lang='grc'>,</span> <span class='ocrx_word' id='word_1_633' title='bbox 2101 1451 2195 1498; x_wconf 77' lang='grc' dir='ltr'>ὑμεῖς</span> 
     </span>
     <span class='ocr_line' id='line_1_86' title="bbox 1171 1503 2194 1556; baseline 0.002 -14"><span class='ocrx_word' id='word_1_634' title='bbox 1171 1504 1205 1542; x_wconf 76' lang='grc' dir='ltr'>δὲ</span> <span class='ocrx_word' id='word_1_635' title='bbox 1225 1505 1267 1542; x_wconf 88' lang='grc' dir='ltr'>τὰ</span> <span class='ocrx_word' id='word_1_636' title='bbox 1286 1503 1430 1556; x_wconf 76' lang='grc' dir='ltr'>ῥηθέντα</span> <span class='ocrx_word' id='word_1_637' title='bbox 1453 1505 1510 1540; x_wconf 76' lang='grc' dir='ltr'>ὑπ’</span> <span class='ocrx_word' id='word_1_638' title='bbox 1532 1506 1614 1552; x_wconf 82' lang='grc' dir='ltr'>ἐμοῦ</span> <span class='ocrx_word' id='word_1_639' title='bbox 1638 1504 1822 1553; x_wconf 86' lang='grc' dir='ltr'>γινώσκετε</span> <span class='ocrx_word' id='word_1_640' title='bbox 1848 1506 2095 1556; x_wconf 67' lang='grc' dir='ltr'>συμὸησόμενα</span> <span class='ocrx_word' id='word_1_641' title='bbox 2116 1508 2194 1556; x_wconf 73' lang='grc' dir='ltr'>ὑμῖν</span> 
     </span>
     <span class='ocr_line' id='line_1_87' title="bbox 1172 1560 2196 1616; baseline 0.002 -18"><span class='ocrx_word' id='word_1_642' title='bbox 1172 1562 1283 1599; x_wconf 84' lang='grc' dir='ltr'>πάντα</span> <span class='ocrx_word' id='word_1_643' title='bbox 1295 1591 1305 1610; x_wconf 92' lang='grc'>,</span> <span class='ocrx_word' id='word_1_644' title='bbox 1326 1560 1520 1612; x_wconf 82' lang='grc' dir='ltr'>τεκμηρίοις</span> <span class='ocrx_word' id='word_1_645' title='bbox 1539 1560 1709 1612; x_wconf 80' lang='grc' dir='ltr'>χρώμενοι</span> <span class='ocrx_word' id='word_1_646' title='bbox 1723 1565 1764 1612; x_wconf 84' lang='grc' dir='ltr'>τῆ</span> <span class='ocrx_word' id='word_1_647' title='bbox 1782 1566 1839 1599; x_wconf 87' lang='grc' dir='ltr'>νῦν</span> <span class='ocrx_word' id='word_1_648' title='bbox 1854 1564 1996 1613; x_wconf 78' lang='grc' dir='ltr'>ἐσομένη</span> <span class='ocrx_word' id='word_1_649' title='bbox 2019 1563 2196 1616; x_wconf 77' lang='grc' dir='ltr'>ἐπιφανείᾳ</span> 
     </span>
     <span class='ocr_line' id='line_1_88' title="bbox 1172 1618 2196 1671; baseline 0 -14"><span class='ocrx_word' id='word_1_650' title='bbox 1172 1623 1230 1657; x_wconf 86' lang='grc' dir='ltr'>τοῦ</span> <span class='ocrx_word' id='word_1_651' title='bbox 1251 1618 1366 1669; x_wconf 88' lang='grc' dir='ltr'>θηρίου</span> <span class='ocrx_word' id='word_1_652' title='bbox 1383 1634 1418 1655; x_wconf 88' lang='grc' dir='ltr'>τε</span> <span class='ocrx_word' id='word_1_653' title='bbox 1438 1618 1496 1655; x_wconf 79' lang='grc' dir='ltr'>καὶ</span> <span class='ocrx_word' id='word_1_654' title='bbox 1514 1621 1555 1668; x_wconf 79' lang='grc' dir='ltr'>τῆ</span> <span class='ocrx_word' id='word_1_655' title='bbox 1574 1621 1638 1668; x_wconf 79' lang='grc' dir='ltr'>ἐμῆ</span> <span class='ocrx_word' id='word_1_656' title='bbox 1660 1619 1853 1669; x_wconf 85' lang='grc' dir='ltr'>ἀναιρέσει,</span> <span class='ocrx_word' id='word_1_657' title='bbox 1876 1619 1925 1656; x_wconf 76' lang='grc' dir='ltr'>ὅτι</span> <span class='ocrx_word' id='word_1_658' title='bbox 1947 1621 2056 1666; x_wconf 87' lang='grc' dir='ltr'>ἀληθῆ</span> <span class='ocrx_word' id='word_1_659' title='bbox 2077 1620 2196 1671; x_wconf 88' lang='grc' dir='ltr'>εἴρηκα</span> 
     </span>
     <span class='ocr_line' id='line_1_89' title="bbox 1174 1674 2196 1718; baseline 0.001 -6"><span class='ocrx_word' id='word_1_660' title='bbox 1174 1675 1211 1712; x_wconf 83' lang='grc' dir='ltr'>ἔκ</span> <span class='ocrx_word' id='word_1_661' title='bbox 1231 1690 1317 1717; x_wconf 84' lang='grc' dir='ltr'>τινος</span> <span class='ocrx_word' id='word_1_662' title='bbox 1336 1674 1428 1717; x_wconf 89' lang='grc' dir='ltr'>θείας</span> <span class='ocrx_word' id='word_1_663' title='bbox 1447 1675 1658 1718; x_wconf 76' lang='grc' dir='ltr'>ὑποδείξεως.</span> <span class='ocrx_word' id='word_1_664' title='bbox 1680 1679 1866 1713; x_wconf 79' lang='grc' dir='ltr'>»Τοσαῦτα</span> <span class='ocrx_word' id='word_1_665' title='bbox 1889 1676 1923 1712; x_wconf 83' lang='grc' dir='ltr'>δὲ</span> <span class='ocrx_word' id='word_1_666' title='bbox 1943 1677 2046 1713; x_wconf 84' lang='grc' dir='ltr'>εἰπὼν</span> <span class='ocrx_word' id='word_1_667' title='bbox 2063 1677 2196 1714; x_wconf 86' lang='grc' dir='ltr'>ἐκέλευ-</span> 
     </span>
     <span class='ocr_line' id='line_1_90' title="bbox 1175 1731 2196 1784; baseline 0.002 -15"><span class='ocrx_word' id='word_1_668' title='bbox 1175 1749 1230 1770; x_wconf 89' lang='grc' dir='ltr'>σεν</span> <span class='ocrx_word' id='word_1_669' title='bbox 1255 1731 1376 1774; x_wconf 74' lang='grc' dir='ltr'>αὐτοὺς</span> <span class='ocrx_word' id='word_1_670' title='bbox 1400 1734 1591 1778; x_wconf 84' lang='grc' dir='ltr'>ἀποστῆναι</span> <span class='ocrx_word' id='word_1_671' title='bbox 1613 1732 1671 1769; x_wconf 80' lang='grc' dir='ltr'>καὶ</span> <span class='ocrx_word' id='word_1_672' title='bbox 1698 1733 1827 1782; x_wconf 82' lang='grc' dir='ltr'>μηδένα</span> <span class='ocrx_word' id='word_1_673' title='bbox 1848 1735 2001 1770; x_wconf 88' lang='grc' dir='ltr'>κωλῦσαι</span> <span class='ocrx_word' id='word_1_674' title='bbox 2027 1733 2065 1771; x_wconf 85' lang='grc' dir='ltr'>τὸ</span> <span class='ocrx_word' id='word_1_675' title='bbox 2084 1734 2196 1784; x_wconf 87' lang='grc' dir='ltr'>θηρίον</span> 
     </span>
     <span class='ocr_line' id='line_1_91' title="bbox 1171 1789 2196 1842; baseline 0 -14"><span class='ocrx_word' id='word_1_676' title='bbox 1171 1790 1380 1842; x_wconf 78' lang='grc' dir='ltr'>προσελθεῖν,</span> <span class='ocrx_word' id='word_1_677' title='bbox 1409 1790 1564 1841; x_wconf 78' lang='grc' dir='ltr'>φάσκων,</span> <span class='ocrx_word' id='word_1_678' title='bbox 1593 1789 1650 1828; x_wconf 83' lang='grc' dir='ltr'>ἐὰν</span> <span class='ocrx_word' id='word_1_679' title='bbox 1675 1789 1951 1842; x_wconf 77' lang='grc' dir='ltr'>ἀποστρέψωσιν,</span> <span class='ocrx_word' id='word_1_680' title='bbox 1973 1792 2010 1828; x_wconf 82' lang='grc' dir='ltr'>οὗ</span> <span class='ocrx_word' id='word_1_681' title='bbox 2031 1791 2196 1828; x_wconf 89' lang='grc' dir='ltr'>συνοίσειν</span> 
     </span>
     <span class='ocr_line' id='line_1_92' title="bbox 1175 1847 2196 1898; baseline 0 -14"><span class='ocrx_word' id='word_1_682' title='bbox 1175 1849 1298 1890; x_wconf 77' lang='grc' dir='ltr'>αὐτοῖς.</span> <span class='ocrx_word' id='word_1_683' title='bbox 1358 1848 1574 1893; x_wconf 86' lang='grc' dir='ltr'>Ποιήσαντος</span> <span class='ocrx_word' id='word_1_684' title='bbox 1597 1847 1631 1884; x_wconf 81' lang='grc' dir='ltr'>δὲ</span> <span class='ocrx_word' id='word_1_685' title='bbox 1655 1851 1713 1884; x_wconf 84' lang='grc' dir='ltr'>τοῦ</span> <span class='ocrx_word' id='word_1_686' title='bbox 1743 1849 1891 1893; x_wconf 85' lang='grc' dir='ltr'>πλήθους</span> <span class='ocrx_word' id='word_1_687' title='bbox 1916 1848 1954 1885; x_wconf 85' lang='grc' dir='ltr'>τὸ</span> <span class='ocrx_word' id='word_1_688' title='bbox 1982 1848 2196 1898; x_wconf 82' lang='grc' dir='ltr'>προσταχθὲν</span> 
     </span>
     <span class='ocr_line' id='line_1_93' title="bbox 1174 1905 2198 1956; baseline -0.001 -14"><span class='ocrx_word' id='word_1_689' title='bbox 1174 1908 1235 1942; x_wconf 85' lang='grc' dir='ltr'>οὐκ</span> <span class='ocrx_word' id='word_1_690' title='bbox 1252 1907 1297 1948; x_wconf 83' lang='grc' dir='ltr'>εἷς</span> <span class='ocrx_word' id='word_1_691' title='bbox 1318 1905 1452 1956; x_wconf 80' lang='grc' dir='ltr'>μακρὰν</span> <span class='ocrx_word' id='word_1_692' title='bbox 1475 1905 1698 1956; x_wconf 88' lang='grc' dir='ltr'>παραγίνεται</span> <span class='ocrx_word' id='word_1_693' title='bbox 1718 1908 1735 1942; x_wconf 86' lang='grc' dir='ltr'>ὃ</span> <span class='ocrx_word' id='word_1_694' title='bbox 1762 1906 1872 1948; x_wconf 83' lang='grc' dir='ltr'>λύκος.</span> <span class='ocrx_word' id='word_1_695' title='bbox 1890 1905 1984 1944; x_wconf 84' lang='grc' dir='ltr'>Ἰδὼν</span> <span class='ocrx_word' id='word_1_696' title='bbox 2010 1906 2044 1942; x_wconf 81' lang='grc' dir='ltr'>δὲ</span> <span class='ocrx_word' id='word_1_697' title='bbox 2065 1905 2163 1942; x_wconf 74' lang='grc' dir='ltr'>αὐτὸν</span> <span class='ocrx_word' id='word_1_698' title='bbox 2180 1908 2198 1941; x_wconf 85' lang='grc' dir='ltr'>ὁ</span> 
     </span>
    </p>
   </div>
   <div class='ocr_carea' id='block_1_14' title="bbox 1243 2013 2079 2774">
    <p class='ocr_par' dir='ltr' id='par_1_32' title="bbox 1243 2013 1947 2187">
     <span class='ocr_line' id='line_1_94' title="bbox 1244 2013 1886 2050; baseline 0 -8"><span class='ocrx_word' id='word_1_699' title='bbox 1244 2015 1344 2042; x_wconf 75' lang='lat' dir='ltr'>Nisaeae</span> <span class='ocrx_word' id='word_1_700' title='bbox 1364 2015 1483 2049; x_wconf 89' lang='lat' dir='ltr'>quando</span> <span class='ocrx_word' id='word_1_701' title='bbox 1506 2013 1595 2042; x_wconf 80' lang='lat' dir='ltr'>frenis</span> <span class='ocrx_word' id='word_1_702' title='bbox 1611 2022 1740 2049; x_wconf 84' lang='lat' dir='ltr'>auroque</span> <span class='ocrx_word' id='word_1_703' title='bbox 1753 2015 1886 2050; x_wconf 79' lang='lat' dir='ltr'>superbae</span> 
     </span>
     <span class='ocr_line' id='line_1_95' title="bbox 1243 2060 1947 2095; baseline -0.001 -7"><span class='ocrx_word' id='word_1_704' title='bbox 1243 2060 1439 2095; x_wconf 73' lang='lat' dir='ltr'>Egredientur</span> <span class='ocrx_word' id='word_1_705' title='bbox 1453 2068 1535 2095; x_wconf 65' lang='lat' dir='ltr'>equa}</span> <span class='ocrx_word' id='word_1_706' title='bbox 1555 2061 1680 2095; x_wconf 83' lang='lat' dir='ltr'>propriis</span> <span class='ocrx_word' id='word_1_707' title='bbox 1693 2061 1728 2087; x_wconf 87' lang='lat' dir='ltr'>de</span> <span class='ocrx_word' id='word_1_708' title='bbox 1741 2061 1859 2088; x_wconf 87' lang='lat' dir='ltr'>sedibus</span> <span class='ocrx_word' id='word_1_709' title='bbox 1876 2061 1947 2088; x_wconf 70' lang='lat' dir='ltr'>albze</span> 
     </span>
     <span class='ocr_line' id='line_1_96' title="bbox 1244 2107 1921 2142; baseline 0 -9"><span class='ocrx_word' id='word_1_710' title='bbox 1244 2109 1331 2139; x_wconf 86' lang='lat' dir='ltr'>(Arte</span> <span class='ocrx_word' id='word_1_711' title='bbox 1345 2107 1492 2140; x_wconf 75' lang='lat' dir='ltr'>Syracusis</span> <span class='ocrx_word' id='word_1_712' title='bbox 1505 2113 1576 2141; x_wconf 85' lang='lat' dir='ltr'>quas</span> <span class='ocrx_word' id='word_1_713' title='bbox 1595 2107 1625 2133; x_wconf 93' lang='lat' dir='ltr'>in</span> <span class='ocrx_word' id='word_1_714' title='bbox 1644 2107 1838 2142; x_wconf 86' lang='lat' dir='ltr'>locupletibus</span> <span class='ocrx_word' id='word_1_715' title='bbox 1851 2107 1921 2134; x_wconf 86' lang='lat' dir='ltr'>olim</span> 
     </span>
     <span class='ocr_line' id='line_1_97' title="bbox 1245 2151 1888 2187; baseline 0 -9"><span class='ocrx_word' id='word_1_716' title='bbox 1245 2151 1378 2178; x_wconf 58' lang='lat' dir='ltr'>predatus</span> <span class='ocrx_word' id='word_1_717' title='bbox 1396 2152 1499 2178; x_wconf 79' lang='lat' dir='ltr'>Eetion</span> <span class='ocrx_word' id='word_1_718' title='bbox 1517 2151 1658 2184; x_wconf 64' lang='lat' dir='ltr'>jucundat</span> <span class='ocrx_word' id='word_1_719' title='bbox 1672 2151 1769 2178; x_wconf 86' lang='lat' dir='ltr'>nobile</span> <span class='ocrx_word' id='word_1_720' title='bbox 1782 2152 1888 2187; x_wconf 74' lang='lat' dir='ltr'>pignus</span> 
     </span>
    </p>

    <p class='ocr_par' dir='ltr' id='par_1_33' title="bbox 1245 2196 2079 2685">
     <span class='ocr_line' id='line_1_98' title="bbox 1246 2196 1937 2231; baseline 0 -8"><span class='ocrx_word' id='word_1_721' title='bbox 1246 2197 1325 2223; x_wconf 84' lang='lat' dir='ltr'>Fecit</span> <span class='ocrx_word' id='word_1_722' title='bbox 1344 2196 1494 2228; x_wconf 61' lang='lat' dir='ltr'>amicitiae,</span> <span class='ocrx_word' id='word_1_723' title='bbox 1516 2196 1652 2231; x_wconf 83' lang='lat' dir='ltr'>praesepia</span> <span class='ocrx_word' id='word_1_724' title='bbox 1665 2196 1701 2222; x_wconf 87' lang='lat' dir='ltr'>ad</span> <span class='ocrx_word' id='word_1_725' title='bbox 1722 2204 1796 2223; x_wconf 75' lang='lat' dir='ltr'>aerea</span> <span class='ocrx_word' id='word_1_726' title='bbox 1814 2199 1937 2227; x_wconf 78' lang='lat' dir='ltr'>stantes,</span> 
     </span>
     <span class='ocr_line' id='line_1_99' title="bbox 1246 2241 2027 2276; baseline 0 -9"><span class='ocrx_word' id='word_1_727' title='bbox 1246 2244 1396 2276; x_wconf 75' lang='lat' dir='ltr'>Aureaque</span> <span class='ocrx_word' id='word_1_728' title='bbox 1412 2241 1491 2268; x_wconf 88' lang='lat' dir='ltr'>inter</span> <span class='ocrx_word' id='word_1_729' title='bbox 1510 2248 1539 2267; x_wconf 89' lang='lat' dir='ltr'>se</span> <span class='ocrx_word' id='word_1_730' title='bbox 1556 2243 1739 2268; x_wconf 78' lang='lat' dir='ltr'>connectunt</span> <span class='ocrx_word' id='word_1_731' title='bbox 1753 2241 1871 2268; x_wconf 84' lang='lat' dir='ltr'>vincula</span> <span class='ocrx_word' id='word_1_732' title='bbox 1886 2243 2006 2268; x_wconf 82' lang='lat' dir='ltr'>cunctas</span> <span class='ocrx_word' id='word_1_733' title='bbox 2022 2252 2027 2266; x_wconf 89' lang='lat'>:</span> 
     </span>
     <span class='ocr_line' id='line_1_100' title="bbox 1245 2285 2028 2320; baseline -0.003 -7"><span class='ocrx_word' id='word_1_734' title='bbox 1245 2285 1317 2318; x_wconf 85' lang='lat' dir='ltr'>Quis</span> <span class='ocrx_word' id='word_1_735' title='bbox 1338 2293 1426 2320; x_wconf 83' lang='lat' dir='ltr'>super</span> <span class='ocrx_word' id='word_1_736' title='bbox 1441 2285 1562 2318; x_wconf 77' lang='lat' dir='ltr'>insignis</span> <span class='ocrx_word' id='word_1_737' title='bbox 1574 2285 1671 2316; x_wconf 78' lang='lat' dir='ltr'>radiis,</span> <span class='ocrx_word' id='word_1_738' title='bbox 1686 2286 1844 2320; x_wconf 86' lang='lat' dir='ltr'>oculosque</span> <span class='ocrx_word' id='word_1_739' title='bbox 1863 2293 2028 2315; x_wconf 81' lang='lat' dir='ltr'>coruscans.</span> 
     </span>
     <span class='ocr_line' id='line_1_101' title="bbox 1247 2330 1991 2364; baseline -0.001 -7"><span class='ocrx_word' id='word_1_740' title='bbox 1247 2331 1398 2358; x_wconf 84' lang='lat' dir='ltr'>Invehitur</span> <span class='ocrx_word' id='word_1_741' title='bbox 1417 2330 1518 2357; x_wconf 81' lang='lat' dir='ltr'>famosi</span> <span class='ocrx_word' id='word_1_742' title='bbox 1534 2330 1710 2364; x_wconf 85' lang='lat' dir='ltr'>Hyperionis</span> <span class='ocrx_word' id='word_1_743' title='bbox 1727 2331 1836 2363; x_wconf 83' lang='lat' dir='ltr'>inclyta</span> <span class='ocrx_word' id='word_1_744' title='bbox 1853 2330 1967 2364; x_wconf 63' lang='lat' dir='ltr'>proles)</span> <span class='ocrx_word' id='word_1_745' title='bbox 1985 2340 1991 2356; x_wconf 88' lang='lat'>:</span> 
     </span>
     <span class='ocr_line' id='line_1_102' title="bbox 1245 2375 2079 2409; baseline -0.004 -6"><span class='ocrx_word' id='word_1_746' title='bbox 1245 2378 1318 2403; x_wconf 89' lang='lat' dir='ltr'>Tum</span> <span class='ocrx_word' id='word_1_747' title='bbox 1332 2376 1464 2409; x_wconf 84' lang='lat' dir='ltr'>gravium</span> <span class='ocrx_word' id='word_1_748' title='bbox 1479 2378 1506 2402; x_wconf 89' lang='lat' dir='ltr'>te</span> <span class='ocrx_word' id='word_1_749' title='bbox 1516 2396 1523 2407; x_wconf 78' lang='grc'>,</span> <span class='ocrx_word' id='word_1_750' title='bbox 1535 2378 1626 2402; x_wconf 82' lang='lat' dir='ltr'>Roma</span> <span class='ocrx_word' id='word_1_751' title='bbox 1638 2396 1645 2408; x_wconf 88' lang='lat'>,</span> <span class='ocrx_word' id='word_1_752' title='bbox 1665 2375 1789 2409; x_wconf 72' lang='lat' dir='ltr'>attinget</span> <span class='ocrx_word' id='word_1_753' title='bbox 1803 2382 1915 2402; x_wconf 86' lang='lat' dir='ltr'>summa</span> <span class='ocrx_word' id='word_1_754' title='bbox 1926 2375 2079 2401; x_wconf 80' lang='lat' dir='ltr'>malorum.</span> 
     </span>
     <span class='ocr_line' id='line_1_103' title="bbox 1246 2420 2010 2456; baseline -0.003 -7"><span class='ocrx_word' id='word_1_755' title='bbox 1246 2424 1318 2449; x_wconf 80' lang='lat' dir='ltr'>Nam</span> <span class='ocrx_word' id='word_1_756' title='bbox 1340 2430 1462 2456; x_wconf 79' lang='lat' dir='ltr'>maguus</span> <span class='ocrx_word' id='word_1_757' title='bbox 1481 2422 1601 2449; x_wconf 76' lang='lat' dir='ltr'>veniens</span> <span class='ocrx_word' id='word_1_758' title='bbox 1613 2421 1758 2449; x_wconf 84' lang='lat' dir='ltr'>exercitus</span> <span class='ocrx_word' id='word_1_759' title='bbox 1780 2422 1879 2448; x_wconf 85' lang='lat' dir='ltr'>onmia</span> <span class='ocrx_word' id='word_1_760' title='bbox 1898 2420 2010 2455; x_wconf 85' lang='lat' dir='ltr'>perdet.</span> 
     </span>
     <span class='ocr_line' id='line_1_104' title="bbox 1248 2465 1992 2499; baseline -0.003 -5"><span class='ocrx_word' id='word_1_761' title='bbox 1248 2467 1365 2494; x_wconf 79' lang='lat' dir='ltr'>Civibus</span> <span class='ocrx_word' id='word_1_762' title='bbox 1377 2467 1494 2494; x_wconf 86' lang='lat' dir='ltr'>orbabit</span> <span class='ocrx_word' id='word_1_763' title='bbox 1509 2465 1582 2499; x_wconf 79' lang='lat' dir='ltr'>fora,</span> <span class='ocrx_word' id='word_1_764' title='bbox 1603 2469 1632 2493; x_wconf 83' lang='lat' dir='ltr'>et</span> <span class='ocrx_word' id='word_1_765' title='bbox 1648 2466 1737 2493; x_wconf 90' lang='lat' dir='ltr'>urbes</span> <span class='ocrx_word' id='word_1_766' title='bbox 1757 2466 1823 2499; x_wconf 64' lang='lat' dir='ltr'>igue</span> <span class='ocrx_word' id='word_1_767' title='bbox 1836 2465 1992 2496; x_wconf 76' lang='lat' dir='ltr'>cremabit,</span> 
     </span>
     <span class='ocr_line' id='line_1_105' title="bbox 1247 2511 2028 2546; baseline -0.005 -6"><span class='ocrx_word' id='word_1_768' title='bbox 1247 2512 1453 2546; x_wconf 78' lang='lat' dir='ltr'>Sanguineque</span> <span class='ocrx_word' id='word_1_769' title='bbox 1467 2512 1600 2546; x_wconf 83' lang='lat' dir='ltr'>implebit</span> <span class='ocrx_word' id='word_1_770' title='bbox 1613 2511 1705 2543; x_wconf 82' lang='lat' dir='ltr'>rivos,</span> <span class='ocrx_word' id='word_1_771' title='bbox 1719 2513 1748 2537; x_wconf 91' lang='lat' dir='ltr'>et</span> <span class='ocrx_word' id='word_1_772' title='bbox 1766 2511 1906 2543; x_wconf 73' lang='lat' dir='ltr'>sanguine</span> <span class='ocrx_word' id='word_1_773' title='bbox 1922 2517 2028 2537; x_wconf 77' lang='lat' dir='ltr'>manes.</span> 
     </span>
     <span class='ocr_line' id='line_1_106' title="bbox 1247 2556 1951 2593; baseline -0.006 -7"><span class='ocrx_word' id='word_1_774' title='bbox 1247 2559 1429 2593; x_wconf 84' lang='lat' dir='ltr'>servitioque</span> <span class='ocrx_word' id='word_1_775' title='bbox 1444 2560 1573 2593; x_wconf 85' lang='lat' dir='ltr'>premet,</span> <span class='ocrx_word' id='word_1_776' title='bbox 1589 2565 1638 2592; x_wconf 84' lang='lat' dir='ltr'>spe</span> <span class='ocrx_word' id='word_1_777' title='bbox 1653 2557 1792 2584; x_wconf 80' lang='lat' dir='ltr'>libertatis</span> <span class='ocrx_word' id='word_1_778' title='bbox 1808 2556 1951 2591; x_wconf 79' lang='lat' dir='ltr'>adempta.</span> 
     </span>
     <span class='ocr_line' id='line_1_107' title="bbox 1248 2600 2015 2631; baseline -0.005 0"><span class='ocrx_word' id='word_1_779' title='bbox 1248 2604 1333 2631; x_wconf 87' lang='lat' dir='ltr'>Nulla</span> <span class='ocrx_word' id='word_1_780' title='bbox 1348 2604 1442 2631; x_wconf 75' lang='lat' dir='ltr'>virum</span> <span class='ocrx_word' id='word_1_781' title='bbox 1464 2610 1480 2630; x_wconf 90' lang='lat' dir='ltr'>e</span> <span class='ocrx_word' id='word_1_782' title='bbox 1497 2603 1573 2630; x_wconf 87' lang='lat' dir='ltr'>bello</span> <span class='ocrx_word' id='word_1_783' title='bbox 1587 2603 1726 2630; x_wconf 83' lang='lat' dir='ltr'>reducem</span> <span class='ocrx_word' id='word_1_784' title='bbox 1741 2605 1811 2628; x_wconf 87' lang='lat' dir='ltr'>tunc</span> <span class='ocrx_word' id='word_1_785' title='bbox 1826 2600 1931 2628; x_wconf 81' lang='lat' dir='ltr'>femina</span> <span class='ocrx_word' id='word_1_786' title='bbox 1951 2600 2015 2627; x_wconf 90' lang='lat' dir='ltr'>diro</span> 
     </span>
     <span class='ocr_line' id='line_1_108' title="bbox 1246 2648 1887 2685; baseline -0.005 -8"><span class='ocrx_word' id='word_1_787' title='bbox 1246 2650 1390 2685; x_wconf 81' lang='lat' dir='ltr'>Excipiet;</span> <span class='ocrx_word' id='word_1_788' title='bbox 1406 2649 1493 2677; x_wconf 81' lang='lat' dir='ltr'>Pluto</span> <span class='ocrx_word' id='word_1_789' title='bbox 1506 2649 1592 2683; x_wconf 80' lang='lat' dir='ltr'>nigro</span> <span class='ocrx_word' id='word_1_790' title='bbox 1605 2649 1654 2676; x_wconf 84' lang='lat' dir='ltr'>sed</span> <span class='ocrx_word' id='word_1_791' title='bbox 1675 2648 1765 2676; x_wconf 83' lang='lat' dir='ltr'>tristis</span> <span class='ocrx_word' id='word_1_792' title='bbox 1777 2648 1887 2675; x_wconf 84' lang='lat' dir='ltr'>amictu</span> 
     </span>
    </p>

    <p class='ocr_par' dir='ltr' id='par_1_34' title="bbox 1247 2694 1992 2774">
     <span class='ocr_line' id='line_1_109' title="bbox 1247 2694 1992 2730; baseline -0.007 -7"><span class='ocrx_word' id='word_1_793' title='bbox 1247 2696 1307 2723; x_wconf 92' lang='lat' dir='ltr'>Sub</span> <span class='ocrx_word' id='word_1_794' title='bbox 1325 2698 1417 2722; x_wconf 85' lang='lat' dir='ltr'>terras</span> <span class='ocrx_word' id='word_1_795' title='bbox 1430 2695 1523 2730; x_wconf 85' lang='lat' dir='ltr'>rapiet</span> <span class='ocrx_word' id='word_1_796' title='bbox 1536 2696 1619 2721; x_wconf 88' lang='lat' dir='ltr'>natos</span> <span class='ocrx_word' id='word_1_797' title='bbox 1632 2696 1798 2727; x_wconf 86' lang='lat' dir='ltr'>matresque</span> <span class='ocrx_word' id='word_1_798' title='bbox 1819 2694 1974 2726; x_wconf 82' lang='lat' dir='ltr'>patresque</span> <span class='ocrx_word' id='word_1_799' title='bbox 1985 2711 1992 2722; x_wconf 79' lang='grc'>,</span> 
     </span>
     <span class='ocr_line' id='line_1_110' title="bbox 1248 2738 1924 2774; baseline -0.004 -7"><span class='ocrx_word' id='word_1_800' title='bbox 1248 2743 1380 2774; x_wconf 84' lang='lat' dir='ltr'>Marsque</span> <span class='ocrx_word' id='word_1_801' title='bbox 1393 2739 1556 2774; x_wconf 83' lang='lat' dir='ltr'>peregrinis</span> <span class='ocrx_word' id='word_1_802' title='bbox 1569 2740 1654 2773; x_wconf 82' lang='lat' dir='ltr'>coget</span> <span class='ocrx_word' id='word_1_803' title='bbox 1667 2738 1776 2765; x_wconf 84' lang='lat' dir='ltr'>servire</span> <span class='ocrx_word' id='word_1_804' title='bbox 1797 2738 1924 2765; x_wconf 77' lang='lat' dir='ltr'>relictos.</span> 
     </span>
    </p>
   </div>
   <div class='ocr_carea' id='block_1_15' title="bbox 1178 2814 2203 3320">
    <p class='ocr_par' dir='ltr' id='par_1_35' title="bbox 1178 2814 2203 3320">
     <span class='ocr_line' id='line_1_111' title="bbox 1178 2814 2201 2857; baseline -0.008 -6"><span class='ocrx_word' id='word_1_805' title='bbox 1178 2821 1228 2851; x_wconf 90' lang='lat' dir='ltr'>Sic</span> <span class='ocrx_word' id='word_1_806' title='bbox 1243 2821 1327 2851; x_wconf 84' lang='lat' dir='ltr'>satus</span> <span class='ocrx_word' id='word_1_807' title='bbox 1340 2819 1490 2850; x_wconf 85' lang='lat' dir='ltr'>conticuit</span> <span class='ocrx_word' id='word_1_808' title='bbox 1506 2831 1513 2850; x_wconf 89' lang='lat'>:</span> <span class='ocrx_word' id='word_1_809' title='bbox 1532 2826 1732 2857; x_wconf 80' lang='lat' dir='ltr'>egressusque</span> <span class='ocrx_word' id='word_1_810' title='bbox 1747 2816 1854 2848; x_wconf 85' lang='lat' dir='ltr'>castris</span> <span class='ocrx_word' id='word_1_811' title='bbox 1872 2824 2023 2855; x_wconf 90' lang='lat' dir='ltr'>quercum</span> <span class='ocrx_word' id='word_1_812' title='bbox 2046 2814 2201 2853; x_wconf 83' lang='lat' dir='ltr'>quandam</span> 
     </span>
     <span class='ocr_line' id='line_1_112' title="bbox 1178 2866 2202 2910; baseline -0.008 -7"><span class='ocrx_word' id='word_1_813' title='bbox 1178 2872 1374 2909; x_wconf 80' lang='lat' dir='ltr'>conscendit3</span> <span class='ocrx_word' id='word_1_814' title='bbox 1401 2872 1647 2910; x_wconf 83' lang='lat' dir='ltr'>sequentemque</span> <span class='ocrx_word' id='word_1_815' title='bbox 1672 2869 1909 2900; x_wconf 85' lang='lat' dir='ltr'>multitudinem</span> <span class='ocrx_word' id='word_1_816' title='bbox 1934 2867 2106 2904; x_wconf 85' lang='lat' dir='ltr'>advocans,</span> <span class='ocrx_word' id='word_1_817' title='bbox 2133 2866 2202 2896; x_wconf 61' lang='lat' dir='ltr'>haec</span> 
     </span>
     <span class='ocr_line' id='line_1_113' title="bbox 1179 2918 2198 2960; baseline -0.007 -8"><span class='ocrx_word' id='word_1_818' title='bbox 1179 2923 1258 2953; x_wconf 82' lang='lat' dir='ltr'>dixit</span> <span class='ocrx_word' id='word_1_819' title='bbox 1273 2932 1280 2952; x_wconf 76' lang='grc' dir='ltr'>ε</span> <span class='ocrx_word' id='word_1_820' title='bbox 1303 2935 1318 2948; x_wconf 86' lang='lat'>«</span> <span class='ocrx_word' id='word_1_821' title='bbox 1339 2922 1413 2952; x_wconf 87' lang='lat' dir='ltr'>Mihi</span> <span class='ocrx_word' id='word_1_822' title='bbox 1438 2922 1564 2960; x_wconf 87' lang='lat' dir='ltr'>quidem</span> <span class='ocrx_word' id='word_1_823' title='bbox 1576 2945 1584 2959; x_wconf 96' lang='lat'>‚</span> <span class='ocrx_word' id='word_1_824' title='bbox 1607 2921 1743 2956; x_wconf 89' lang='lat' dir='ltr'>Quirites</span> <span class='ocrx_word' id='word_1_825' title='bbox 1760 2920 1918 2958; x_wconf 85' lang='lat' dir='ltr'>ceterique</span> <span class='ocrx_word' id='word_1_826' title='bbox 1936 2918 2049 2948; x_wconf 88' lang='lat' dir='ltr'>milites</span> <span class='ocrx_word' id='word_1_827' title='bbox 2061 2941 2068 2954; x_wconf 95' lang='lat'>,</span> <span class='ocrx_word' id='word_1_828' title='bbox 2086 2924 2198 2946; x_wconf 90' lang='lat' dir='ltr'>couve-</span> 
     </span>
     <span class='ocr_line' id='line_1_114' title="bbox 1180 2968 2199 3012; baseline -0.008 -8"><span class='ocrx_word' id='word_1_829' title='bbox 1180 2975 1225 3004; x_wconf 91' lang='lat' dir='ltr'>nit</span> <span class='ocrx_word' id='word_1_830' title='bbox 1241 2976 1275 3004; x_wconf 91' lang='lat' dir='ltr'>ut</span> <span class='ocrx_word' id='word_1_831' title='bbox 1289 2983 1306 3004; x_wconf 89' lang='lat' dir='ltr'>a</span> <span class='ocrx_word' id='word_1_832' title='bbox 1318 2975 1392 3012; x_wconf 89' lang='lat' dir='ltr'>lupo</span> <span class='ocrx_word' id='word_1_833' title='bbox 1404 2974 1472 3003; x_wconf 85' lang='lat' dir='ltr'>ruso</span> <span class='ocrx_word' id='word_1_834' title='bbox 1487 2982 1599 3012; x_wconf 80' lang='lat' dir='ltr'>magno</span> <span class='ocrx_word' id='word_1_835' title='bbox 1620 2982 1711 3003; x_wconf 91' lang='lat' dir='ltr'>vorer</span> <span class='ocrx_word' id='word_1_836' title='bbox 1729 2972 1832 3002; x_wconf 84' lang='lat' dir='ltr'>hodie.</span> <span class='ocrx_word' id='word_1_837' title='bbox 1876 2973 1940 3001; x_wconf 91' lang='lat' dir='ltr'>Vos</span> <span class='ocrx_word' id='word_1_838' title='bbox 1955 2970 2059 2999; x_wconf 81' lang='lat' dir='ltr'>autem</span> <span class='ocrx_word' id='word_1_839' title='bbox 2074 2968 2199 3005; x_wconf 87' lang='lat' dir='ltr'>scitote,</span> 
     </span>
     <span class='ocr_line' id='line_1_115' title="bbox 1180 3019 2202 3063; baseline -0.008 -8"><span class='ocrx_word' id='word_1_840' title='bbox 1180 3027 1332 3055; x_wconf 87' lang='lat' dir='ltr'>eventura</span> <span class='ocrx_word' id='word_1_841' title='bbox 1349 3024 1438 3054; x_wconf 86' lang='lat' dir='ltr'>vobis</span> <span class='ocrx_word' id='word_1_842' title='bbox 1453 3025 1558 3055; x_wconf 87' lang='lat' dir='ltr'>omnia</span> <span class='ocrx_word' id='word_1_843' title='bbox 1571 3048 1580 3062; x_wconf 89' lang='lat'><em>‚</em></span> <span class='ocrx_word' id='word_1_844' title='bbox 1596 3032 1667 3063; x_wconf 77' lang='lat' dir='ltr'>quae</span> <span class='ocrx_word' id='word_1_845' title='bbox 1678 3023 1809 3062; x_wconf 82' lang='lat' dir='ltr'>praedixi</span> <span class='ocrx_word' id='word_1_846' title='bbox 1826 3032 1832 3052; x_wconf 91' lang='lat'><strong>:</strong></span> <span class='ocrx_word' id='word_1_847' title='bbox 1851 3030 1887 3052; x_wconf 84' lang='lat' dir='ltr'>ac</span> <span class='ocrx_word' id='word_1_848' title='bbox 1908 3028 1981 3050; x_wconf 88' lang='lat' dir='ltr'>vera</span> <span class='ocrx_word' id='word_1_849' title='bbox 1997 3027 2056 3056; x_wconf 92' lang='lat' dir='ltr'>me,</span> <span class='ocrx_word' id='word_1_850' title='bbox 2072 3019 2202 3048; x_wconf 90' lang='lat' dir='ltr'>numine</span> 
     </span>
     <span class='ocr_line' id='line_1_116' title="bbox 1180 3069 2202 3117; baseline -0.01 -8"><span class='ocrx_word' id='word_1_851' title='bbox 1180 3078 1317 3117; x_wconf 89' lang='lat' dir='ltr'>quodam</span> <span class='ocrx_word' id='word_1_852' title='bbox 1334 3078 1582 3114; x_wconf 85' lang='lat' dir='ltr'>demonstrante,</span> <span class='ocrx_word' id='word_1_853' title='bbox 1600 3077 1778 3116; x_wconf 84' lang='lat' dir='ltr'>praedixisse</span> <span class='ocrx_word' id='word_1_854' title='bbox 1790 3100 1798 3113; x_wconf 96' lang='lat'>,</span> <span class='ocrx_word' id='word_1_855' title='bbox 1823 3075 1880 3105; x_wconf 87' lang='lat' dir='ltr'>hoc</span> <span class='ocrx_word' id='word_1_856' title='bbox 1901 3071 2070 3104; x_wconf 79' lang='lat' dir='ltr'>certissimo</span> <span class='ocrx_word' id='word_1_857' title='bbox 2092 3069 2202 3100; x_wconf 87' lang='lat' dir='ltr'>intelli-</span> 
     </span>
     <span class='ocr_line' id='line_1_117' title="bbox 1180 3121 2203 3168; baseline -0.011 -8"><span class='ocrx_word' id='word_1_858' title='bbox 1180 3131 1241 3168; x_wconf 62' lang='lat' dir='ltr'>gite</span> <span class='ocrx_word' id='word_1_859' title='bbox 1253 3129 1339 3168; x_wconf 78' lang='lat' dir='ltr'>signo</span> <span class='ocrx_word' id='word_1_860' title='bbox 1352 3152 1360 3166; x_wconf 88' lang='lat'>‚</span> <span class='ocrx_word' id='word_1_861' title='bbox 1378 3128 1463 3167; x_wconf 83' lang='lat' dir='ltr'>quod</span> <span class='ocrx_word' id='word_1_862' title='bbox 1478 3137 1553 3158; x_wconf 85' lang='lat' dir='ltr'>mox</span> <span class='ocrx_word' id='word_1_863' title='bbox 1567 3128 1658 3166; x_wconf 89' lang='lat' dir='ltr'>lupus</span> <span class='ocrx_word' id='word_1_864' title='bbox 1670 3127 1787 3164; x_wconf 84' lang='lat' dir='ltr'>aderit,</span> <span class='ocrx_word' id='word_1_865' title='bbox 1803 3127 1832 3156; x_wconf 83' lang='lat' dir='ltr'>et</span> <span class='ocrx_word' id='word_1_866' title='bbox 1847 3133 1897 3155; x_wconf 89' lang='lat' dir='ltr'>me</span> <span class='ocrx_word' id='word_1_867' title='bbox 1910 3121 2082 3153; x_wconf 83' lang='lat' dir='ltr'>interficiet.</span> <span class='ocrx_word' id='word_1_868' title='bbox 2101 3133 2116 3146; x_wconf 87' lang='lat'>»</span> <span class='ocrx_word' id='word_1_869' title='bbox 2129 3122 2203 3150; x_wconf 79' lang='lat' dir='ltr'>Hoec</span> 
     </span>
     <span class='ocr_line' id='line_1_118' title="bbox 1181 3172 2201 3218; baseline -0.01 -6"><span class='ocrx_word' id='word_1_870' title='bbox 1181 3182 1324 3217; x_wconf 85' lang='lat' dir='ltr'>locutus,</span> <span class='ocrx_word' id='word_1_871' title='bbox 1340 3180 1499 3210; x_wconf 85' lang='lat' dir='ltr'>discedere</span> <span class='ocrx_word' id='word_1_872' title='bbox 1511 3188 1564 3210; x_wconf 81' lang='lat' dir='ltr'>eos</span> <span class='ocrx_word' id='word_1_873' title='bbox 1577 3179 1685 3218; x_wconf 86' lang='lat' dir='ltr'>jussit,</span> <span class='ocrx_word' id='word_1_874' title='bbox 1703 3180 1733 3209; x_wconf 86' lang='lat' dir='ltr'>et</span> <span class='ocrx_word' id='word_1_875' title='bbox 1750 3179 1857 3216; x_wconf 83' lang='lat' dir='ltr'>lupum</span> <span class='ocrx_word' id='word_1_876' title='bbox 1875 3183 1937 3206; x_wconf 90' lang='lat' dir='ltr'>non</span> <span class='ocrx_word' id='word_1_877' title='bbox 1957 3172 2104 3212; x_wconf 83' lang='lat' dir='ltr'>impedire</span> <span class='ocrx_word' id='word_1_878' title='bbox 2121 3180 2201 3210; x_wconf 87' lang='lat' dir='ltr'>quo-</span> 
     </span>
     <span class='ocr_line' id='line_1_119' title="bbox 1181 3222 2200 3269; baseline -0.011 -8"><span class='ocrx_word' id='word_1_879' title='bbox 1181 3232 1284 3262; x_wconf 83' lang='lat' dir='ltr'>minus</span> <span class='ocrx_word' id='word_1_880' title='bbox 1292 3230 1443 3269; x_wconf 73' lang='lat' dir='ltr'>accedat,</span> <span class='ocrx_word' id='word_1_881' title='bbox 1460 3230 1583 3268; x_wconf 79' lang='lat' dir='ltr'>diceus,</span> <span class='ocrx_word' id='word_1_882' title='bbox 1605 3230 1628 3260; x_wconf 87' lang='lat' dir='ltr'>si</span> <span class='ocrx_word' id='word_1_883' title='bbox 1646 3238 1718 3261; x_wconf 86' lang='lat' dir='ltr'>eum</span> <span class='ocrx_word' id='word_1_884' title='bbox 1733 3228 1891 3265; x_wconf 84' lang='lat' dir='ltr'>arcerent,</span> <span class='ocrx_word' id='word_1_885' title='bbox 1907 3225 1987 3256; x_wconf 86' lang='lat' dir='ltr'>male</span> <span class='ocrx_word' id='word_1_886' title='bbox 2004 3223 2032 3253; x_wconf 89' lang='lat' dir='ltr'>id</span> <span class='ocrx_word' id='word_1_887' title='bbox 2049 3222 2120 3261; x_wconf 84' lang='lat' dir='ltr'>ipsis</span> <span class='ocrx_word' id='word_1_888' title='bbox 2134 3231 2200 3252; x_wconf 60' lang='lat' dir='ltr'>vei:</span> 
     </span>
     <span class='ocr_line' id='line_1_120' title="bbox 1181 3274 2199 3320; baseline -0.011 -8"><span class='ocrx_word' id='word_1_889' title='bbox 1181 3291 1298 3312; x_wconf 77' lang='lat' dir='ltr'>surum.</span> <span class='ocrx_word' id='word_1_890' title='bbox 1345 3281 1588 3320; x_wconf 77' lang='lat' dir='ltr'>Obtemperantc</span> <span class='ocrx_word' id='word_1_891' title='bbox 1604 3281 1694 3311; x_wconf 83' lang='lat' dir='ltr'>dictis</span> <span class='ocrx_word' id='word_1_892' title='bbox 1713 3277 1931 3312; x_wconf 73' lang='lat' dir='ltr'>multitudine,</span> <span class='ocrx_word' id='word_1_893' title='bbox 1953 3274 2043 3314; x_wconf 77' lang='lat' dir='ltr'>paulo</span> <span class='ocrx_word' id='word_1_894' title='bbox 2064 3274 2128 3312; x_wconf 64' lang='lat' dir='ltr'>pffit</span> <span class='ocrx_word' id='word_1_895' title='bbox 2148 3281 2199 3302; x_wconf 83' lang='lat' dir='ltr'>ac·</span> 
     </span>
    </p>
   </div>
  </div>
 </body>
</html>
