2338 3765
945 155 1263 193 FRAGMEme.

47 242 144 280 πάντ’
171 240 286 291 ἐκείνῳ
306 242 521 290 παραχρῆμα
550 239 721 289 [ἤγγειλεν.
748 239 791 274 ‘0
821 238 855 275 δὲ
881 239 997 280 νυκτὸς
1023 238 1071 275 ἔτι

45 300 145 345 οὔσης
166 297 385 348 περιδραμὼν
417 297 492 338 τοὺς
519 298 657 348 φίλους,
689 300 859 334 κοινοῦται
891 296 946 333 τὸν
973 296 1070 345 λόγον

46 358 103 394 καὶ
129 356 217 399 ἀξιοῖ
240 357 297 403 (57)
321 358 455 405 βοηθεῖν
486 356 636 404 ὁρμῶντι
657 354 797 390 κτείνειν
826 354 882 391 τὸν
912 354 1070 404 βασιλέα.

51 413 385 466 [Ιροσανεμίμνησκε
409 412 442 448 δὲ
475 412 533 448 καὶ
552 415 612 455 τῆς
631 410 666 449 Ἄ
676 412 770 462 ρδυος
791 413 894 463 ἀρᾶς,
913 412 964 448 ὅτι
985 413 1071 456 ἐπη-

48 471 175 522 ράσατο
197 476 266 512 τοῖς
285 469 466 507 Δασκύλου
496 473 646 520 φονεῦσι.
672 471 697 506 1<
707 469 804 520 ρίνων
824 469 851 505 δ’
876 463 932 505 οὖν
950 470 987 505 ἐκ
1007 471 1072 505 τῶν

46 528 222 579 παρόντων
241 528 369 564 ἀνελεῖν
386 528 589 571 Σαδυάττην
603 526 733 575 μᾶλλόν
751 525 850 578 περῆ
871 526 969 568 αὐτὸς
987 528 1070 563 ἀπο-

47 586 156 622 θανεῖν
184 585 240 622 ὑπ’
275 587 401 630 αὐτοῦ,
431 584 505 621 ἐπεὶ
527 583 603 625 τοὺς
632 584 856 627 πιστοτάτους
882 586 948 620 τῶν
968 583 1073 635 φίλων

45 644 289 694 ηὖτρεπίσατο,
304 641 391 679 ἵεται
412 641 470 679 σὺν
484 641 567 693 ξίφει
586 641 641 678 ἐπ’
658 642 769 687 αὐτὸν,
784 645 843 687 τῆς
860 641 894 679 δὲ
910 642 1074 693 θεραπαί-

46 718 102 746 νης
134 700 193 743 τὰς
224 700 325 751 θύρας
355 703 413 736 τοῦ
445 699 619 748 δωματίου
648 699 835 745 διοιξοίσης,
871 699 1074 737 ἐπεισελθὼν

47 758 167 795 κτείνει
184 758 388 795 καθεύδοντα
419 757 622 801 Σαδυάττην
648 757 706 808 (58)
739 756 991 807 βασιλεύσαντα
1015 756 1072 801 ἔτη

46 815 76 865 γ’
97 818 171 865 (⁵⁹)-

97 872 232 911 Ἵῖωθεν
254 871 288 909 δὲ
308 875 383 908 καθ’
406 872 551 922 ἡσυχίαν
581 871 820 919 μετεπέμπετο
840 869 982 907 ἕκαστον
1008 874 1073 908 τῶν

47 931 151 983 φίλων
168 930 225 967 καὶ
241 932 307 967 τῶν
322 932 465 980 ἐχθρῶν,
481 932 525 972 ὡς
537 933 596 966 τοῦ
615 928 780 979 βασιλέως
798 927 917 971 αὐτοὺς
930 931 1074 965 καλοῦν-

47 1004 120 1034 τος,
141 989 198 1025 καὶ
219 987 297 1028 τοὺς
323 987 384 1036 μὲν
409 987 525 1038 ἀνῄρει
545 986 600 1029 οὒς
618 986 703 1038 ᾤετο
726 986 897 1028 ἐναντίους
915 986 1072 1036 ἔσεσθαι,

47 1047 114 1089 τοῖς
131 1046 165 1083 δὲ
186 1047 276 1096 δῶρα
292 1045 401 1087 διδοὺς
418 1044 613 1097 ἐπικούρους
630 1046 789 1082 ἐποιεῖτο.
809 1043 911 1082 Ἐπεὶ
927 1044 961 1081 δὲ
983 1045 1075 1096 αὐτῷ

47 1106 166 1142 πολλοὶ
191 1103 454 1149 συνηλίσθησαν,
486 1103 695 1140 ἐπιέατεύων
722 1105 781 1147 τῆς
808 1104 915 1153 ἀρχῆς
942 1117 1072 1140 πασσυ·

49 1161 96 1199 δεὶ
125 1162 182 1213 (60)
213 1160 440 1207 ἐξοπλίζεται,
470 1160 528 1197 καὶ
548 1160 721 1212 ἐξέρχεται
739 1161 783 1202 εἰς
798 1159 859 1205 τὴν
878 1159 1003 1211 ἀγορὰν
1019 1159 1077 1196 καὶ

49 1220 213 1269 συγκαλεῖ
233 1217 364 1261 Λυδοὺς
383 1220 428 1260 εἷς
453 1217 652 1263 ἐκκλησίαν.
677 1219 722 1255 Οἱ
744 1216 778 1254 δὲ
797 1216 834 1253 τὸ
855 1216 915 1265 μὲν
942 1219 1075 1268 πρῶτον

49 1277 302 1328 ἐταράχθησαν,
323 1277 652 1326 δυσανασχετοῦντες
668 1275 705 1312 τὸ
722 1274 833 1326 ἔργον,
853 1275 911 1312 καὶ
931 1275 987 1312 ἐπὶ
1012 1274 1076 1313 Γύ-

49 1351 111 1385 γην
130 1337 310 1386 ὡρμῶντο·
331 1331 537 1385 πραΰνοντος
557 1335 587 1371 δ’
607 1332 726 1375 αὐτοὺς
745 1333 872 1370 ἐκείνου
897 1333 956 1370 καὶ
976 1333 1074 1383 λόγον

50 1392 267 1442 αἰτουμένου,
288 1394 334 1434 ὡς
364 1392 403 1428 ἂν
425 1391 541 1440 διδάξῃ
567 1391 605 1429 τὸ
628 1393 755 1437 πλῆθος
778 1391 856 1442 περὶ
878 1385 924 1427 ῶν
940 1390 1077 1440 ἠγνόει,

51 1451 201 1501 μάλιστα
221 1454 278 1487 τοῦ
300 1449 441 1500 θορύὸου
459 1448 597 1496 ἔληξαν,
613 1448 656 1486 τὰ
677 1448 738 1498 μὲν
762 1448 906 1486 ἀκοῦσαί
923 1464 954 1485 τι
972 1447 1076 1500 σαφὲς

51 1512 303 1555 ἐπιποθοῦντες,
318 1506 361 1544 τὰ
388 1507 422 1544 δὲ
439 1508 497 1544 καὶ
514 1507 718 1558 φοὸούμενοι
740 1506 817 1549 τοὺς
837 1506 996 1552 ὁπλίτας,
1017 1506 1074 1543 καὶ

51 1567 259 1612 ἐσιώπησαν.
279 1567 347 1604 Καὶ
362 1566 519 1618 ἔπεμψαν
532 1568 578 1609 εἰς
588 1564 737 1617 Δελφοὺς
753 1565 959 1614 πευσόμενοι
971 1567 998 1602 εἰ
1011 1564 1077 1603 [¹6-

51 1642 112 1675 γην
124 1625 307 1670 στήσαιντο
321 1626 450 1660 ἑαυτῶν
462 1623 620 1673 βασιλέα.
635 1623 722 1665 Θεὸς
733 1622 761 1659 δ’
775 1623 931 1659 ἐκέλευσε
942 1622 1077 1659 τοσόνδε

52 1682 241 1735 προειπὼν,
270 1682 321 1718 ὅτι
349 1687 418 1724 τοῖς
438 1681 677 1733 ἹΙρακλείδαις
702 1683 748 1723 εἷς
770 1680 933 1729 πέμπτην
960 1680 1077 1731 γενεὰν

55 1742 136 1787 ἥκοι
153 1740 238 1782 τίσις
260 1739 356 1790 παρὰ
374 1741 440 1776 τῶν
458 1741 674 1790 Μερμναδῶν
698 1740 769 1788 (61).
790 1739 994 1776 Τούντεῧθεν
1014 1737 1081 1774 Γύ-

53 1816 114 1849 γης
130 1801 146 1835 ὃ
171 1797 352 1836 Δασκύλου
370 1798 489 1835 Λυδῶν
513 1795 706 1847 βασιλεύει,
726 1796 784 1833 καὶ
803 1801 907 1845 γαμεῖ
922 1795 983 1840 τὴν
1004 1796 1079 1831 Μυ-

54 1857 116 1902 σὴν
142 1861 304 1906 γυναῖκα,
333 1854 453 1899 ἥντινα
478 1853 680 1899 Σαδυάττης
711 1854 769 1905 (62)
791 1853 961 1903 ἠγάγετο,
987 1850 1080 1888 οὐδὲν

56 1913 318 1962 μνησικακήσας
349 1907 395 1949 ῶν
420 1913 524 1949 αὐτοῦ
542 1917 682 1948 κατεῖπε
710 1911 793 1962 πρὸς
821 1911 960 1948 ἐκεῖνον.
982 1909 1081 1953 Λίξον

56 1972 89 2008 δὲ
109 1976 270 2021 προεῖπεν
288 1972 332 2012 εἷς
351 1970 428 2021 ὄψιν
450 1968 497 2017 μὴ
524 1971 738 2020 ἀφικνεῖσθαι
758 1967 950 2017 ἐπομόσας,
971 1962 992 2013 ἦ
1015 1967 1081 2015 μὴν

57 2028 251 2080 κατορύξειν
270 2027 370 2064 αὐτὸν
384 2029 415 2064 ἐν
434 2021 461 2079 ᾧ
478 2027 518 2064 ἂν
536 2026 599 2063 ἴδοι
613 2027 731 2077 χωρίῳ
747 2029 891 2078 πρῶτον.
909 2025 949 2063 Ὁ
966 2025 992 2062 δ’
1014 2025 1081 2067 ἐξε-

55 2087 197 2139 τρέπετο
222 2086 279 2123 τὸν
295 2085 406 2122 πάντα
436 2085 556 2135 χρόνον
580 2085 655 2121 καθ’
675 2085 791 2135 ἑτέρας
822 2083 931 2142 ὁδοὺς,υ
941 2086 1080 2134 φοιτῶν,

55 2146 247 2197 εἰργόμενος
276 2147 342 2180 τῶν
374 2143 568 2194 βασιλείων.
605 2141 797 2180 Συλλαὸεῒν
829 2142 859 2178 δ’
894 2145 950 2178 οὐν
984 2141 1083 2177 αὐτὸν

56 2206 227 2251 ἐπιθυμῶν
243 2201 369 2252 Γύγης,
386 2200 478 2250 ὅμως
494 2202 554 2238 οὐκ
572 2200 731 2237 ἐδούλετο
746 2198 842 2251 παρὰ
859 2199 922 2244 τὴν
945 2198 1083 2250 ῥήτραν.

60 2263 126 2300 Καί
145 2277 193 2302 τις
213 2262 305 2312 αὐτῷ
324 2262 390 2296 τῶν
416 2259 520 2311 φίλων
541 2258 702 2303 ὑπέθετο,
722 2259 749 2294 εἷ
770 2257 858 2294 κατὰ
876 2257 918 2294 τὰ
945 2258 1084 2304 συγκεί-

58 2335 141 2368 μενα
171 2318 287 2356 λαὸεῒν
315 2317 415 2354 αὐτὸν
436 2316 562 2362 ἐθέλοι,
583 2316 767 2367 τρέπεσθαι
796 2314 885 2352 κατὰ
906 2314 966 2357 τὰς
992 2313 1084 2355 ὁδοὺς

59 2377 96 2417 ἃς
115 2377 186 2418 ἔθος
207 2371 245 2422 ἦν
268 2375 384 2426 ἐκείνῳ
403 2374 559 2418 διεξιέναι
572 2374 683 2416 ἀὐτὸς
705 2375 733 2410 δ’
752 2374 814 2425 ἔφη
835 2373 961 2415 ταύτας
980 2372 1082 2421 γινώ-

58 2450 161 2472 σκειν.
189 2433 232 2471 ‘O
261 2433 294 2470 δὲ
317 2432 429 2482 Γύγης
461 2431 594 2469 ἐκέλευε
623 2431 679 2468 τὸν
701 2431 877 2481 ἄνθρωπον
908 2432 1082 2479 ἡγεῖσθαι·

58 2493 116 2528 καὶ
145 2491 242 2533 αὐτὸς
270 2490 381 2540 ἐκείνη
401 2489 439 2526 τὸ
458 2489 553 2541 ἅρμα
582 2489 774 2533 κατήλαυνε
806 2489 878 2537 (63).
914 2487 984 2524 Καί
1014 2501 1085 2527 πως

60 2551 151 2600 αὐτῷ
173 2548 262 2585 κατὰ
282 2548 427 2596 δαίμονα
455 2547 677 2596 συντυγχάνει
697 2545 809 2596 Γύγης
838 2547 870 2582 ἐν
897 2544 1084 2594 ἐπικάμψει

60 2610 117 2652 τῆς
145 2607 237 2644 ὁδοῦ.
270 2608 396 2650 Στενῆς
417 2606 444 2641 δ’
471 2604 590 2650 οὔσης,
614 2605 676 2641 οὐκ
703 2603 790 2654 ἔχων
820 2603 886 2648 ὅπη
915 2601 1085 2653 τράπηται

61 2663 93 2708 ἐξ
112 2665 295 2716 ὀφθαλμῶν
311 2667 370 2699 τοῦ
400 2662 566 2713 βασιλέως
589 2664 605 2698 ὃ
626 2660 739 2710 Λίξος,
761 2660 942 2697 ὑποδύεται
964 2659 1030 2696 ὑπὸ
1049 2658 1085 2695 τὸ

61 2721 155 2773 ἅρμα
175 2721 232 2758 καὶ
257 2720 457 2771 κρύπτεται.
483 2719 597 2769 Γύγης
617 2720 678 2770 (64)
695 2718 728 2756 δὲ
746 2718 938 2770 προνοήσας
957 2719 1085 2754 ἐκσπᾶν

2089 164 2159 195 3351

1132 247 1237 276 (nunizi
1263 247 1288 276 vi
1307 248 1412 278 statim
1431 249 1595 279 1111111111111.
1625 251 1730 288 itaquo
1757 250 1854 279 multa
1875 249 1976 280 adhuc
2009 252 2098 279 norh-
2123 249 2160 279 ad

1134 309 1249 340 amicos
1277 311 1470 350 discurrens,
1499 322 1674 343 sermonem
1701 322 1775 344 cum
1796 314 1830 343 iis
1857 314 2088 351 communic-at,
2117 323 2163 343 ro-

1134 376 1250 413 gatque
1261 375 1294 404 ut
1305 374 1361 404 sibi
1377 384 1479 413 regem
1493 377 1695 407 intersecturo
1709 378 1911 408 auxilientur.
1931 379 1962 407 111
1979 377 2161 407 memoriam

1133 437 1225 466 etiam
1243 435 1326 467 diras
1346 437 1382 467 iis
1405 440 1533 468 revocat
1555 439 1670 477 quihus
1694 440 1792 479 Ardys
1815 440 1937 479 Dasryli
1964 448 2163 479 permissuros

1134 498 1322 530 devovisset.
1341 500 1490 538 igiturex
1510 509 1542 530 re
1559 503 1710 540 praesente
1723 510 1851 533 censens
1870 502 2051 541 Sadynttem
2070 502 2162 532 inter-

1134 563 1226 594 ficere
1242 562 1346 602 potius
1361 572 1457 602 quam
1473 563 1572 603 ipsum
1593 564 1632 594 ab
1649 574 1685 595 eo
1702 565 1831 596 interfici
1843 590 1851 603 ,
1866 574 1965 605 quum
1987 566 2161 596 amicorum

1135 627 1329 658 fidelissimos
1354 627 1410 657 sibi
1425 627 1636 666 adjunxisset,
1655 628 1756 665 gladio
1776 631 1915 660 armatus
1932 631 1961 659 111
1983 630 2096 669 regiam
2118 630 2160 659 ir-

1135 691 1214 729 ruit,
1233 692 1263 721 et
1281 691 1310 720 in
1329 690 1530 729 cubiculum,
1546 691 1637 729 cujus
1664 692 1743 722 tores
1760 692 1871 723 ancilla
1884 693 2025 731 aperuit,
2047 693 2163 731 ingres·-

1134 763 1186 784 sus
1199 777 1206 791 ‚
1235 754 1445 784 dormientem
1474 754 1624 786 interficit
1650 755 1829 793 Sadyattem
1841 779 1848 793 ,
1880 756 1932 794 qui
1962 756 2061 786 tribus·
2091 757 2166 786 111110

1135 816 1224 847 annis
1245 825 1339 856 regno
1355 817 1475 856 potitus
1492 821 1569 848 erat.

1181 879 1255 910 Inde
1269 888 1286 910 a
1300 880 1439 911 diluculo
1456 880 1573 911 amicos
1587 882 1618 911 et
1631 880 1774 910 inimicos
1796 880 1895 911 multa
1916 889 1990 911 cum
2013 881 2166 920 tranquil-

1137 942 1223 973 litate
1248 942 1431 981 arcessivit,
1463 943 1551 982 quasi
1583 951 1652 981 rege
1676 943 1829 980 vocante,
1864 943 1960 982 atque
1982 952 2052 981 eos,
2084 952 2164 983 quos

1136 1003 1330 1035 adversarios
1352 1003 1410 1035 sibi
1434 1004 1499 1035 sore
1520 1004 1670 1044 putabat,
1689 1004 1823 1042 occidit,
1840 1005 1917 1036 alios
1933 1005 2088 1036 donorum
2105 1008 2166 1037 lar-

1139 1066 1255 1105 gitione
1271 1065 1451 1097 auxiliarios
1470 1066 1528 1097 sibi
1546 1067 1736 1097 conciliavit.
1753 1069 1895 1103 Quorum
1915 1069 2081 1107 postquam
2101 1077 2166 1098 ma-

1139 1138 1234 1169 gnum
1252 1138 1422 1160 numerum
1439 1130 1700 1168 congregaverat,
1719 1138 1849 1168 regnum
1867 1130 1923 1160 sibi
1950 1131 2166 1161 vindicaturus

1140 1191 1321 1222 festinanter
1339 1190 1434 1221 armis
1447 1199 1480 1222 se
1502 1190 1627 1221 instruit
1646 1190 1721 1221 etin
1745 1191 1848 1221 forum
1873 1199 2053 1230 progressus
2070 1191 2170 1230 Lydos

1139 1254 1170 1285 in
1188 1254 1370 1285 concionem
1384 1254 1550 1284 convocat.
1566 1254 1627 1290 Qui
1641 1254 1779 1293 primum
1802 1253 1930 1293 quidem
1946 1253 2063 1284 facinus
2088 1253 2170 1284 istud

1139 1316 1337 1356 indignantes
1354 1315 1634 1347 tumultuabantur
1656 1316 1686 1347 et
1706 1317 1736 1346 in
1754 1316 1873 1355 Gygen]
1897 1316 2039 1346 irruituri
2068 1319 2168 1346 erant.

1141 1379 1197 1410 1110
1214 1387 1288 1410 vero
1301 1378 1498 1409 demulcente
1520 1379 1551 1409 et
1567 1377 1715 1417 loquendi
1731 1378 1853 1409 veniam
1876 1379 2018 1417 petente,
2043 1380 2077 1408 ut
2099 1386 2171 1416 (111111

1140 1441 1320 1480 ignorarent
1333 1440 1417 1480 ipsos
1430 1440 1593 1478 edoceret,
1609 1448 1681 1470 mox
1696 1440 1787 1471 cessit
1803 1440 1977 1478 tumultus,
1995 1440 2063 1471 aliis
2077 1439 2170 1470 diser-

1140 1502 1203 1534 tius
1217 1502 1335 1542 aliquid
1354 1501 1462 1532 audire
1475 1501 1690 1540 cupientibus,
1712 1501 1780 1532 aliis
1793 1501 1887 1532 etiam
1903 1501 2016 1532 milites
2032 1502 2171 1531 timenti-

1141 1564 1217 1602 bus,
1236 1564 1419 1603 sactumque
1435 1565 1481 1595 est
1495 1563 1665 1594 silentium.
1678 1579 1718 1585 —
1734 1561 1854 1594 Deinde
1868 1563 2004 1602 Delphos
2018 1563 2172 1593 miserunt

1139 1627 1333 1658 sciscitantes
1346 1635 1422 1657 num
1446 1629 1566 1666 Gygem
1581 1626 1638 1657 sibi
1657 1635 1759 1665 regem
1784 1627 1935 1657 crearent.
1955 1626 2053 1657 Jussit
2075 1625 2170 1663 deus,

1139 1688 1258 1719 addens
1273 1688 1366 1719 simul
1392 1688 1452 1718 hoc
1475 1700 1482 1718 z
1502 1688 1652 1718 ultionem
1677 1687 1848 1719 Heraclidis
1871 1688 2037 1718 venturam
2061 1688 2171 1726 quinta

1140 1749 1339 1789 generatione
1363 1749 1402 1780 ab
1431 1749 1630 1780 Mermnadis.
1665 1749 1784 1780 Dehinc
1813 1751 1914 1788 Gyges
1940 1749 2062 1787 Dascyli
2089 1748 2169 1779 tilius

1141 1811 1233 1850 Lydis
1247 1810 1413 1850 imperavit
1428 1834 1435 1848 ,
1450 1811 1481 1840 et
1495 1811 1614 1849 Mysam
1634 1808 1813 1846 mulierem,
1826 1817 1921 1847 quam
1935 1810 2026 1839 antea
2043 1808 2172 1847 511111111-

1141 1876 1187 1903 tes
1199 1872 1256 1903 sibi
1271 1873 1439 1911 Junxerat‚
1454 1880 1587 1902 uxorem
1607 1870 1711 1908 ducit,
1725 1869 1801 1900 nihil
1820 1878 1939 1900 memor
1955 1878 2083 1908 eorum,
2098 1880 2170 1910 ‹pia›v

1142 1939 1251 1967 contra
1270 1937 1370 1975 ipsum
1389 1936 1441 1966 illa
1455 1935 1615 1973 Sadyattae.
1628 1934 1762 1965 dixerat.
1788 1934 1863 1964 Lixo
1880 1936 1984 1964 autem
2004 1934 2170 1964 denuntia-

1145 1999 1206 2036 vit,
1225 2006 1263 2028 ne
1278 1998 1306 2027 in
1323 1998 1528 2037 conspectum
1545 1995 1603 2026 sibi
1624 1995 1758 2031 veniret,
1772 1994 1955 2034 juravitque
1977 2004 2010 2025 sc
2027 2004 2099 2025 eum
2116 1995 2171 2026 de-

1145 2061 1299 2091 fossurum
1319 2068 1383 2090 esse
1406 2067 1469 2098 quo
1485 2059 1552 2088 1000
1571 2057 1706 2096 primum
1722 2056 1848 2087 viderit.
1873 2057 1927 2087 llle
1948 2057 2040 2095 igitur
2054 2066 2071 2087 a
2087 2058 2169 2095 regia

1144 2124 1319 2165 prohibitus
1335 2123 1401 2154 aliis
1427 2131 1550 2161 semper
1572 2122 1629 2152 viis
1648 2121 1831 2159 incedebat,
1856 2124 1890 2152 ut
1908 2121 1985 2161 regis
2002 2130 2170 2152 occursum

1144 2188 1307 2218 devitaret.
1325 2188 1426 2225 Gyges
1443 2194 1516 2216 vero
1529 2193 1602 2215 eum
1619 2184 1884 2223 comprehendere
1900 2184 2028 2223 quidem
2042 2208 2050 2222 ,
2070 2193 2172 2223 neque

1145 2251 1249 2280 tamen
1269 2250 1378 2279 contra
1396 2247 1533 2278 edictum
1548 2270 1556 2283 ‚
1575 2246 1730 2285 cupiebat.
1749 2249 1850 2282 Quare
1864 2254 1901 2276 ex
1917 2246 2025 2276 amicis
2041 2245 2169 2285 quidam

1146 2312 1310 2352 suggessit,
1326 2313 1360 2341 ut
1371 2335 1378 2348 ‚
1393 2310 1417 2341 si
1437 2310 1524 2340 salvo
1541 2311 1631 2348 pacto
1644 2317 1717 2339 eum
1732 2307 1922 2347 prehendere
1943 2308 2052 2345 vellet,
2070 2307 2099 2337 111
2123 2316 2173 2337 eas

1148 2373 1213 2404 vias
1223 2381 1255 2403 se
1271 2372 1489 2407 converteret,
1508 2377 1586 2408 quas
1604 2369 1653 2399 ille
1667 2376 1847 2407 percurrere
1861 2368 1992 2405 soleret,
2013 2367 2077 2405 ipse
2094 2367 2173 2396 bene

1146 2432 1236 2461 notas
1251 2429 1387 2460 haberet.
1410 2427 1507 2458 Jussit
1526 2427 1630 2465 itaque
1648 2428 1750 2464 Gyges
1767 2425 1924 2455 hominem
1949 2425 2042 2455 istum
2059 2424 2172 2454 ducem

1147 2496 1237 2528 agere
1249 2511 1257 2526 ‚
1276 2487 1340 2526 ipse
1353 2486 1459 2516 autem
1473 2493 1527 2524 per
1542 2484 1730 2514 monstratas
1745 2482 1809 2513 vias
1822 2491 1917 2512 curru
1935 2482 2117 2513 vehebatur.
2138 2485 2173 2513 izt

1146 2546 1226 2576 forte
1243 2545 1368 2575 fortuna
1395 2542 1489 2574 Lixus
1510 2542 1541 2572 in
1567 2541 1624 2571 via·
1643 2541 1725 2571 tlexu
1752 2540 1878 2570 obviam
1902 2539 1956 2577 tit,
1975 2540 2026 2569 11111
2050 2542 2174 2579 proptor

1146 2603 1305 2643 angustias
1328 2610 1427 2640 quum
1442 2599 1633 2630 devertendo
1653 2598 1827 2628 subducere
1844 2607 1875 2628 se
1897 2598 1996 2628 oculis
2019 2598 2098 2637 regis
2113 2607 2172 2628 11011

1146 2662 1270 2701 posset,
1287 2668 1415 2690 currum
1433 2658 1517 2689 subit
1545 2657 1648 2696 ibique
1666 2665 1698 2686 se
1722 2655 1895 2686 abscondit.
1921 2655 2011 2692 Quod
2032 2655 2172 2685 animad—

1147 2722 1271 2750 vertens
1286 2720 1390 2757 Gyges
1412 2716 1552 2756 protrahi
1569 2724 1642 2746 eum
1659 2714 1758 2753 jubet.
1779 2716 1816 2744 Et
1834 2722 1932 2752 quum
1957 2714 2098 2743 fecissent
2117 2714 2174 2742 hoc

80 2786 2168 2804 —W

61 2835 120 2864 λεν.
137 2850 178 2855 -
193 2835 242 2863 57.
265 2831 385 2871 ἀξιοῖ]
406 2831 478 2866 ἐξιοῖ
493 2830 605 2861 codex.
624 2829 742 2860 Deinde
759 2830 860 2868 ὁρμῶν
883 2829 1018 2858 κτείνειν.
1043 2825 1209 2862 Quomodo
1229 2824 1405 2855 Herodotus
1422 2831 1486 2852 rem
1503 2821 1693 2854 narraverit.
1712 2819 1858 2850 omnibus
1874 2821 1984 2849 notum
2001 2820 2058 2849 est.
2081 2818 2171 2849 Mitto

62 2880 155 2911 etiam
182 2886 255 2918 quae
282 2877 321 2908 de
348 2879 434 2916 Gyge
459 2877 588 2916 ejusque
613 2877 729 2906 annulo
751 2874 884 2905 1111111100
908 2875 1037 2905 narrant
1060 2874 1146 2903 Plato
1166 2875 1212 2902 De
1231 2873 1304 2909 Rep.
1337 2872 1383 2907 11,
1415 2874 1430 2899 3
1460 2868 1584 2906 aliique.
1617 2868 1745 2905 Propius
1764 2866 1802 2895 ad
1821 2869 1926 2895 nostra
1950 2864 2070 2915 accedit
2100 2865 2171 2895 Plu-

64 2927 189 2957 iarchus
203 2924 256 2964 qui
274 2924 355 2954 bello
372 2925 490 2962 Gygem
508 2923 617 2954 contra
636 2922 826 2953 Candaulem
845 2921 1008 2951 dimicasse
1025 2920 1118 2950 refert
1143 2918 1172 2947 in
1196 2918 1256 2952 Qu.
1282 2917 1336 2946 Gr.
1354 2924 1381 2944 c.
1408 2916 1463 2951 45,
1484 2913 1537 2943 ubi
1555 2912 1622 2942 lia-c
1637 2922 1642 2941 :
1659 2912 1716 2942 Διὰ
1732 2911 1759 2941 τί
1776 2914 1829 2940 τοῦ
1847 2910 2030 2949 Λαὸραδεως
2053 2911 2121 2943 Διὸς
2138 2910 2168 2939 ἐν

65 2973 162 3012 Καρίᾳ
183 2972 217 3002 τὸ
242 2971 365 3010 ἄγαλμα
386 2970 513 3000 πέλεκυν
537 2970 682 3009 ἠρμένον,
708 2969 775 3007 οὐχὶ
799 2968 829 2998 δὲ
852 2971 1004 3005 σκῆπτρον
1027 2967 1045 3002 ἢ
1069 2965 1212 3003 κεραυνὸν
1234 2962 1415 2997 πεποίηται;
1438 2961 1507 2990 ’Ὁτι
1531 2960 1680 2998 Ἡρακλῆς
1704 2958 1882 2992 Ἱππολύτην
1902 2957 2099 3009 ἀποκτείνας,
2122 2958 2172 2986 καὶ

68 3020 144 3057 μετὰ
162 3022 222 3049 τῶν
239 3017 337 3047 ἄλλων
354 3016 454 3046 ὅπλων
469 3016 558 3052 αὐτῆς
575 3016 675 3045 λαὸὼν
691 3015 742 3044 τὸν
758 3015 901 3050 πέλεκυν,
928 3011 1066 3051 Ὀμφάλῃ
1092 3011 1189 3049 δῶρον
1218 3010 1345 3039 δέδωκεν
1356 3031 1364 3044 ,
1380 3009 1408 3037 οἱ
1434 3007 1464 3037 δὲ
1495 3006 1558 3044 μετ’
1575 3005 1730 3044 Ὀμφάλην
1754 3004 1860 3055 Λυδῶν
1892 3003 2024 3041 βασιλεῖς
2050 3012 2172 3055 ερορουν

65 3064 156 3095 αὐτὸν
168 3087 176 3101 ,
203 3064 243 3098 ὥς
265 3073 293 3092 τι
317 3066 377 3092 τῶν
399 3062 497 3092 ἄλλων
516 3064 602 3101 ἱερῶν
621 3062 654 3091 ἐκ
679 3061 820 3099 διαδοχῆς
842 3058 1145 3098 παραλαμβάνοντες·
1158 3056 1228 3094 ἄχρι
1247 3054 1421 3089 Κανδαύλης
1444 3053 1638 3087 ἀπαξιώσας,
1657 3052 1697 3081 ἑνὶ
1712 3054 1771 3080 τῶν
1795 3051 1920 3087 ἑταιρων
1935 3051 2031 3100 φορεῖν
2049 3049 2170 3077 ὲδωκεν.

67 3109 149 3139 Ἐπεὶ
172 3110 202 3139 δὲ
218 3108 313 3147 Γύγης
339 3108 474 3142 ἀποστὰς
488 3108 625 3147 ἐπολέμει
640 3108 711 3146 πρὸς
726 3107 834 3142 αὐτὸν,
849 3105 933 3142 ἦλθεν
951 3105 1087 3143 Ἄρσηλις
1103 3103 1136 3133 ἐκ
1152 3102 1276 3132 Μυλέων
1293 3101 1450 3140 ἐπίκουρος
1471 3102 1515 3138 τῷ
1532 3099 1611 3136 Γύγῃ
1633 3098 1708 3137 μετὰ
1723 3097 1892 3135 δυνάμεως,
1910 3097 1960 3125 καὶ
1974 3106 2025 3124 τον
2038 3105 2069 3123 τε
2090 3096 2170 3123 Καν-

66 3155 173 3192 δαύλην
190 3157 240 3185 καὶ
265 3155 315 3184 τὸν
340 3155 456 3193 ἑταῖρον
476 3153 568 3183 αὐτοῦ
587 3153 764 3192 διαφθείρει·
790 3152 905 3182 καὶτὸν
926 3151 1052 3181 πέλεκυν
1069 3150 1110 3183 εἰς
1130 3148 1246 3187 Καρίαν
1262 3148 1386 3185 ἐκόμισε
1404 3146 1480 3185 μετὰ
1505 3148 1566 3175 τῶν
1585 3145 1682 3174 ἄλλων
1698 3143 1848 3182 λαφύρων.
1865 3142 1930 3172 κτλ.
1946 3158 1985 3163 —
2001 3144 2049 3170 528.
2068 3140 2149 3193 23⁶3?
2166 3139 2170 3176 Ι

67 3202 110 3231 sic
125 3201 194 3232 cod.
212 3221 250 3226 —
268 3204 317 3231 59.
333 3200 395 3235 ἔτη
409 3199 446 3238 γ’.
461 3199 471 3239 ]
489 3200 521 3234 ιζ’
538 3208 600 3229 sec.
619 3199 731 3230 Euseh.
748 3196 978 3237 Comprehendi
1002 3196 1036 3226 iis
1059 3194 1204 3224 videntur
1226 3193 1297 3223 anni
1324 3193 1432 3231 Myrsi‚
1456 3200 1550 3231 quem
1572 3189 1690 3220 omittit
1711 3189 1823 3219 Euseb.
1843 3202 1880 3208 -
1893 3192 1942 3217 (30.
1958 3195 2146 3237 flascones
2162 3185 2169 3223 ,Ι

69 3245 174 3278 τιό-σου
189 3248 233 3277 δεῖ
257 3246 326 3277 cod.
345 3264 382 3267 —
397 3251 446 3276 61.
462 3246 638 3285 μερμνάδων
658 3244 727 3275 rod.
749 3246 791 3274 De
811 3244 858 3273 his
874 3251 945 3273 eum
963 3242 1087 3273 Xantho
1111 3240 1265 3270 consentit
1290 3239 1465 3270 Herodotus
1483 3240 1515 3275 1,
1539 3240 1590 3274 13,
1608 3236 1661 3266 11111
1681 3235 1760 3265 vide
1782 3237 1927 3265 Ceterum
1946 3241 2000 3271 pro
2019 3241 2169 3269 προειπων

76 3288 241 3326 legivei'nn
263 3292 445 3331 προσειπὼν.
470 3310 506 3313 -
534 3296 583 3321 02.
611 3290 715 3330 Σαδ.]
738 3291 781 3319 sic
809 3289 878 3320 cod.
906 3306 946 3311 —
969 3291 1019 3319 63.
1047 3284 1286 3323 κατήλαυνε]
1311 3286 1360 3314 καὶ
1393 3285 1518 3320 ἤλαυνεν
1553 3283 1719 3313 101101-
1737 3284 1786 3311 64,
1819 3279 1952 3317 Γύγης]
1979 3278 2070 3315 γῆγης
2098 3276 2167 3305 sod.

191 3357 373 3378 ancmix'm
396 3356 513 3377 iusTou.
538 3356 587 3376 cn.
610 3364 641 3367 —
659 3356 724 3376 UH..
747 3355 789 3375 111.
2015 3336 2047 3361 25
