2289 3728
117 164 137 194 3
153 164 162 193 ί

599 238 659 272 36.

165 318 288 353 Schol,
312 317 354 351 ll.
381 317 412 361 β,
439 314 506 354 ¹43
533 326 539 346 ;
567 309 664 347 Μετὰ
685 311 745 355 τὴν
776 314 834 356 τῆς
864 312 1048 362 Πασιφάης
1068 312 1149 363 πρὸς

114 374 170 411 τὸν
194 377 317 423 ταῦρον
342 371 429 419 μίξιν
450 369 620 410 Δαίδαλος
647 368 895 418 εὐλαὸούμενος
921 369 983 415 τὴν
1014 370 1149 412 Μίνωος

114 430 227 481 ὀργὴν,
249 428 418 480 πτερωτὸς
445 427 504 463 σὺν
533 426 660 477 Ἰκάρῳ
683 429 730 477 τῷ
757 428 822 464 υἱεῖ
849 428 1008 479 ἐφέρετο·
1039 443 1147 465 κατα-

114 489 275 529 πεσόντος
296 487 330 524 δὲ
355 489 414 523 τοῦ
437 485 558 527 παιδὸς
580 485 617 522 το
639 484 862 534 ὑποκείμενον
883 486 1033 537 πέλαγος
1053 486 1148 524 Ἰκά-

114 562 182 598 ριον
216 543 477 594 μετωνομάσθη.
512 543 556 581 ‘0
586 542 701 592 μέντοι
731 543 900 586 Δαίδαλος
933 543 1077 586 διαπτὰς
1105 546 1150 586 εἰς

116 605 269 651 Κάμινον
287 606 346 647 τῆς
369 601 530 644 Σικελίας
551 602 609 638 καὶ
629 601 685 638 τὸν
712 602 782 639 υἱὸν
805 604 907 639 αὐτοῦ
928 602 1150 653 ἐκδεχόμενος

113 663 222 711 ἔμεινε
243 660 339 711 παρὰ
359 666 433 702 ταῖς
454 659 624 698 Κωκάλου
642 660 867 711 θυγατράσιν,
889 663 944 712 ὑφ’
966 655 1011 697 ὧν
1032 663 1048 697 ὁ
1070 660 1148 698 Μί-

113 736 196 765 νως,
213 718 306 764 ἥκων
333 718 387 755 ἐπ’
412 717 620 763 ἀναζήτησιν
641 722 700 756 τοῦ
725 719 920 766 Δαιδάλου,
943 718 1150 763 ἀποθνήσκει

113 776 361 828 καταχυθέντος
377 778 480 813 αὐτοῦ
497 776 612 820 ξεστοῦ
625 776 756 819 ὕδατος.
775 776 923 828 Ἱστορεῖ
937 776 1151 827 Φιλοστέῳα·

113 852 165 878 νος
184 836 242 873 καὶ
265 835 491 886 Καλλίμαχος
512 837 546 872 ἐν
567 835 709 876 Αἰτίοις.
734 839 818 872 Haec
844 837 1154 884 Philostephanus

113 909 264 943 quoqne
286 898 323 930 in
344 895 472 937 Αἰτίοις
489 896 635 932 tradere
652 897 775 942 potnit
792 896 858 929 nisi
880 896 916 929 in
940 896 1037 929 libro
1062 893 1150 944 Περὶ

111 953 222 997 νήσων
244 967 322 989 rem
342 956 514 989 narravit.

606 1013 667 1058 37.

163 1078 288 1113 Schol.
306 1079 349 1112 Il.
362 1092 398 1121 η,
419 1077 465 1111 86
483 1089 491 1113 ;
510 1075 673 1124 Ἀθάμας,
687 1074 813 1112 Αἰόλου
827 1075 920 1118 παῖς,
946 1073 1103 1123 βασιλεὺς
1118 1071 1152 1109 δὲ

112 1134 256 1179 Θηὲῶν,
283 1133 397 1183 γημας
417 1132 478 1178 τὴν
501 1132 644 1181 Κάδμου
668 1132 776 1168 παῖδα
795 1130 895 1176 Ἰνὼ,
922 1131 1047 1172 παῖδας
1072 1130 1154 1181 ἔσχε

111 1191 184 1239 δύο,
206 1192 386 1242 Κλέαρχον
407 1192 464 1228 καὶ
484 1189 711 1242 Μελικέρτην.
740 1188 839 1227 Κατὰ
859 1189 972 1241 ἽΙρας
998 1188 1033 1225 δὲ
1053 1187 1156 1240 πρόσ-

112 1266 230 1300 ταγμα
246 1249 538 1300 ἀποπεμψάμενος
555 1247 616 1293 τὴν
630 1246 708 1286 Ἰνὼ
724 1247 782 1284 καὶ
795 1247 967 1297 ἐπιγήμας
979 1246 1153 1298 Νεφέλην,

119 1309 220 1359 ἔσχεν
249 1308 282 1352 ἐξ
308 1308 411 1352 αὐτῆς
435 1306 495 1344 δύο
523 1307 669 1352 παῖδας,
699 1305 833 1350 ἽΞλλην
860 1321 895 1342 τε
922 1305 981 1342 καὶ
1006 1304 1149 1357 Φρίξον.

113 1366 328 1415 Μιγνύμενον
342 1365 376 1402 δὲ
389 1365 488 1402 αὐτὸν
503 1364 612 1416 λάθρα
624 1368 665 1416 τῇ
677 1364 757 1402 Ἰνοῖ
770 1364 1037 1401 κατοπτεύσασα
1048 1366 1069 1408 ἡ
1086 1364 1153 1400 Νε-

116 1425 199 1475 ’ρέλη
215 1423 340 1474 ᾤχετο.
358 1422 471 1460 Πάλιν
490 1423 524 1459 δὲ
544 1425 604 1468 τῆς
624 1421 731 1465 οἰκίας
752 1421 1015 1472 ἐπικρατήσασα
1032 1424 1053 1467 ἡ
1074 1421 1154 1459 Ἰνὼ

112 1482 336 1519 ἐπεῧούλευσε
351 1484 419 1524 τοῖς
431 1484 491 1526 τῆς
509 1480 665 1532 Νεφέλης
681 1480 815 1517 παισίν.
843 1482 999 1532 Εὑροῧσα
1021 1480 1057 1516 δέ
1076 1495 1153 1517 τινα

113 1539 273 1592 μηχανὴν
295 1539 418 1592 ἔφρυγε
445 1538 487 1576 τὰ
514 1538 712 1588 σπέρματα.
732 1538 803 1576 Καὶ
831 1539 871 1584 δὴ
897 1539 1027 1583 πολλῆς
1053 1537 1156 1584 οὔσης

112 1599 284 1650 ἀκαρπίας
311 1600 344 1635 ἐν
374 1601 415 1649 τῇ
437 1597 552 1649 χώρα,
574 1597 727 1645 ἔπεμπεν
754 1600 771 1634 ὃ
800 1597 951 1646 Ἀθάμας
974 1598 1020 1639 εἷς
1045 1596 1152 1634 Πυθὼ

112 1658 333 1708 θεοπρόπους.
343 1655 387 1694 ‘fl
403 1655 438 1693 δὲ
448 1655 526 1693 Ἰνὼ
534 1654 712 1693 συνέπεισε
721 1654 859 1698 τούτους
869 1654 1067 1705 τεχνήσασά
1079 1670 1155 1691 τινα

112 1716 271 1766 χρησμὸν
298 1713 388 1751 κατὰ
409 1717 467 1752 τοῦ
489 1713 643 1766 Φρίξου,
661 1716 706 1756 ὡς
730 1717 821 1763 θῦμα
842 1716 902 1759 τῆς
925 1714 1028 1750 αὐτοῦ
1055 1716 1156 1763 γονῆς

113 1771 349 1824 προσενεγκὼν
366 1771 654 1822 ἀπαλλαγήσεται
668 1775 730 1808 τοῦ
746 1772 865 1808 δεινοῦ.
888 1771 1085 1818 Πυθόμενος
1099 1765 1155 1807 οὖν

113 1831 205 1883 παρὰ
219 1834 284 1868 τῶν
297 1830 520 1882 θεοπρόπωνὸ
535 1829 685 1879 Ἀθάμας
696 1830 733 1866 τὸ
744 1829 872 1880 λόγιον,
887 1828 1156 1878 μεταπέμπεται

115 1891 151 1926 ἐκ
165 1892 232 1925 τῶν
248 1890 360 1940 ἀγρῶν
374 1889 431 1925 τὸν
453 1887 596 1940 Φρίξον.
615 1886 798 1938 Πρόφασιν
813 1886 847 1923 δὲ
863 1885 965 1922 αὐτὸν
979 1886 1157 1923 ἐκέλευσεν

115 1948 207 1996 οἴγειν
228 1949 246 1983 ὅ
265 1963 296 1984 τι
328 1946 510 1984 κάλλιστον
547 1945 720 1996 πρόέατον
743 1946 775 1981 ἐν
804 1945 873 1986 τοῖς
897 1943 1090 1994 θρέμμασιν
1111 1946 1156 1986 εἷς

113 2005 303 2057 ἱερουργίαν
318 2005 479 2056 ὑπάρχει.
496 2003 748 2054 Μυθολογεῒται
759 2002 793 2040 δὲ
805 2001 1094 2054 παραγιγνομένῳ
1105 2004 1153 2053 τῷ

114 2063 233 2114 Φρίξῳ
255 2063 343 2112 μετὰ
362 2066 422 2109 τῆς
443 2063 609 2113 ἀδελφῆς,
629 2061 718 2099 κατά
740 2076 828 2104 τινος
851 2060 1011 2110 δαίμονος
1031 2060 1159 2111 ἐπιφά-

774 150 1182 188 ΡΗΙΙ,03ΤΕΡΗΑΝΙ
1229 152 1403 190 FRAGM
1415 154 1559 191 ΕΝΤΑ.

1211 254 1318 287 νειαν,
1337 239 1532 291 ἀνθρωπίνη
1553 242 1645 291 φωνῇ
1666 240 1816 285 λαλῆσαι
1846 238 1900 275 τὸν
1919 239 2025 290 κριὸν,
2054 239 2111 276 καὶ
2130 244 2247 277 πᾶσαν

1211 296 1373 348 αὐτῷτὴν
1388 297 1574 343 ἐπιὲουλὴν
1590 298 1803 347 ἀναγγεῖλαι,
1815 296 1973 334 κελεῦσαί
1985 312 2020 334 τε
2036 298 2145 349 αὐτῷ,
2163 299 2250 345 μετὰ

1210 357 1268 399 τῆς
1286 356 1432 406 ἀδελφῆς
1447 355 1643 391 ἐπικαθίσαι
1663 357 1711 406 τῷ
1724 354 1839 405 νώτῳ,
1857 353 1947 397 ὅπως
1963 354 2020 391 τὸν
2037 356 2249 404 ἐπικείμενον

1211 412 1363 448 κίνδυνον
1382 414 1537 464 ἐκφυγεῖν
1560 413 1762 458 δυνηθῶσιν.
1786 406 1839 449 Οῧ
1858 412 1915 449 καὶ
1931 412 2130 461 γενομένου,
2151 412 2249 463 λέγε-

1211 485 1266 506 ται
1287 470 1344 507 τὸν
1368 471 1461 522 κριὸν
1492 470 1579 520 μετὰ
1600 472 1729 516 πολλῆς
1757 470 1832 521 βίας
1854 469 1908 507 διὰ
1934 470 2040 519 μέσου
2069 475 2127 508 τοῦ
2153 471 2252 522 ἀέρος

1212 528 1424 574 ποιήσασθαι
1440 529 1503 574 τὴν
1516 529 1672 580 πορείαν.
1690 528 1764 574 Τὴν
1786 528 1820 565 δὲ
1836 527 1973 574 Ἕλλην
1992 528 2040 579 μὴ
2058 528 2252 579 δυναμένην

1213 587 1384 638 ἀντέχειν,
1426 590 1636 624 καταπεσεῖν
1672 589 1719 630 εἷς
1752 587 1790 624 τὸ
1822 587 2046 636 ὑποκείμενον
2085 588 2253 638 πέλαγος,

1212 648 1528 697 προσαγορευθῆναι
1569 645 1604 682 δὲ
1636 649 1753 692 τοῦτο,
1793 645 1848 682 διὰ
1890 644 1950 691 τὴν
1983 645 2249 698 προειρημένην,

1212 702 1484 748 ςΕλλήσποντον.
1505 702 1574 741 Τὸν
1596 702 1630 739 δὲ
1646 703 1739 754 κριὸν
1757 703 1951 751 κομίσαντα
1969 706 2014 746 εἷς
2039 703 2194 754 Κόλχους
2211 704 2249 740 ἐκ

1212 764 1271 797 τοῦ
1295 759 1430 798 Πόντου
1456 760 1512 798 τὸν
1534 760 1662 812 Φρίξον
1681 762 1897 807 τελευτῆσαι.
1931 762 2016 801 Ἐπὶ
2040 766 2138 799 τοῦτο
2157 761 2254 812 λέγε·

1212 834 1269 855 ται
1293 819 1330 855 τὸ
1363 818 1461 869 δέρας
1481 819 1540 855 καὶ
1559 818 1637 861 τοὺς
1657 819 1883 869 Ἀργοναύτας
1909 822 2147 866 ἀποσταλῆναι
2168 820 2256 870 μετὰ

1213 880 1272 914 τοῦ
1294 877 1459 919 Ἰάσονος.
1489 878 1557 916 Τὸν
1579 877 1613 914 δὲ
1629 877 1826 926 Ἀθάμαντα
1852 894 1935 929 φασι
1956 878 2107 925 μαθόντα
2126 878 2255 916 ἕκαστα

1214 938 1280 972 τῶν
1296 935 1518 972 συντεθέντων
1535 936 1600 973 ὑπὸ
1617 938 1677 981 τῆς
1693 936 1814 982 Ἰνοῦς,
1828 936 1876 985 μὴ
1892 937 2073 988 φείσασθαι
2088 937 2175 986 μηδὲ
2188 940 2256 975 τῶν

1216 993 1250 1036 ἐξ
1270 995 1373 1030 αὐτοῦ
1391 993 1583 1044 γενομένων
1613 995 1700 1044 αὐτῇ
1718 994 1864 1041 παίδων,
1894 994 1952 1031 καὶ
1973 995 2171 1047 αὐτοχειρίᾳ
2194 995 2256 1045 μὲν

1216 1053 1416 1088 ἀποκτεῖναι
1450 1052 1649 1104 Κλέαρχον,
1683 1052 1859 1096 ἐπιδιῶξαι
1883 1052 1918 1089 δὲ
1945 1052 2033 1102 μετὰ
2063 1052 2176 1105 ξίφους
2199 1053 2257 1090 καὶ

1215 1109 1276 1155 τὴν
1287 1109 1376 1149 Ἰνώ.
1387 1110 1462 1156 Τὴν
1477 1111 1509 1148 δὲ
1526 1109 1903 1161 καταλαμὲανομένην,
1919 1111 2093 1163 σωτηρίαν
2108 1111 2257 1148 {neemi-

1217 1172 1341 1205 σασθαι
1359 1171 1464 1220 ἑαυτῇ
1482 1185 1518 1206 τε
1538 1170 1596 1206 καὶ
1619 1172 1668 1221 τῷ
1694 1171 1779 1218 υἱεῖ,
1800 1169 1949 1221 ῥίψασαν
1970 1169 2098 1214 ἑαυτὴν
2127 1171 2174 1212 εἷς
2197 1168 2258 1208 την

1216 1226 1409 1275 θάλασσαν,
1430 1227 1488 1264 καὶ
1504 1233 1620 1278 τυχεῖν
1638 1229 1675 1265 ἐκ
1692 1230 1759 1264 τῶν
1780 1230 1863 1265 θεῶν
1881 1230 1948 1265 τῶν
1969 1227 2112 1264 ἐναλίων
2128 1230 2259 1276 τιμῶν·

1218 1283 1360 1336 ὕστερον
1386 1283 1421 1322 δὲ
1441 1285 1499 1322 καὶ
1518 1289 1836 1337 προσαγορευθῆναι
1860 1286 1979 1333 αὐτὴν,
1998 1285 2054 1322 διὰ
2072 1285 2128 1322 τὸν
2146 1287 2183 1323 ἐκ
2200 1288 2260 1331 τῆς

1218 1343 1394 1389 θαλάσσης
1411 1343 1515 1396 ἀφρὸν
1532 1345 1737 1392 Λευκοθέαν,
1759 1345 1816 1382 τὸν
1835 1344 1869 1382 δὲ
1888 1344 2104 1396 Μελικέρτην
2122 1343 2261 1385 Παλαί-

1218 1417 1323 1451 μονα·
1343 1396 1429 1440 εἷναι
1448 1402 1482 1440 δὲ
1502 1403 1604 1440 αὐτὸν
1622 1406 1763 1454 σωτῆρα
1782 1406 1850 1440 τῶν
1865 1403 1907 1440 τὸ
1920 1402 2069 1453 πέλαγος
2086 1402 2261 1440 πλεόντων

1219 1459 1418 1511 ἀνθρώπων.
1450 1460 1496 1498 ‘H
1526 1461 1659 1512 ἱστορία
1693 1461 1790 1512 παρὰ
1820 1463 1869 1512 τῷ
1900 1462 2167 1513 Φιλοστεράνῳ.
2205 1462 2259 1499 Cf.

1218 1520 1443 1566 Apollodor.
1469 1523 1505 1564 l,
1526 1534 1607 1569 9,1.
1626 1522 1774 1556 Miiller.
1796 1523 1892 1556 Min.
1913 1535 1951 1568 p.
1978 1522 2060 1568 165).

1712 1586 1773 1623 38.

1271 1649 1393 1685 Selnol.
1412 1649 1541 1695 odyss.
1560 1664 1596 1692 ο,
1620 1649 1676 1693 16,
1696 1649 1742 1683 de
1760 1650 1868 1683 Icarii
1889 1661 2008 1683 uxore
2026 1648 2259 1683 Dorodoehe

1218 1707 1276 1740 vel
1292 1707 1501 1753 Asterodia,
1519 1715 1554 1741 et
1570 1707 1616 1742 de
1633 1707 1832 1753 Penelope,
1849 1718 1961 1753 quam
1975 1708 2125 1741 Laertes
2141 1707 2260 1752 Ulyssi

1220 1777 1377 1798 uxorem
1402 1766 1624 1801 conciliavit.
1645 1763 1687 1801 ‘H
1708 1762 1742 1799 δὲ
1761 1763 1893 1813 ἱστορία
1904 1761 2261 1814 παραψιλοστεφάνῳ

1221 1820 1279 1857 καὶ
1299 1821 1498 1871 Φερεκύδῃ.
1520 1822 1616 1859 Vide
1640 1823 1861 1869 Pherecydis
1880 1823 2012 1869 fragm.
2035 1835 2099 1870 90.

1274 1943 1553 1992 Philostephani
1574 1946 1707 1980 comici
1728 1952 1848 1992 poetae
1869 1944 1901 1980 ἐν
1927 1943 2045 1994 Δηλίῳ
2074 1945 2263 1992 fragmen-

1221 2011 1299 2037 tum
1325 2002 1479 2051 (Athen.
1513 2006 1600 2047 VII,
1634 2017 1672 2051 p.
1698 2017 1792 2051 292,
1826 2003 1902 2049 F),
1925 2003 2003 2040 vid.
2036 2004 2072 2037 in
2100 2002 2260 2038 Meinek.

1221 2062 1327 2098 Com.
1353 2064 1415 2106 IV,
1436 2075 1474 2110 p.
1498 2061 1586 2109 589.

596 2178 652 2209 36.

156 2235 325 2272 Postquam
350 2232 501 2271 Pasiphae
525 2231 645 2262 Daedali
672 2232 739 2261 arte
764 2238 836 2260 cum
866 2230 958 2260 tauro
991 2236 1153 2267 congressa

114 2288 198 2325 erat,
227 2286 337 2316 Minois
366 2285 445 2315 iram
474 2286 619 2315 metuens
650 2283 814 2318 Daedalus,
847 2282 905 2312 alis
936 2281 975 2311 ad
1005 2281 1154 2310 humeros

116 2337 274 2377 adaptatis
295 2345 356 2367 una
373 2345 444 2366 enm
463 2338 551 2366 icaro
571 2335 636 2366 lilio
658 2343 713 2374 per
735 2342 838 2364 aerem
860 2332 1074 2363 auferebatur.
1094 2331 1154 2362 Sed

116 2389 201 2419 tilius
221 2389 250 2418 in
268 2397 354 2419 mare
370 2388 502 2426 cecidit,
521 2387 607 2427 quod
623 2388 663 2418 ab
683 2396 719 2417 eo
733 2389 866 2416 vocatur
882 2385 1028 2415 learium.
1046 2383 1155 2415 Daeda-

118 2442 166 2471 lus
190 2444 295 2471 lamen
318 2441 453 2471 volando
478 2440 621 2480 pervenit
643 2440 676 2470 in
692 2438 857 2470 Canticum
880 2436 997 2468 Siciliae
1026 2435 1156 2473 urbem,

119 2494 171 2523 uhi
189 2494 288 2523 lilium
311 2503 403 2524 suum
420 2495 606 2532 exspectans
631 2491 717 2532 apud
738 2491 844 2522 Cocali
867 2490 944 2520 filias
965 2489 1098 2528 degebat
1112 2513 1120 2527 ,
1139 2496 1156 2518 a

118 2545 235 2584 quihus
250 2544 349 2575 Minos
362 2569 370 2583 ‚
385 2554 485 2583 quum
501 2544 666 2575 Daedalum
680 2551 826 2582 quaerens
839 2541 949 2572 eodem
966 2540 1156 2579 advenisset,

121 2598 219 2627 inlusa
245 2605 326 2635 aqua
345 2597 483 2627 fervente
505 2598 645 2628 necatur.
670 2596 782 2628 Narrat
801 2595 869 2625 haec
897 2592 1158 2631 Philostephanus

121 2650 152 2679 et
166 2647 380 2679 Callimachus
393 2648 424 2677 in
443 2648 541 2678 slitiis.

596 2697 653 2728 37.

164 2751 332 2789 Athamas,
356 2751 434 2781 AEoli
465 2750 567 2787 silius,
596 2750 777 2780 Thebarum
807 2757 881 2784 rex,
908 2755 1041 2778 uxorem
1069 2746 1162 2777 (luxit

123 2803 234 2834 Cadmi
252 2802 349 2833 liliam
369 2803 516 2838 Inonem,
544 2810 582 2831 ex
602 2810 665 2840 qua
680 2800 760 2830 duos
779 2799 916 2839 suscepit
939 2798 1037 2837 lilios,
1052 2797 1161 2829 Clear-

122 2854 220 2884 ‹·hum
239 2855 270 2883 et
287 2852 477 2883 Melicerten.
506 2851 625 2883 Deinde
641 2860 740 2890 quum
762 2852 779 2881 J
785 2850 898 2880 unonis
917 2849 1004 2888 jussu
1031 2851 1161 2880 Inonem

125 2904 336 2944 repudiasset,
360 2903 518 2942 Nephelen
540 2901 776 2941 superinduxit,
799 2910 871 2940 qnae
894 2900 974 2930 duos
993 2900 1021 2930 ei
1042 2900 1164 2939 peperit

128 2956 244 2986 liberos
257 2979 266 2993 ‚
282 2953 391 2985 Hellen
406 2955 437 2984 et
452 2953 616 2984 Phrixum.
632 2954 752 2983 Verum
769 2960 972 2982 consuescere
986 2951 1160 2982 Athaman-

127 3012 190 3039 tem
207 3015 281 3037 cum
296 3008 392 3037 lnone
408 3005 588 3036 clanculum
608 3003 743 3043 Nephele
759 3003 916 3042 suspicata
935 3002 1076 3033 decessit.
1101 3005 1163 3034 De-

125 3068 188 3090 nuo
202 3059 294 3098 igitur
309 3057 422 3088 domus
436 3055 566 3095 imperio
586 3055 685 3095 potita
704 3056 760 3085 Ino
786 3052 913 3084 insidias
928 3053 1043 3084 struxit
1059 3053 1165 3084 liberis

125 3121 142 3142 e
155 3110 293 3151 Nephele
304 3109 465 3149 susceptis.
480 3108 596 3139 Dolum
613 3115 688 3138 vero
701 3105 891 3144 excogitavit
904 3104 1068 3143 eiusmodi.
1089 3107 1164 3136 Tor-

127 3162 216 3193 rebat
230 3161 371 3192 triticum
397 3160 428 3190 in
444 3160 616 3191 sementem
642 3157 844 3188 destinatum.
868 3157 939 3192 Quo
964 3155 1047 3185 sacto
1064 3164 1163 3194 quum

120 3214 290 3246 sterilitate
300 3213 363 3252 agri
385 3212 564 3243 laborarent
577 3235 585 3248 ,
599 3210 748 3240 Athamas
759 3208 896 3247 Delphos
908 3207 993 3237 misit
1007 3207 1164 3246 quidenm

127 3265 340 3296 consulerent.
357 3264 410 3295 llis
430 3272 504 3293 vero
529 3264 583 3293 lno
603 3260 774 3300 persuasit,
803 3261 837 3289 nt
856 3258 1020 3288 oraculum
1043 3257 1083 3287 ah
1101 3259 1165 3296 ipsa

128 3319 238 3348 mmtra
256 3317 406 3348 Phrixum
421 3315 606 3345 fabricatum
625 3314 772 3344 referrent
785 3335 792 3349 ,
808 3321 844 3341 ex
863 3319 926 3349 qno
943 3318 1068 3339 cessura
1084 3311 1163 3340 t‘oret

129 3369 310 3407 calamitas,
334 3368 358 3398 si
383 3377 471 3397 suam
499 3366 593 3405 ipsius
617 3364 790 3404 prosapiam
817 3361 1004 3392 sarritirium
1025 3361 1084 3390 deo
1108 3370 1162 3390 rex

1185 2180 1188 2193 ¹
1217 2172 1353 2203 offerret.
1372 2172 1487 2203 Audito
1508 2173 1567 2203 hoc
1583 2181 1622 2203 ex
1640 2173 1759 2203 nuntiis
1776 2181 1943 2212 responso,
1961 2172 2110 2203 Athamas
2124 2180 2165 2202 ex
2181 2171 2264 2210 agris

1222 2223 1378 2253 Phrixum
1396 2224 1543 2263 arcessit,
1556 2233 1622 2263 prae
1644 2224 1746 2263 specie
1765 2224 1923 2263 imperans
1939 2224 1989 2261 ei,
2006 2225 2042 2254 ut
2061 2232 2078 2253 e
2091 2231 2181 2262 grege.
2194 2221 2263 2262 pul·

1218 2275 1411 2305 cherrimum
1428 2275 1559 2306 arietem
1573 2275 1613 2305 ad
1627 2275 1813 2306 sacrificium
1831 2274 2014 2305 adduceret.
2034 2277 2104 2306 ,lam
2120 2273 2263 2304 tabulan-

1219 2329 1272 2358 tur
1287 2327 1418 2358 arietem
1433 2351 1442 2366 ,
1460 2336 1499 2358 ex
1519 2328 1659 2358 numinis
1675 2328 1839 2366 cujusdam
1854 2328 2020 2367 praesentia
2033 2352 2041 2365 ,
2057 2327 2094 2357 ad
2110 2326 2263 2357 acceden-

1219 2380 1282 2409 tem
1297 2387 1370 2409 cum
1384 2387 1491 2410 sorore
1507 2379 1662 2410 Phrixum
1677 2379 1815 2409 humana
1828 2388 1906 2410 voce
1921 2379 2063 2409 locutum
2076 2386 2159 2417 esse,
2174 2378 2265 2417 eique

1219 2432 1320 2461 totam
1339 2430 1523 2461 insidiarum
1550 2431 1704 2462 rationem
1721 2431 1924 2469 exposuisse,
1952 2432 2047 2469 atque
2073 2430 2260 2469 imperasse,

1220 2484 1256 2512 ut
1270 2491 1342 2513 cum
1358 2491 1467 2513 sorore
1482 2484 1570 2521 tergo
1583 2491 1642 2513 suo
1653 2481 1812 2519 insideret,
1827 2490 1890 2521 qno
1903 2481 2071 2512 imminens
2085 2480 2262 2520 periculum

1220 2535 1345 2573 possent
1358 2533 1506 2572 effugere.
1522 2535 1594 2570 Quo
1608 2533 1691 2563 sacto
1705 2532 1784 2563 aries
1795 2541 1909 2571 magno
1920 2533 2038 2571 impetu
2054 2540 2108 2571 per
2121 2530 2261 2561 medinm

1221 2594 1326 2616 aerem
1345 2586 1504 2629 profectus
1521 2594 1586 2616 esse
1599 2585 1728 2616 dicitur.
1748 2587 1788 2616 At
1804 2585 1925 2623 Hellen,
1940 2593 2038 2624 quum
2055 2583 2211 2614 sustinere
2227 2591 2260 2612 se.

1221 2646 1285 2668 non
1299 2639 1421 2677 posset,
1446 2637 1476 2668 in
1493 2636 1660 2676 sthacens
1676 2645 1763 2667 mare
1776 2636 1936 2675 delapsam
1960 2644 2044 2672 esse,
2068 2635 2118 2665 cni
2138 2633 2210 2665 inde
2223 2633 2263 2664 sit

1222 2690 1416 2729 Hellesponti
1424 2698 1539 2720 nomen
1548 2689 1696 2720 inditum.
1709 2690 1815 2728 Ipsum
1823 2689 1930 2719 antem
1940 2687 2083 2725 arietem,
2094 2687 2261 2726 postquam

1222 2743 1361 2774 Colchos
1374 2743 1528 2774 Phrixum
1541 2741 1778 2780 transvexisset,
1796 2742 1894 2772 vitam
1907 2740 1949 2771 ihi
1963 2740 2089 2772 finiisse.
2103 2738 2151 2771 Ad
2163 2738 2264 2770 vellus

1224 2797 1292 2835 ejus
1306 2795 1532 2835 reportandum
1550 2794 1662 2826 deinde
1678 2795 1873 2834 Argonautas
1892 2792 1951 2824 sub
1966 2795 2074 2824 iasone
2091 2792 2171 2822 duce
2187 2791 2263 2822 mis-

1224 2856 1275 2878 sos
1290 2856 1366 2878 esse.
1388 2847 1611 2878 Athamantem
1639 2855 1731 2884 vero,
1756 2845 1925 2885 compertis
1941 2844 2087 2884 singulis,
2114 2852 2187 2883 quae
2211 2844 2265 2873 lno

1223 2898 1370 2929 insidiose
1383 2899 1566 2937 struxisset,
1583 2907 1621 2929 ne
1639 2898 1709 2929 siliis
1726 2897 1855 2937 quidem
1874 2906 1913 2927 ex
1930 2905 1966 2927 ea
1980 2896 2062 2926 natis
2078 2894 2263 2935 pepercisse,

1223 2950 1277 2981 aed
1303 2950 1492 2981 clearchum
1516 2959 1572 2981 sua
1592 2950 1689 2990 ipsius
1705 2958 1802 2980 manu
1822 2948 1993 2985 occidiss03
2016 2947 2129 2978 deinde
2155 2946 2265 2977 stricto

1223 3000 1325 3039 gladio
1344 3002 1544 3040 persecutum
1561 3009 1628 3032 esse
1647 3002 1789 3031 Inonem.
1816 3001 1905 3030 Hanc
1922 2999 2029 3029 autem
2043 3020 2051 3034 ‚
2065 3006 2164 3036 quum
2179 2996 2263 3035 jam-

1220 3051 1286 3090 jam
1306 3052 1637 3092 comprehenderetur,
1651 3051 1784 3082 salutem
1799 3049 1856 3081 sibi
1879 3058 1952 3080 cuin
1975 3048 2075 3079 altero
2096 3047 2158 3078 lilio
2172 3056 2262 3087 qum-

1224 3104 1345 3134 rentem
1363 3103 1393 3133 in
1417 3111 1502 3133 mare
1519 3110 1551 3133 se
1574 3102 1766 3142 praecipitem
1791 3099 1931 3136 dedisse,
1949 3098 2002 3129 ubi
2019 3107 2037 3128 a
2061 3098 2120 3128 diis
2137 3097 2264 3128 marinis

1225 3154 1397 3185 honoribus
1418 3154 1458 3185 sit
1473 3154 1596 3184 assecta.
1611 3152 1815 3184 Postmodum
1832 3160 1900 3181 eam
1915 3150 2009 3181 etiam
2032 3149 2262 3186 Leucotheam,

1225 3206 1265 3236 ab
1293 3214 1415 3245 spumm
1443 3205 1574 3235 marinae
1599 3204 1726 3242 colore,
1753 3204 1969 3241 nuncupatam
1995 3209 2080 3239 esse3
2106 3200 2264 3239 similique

1225 3256 1319 3287 modo
1345 3256 1526 3287 Melicerten
1553 3255 1751 3285 nominatum
1777 3262 1842 3283 esse
1870 3252 2102 3289 Pa1aemonem,
2128 3258 2264 3290 eumque

1225 3309 1358 3338 salutem
1382 3309 1531 3346 praestare
1556 3305 1742 3336 mortalibus
1765 3304 1817 3343 qui
1841 3304 1935 3334 maris
1957 3303 2089 3333 subeant
2112 3301 2260 3341 pericula.

1228 3359 1360 3389 ilistoria
1375 3358 1442 3388 haec
1461 3358 1572 3395 legitur
1589 3355 1671 3395 apnd
1690 3355 1982 3394 Philostephanum.
