2338 3765
960 128 1132 165 FRAGM
1144 129 1290 168 ENTA.

73 216 212 267 τάφρου.
245 216 314 253 Καὶ
342 217 430 253 οὕτω
450 222 590 267 ταχεῖαν
625 216 825 267 εἰργάσαντο
859 217 916 250 τοῦ
936 214 1096 264 χώματος

71 272 132 318 τὴν
157 272 311 318 αὔξησιν.
333 274 388 324 (12)
414 272 580 324 Ὁρῶντες
593 273 626 310 δὲ
640 274 677 310 τὸ
699 272 930 323 πραττόμενον
948 272 977 307 οἱ
998 272 1096 320 Θρᾷ-

73 346 145 378 κες,
167 330 225 368 καὶ
255 330 306 367 ὅτι
334 333 415 382 πρὸς
434 331 520 383 σφὰς
538 332 576 368 τὸ
597 334 702 381 χῶμα
725 328 991 379 ἀντετειήίζετο,
1015 327 1096 371 ξύλα

70 388 261 435 πηξάμενοι
281 388 338 424 καὶ
355 388 483 430 τούτοις
509 389 646 431 σανίδας
667 387 986 439 προσαρτήσαντες,
1008 386 1096 436 πρό-

73 447 192 495 ὃλημα
219 447 388 496 μετέωρον
406 445 462 482 ἐπὶ
482 449 531 497 τῷ
551 446 746 497 τειχίσματι
767 445 915 495 ἤγειρον.
944 447 1002 492 (13)
1028 443 1098 481 Καὶ

71 505 125 542 ἐπὶ
144 505 229 555 τῷδε
246 503 510 554 ἐμηχανήσαντο
524 504 667 541 τοιόνδε·
688 506 841 548 καθῆκαν
863 502 930 538 ἀπὸ
951 505 1010 539 τοῦ
1031 503 1097 538 τεί-

71 577 151 613 χους
173 560 305 612 νύκτωρ
326 560 394 598 ἀπὸ
421 562 547 608 κάλων,
574 561 630 598 ὑπ’
654 560 737 599 αὐτό
757 576 821 597 που
853 560 890 597 τὸ
910 559 1096 610 ἡσυχάζον,

72 621 178 670 ἄνδρα
198 618 361 667 εὕτολμόν
382 634 418 655 τε
448 618 506 656 καὶ
536 624 704 669 γενναῖον,
727 618 837 660 δόντες
866 618 959 669 αὐτῷ
986 616 1097 669 φέρειν

72 677 128 715 ἐπὶ
147 676 184 713 τὸ
203 678 308 726 χῶμα
336 677 422 727 δᾷδα
442 676 600 725 ἡμμένην
622 676 680 713 καὶ
701 679 840 723 σκεῦος,
860 674 915 711 ἵνα
938 674 1041 710 πίττα
1063 688 1099 710 τε

71 730 111 780 ἦν
136 735 194 771 καὶ
221 737 307 771 θεῖον
340 733 462 771 καὶτὰ
480 738 634 771 τοιαῦτα.
694 734 750 786 (14)
772 733 963 783 Ἐμῧάλλει
979 732 1019 778 δὴ
1043 727 1098 770 οὖν

71 793 109 829 τὸ
127 807 195 842 πυρ
223 794 290 832 τοῖς
310 791 470 842 ἀνέχουσι
488 791 526 828 τὸ
545 794 651 842 χῶμα
679 791 786 835 ξύλοις
800 821 810 839 ,
833 791 890 828 καὶ
911 790 1015 841 ἀθρόα
1044 789 1100 837 γί-

71 865 163 887 νεται
183 847 334 886 καέντων
352 853 411 886 του
428 848 591 908 stim-&203
611 853 631 894 ἡ
649 850 881 891 κατάπτωσις.
916 849 975 898 (1))
1000 847 1099 885 Ἐπει

71 907 106 944 δὲ
122 907 180 944 καὶ
197 909 230 945 ἐν
262 921 393 948 τουτοις
412 912 506 954 μεῖον
533 910 624 957 εῑᾸον
643 909 673 944 οἱ
689 906 842 954 ,Σκύθαι7
862 905 968 943 ἐδόκει
987 905 1100 946 αὐτοῖς

72 965 212 1002 κτείνειν
231 964 275 1002 τὰ
295 966 419 1016 ἀχρεῖα
439 980 505 1001 των
524 964 714 1014 υποζυγίων
734 979 792 1000 και
821 965 887 999 τῶν
917 960 1098 1013 αἰχμαλώ-

70 1039 136 1060 των
155 1021 227 1060 ὅσοι
241 1022 329 1072 νόσῳ
350 1020 372 1067 ἢ
389 1022 501 1073 χρόνῳ
525 1021 578 1058 διὰ
613 1025 720 1072 γ’ῆρας
741 1019 991 1058 ἐκακοπάθουν·
1009 1018 1100 1056 κτεί-

70 1096 186 1123 ναντες
205 1080 279 1130 [δ’]
296 1079 453 1117 ἐνέὸαλον
475 1081 519 1122 εἰς
536 1079 596 1125 τὴν
609 1079 750 1130 τάφρον,
764 1079 822 1115 καὶ
835 1077 918 1123 ὕλην
936 1076 1099 1113 παντοίαν

71 1139 267 1190 ἐπεφόρουν.
323 1136 380 1176 Τὰ
412 1137 445 1174 δὲ
479 1137 626 1186 σώματα
661 1136 738 1187 ἄρτι
766 1140 900 1186 τριταῖα
939 1134 1100 1185 γινόμενα

70 1196 152 1247 ὕψος
186 1197 223 1232 οὐ
261 1196 396 1245 μέτριον
426 1200 592 1246 παρεῖχον
632 1195 821 1237 ἐξοιδοῧντα
862 1195 911 1244 τῷ
947 1193 1098 1243 χώματι.

72 1255 129 1303 (16)
150 1255 194 1292 Οἱ
224 1253 258 1290 δὲ
279 1255 415 1304 Θρᾷκες
446 1252 545 1303 μέρος
564 1268 596 1289 τι
622 1255 681 1288 τοῦ
707 1251 837 1301 τείχους
858 1251 1099 1301 διακόψαντες,

70 1311 147 1348 ὅσον
170 1312 201 1353 ἐς
224 1311 362 1360 μέγεθος
381 1309 519 1352 πυλίδος
531 1313 672 1358 στενῆς,
689 1308 880 1359 εἶσεςρόρουν
898 1307 988 1345 κατὰ
1002 1311 1101 1344 τοῦτο

71 1367 165 1419 παρὰ
187 1367 274 1419 σφὰς
293 1368 370 1405 ὅσαι
390 1368 506 1409 νύκτες
525 1367 581 1404 τὸν
606 1371 709 1417 χοῦν·
735 1368 780 1408 ὡς
798 1365 832 1402 δὲ
849 1365 961 1416 πάντῃ
978 1364 1100 1416 ἄποροι

70 1429 110 1476 τῇ
147 1425 266 1476 γνώμῃ
305 1425 452 1475 ἐγίνοντο
489 1427 518 1462 οἱ
540 1425 728 1476 βάρὸαροι,
754 1424 863 1460 ἐδόκει
891 1425 1097 1474 ἀναχωρεῖν.

74 1483 142 1521 Καὶ
162 1487 262 1520 τοῦτο
278 1486 319 1534 τῇ
339 1483 517 1534 πολιορκίᾳ
537 1484 631 1524 τέλος
645 1485 712 1524 τοῖς
733 1481 880 1523 Σκύθαις
901 1481 1044 1530 ἐγένετο.

123 1544 211 1588 Quae
233 1544 304 1577 hoc
325 1542 530 1589 fragmento
546 1548 746 1576 narrantur
761 1541 806 1575 de
823 1541 953 1576 Gothis
969 1540 1014 1574 ab
1032 1540 1101 1573 ob-

70 1601 213 1635 sidione
243 1601 550 1647 Philippopoleos
571 1612 610 1634 re
640 1599 773 1633 infecta
803 1598 1098 1642 discedentibus,

70 1659 232 1702 aliunde,
250 1665 428 1704 quantum
442 1658 518 1692 scio
532 1686 541 1701 ,
562 1664 753 1703 comperta
769 1669 846 1691 non
856 1656 1096 1691 habebamus.

70 1716 314 1751 Statuendmn
327 1717 439 1764 igitur
449 1722 499 1750 est
508 1716 648 1751 Gothos
658 1716 782 1762 primo
794 1715 945 1761 quidem
958 1715 1100 1761 impetu

73 1775 162 1808 nihil
178 1774 432 1821 proficientes,
443 1775 571 1809 relicta
585 1774 850 1820 Philippopoli,
864 1774 901 1807 in
916 1773 1003 1807 alias
1016 1774 1102 1807 Moe·

70 1833 128 1867 siae
145 1833 255 1867 urbes
274 1845 375 1867 arma
395 1833 544 1867 vertisse
557 1860 567 1880 ,
589 1832 726 1867 deinde
746 1844 835 1866 vero
848 1859 856 1875 ,
876 1832 975 1865 victo
994 1831 1099 1865 deni-

72 1902 145 1936 que
169 1897 205 1926 et
224 1890 418 1925 interfecto
434 1890 565 1938 Decio,
587 1891 722 1924 iterum
742 1889 1102 1936 Philippopolitanos

71 1960 257 1996 aggressos
288 1955 398 1995 atque
416 1948 510 1983 urbe
538 1949 678 1995 potitos
709 1960 798 1984 esse.
831 1949 922 1982 Nam
958 1954 1101 1994 captam

71 2019 91 2041 a
110 2008 240 2043 Gothis
273 2006 567 2054 Philippopolim
594 2013 732 2053 praeter
762 2007 853 2041 alios
881 2007 957 2052 ipse
991 2006 1101 2040 etiam

70 2071 195 2100 narrat
210 2065 403 2111 Dexippus
434 2064 535 2111 apud
569 2064 781 2111 Syncellum
800 2076 838 2110 p.
875 2062 948 2108 376
982 2062 1036 2111 (V.
1056 2062 1100 2102 fr,

76 2121 154 2168 16).
177 2122 229 2158 Cf.
252 2123 464 2157 Ammianus
485 2123 641 2165 XXXI,
666 2121 685 2156 5
707 2134 714 2158 :
748 2121 1004 2157 Ceciderunt...

67 2189 254 2228 peratores
269 2182 373 2214 Decii
385 2188 496 2227 pater
517 2181 682 2227 etfilius.
702 2179 911 2214 Anchialus
929 2187 1039 2226 capta
1067 2187 1103 2213 et

72 2247 228 2285 tempore
242 2239 366 2273 eodem
383 2239 584 2285 Nicopolis.
604 2240 694 2273 Post
707 2239 831 2272 clades
851 2245 1022 2284 acceptas
1039 2249 1102 2270 cx-

1032 2125 1101 2155 im-

70 2301 147 2331 cisa
171 2304 224 2330 est
241 2298 521 2344 Philippopolis.
541 2298 624 2342 Quo
642 2297 726 2330 loco
746 2309 827 2343 quae
848 2296 894 2331 de
915 2296 1096 2330 Anchialo

70 2362 106 2390 et
123 2354 298 2402 Nicopoli
315 2355 448 2389 eodem
469 2356 544 2389 fere
561 2361 729 2401 tempore
744 2355 810 2389 sub
826 2355 941 2389 Decio
964 2366 983 2388 a
1004 2354 1099 2400 Scy-

71 2414 140 2447 this
166 2414 337 2460 appetitis
368 2414 557 2460 leguntur,
580 2414 694 2459 quaeri
723 2420 846 2460 potest
873 2425 964 2447 num
1002 2418 1100 2446 recte

71 2471 168 2505 dicta
182 2472 262 2505 sint.
283 2472 376 2506 Nam
394 2471 599 2506 secundum
630 2471 861 2507 Trebellium
881 2471 919 2505 in
940 2469 1097 2505 Claudio

72 2542 103 2565 c.
139 2541 181 2562 12
213 2541 263 2563 eae
288 2529 399 2564 urbes
436 2528 580 2565 Claudii
606 2536 642 2563 01
670 2527 841 2574 Quintilli
873 2528 1101 2575 temporibus

74 2590 172 2635 (270
193 2599 232 2633 p.
255 2584 318 2635 C.)
341 2594 486 2621 vastatae
503 2595 599 2624 sunt.
622 2587 830 2623 Trebellius
851 2599 942 2621 vero
964 2586 1096 2620 ducem

71 2645 107 2678 iu
129 2644 185 2679 his
203 2651 346 2679 secutus
363 2657 436 2680 esse
451 2646 599 2680 videtur
614 2646 797 2691 optimum
825 2645 954 2679 harum
972 2656 1098 2678 rerum

71 2747 247 2786 silvamque
258 2748 376 2778 variam
388 2748 469 2779 intei
482 2750 654 2787 utrumque
672 2749 761 2779 fossae
779 2748 918 2778 labium'
913 2747 1106 2787 ingeicbant.

72 2801 173 2838 Atque
188 2799 232 2830 sic
246 2800 387 2831 celeriter
403 2801 500 2831 moles
515 2801 813 2840 010105101131412)
832 2804 894 2832 Vei
898 2809 952 2830 11111
967 2800 1102 2832 Thi-aces

72 2851 123 2881 ubi
143 2860 285 2890 aggerem
305 2852 400 2883 istum
416 2854 545 2884 eontr‘a
539 2862 620 2893 ipsos
638 2853 715 2884 strui
740 2853 984 2892 conspexemnt,
998 2853 1027 2882 t1
1029 2852 1103 2882 abes

72 2902 277 2941 impingentes
295 2904 482 2943 tabulasque
504 2904 542 2935 iis
557 2904 749 2943 applicantes
763 2903 1031 2943 propugnaculum
1049 2912 1102 2934 su-

71 2952 166 2984 blime
186 2953 217 2984 in
243 2963 334 2986 muro
348 2955 536 2986 excitabant.
583 2956 645 2993 (13)
662 2957 700 2986 Pr
702 2957 815 2986 aeterea
832 2964 905 2989 vero
923 2954 1018 2985 etiam
1044 2954 1103 2985 hoc

73 3008 241 3039 machinati
261 3008 344 3039 sunt
360 3007 482 3038 Etenim
505 3008 562 3038 51111
580 3008 679 3047 ipsam
696 3008 758 3038 sere
774 3008 899 3037 noctem
916 3006 1102 3037 concubium

73 3059 199 3091 funibus
214 3060 385 3091 demittunt
399 3059 502 3090 virum
515 3060 665 3090 audacem
682 3061 713 3091 et
723 3069 928 3099 ‘’enefflStnn,
945 3069 1037 3098 quem
1055 3060 1103 3090 in-

73 3119 165 3141 (ensa
179 3111 245 3142 sace
259 3110 359 3150 aggeri
385 3110 583 3141 admovenda
596 3112 691 3149 ‘itque
714 3120 786 3142 vase
808 3111 904 3149 picis,
925 3111 1101 3150 sulphuris,

72 3165 204 3196 aliarum
220 3166 279 3196 1100
296 3173 450 3205 ¹enus1ei
454 3174 506 3195 um
522 3166 569 3204 pl<¹
573 3166 780 3196 noinstiuxei
783 3167 847 3196 1111
893 3167 956 3205 (14)
972 3166 1038 3205 1si0¹
1031 3167 1104 3197 itur

73 3225 141 3255 ibn(
144 3227 174 3248 m
188 3218 286 3257 injicit
300 3220 328 3248 tr
330 3218 441 3248 111111115
454 3241 461 3255 ‚
474 3227 546 3257 qua!
560 3227 633 3257 agge
637 3228 700 3249 iem
718 3219 925 3249 sustinebant
955 3220 1102 3257 1110111515,

73 3269 235 3300 confestim
253 3270 317 3300 tota
344 3269 441 3299 moles
458 3269 585 3300 rotsuit.
616 3270 680 3300 1151
713 3272 881 3309 Postquam
902 3270 994 3309 igitui
1009 3271 1101 3302 04111111

1127 2645 1131 2667 l

2107 137 2181 167 07⁴.)

1158 225 1301 261 testem,
1321 219 1530 265 Dexippum
1559 225 1748 262 nostrum,
1773 218 1877 264 cujus
1902 219 1978 264 ipso
2008 219 2069 252 illo
2099 220 2182 253 loro

1158 277 1380 310 mentionem
1414 276 1543 321 injicit.
1584 278 1754 311 Ceterum
1789 288 1903 322 quum
1936 277 2042 310 ctiam
2077 279 2181 312 Decii

1159 335 1387 381 temporibus
1416 335 1627 381 Nicopolim
1661 334 1801 380 Scythae
1834 335 2011 381 aggressi,
2039 335 2101 369 sed
2137 336 2182 369 ab

1159 392 1380 437 imperatore
1401 394 1535 438 repulsi
1566 393 1657 434 siut,
1674 393 1726 426 uti
1749 393 1936 438 colligitur
1952 405 1993 426 ex
2024 394 2182 440 Dexippi

1158 450 1287 496 fragm.
1312 462 1356 496 19
1378 457 1472 485 extr.
1498 450 1653 497 (collato
1671 450 1860 484 Jornande
1876 452 1896 484 l.
1913 452 1932 485 l.

1158 507 1379 551 Gothorum,
1396 509 1605 555 Nicopolim
1622 509 1779 551 accedit,
1807 521 1891 554 quse
1899 513 2013 553 stacta
2045 511 2184 545 latrum

1158 565 1301 602 fluvium
1332 574 1386 600 est
1409 569 1608 602 constituta.
1622 593 1645 600 ..

1158 626 1391 669 imperatore,
1417 625 1564 658 attidem
1581 624 1698 659 Cnica
1725 627 1762 657 itz
1775 625 1978 658 Hoemonioe
1990 633 2116 671 partes
2129 639 2184 660 re-

1945 462 1951 485 :
1975 450 2101 491 Casca,
2124 464 2185 485 rex

1682 567 1742 600 ubi·
1773 567 1879 600 Decio
1917 571 2186 614 .s·11pet·wenienlc

1158 679 1297 729 cessit),
1322 681 1426 716 facile
1446 680 1526 716 fieri
1553 682 1675 729 potuit
1702 688 1742 715 ut
1765 683 1979 717 Ammianus
2006 683 2078 717 1100
2100 696 2182 718 011111

1159 740 1274 773 altero
1293 739 1511 785 Scytharum
1530 740 1568 773 in
1583 740 1795 786 Nicopolim
1813 740 1970 786 impetu,
1991 753 2101 786 quem
2122 754 2185 776 00-

1159 796 1244 830 dem
1260 808 1357 831 anno
1389 796 1574 841 fecerunt,
1606 809 1681 843 quo
1708 798 1907 831 Anchialus
1940 798 2007 832 sub
2029 799 2185 833 Claudio

1158 861 1294 889 vastata
1314 861 1390 901 est,
1409 854 1670 889 confunderet.
1704 877 1748 881 —
1769 867 1803 890 2.
1825 853 1973 902 πόλεμος
1995 848 2081 904 ὧδε]
2109 856 2187 892 πολ,

1159 912 1202 952 ὡς
1223 909 1258 946 δὲ
1280 912 1401 961 ὑπερφ.
1419 912 1553 949 codex.
1574 933 1625 939 --
1647 912 1681 949 3.
1704 909 1943 961 μεθιεμένων]
1977 912 2185 960 μεθειμένων

1161 970 1291 1006 codex.
1315 990 1367 996 —
1386 970 1508 1006 Verba
1524 972 1718 1016 sequentia
1737 971 1786 1004 ita
1807 970 2006 1006 delineavit
2019 973 2135 1007 Minas
2149 979 2186 1006 ut

1161 1029 1199 1061 in
1219 1028 1349 1062 codiee
1382 1034 1530 1062 exarata
1561 1035 1784 1074 spectantur.
1819 1030 1959 1063 Ductus
1984 1030 2187 1064 litterarum

1158 1086 1332 1120 simillimi
1354 1086 1415 1129 iis,
1434 1098 1528 1132 quos
1549 1086 1724 1120 exhibent
1744 1086 1882 1121 codicis
1911 1088 2090 1128 Valesiani
2116 1090 2190 1122 sive

1161 1143 1380 1178 Peiresciani
1414 1150 1583 1190 excerpta
1605 1140 1692 1192 Περὶ
1716 1142 1844 1191 ἀρετῶν
1872 1151 1907 1177 01
1926 1144 2066 1179 codicis
2089 1147 2189 1181 Vati-

1160 1202 1239 1235 cani
1276 1207 1449 1247 excerpta
1479 1199 1566 1249 Περὶ
1598 1200 1743 1248 γνωμῶν
1773 1199 1838 1247 (cf.
1875 1203 1918 1236 L.
1945 1202 2120 1238 Dindorf.
2155 1204 2191 1237 in

1156 1259 1301 1305 praefat.
1319 1259 1365 1293 ad
1383 1259 1543 1295 Diodor.
1571 1260 1645 1294 vol.
1674 1259 1748 1304 II).
1779 1260 1920 1293 Ductus
1940 1266 2062 1294 autem
2086 1273 2193 1295 voca·

1160 1317 1237 1351 buli
1257 1316 1302 1351 ab
1328 1317 1409 1363 ipso
1430 1317 1584 1351 librario
1618 1328 1693 1350 non
1716 1316 1893 1350 intellecti
1912 1315 2037 1364 (quod
2055 1317 2192 1352 indicat

1161 1382 1382 1409 accentuum
1402 1373 1568 1423 omissio)
1581 1381 1714 1409 sonant
1735 1387 1975 1420 ενοκεπιειναι,
1995 1375 2099 1421 quod
2119 1388 2193 1411 esse

1161 1432 1194 1467 ἐν
1212 1430 1328 1481 σπέπῃ
1350 1424 1437 1467 εἶναι
1449 1432 1543 1467 vidit
1567 1432 1781 1469 DiibueruS.
1798 1453 1849 1458 ——
1866 1431 1903 1469 5.
1924 1424 1967 1467 αῧ
1985 1428 2069 1484 τῆς]
2087 1435 2192 1469 Dub-

1160 1502 1239 1524 ner.
1265 1489 1370 1534 αὐτῆς
1382 1490 1521 1534 codex3
1540 1488 1636 1525 αὐτοὶ
1652 1491 1771 1525 voluit
1791 1490 1926 1534 Minas,
1952 1490 2103 1526 fortasse
2120 1492 2190 1538 leg.

1163 1548 1269 1591 αὐτῆς
1286 1548 1346 1592 τῆς
1362 1545 1565 1588 πόλεως.-
1577 1545 1636 1583 καὶ
1651 1544 1934 1598 μετακινοῦντες]
1951 1550 2193 1596 Participiain

1161 1607 1229 1641 hac
1246 1606 1497 1653 descriptione
1510 1619 1581 1654 pro
1601 1607 1833 1654 temporibus
1854 1606 1967 1641 finitis
1983 1615 2191 1655 ponuntur.

1164 1687 1208 1691 -
1243 1664 1276 1698 6.
1305 1662 1579 1715 προσερείδοντες
1594 1662 1677 1712 τὰς]
1700 1663 1967 1714 προσηρίδοντας
1990 1666 2124 1702 codex.
2144 1688 2195 1692 -—

1162 1719 1397 1772 ὑποτρόχους]
1429 1720 1494 1758 ὑπὸ
1512 1723 1645 1772 τροχοῖς
1660 1723 1779 1757 codex
1798 1723 1885 1759 eth.
1915 1723 1938 1760 l.
1958 1731 1993 1759 et
2012 1736 2099 1758 mox
2128 1725 2194 1759 itc-

1162 1793 1260 1815 rum.
1283 1799 1335 1807 —-
1352 1778 1412 1816 ἀπ’
1424 1777 1537 1830 ἄκρων
1558 1780 1646 1829 τῶν]
1664 1778 1879 1830 ἀπαιρόντων
1910 1782 2041 1817 codex.
2072 1803 2119 1809 —-
2158 1796 2192 1827 7.

1162 1837 1375 1887 πελάσαιεν]
1395 1837 1578 1873 πελάσοιεν
1599 1838 1732 1875 codex.
1755 1859 1806 1864 -—
1825 1836 2048 1888 ποιήσοντες]
2065 1841 2191 1875 Minas.

1159 1895 1365 1940 ποιήσοντας
1384 1896 1515 1932 codex.
1531 1916 1583 1923 —-
1601 1896 1638 1933 8.
1661 1894 1830 1945 ἀνδράσι]
1846 1897 1950 1932 Circa
1966 1898 2041 1932 haec
2062 1899 2194 1945 incipit

1162 1956 1246 1992 cod.
1261 1956 1326 1991 fol.
1349 1956 1409 2001 76.
1423 1977 1474 1981 —
1494 1968 1529 2002 9.
1547 1947 1571 2004 ᾗ
1588 1953 1661 2002 δεῖ]
1687 1952 1768 1989 εἴδει
1785 1954 1930 1997 codex,
1964 1953 2029 2000 ἤδη
2052 1957 2189 1994 11Ιί11115;

1163 2021 1326 2049 ceterum
1341 2014 1467 2048 malim
1483 2011 1516 2047 τί
1533 2012 1585 2048 δεῖ
1599 2016 1722 2059 ποιεῖν,
1742 2013 1889 2047 etsihoc
1909 2014 2037 2060 paullo
2050 2014 2196 2061 longius

1161 2072 1207 2106 ab
1229 2073 1388 2118 acceptis
1406 2071 1559 2106 recedit.
1592 2092 1642 2096 —
1662 2069 1767 2119 χοῦν]
1797 2072 1877 2119 γοῦν
1899 2071 2030 2107 codex.
2058 2093 2107 2097 ———
2134 2084 2191 2107 10.

1161 2127 1227 2178 πρὸ
1245 2131 1356 2180 σφῶν]
1376 2131 1504 2165 Minas.
1520 2127 1603 2178 πρὸς
1620 2130 1712 2179 σφῶν
1734 2129 1820 2164 cod.
1847 2150 1897 2155 —
1921 2130 1998 2164 κατ’
2015 2128 2119 2178 εὐθὺ]
2139 2128 2196 2163 καὶ

1162 2185 1238 2222 εὐθὺ
1253 2188 1383 2222 codex.
1400 2207 1451 2212 —-
1469 2200 1528 2223 12.
1544 2185 1706 2235 σανίδας]
1722 2188 1849 2221 Minas.
1865 2185 1986 2221 σανίδα
2002 2186 2133 2221 codeX.
2148 2207 2196 2212 --

1160 2243 1320 2294 ἤγειρον]
1338 2243 1464 2293 ἔγειρον
1481 2244 1612 2281 codex.
1631 2265 1678 2270 —-
1698 2244 1755 2281 13.
1775 2241 1830 2278 ἐπὶ
1845 2243 1953 2293 τῷδε]
1971 2245 2106 2287 Minas,
2123 2241 2197 2281 ἐπεὶ

1161 2302 1235 2338 τόδε
1252 2303 1445 2338 codex.--
1474 2302 1531 2337 15.
1558 2301 1677 2350 μεῖον]
1708 2303 1850 2349 σημεῖον
1876 2302 2008 2340 codex.
2034 2323 2084 2328 ——
2104 2300 2194 2337 κτεί-

1162 2361 1251 2410 νειν]
1269 2359 1327 2396 καὶ
1342 2362 1475 2398 codex.
1495 2362 1557 2396 Sin
1572 2362 1708 2396 retines
1722 2359 1793 2404 καὶ,
1811 2372 1933 2406 neque
1948 2360 1994 2395 al)
2015 2362 2094 2408 ipso
2107 2361 2197 2408 Epi—

1164 2427 1347 2454 tomatore
1369 2420 1488 2453 oratio
1506 2419 1652 2453 turbata
1671 2426 1720 2453 est
1735 2445 1744 2462 ,
1767 2431 1836 2465 pro
1858 2415 2039 2453 ἐνέδαλλον
2066 2417 2196 2452 01ἐπε<

1162 2477 1284 2527 φόρουν
1305 2476 1505 2511 infinitivus
1534 2476 1669 2511 modus
1698 2475 1949 2522 reponendus.
1988 2476 2073 2510 Post
2104 2474 2194 2510 κτεί-

1162 2549 1278 2576 ναντες
1303 2535 1431 2570 addidi
1444 2536 1665 2581 particulam
1679 2532 1728 2569 δέ.

1162 2745 1229 2776 hacc
1250 2745 1352 2776 minus
1365 2746 1580 2776 successerant
1598 2743 1742 2783 Scythis,
1760 2743 1877 2783 placuit
1903 2744 2042 2773 mactare
2056 2742 2199 2780 jumenta

1162 2796 1283 2827 inutilia
1312 2798 1343 2827 et
1368 2796 1509 2835 captivos
1534 2795 1646 2825 morbo
1673 2794 1720 2825 vel
1738 2795 1824 2825 senio
1854 2794 2022 2824 confectos
2044 2795 2198 2824 Mactatos

1161 2847 1273 2878 deinde
1294 2847 1325 2877 in
1344 2847 1456 2877 fossam
1480 2846 1636 2885 jecerunt,
1652 2846 1827 2885 silvamque
1851 2844 1970 2875 variam
1990 2844 2195 2882 ingesserunt.

1162 2900 1241 2934 Quae
1261 2898 1388 2938 quidem
1409 2897 1560 2928 cadavera
1576 2905 1676 2936 quum
1688 2896 1760 2927 inde
1775 2906 1792 2927 a
1809 2896 1858 2926 <lie
1876 2896 1969 2927 tertio
1982 2899 2197 2926 extumescere

1161 2949 1338 2989 coepissent,
1354 2948 1555 2979 altitudinem
1580 2947 1697 2986 aggeris
1710 2947 1792 2978 haud
1816 2947 2014 2978 mediocriter
2028 2945 2195 2984 augebant.

1162 3001 1224 3039 (16)
1242 3001 1281 3031 At
1294 3000 1449 3038 Thraces,
1474 3001 1622 3039 perrupta
1636 2999 1718 3029 muri
1740 3000 1827 3038 parte
1841 3000 1937 3029 tantae
1963 2995 2196 3035 magnitudinis,

1162 3052 1282 3092 quanta
1296 3053 1394 3091 portae
1414 3052 1461 3082 est
1477 3054 1635 3089 angustae,
1653 3059 1707 3090 per
1721 3058 1790 3080 eam
1805 3058 1931 3088 quaque
1945 3051 2036 3078 nocte
2054 3056 2197 3086 aggerem

1162 3103 1194 3133 in
1214 3102 1326 3132 urbem
1354 3101 1539 3132 inferebant.
1567 3103 1647 3131 Tum
1674 3110 1748 3131 vero
1772 3099 1895 3130 barbari
1922 3107 2046 3129 summa
2075 3098 2195 3128 consilii

1163 3155 1266 3194 inopia
1283 3155 1460 3185 laborantes
1482 3153 1691 3185 recedendum
1718 3162 1784 3183 esse
1802 3152 2019 3182 decreverunt.
2040 3153 2141 3189 Atque
2156 3150 2194 3182 ita

1162 3208 1354 3238 obsidionem
1370 3207 1492 3246 Scytha·
1506 3206 1669 3236 solverunt.
