<?xml version="1.0" encoding="UTF-8"?>
<!DOCTYPE html PUBLIC "-//W3C//DTD XHTML 1.0 Transitional//EN"
    "http://www.w3.org/TR/xhtml1/DTD/xhtml1-transitional.dtd">
<html xmlns="http://www.w3.org/1999/xhtml" xml:lang="en" lang="en">
 <head>
  <title>
</title>
<meta http-equiv="Content-Type" content="text/html;charset=utf-8" />
  <meta name='ocr-system' content='tesseract 3.04.00' />
  <meta name='ocr-capabilities' content='ocr_page ocr_carea ocr_par ocr_line ocrx_word'/>
</head>
<body>
  <div class='ocr_page' id='page_1' title='image "./fragmentahistori03mueluoft_0150.png"; bbox 0 0 2289 3728; ppageno 0'>
   <div class='ocr_carea' id='block_1_1' title="bbox 96 191 166 222">
    <p class='ocr_par' dir='ltr' id='par_1_1' title="bbox 96 191 166 222">
     <span class='ocr_line' id='line_1_1' title="bbox 96 191 166 222; baseline -0.029 0"><span class='ocrx_word' id='word_1_1' title='bbox 96 191 166 222; x_wconf 74' lang='lat'>140</span> 
     </span>
    </p>
   </div>
   <div class='ocr_carea' id='block_1_2' title="bbox 85 263 1119 490">
    <p class='ocr_par' dir='ltr' id='par_1_2' title="bbox 85 263 1119 490">
     <span class='ocr_line' id='line_1_2' title="bbox 87 263 1117 317; baseline -0.004 -11"><span class='ocrx_word' id='word_1_2' title='bbox 87 272 121 306; x_wconf 76' lang='grc' dir='ltr'>δὲ</span> <span class='ocrx_word' id='word_1_3' title='bbox 143 269 201 306; x_wconf 81' lang='grc' dir='ltr'>καὶ</span> <span class='ocrx_word' id='word_1_4' title='bbox 221 267 376 317; x_wconf 82' lang='grc' dir='ltr'>πέμπτος</span> <span class='ocrx_word' id='word_1_5' title='bbox 395 269 412 303; x_wconf 81' lang='grc' dir='ltr'>ὃ</span> <span class='ocrx_word' id='word_1_6' title='bbox 438 268 470 302; x_wconf 82' lang='grc' dir='ltr'>ἐν</span> <span class='ocrx_word' id='word_1_7' title='bbox 502 266 650 303; x_wconf 78' lang='grc' dir='ltr'>Σικυῶνι</span> <span class='ocrx_word' id='word_1_8' title='bbox 677 263 734 301; x_wconf 72' lang='grc' dir='ltr'>καὶ</span> <span class='ocrx_word' id='word_1_9' title='bbox 761 265 778 300; x_wconf 84' lang='grc' dir='ltr'>ὃ</span> <span class='ocrx_word' id='word_1_10' title='bbox 802 265 833 300; x_wconf 84' lang='grc' dir='ltr'>ἐν</span> <span class='ocrx_word' id='word_1_11' title='bbox 858 264 1002 316; x_wconf 78' lang='grc' dir='ltr'>Σκύρῳ·</span> <span class='ocrx_word' id='word_1_12' title='bbox 1023 264 1117 307; x_wconf 79' lang='grc' dir='ltr'>ἕκτος</span> 
     </span>
     <span class='ocr_line' id='line_1_3' title="bbox 86 321 1119 376; baseline -0.005 -12"><span class='ocrx_word' id='word_1_13' title='bbox 86 328 121 364; x_wconf 80' lang='grc' dir='ltr'>δὲ</span> <span class='ocrx_word' id='word_1_14' title='bbox 138 330 155 364; x_wconf 83' lang='grc' dir='ltr'><strong><em>ὃ</em></strong></span> <span class='ocrx_word' id='word_1_15' title='bbox 174 328 206 363; x_wconf 82' lang='grc' dir='ltr'>ἐν</span> <span class='ocrx_word' id='word_1_16' title='bbox 225 325 338 376; x_wconf 75' lang='grc' dir='ltr'>Ἀργει</span> <span class='ocrx_word' id='word_1_17' title='bbox 350 354 360 372; x_wconf 93' lang='grc'>,</span> <span class='ocrx_word' id='word_1_18' title='bbox 376 323 434 365; x_wconf 80' lang='grc' dir='ltr'>τὰς</span> <span class='ocrx_word' id='word_1_19' title='bbox 449 322 562 372; x_wconf 81' lang='grc' dir='ltr'>πηγὰς</span> <span class='ocrx_word' id='word_1_20' title='bbox 579 322 666 372; x_wconf 72' lang='grc' dir='ltr'>ἔχων</span> <span class='ocrx_word' id='word_1_21' title='bbox 683 323 720 358; x_wconf 80' lang='grc' dir='ltr'>ἐκ</span> <span class='ocrx_word' id='word_1_22' title='bbox 741 321 907 373; x_wconf 84' lang='grc' dir='ltr'>Λυρκείου</span> <span class='ocrx_word' id='word_1_23' title='bbox 920 338 928 344; x_wconf 89' lang='grc'><em>·</em></span> <span class='ocrx_word' id='word_1_24' title='bbox 945 324 979 359; x_wconf 84' lang='grc' dir='ltr'>ἐν</span> <span class='ocrx_word' id='word_1_25' title='bbox 997 322 1119 360; x_wconf 83' lang='grc' dir='ltr'>Ἀπολ-</span> 
     </span>
     <span class='ocr_line' id='line_1_4' title="bbox 85 378 1119 435; baseline -0.002 -15"><span class='ocrx_word' id='word_1_26' title='bbox 85 383 191 435; x_wconf 71' lang='grc' dir='ltr'>λωνίᾳ</span> <span class='ocrx_word' id='word_1_27' title='bbox 209 382 243 419; x_wconf 80' lang='grc' dir='ltr'>δὲ</span> <span class='ocrx_word' id='word_1_28' title='bbox 257 385 299 433; x_wconf 83' lang='grc' dir='ltr'>τῇ</span> <span class='ocrx_word' id='word_1_29' title='bbox 318 381 399 431; x_wconf 83' lang='grc' dir='ltr'>πρὸς</span> <span class='ocrx_word' id='word_1_30' title='bbox 416 380 621 431; x_wconf 75' lang='grc' dir='ltr'>Ἐπιδάμνῳ</span> <span class='ocrx_word' id='word_1_31' title='bbox 635 378 729 430; x_wconf 80' lang='grc' dir='ltr'>πηγή</span> <span class='ocrx_word' id='word_1_32' title='bbox 744 380 815 416; x_wconf 74' lang='grc' dir='ltr'>ἐστι</span> <span class='ocrx_word' id='word_1_33' title='bbox 831 378 920 417; x_wconf 76' lang='grc' dir='ltr'>κατὰ</span> <span class='ocrx_word' id='word_1_34' title='bbox 934 380 972 417; x_wconf 82' lang='grc' dir='ltr'>τὸ</span> <span class='ocrx_word' id='word_1_35' title='bbox 987 381 1119 431; x_wconf 78' lang='grc' dir='ltr'>γυμνοί-</span> 
     </span>
     <span class='ocr_line' id='line_1_5' title="bbox 87 437 613 490; baseline -0.006 -12"><span class='ocrx_word' id='word_1_36' title='bbox 87 457 170 488; x_wconf 83' lang='grc' dir='ltr'>σιον,</span> <span class='ocrx_word' id='word_1_37' title='bbox 190 441 230 486; x_wconf 76' lang='grc' dir='ltr'>ἢν</span> <span class='ocrx_word' id='word_1_38' title='bbox 257 441 400 476; x_wconf 75' lang='grc' dir='ltr'>καλοῦσι</span> <span class='ocrx_word' id='word_1_39' title='bbox 424 437 613 490; x_wconf 63' lang='grc' dir='ltr'>Κηφισσόν.</span> 
     </span>
    </p>
   </div>
   <div class='ocr_carea' id='block_1_3' title="bbox 569 515 631 552">
    <p class='ocr_par' dir='ltr' id='par_1_3' title="bbox 569 515 631 552">
     <span class='ocr_line' id='line_1_6' title="bbox 569 515 631 552; baseline 0 -1"><span class='ocrx_word' id='word_1_40' title='bbox 569 515 631 552; x_wconf 78' lang='lat'>82.</span> 
     </span>
    </p>
   </div>
   <div class='ocr_carea' id='block_1_4' title="bbox 87 583 1131 2466">
    <p class='ocr_par' dir='ltr' id='par_1_4' title="bbox 87 583 1123 806">
     <span class='ocr_line' id='line_1_7' title="bbox 138 583 1122 631; baseline 0.001 -11"><span class='ocrx_word' id='word_1_41' title='bbox 138 586 334 620; x_wconf 78' lang='lat' dir='ltr'>Athenaeus</span> <span class='ocrx_word' id='word_1_42' title='bbox 360 585 451 628; x_wconf 86' lang='lat' dir='ltr'>VII,</span> <span class='ocrx_word' id='word_1_43' title='bbox 469 597 507 631; x_wconf 94' lang='lat' dir='ltr'>p.</span> <span class='ocrx_word' id='word_1_44' title='bbox 535 584 624 629; x_wconf 80' lang='lat'><strong>307,</strong></span> <span class='ocrx_word' id='word_1_45' title='bbox 646 586 673 619; x_wconf 93' lang='lat' dir='ltr'>B</span> <span class='ocrx_word' id='word_1_46' title='bbox 699 597 706 618; x_wconf 93' lang='lat'>:</span> <span class='ocrx_word' id='word_1_47' title='bbox 728 583 924 621; x_wconf 82' lang='grc' dir='ltr'>Καλοῧνται</span> <span class='ocrx_word' id='word_1_48' title='bbox 949 584 1032 621; x_wconf 82' lang='grc' dir='ltr'>δὲοὶ</span> <span class='ocrx_word' id='word_1_49' title='bbox 1054 599 1122 621; x_wconf 90' lang='grc' dir='ltr'>κε-</span> 
     </span>
     <span class='ocr_line' id='line_1_8' title="bbox 87 640 1123 694; baseline 0.002 -16"><span class='ocrx_word' id='word_1_50' title='bbox 87 647 197 692; x_wconf 82' lang='grc' dir='ltr'>στρεῖς</span> <span class='ocrx_word' id='word_1_51' title='bbox 215 641 280 677; x_wconf 73' lang='grc' dir='ltr'>ὑπό</span> <span class='ocrx_word' id='word_1_52' title='bbox 295 656 394 677; x_wconf 85' lang='grc' dir='ltr'>τινων</span> <span class='ocrx_word' id='word_1_53' title='bbox 409 642 559 687; x_wconf 81' lang='grc' dir='ltr'>πλῶτες,</span> <span class='ocrx_word' id='word_1_54' title='bbox 576 640 621 682; x_wconf 78' lang='grc' dir='ltr'>ὥς</span> <span class='ocrx_word' id='word_1_55' title='bbox 637 656 719 694; x_wconf 70' lang='grc' dir='ltr'>φησι</span> <span class='ocrx_word' id='word_1_56' title='bbox 738 640 907 690; x_wconf 79' lang='grc' dir='ltr'>Πολέμων</span> <span class='ocrx_word' id='word_1_57' title='bbox 924 643 956 678; x_wconf 80' lang='grc' dir='ltr'>ἐν</span> <span class='ocrx_word' id='word_1_58' title='bbox 971 644 1020 694; x_wconf 80' lang='grc' dir='ltr'>τῷ</span> <span class='ocrx_word' id='word_1_59' title='bbox 1037 643 1123 692; x_wconf 82' lang='grc' dir='ltr'>Περὶ</span> 
     </span>
     <span class='ocr_line' id='line_1_9' title="bbox 87 698 1123 750; baseline 0.001 -15"><span class='ocrx_word' id='word_1_60' title='bbox 87 703 153 735; x_wconf 77' lang='grc' dir='ltr'>τῶν</span> <span class='ocrx_word' id='word_1_61' title='bbox 170 700 204 735; x_wconf 77' lang='grc' dir='ltr'>ἐν</span> <span class='ocrx_word' id='word_1_62' title='bbox 221 698 365 750; x_wconf 76' lang='grc' dir='ltr'>Σικελίᾳ</span> <span class='ocrx_word' id='word_1_63' title='bbox 385 701 563 748; x_wconf 82' lang='grc' dir='ltr'>ποταμῶν.</span> <span class='ocrx_word' id='word_1_64' title='bbox 581 699 651 737; x_wconf 80' lang='grc' dir='ltr'>Καὶ</span> <span class='ocrx_word' id='word_1_65' title='bbox 674 698 894 749; x_wconf 71' lang='grc' dir='ltr'>Ἐπίχαρμος</span> <span class='ocrx_word' id='word_1_66' title='bbox 913 700 941 735; x_wconf 83' lang='grc' dir='ltr'>δ’</span> <span class='ocrx_word' id='word_1_67' title='bbox 967 701 999 736; x_wconf 81' lang='grc' dir='ltr'>ἐν</span> <span class='ocrx_word' id='word_1_68' title='bbox 1023 699 1123 738; x_wconf 78' lang='grc' dir='ltr'>Μού-</span> 
     </span>
     <span class='ocr_line' id='line_1_10' title="bbox 88 755 613 806; baseline 0 -13"><span class='ocrx_word' id='word_1_69' title='bbox 88 772 164 799; x_wconf 84' lang='grc' dir='ltr'>σαις</span> <span class='ocrx_word' id='word_1_70' title='bbox 178 756 283 799; x_wconf 79' lang='grc' dir='ltr'>οὕτως</span> <span class='ocrx_word' id='word_1_71' title='bbox 302 755 423 799; x_wconf 66' lang='grc' dir='ltr'>αὐτοὺς</span> <span class='ocrx_word' id='word_1_72' title='bbox 442 755 613 806; x_wconf 68' lang='grc' dir='ltr'>ὀνομάζει·</span> 
     </span>
    </p>

    <p class='ocr_par' dir='ltr' id='par_1_5' title="bbox 169 827 1045 932">
     <span class='ocr_line' id='line_1_11' title="bbox 169 827 1045 866; baseline -0.002 -8"><span class='ocrx_word' id='word_1_73' title='bbox 169 827 289 858; x_wconf 76' lang='grc' dir='ltr'>Αἰολίαι</span> <span class='ocrx_word' id='word_1_74' title='bbox 305 828 339 857; x_wconf 86' lang='grc' dir='ltr'>π)</span> <span class='ocrx_word' id='word_1_75' title='bbox 347 827 421 862; x_wconf 83' lang='grc' dir='ltr'>ῶτές</span> <span class='ocrx_word' id='word_1_76' title='bbox 433 837 465 857; x_wconf 91' lang='grc' dir='ltr'>τε</span> <span class='ocrx_word' id='word_1_77' title='bbox 478 827 690 866; x_wconf 77' lang='grc' dir='ltr'>κυνόγλωσσοί</span> <span class='ocrx_word' id='word_1_78' title='bbox 701 828 741 865; x_wconf 87' lang='grc' dir='ltr'>τ’,</span> <span class='ocrx_word' id='word_1_79' title='bbox 757 828 824 863; x_wconf 75' lang='grc' dir='ltr'>ἐνῆν</span> <span class='ocrx_word' id='word_1_80' title='bbox 838 827 869 857; x_wconf 79' lang='grc' dir='ltr'>δὲ</span> <span class='ocrx_word' id='word_1_81' title='bbox 882 827 1045 861; x_wconf 69' lang='grc' dir='ltr'>σκιαθίδες.</span> 
     </span>
     <span class='ocr_line' id='line_1_12' title="bbox 575 897 637 932; baseline -0.016 0"><span class='ocrx_word' id='word_1_82' title='bbox 575 897 637 932; x_wconf 81' lang='lat'>83.</span> 
     </span>
    </p>

    <p class='ocr_par' dir='ltr' id='par_1_6' title="bbox 89 972 1131 2466">
     <span class='ocr_line' id='line_1_13' title="bbox 141 972 1125 1019; baseline -0.003 -12"><span class='ocrx_word' id='word_1_83' title='bbox 141 973 353 1007; x_wconf 77' lang='lat' dir='ltr'><strong>Macrobius</strong></span> <span class='ocrx_word' id='word_1_84' title='bbox 374 973 521 1008; x_wconf 85' lang='lat' dir='ltr'>Saturn.</span> <span class='ocrx_word' id='word_1_85' title='bbox 539 975 583 1016; x_wconf 87' lang='lat' dir='ltr'>V,</span> <span class='ocrx_word' id='word_1_86' title='bbox 611 984 655 1019; x_wconf 87' lang='lat'>19</span> <span class='ocrx_word' id='word_1_87' title='bbox 681 984 689 1006; x_wconf 82' lang='lat' dir='ltr'>t</span> <span class='ocrx_word' id='word_1_88' title='bbox 713 972 889 1006; x_wconf 77' lang='lat' dir='ltr'>Polemon</span> <span class='ocrx_word' id='word_1_89' title='bbox 909 983 996 1005; x_wconf 81' lang='lat' dir='ltr'>vero</span> <span class='ocrx_word' id='word_1_90' title='bbox 1016 973 1052 1004; x_wconf 79' lang='lat' dir='ltr'>in</span> <span class='ocrx_word' id='word_1_91' title='bbox 1080 972 1125 1004; x_wconf 75' lang='lat' dir='ltr'>li·-</span> 
     </span>
     <span class='ocr_line' id='line_1_14' title="bbox 89 1025 1123 1079; baseline -0.002 -14"><span class='ocrx_word' id='word_1_92' title='bbox 89 1032 153 1065; x_wconf 80' lang='lat' dir='ltr'>bro</span> <span class='ocrx_word' id='word_1_93' title='bbox 181 1033 242 1077; x_wconf 79' lang='lat' dir='ltr'>qui</span> <span class='ocrx_word' id='word_1_94' title='bbox 266 1031 471 1064; x_wconf 72' lang='lat' dir='ltr'>inscribitur</span> <span class='ocrx_word' id='word_1_95' title='bbox 502 1027 589 1079; x_wconf 74' lang='grc' dir='ltr'>Περὶ</span> <span class='ocrx_word' id='word_1_96' title='bbox 615 1029 680 1063; x_wconf 85' lang='grc' dir='ltr'>τῶν</span> <span class='ocrx_word' id='word_1_97' title='bbox 715 1029 748 1063; x_wconf 77' lang='grc' dir='ltr'>ἐν</span> <span class='ocrx_word' id='word_1_98' title='bbox 775 1025 918 1076; x_wconf 75' lang='grc' dir='ltr'>Σικελίᾳ</span> <span class='ocrx_word' id='word_1_99' title='bbox 947 1028 1123 1074; x_wconf 76' lang='grc' dir='ltr'>θαυμαζο-</span> 
     </span>
     <span class='ocr_line' id='line_1_15' title="bbox 89 1083 1123 1135; baseline -0.002 -13"><span class='ocrx_word' id='word_1_100' title='bbox 89 1085 201 1135; x_wconf 82' lang='grc' dir='ltr'>μένων</span> <span class='ocrx_word' id='word_1_101' title='bbox 214 1088 393 1135; x_wconf 78' lang='grc' dir='ltr'>ποταμῶν,</span> <span class='ocrx_word' id='word_1_102' title='bbox 411 1092 464 1121; x_wconf 76' lang='lat' dir='ltr'>si&#39;c</span> <span class='ocrx_word' id='word_1_103' title='bbox 483 1091 537 1121; x_wconf 77' lang='lat' dir='ltr'>ait</span> <span class='ocrx_word' id='word_1_104' title='bbox 556 1100 568 1121; x_wconf 87' lang='lat'>.·</span> <span class='ocrx_word' id='word_1_105' title='bbox 589 1086 634 1123; x_wconf 84' lang='grc' dir='ltr'>Οἱ</span> <span class='ocrx_word' id='word_1_106' title='bbox 652 1084 685 1121; x_wconf 76' lang='grc' dir='ltr'>δὲ</span> <span class='ocrx_word' id='word_1_107' title='bbox 702 1083 851 1122; x_wconf 82' lang='grc' dir='ltr'>Παλικοὶ</span> <span class='ocrx_word' id='word_1_108' title='bbox 869 1084 1123 1135; x_wconf 85' lang='grc' dir='ltr'>προσαγορευό-</span> 
     </span>
     <span class='ocr_line' id='line_1_16' title="bbox 93 1142 1124 1195; baseline -0.003 -14"><span class='ocrx_word' id='word_1_109' title='bbox 93 1159 188 1191; x_wconf 86' lang='grc' dir='ltr'>μενοι</span> <span class='ocrx_word' id='word_1_110' title='bbox 204 1144 299 1195; x_wconf 82' lang='grc' dir='ltr'>παρὰ</span> <span class='ocrx_word' id='word_1_111' title='bbox 317 1145 384 1186; x_wconf 81' lang='grc' dir='ltr'>τοῖς</span> <span class='ocrx_word' id='word_1_112' title='bbox 405 1144 580 1194; x_wconf 67' lang='grc' dir='ltr'>ἐγχωρίοις</span> <span class='ocrx_word' id='word_1_113' title='bbox 596 1143 795 1193; x_wconf 79' lang='grc' dir='ltr'>αὐτόχθονες</span> <span class='ocrx_word' id='word_1_114' title='bbox 824 1142 892 1179; x_wconf 80' lang='grc' dir='ltr'>θεοὶ</span> <span class='ocrx_word' id='word_1_115' title='bbox 918 1142 1124 1192; x_wconf 82' lang='grc' dir='ltr'>νομίζονται.</span> 
     </span>
     <span class='ocr_line' id='line_1_17' title="bbox 92 1201 1124 1253; baseline -0.004 -13"><span class='ocrx_word' id='word_1_116' title='bbox 92 1202 313 1253; x_wconf 70' lang='grc' dir='ltr'>Ἵ’ποὶρχουσι</span> <span class='ocrx_word' id='word_1_117' title='bbox 331 1202 365 1239; x_wconf 82' lang='grc' dir='ltr'>δὲ</span> <span class='ocrx_word' id='word_1_118' title='bbox 381 1202 509 1239; x_wconf 81' lang='grc' dir='ltr'>τούτων</span> <span class='ocrx_word' id='word_1_119' title='bbox 527 1202 543 1219; x_wconf 62' lang='lat'>⁴*</span> <span class='ocrx_word' id='word_1_120' title='bbox 561 1201 699 1253; x_wconf 74' lang='grc' dir='ltr'>ἀδελφοὶ</span> <span class='ocrx_word' id='word_1_121' title='bbox 717 1203 885 1251; x_wconf 73' lang='grc' dir='ltr'>κρατῆρες</span> <span class='ocrx_word' id='word_1_122' title='bbox 899 1201 1124 1250; x_wconf 74' lang='grc' dir='ltr'>χαμαίζηλοι.</span> 
     </span>
     <span class='ocr_line' id='line_1_18' title="bbox 94 1257 1126 1311; baseline -0.003 -14"><span class='ocrx_word' id='word_1_123' title='bbox 94 1260 282 1311; x_wconf 80' lang='grc' dir='ltr'>Προσιὲναι</span> <span class='ocrx_word' id='word_1_124' title='bbox 301 1259 335 1297; x_wconf 78' lang='grc' dir='ltr'>δὲ</span> <span class='ocrx_word' id='word_1_125' title='bbox 363 1260 604 1309; x_wconf 80' lang='grc' dir='ltr'>ἁγιστεύοντας</span> <span class='ocrx_word' id='word_1_126' title='bbox 632 1258 700 1309; x_wconf 76' lang='grc' dir='ltr'>χρὴ</span> <span class='ocrx_word' id='word_1_127' title='bbox 731 1258 814 1309; x_wconf 84' lang='grc' dir='ltr'>πρὸς</span> <span class='ocrx_word' id='word_1_128' title='bbox 844 1257 965 1300; x_wconf 73' lang='grc' dir='ltr'>αὐτοὺς</span> <span class='ocrx_word' id='word_1_129' title='bbox 993 1257 1063 1295; x_wconf 84' lang='grc' dir='ltr'>ἀπό</span> <span class='ocrx_word' id='word_1_130' title='bbox 1090 1273 1126 1294; x_wconf 93' lang='grc' dir='ltr'>τε</span> 
     </span>
     <span class='ocr_line' id='line_1_19' title="bbox 94 1315 1126 1368; baseline -0.004 -13"><span class='ocrx_word' id='word_1_131' title='bbox 94 1318 220 1360; x_wconf 78' lang='grc' dir='ltr'>παντὸς</span> <span class='ocrx_word' id='word_1_132' title='bbox 238 1318 339 1368; x_wconf 77' lang='grc' dir='ltr'>ἄγους</span> <span class='ocrx_word' id='word_1_133' title='bbox 361 1318 419 1355; x_wconf 82' lang='grc' dir='ltr'>καὶ</span> <span class='ocrx_word' id='word_1_134' title='bbox 440 1317 635 1362; x_wconf 82' lang='grc' dir='ltr'>συνουσίας,</span> <span class='ocrx_word' id='word_1_135' title='bbox 653 1316 703 1354; x_wconf 88' lang='grc' dir='ltr'>ἔτι</span> <span class='ocrx_word' id='word_1_136' title='bbox 725 1316 759 1353; x_wconf 80' lang='grc' dir='ltr'>δὲ</span> <span class='ocrx_word' id='word_1_137' title='bbox 786 1316 844 1353; x_wconf 86' lang='grc' dir='ltr'>καί</span> <span class='ocrx_word' id='word_1_138' title='bbox 864 1331 963 1353; x_wconf 86' lang='grc' dir='ltr'>τινων</span> <span class='ocrx_word' id='word_1_139' title='bbox 981 1315 1126 1364; x_wconf 80' lang='grc' dir='ltr'>ἐδεσμά-</span> 
     </span>
     <span class='ocr_line' id='line_1_20' title="bbox 91 1373 1127 1426; baseline -0.004 -12"><span class='ocrx_word' id='word_1_140' title='bbox 91 1393 173 1415; x_wconf 89' lang='grc' dir='ltr'>των.</span> <span class='ocrx_word' id='word_1_141' title='bbox 190 1376 342 1426; x_wconf 81' lang='grc' dir='ltr'>Φέρεται</span> <span class='ocrx_word' id='word_1_142' title='bbox 362 1375 395 1412; x_wconf 78' lang='grc' dir='ltr'>δὲ</span> <span class='ocrx_word' id='word_1_143' title='bbox 414 1378 472 1412; x_wconf 75' lang='grc' dir='ltr'>ἀπ’</span> <span class='ocrx_word' id='word_1_144' title='bbox 491 1377 602 1412; x_wconf 82' lang='grc' dir='ltr'>αὐτῶν</span> <span class='ocrx_word' id='word_1_145' title='bbox 619 1374 709 1423; x_wconf 79' lang='grc' dir='ltr'>ὀσμὴ</span> <span class='ocrx_word' id='word_1_146' title='bbox 730 1377 852 1426; x_wconf 77' lang='grc' dir='ltr'>βαρεῖα</span> <span class='ocrx_word' id='word_1_147' title='bbox 873 1374 960 1411; x_wconf 78' lang='grc' dir='ltr'>θείου</span> <span class='ocrx_word' id='word_1_148' title='bbox 981 1373 1040 1411; x_wconf 81' lang='grc' dir='ltr'>καὶ</span> <span class='ocrx_word' id='word_1_149' title='bbox 1058 1374 1127 1416; x_wconf 79' lang='grc' dir='ltr'>τοῖς</span> 
     </span>
     <span class='ocr_line' id='line_1_21' title="bbox 92 1431 1126 1485; baseline -0.003 -14"><span class='ocrx_word' id='word_1_150' title='bbox 92 1434 237 1480; x_wconf 80' lang='grc' dir='ltr'>πλησίον</span> <span class='ocrx_word' id='word_1_151' title='bbox 253 1433 448 1482; x_wconf 78' lang='grc' dir='ltr'>ἱσταμένοις</span> <span class='ocrx_word' id='word_1_152' title='bbox 469 1432 709 1485; x_wconf 67' lang='grc' dir='ltr'>καρηὸάρησιν</span> <span class='ocrx_word' id='word_1_153' title='bbox 731 1434 921 1481; x_wconf 71' lang='grc' dir='ltr'>ἐμποιοῦσα</span> <span class='ocrx_word' id='word_1_154' title='bbox 939 1431 1060 1477; x_wconf 75' lang='grc' dir='ltr'>δεινήν.</span> <span class='ocrx_word' id='word_1_155' title='bbox 1075 1431 1126 1470; x_wconf 79' lang='grc' dir='ltr'>Τὸ</span> 
     </span>
     <span class='ocr_line' id='line_1_22' title="bbox 92 1489 1126 1542; baseline -0.003 -13"><span class='ocrx_word' id='word_1_156' title='bbox 92 1492 127 1529; x_wconf 82' lang='grc' dir='ltr'>δὲ</span> <span class='ocrx_word' id='word_1_157' title='bbox 148 1491 238 1541; x_wconf 79' lang='grc' dir='ltr'>ὕδωρ</span> <span class='ocrx_word' id='word_1_158' title='bbox 257 1491 327 1528; x_wconf 76' lang='grc' dir='ltr'>ἐστὶ</span> <span class='ocrx_word' id='word_1_159' title='bbox 348 1491 482 1542; x_wconf 78' lang='grc' dir='ltr'>Θολερὸν</span> <span class='ocrx_word' id='word_1_160' title='bbox 501 1492 613 1527; x_wconf 80' lang='grc' dir='ltr'>αὐτῶν</span> <span class='ocrx_word' id='word_1_161' title='bbox 632 1491 690 1528; x_wconf 87' lang='grc' dir='ltr'>καὶ</span> <span class='ocrx_word' id='word_1_162' title='bbox 715 1489 778 1536; x_wconf 74' lang='grc' dir='ltr'>τὴν</span> <span class='ocrx_word' id='word_1_163' title='bbox 798 1489 904 1540; x_wconf 76' lang='grc' dir='ltr'>χρόαν</span> <span class='ocrx_word' id='word_1_164' title='bbox 927 1489 1126 1538; x_wconf 79' lang='grc' dir='ltr'>ὁμοιότατον</span> 
     </span>
     <span class='ocr_line' id='line_1_23' title="bbox 93 1547 1127 1602; baseline -0.002 -16"><span class='ocrx_word' id='word_1_165' title='bbox 93 1549 208 1601; x_wconf 73' lang='grc' dir='ltr'>χαμαὶ</span> <span class='ocrx_word' id='word_1_166' title='bbox 236 1550 332 1602; x_wconf 76' lang='grc' dir='ltr'>ῥύπῳ</span> <span class='ocrx_word' id='word_1_167' title='bbox 361 1551 494 1601; x_wconf 78' lang='grc' dir='ltr'>λευκῷ·</span> <span class='ocrx_word' id='word_1_168' title='bbox 516 1548 654 1600; x_wconf 78' lang='grc' dir='ltr'>φέρεται</span> <span class='ocrx_word' id='word_1_169' title='bbox 685 1547 720 1585; x_wconf 77' lang='grc' dir='ltr'>δὲ</span> <span class='ocrx_word' id='word_1_170' title='bbox 748 1547 980 1597; x_wconf 81' lang='grc' dir='ltr'>κολπούμενόν</span> <span class='ocrx_word' id='word_1_171' title='bbox 1003 1563 1039 1584; x_wconf 86' lang='grc' dir='ltr'>τε</span> <span class='ocrx_word' id='word_1_172' title='bbox 1068 1547 1127 1584; x_wconf 81' lang='grc' dir='ltr'>καὶ</span> 
     </span>
     <span class='ocr_line' id='line_1_24' title="bbox 94 1602 1126 1659; baseline -0.004 -14"><span class='ocrx_word' id='word_1_173' title='bbox 94 1607 284 1659; x_wconf 72' lang='grc' dir='ltr'>παφλάζον,</span> <span class='ocrx_word' id='word_1_174' title='bbox 302 1602 372 1645; x_wconf 66' lang='grc' dir='ltr'>οἷαί</span> <span class='ocrx_word' id='word_1_175' title='bbox 390 1609 472 1644; x_wconf 86' lang='grc' dir='ltr'>εἰσιν</span> <span class='ocrx_word' id='word_1_176' title='bbox 498 1609 532 1643; x_wconf 81' lang='grc' dir='ltr'>αἱ</span> <span class='ocrx_word' id='word_1_177' title='bbox 549 1608 637 1644; x_wconf 78' lang='grc' dir='ltr'>δῖναι</span> <span class='ocrx_word' id='word_1_178' title='bbox 656 1609 722 1643; x_wconf 79' lang='grc' dir='ltr'>τῶν</span> <span class='ocrx_word' id='word_1_179' title='bbox 748 1605 889 1650; x_wconf 79' lang='grc' dir='ltr'>ζεόντων</span> <span class='ocrx_word' id='word_1_180' title='bbox 908 1605 1126 1652; x_wconf 64' lang='grc' dir='ltr'>ἀναὲολάδην</span> 
     </span>
     <span class='ocr_line' id='line_1_25' title="bbox 95 1658 1126 1713; baseline -0.003 -10"><span class='ocrx_word' id='word_1_181' title='bbox 95 1667 241 1704; x_wconf 77' lang='grc' dir='ltr'>ὑδάτων.</span> <span class='ocrx_word' id='word_1_182' title='bbox 299 1666 399 1704; x_wconf 75' lang='grc' dir='ltr'>Φασὶ</span> <span class='ocrx_word' id='word_1_183' title='bbox 416 1667 444 1702; x_wconf 78' lang='grc' dir='ltr'>δ’</span> <span class='ocrx_word' id='word_1_184' title='bbox 473 1658 558 1702; x_wconf 59' lang='grc' dir='ltr'>εἶναι</span> <span class='ocrx_word' id='word_1_185' title='bbox 578 1665 636 1702; x_wconf 78' lang='grc' dir='ltr'>καὶ</span> <span class='ocrx_word' id='word_1_186' title='bbox 662 1665 700 1702; x_wconf 82' lang='grc' dir='ltr'>τὸ</span> <span class='ocrx_word' id='word_1_187' title='bbox 722 1664 824 1712; x_wconf 74' lang='grc' dir='ltr'>βάθος</span> <span class='ocrx_word' id='word_1_188' title='bbox 849 1663 1040 1713; x_wconf 80' lang='grc' dir='ltr'>ἀπέραντον</span> <span class='ocrx_word' id='word_1_189' title='bbox 1060 1666 1126 1700; x_wconf 83' lang='grc' dir='ltr'>τῶν</span> 
     </span>
     <span class='ocr_line' id='line_1_26' title="bbox 94 1716 1127 1770; baseline -0.004 -15"><span class='ocrx_word' id='word_1_190' title='bbox 94 1719 274 1770; x_wconf 73' lang='grc' dir='ltr'>κρατήρων</span> <span class='ocrx_word' id='word_1_191' title='bbox 288 1716 428 1763; x_wconf 79' lang='grc' dir='ltr'>τούτων,</span> <span class='ocrx_word' id='word_1_192' title='bbox 444 1716 532 1754; x_wconf 82' lang='grc' dir='ltr'>ὥστε</span> <span class='ocrx_word' id='word_1_193' title='bbox 546 1717 604 1754; x_wconf 78' lang='grc' dir='ltr'>καὶ</span> <span class='ocrx_word' id='word_1_194' title='bbox 622 1720 698 1768; x_wconf 71' lang='grc' dir='ltr'>βοῦς</span> <span class='ocrx_word' id='word_1_195' title='bbox 710 1717 929 1758; x_wconf 77' lang='grc' dir='ltr'>εἰσπεσόντας</span> <span class='ocrx_word' id='word_1_196' title='bbox 942 1716 1127 1767; x_wconf 69' lang='grc' dir='ltr'>ἠφανίσθαι</span> 
     </span>
     <span class='ocr_line' id='line_1_27' title="bbox 94 1774 1125 1827; baseline -0.003 -14"><span class='ocrx_word' id='word_1_197' title='bbox 94 1776 152 1814; x_wconf 81' lang='grc' dir='ltr'>καὶ</span> <span class='ocrx_word' id='word_1_198' title='bbox 166 1775 398 1827; x_wconf 78' lang='grc' dir='ltr'>ζεῧγοςόρικὸν</span> <span class='ocrx_word' id='word_1_199' title='bbox 407 1775 697 1824; x_wconf 83' lang='grc' dir='ltr'>εἰσελαυνόμενον,</span> <span class='ocrx_word' id='word_1_200' title='bbox 708 1775 799 1811; x_wconf 77' lang='grc' dir='ltr'>ἔτιδὲ</span> <span class='ocrx_word' id='word_1_201' title='bbox 810 1774 1125 1826; x_wconf 64' lang='grc' dir='ltr'>φορὸάδαςέναλλο-</span> 
     </span>
     <span class='ocr_line' id='line_1_28' title="bbox 95 1832 1125 1886; baseline -0.004 -15"><span class='ocrx_word' id='word_1_202' title='bbox 95 1835 211 1885; x_wconf 77' lang='grc' dir='ltr'>μένας.</span> <span class='ocrx_word' id='word_1_203' title='bbox 228 1835 354 1886; x_wconf 62' lang='grc' dir='ltr'>“Όρκος</span> <span class='ocrx_word' id='word_1_204' title='bbox 370 1835 406 1871; x_wconf 78' lang='grc' dir='ltr'>δέ</span> <span class='ocrx_word' id='word_1_205' title='bbox 424 1835 495 1871; x_wconf 84' lang='grc' dir='ltr'>ἐστι</span> <span class='ocrx_word' id='word_1_206' title='bbox 515 1839 583 1876; x_wconf 85' lang='grc' dir='ltr'>τοῖς</span> <span class='ocrx_word' id='word_1_207' title='bbox 602 1832 824 1875; x_wconf 80' lang='grc' dir='ltr'>Σικελιώταις</span> <span class='ocrx_word' id='word_1_208' title='bbox 846 1832 1002 1882; x_wconf 77' lang='grc' dir='ltr'>μέγιστος</span> <span class='ocrx_word' id='word_1_209' title='bbox 1018 1835 1125 1878; x_wconf 78' lang='grc' dir='ltr'>καθη-</span> 
     </span>
     <span class='ocr_line' id='line_1_29' title="bbox 96 1889 1126 1944; baseline -0.004 -14"><span class='ocrx_word' id='word_1_210' title='bbox 96 1893 252 1944; x_wconf 82' lang='grc' dir='ltr'>ραμένων</span> <span class='ocrx_word' id='word_1_211' title='bbox 269 1895 336 1929; x_wconf 81' lang='grc' dir='ltr'>τῶν</span> <span class='ocrx_word' id='word_1_212' title='bbox 348 1892 608 1943; x_wconf 80' lang='grc' dir='ltr'>προκληθέντων</span> <span class='ocrx_word' id='word_1_213' title='bbox 621 1908 628 1915; x_wconf 86' lang='lat'><strong>·</strong></span> <span class='ocrx_word' id='word_1_214' title='bbox 647 1894 676 1928; x_wconf 72' lang='grc' dir='ltr'>οἱ</span> <span class='ocrx_word' id='word_1_215' title='bbox 695 1890 730 1928; x_wconf 78' lang='grc' dir='ltr'>δὲ</span> <span class='ocrx_word' id='word_1_216' title='bbox 745 1891 894 1942; x_wconf 78' lang='grc' dir='ltr'>ὁρκωταὶ</span> <span class='ocrx_word' id='word_1_217' title='bbox 910 1889 1126 1941; x_wconf 78' lang='grc' dir='ltr'>γραμμάτιον</span> 
     </span>
     <span class='ocr_line' id='line_1_30' title="bbox 95 1943 1128 2001; baseline -0.003 -14"><span class='ocrx_word' id='word_1_218' title='bbox 95 1949 228 2001; x_wconf 74' lang='grc' dir='ltr'>ἔχοντες</span> <span class='ocrx_word' id='word_1_219' title='bbox 257 1949 456 2001; x_wconf 81' lang='grc' dir='ltr'>ἀγορεύουσι</span> <span class='ocrx_word' id='word_1_220' title='bbox 476 1955 542 1992; x_wconf 84' lang='grc' dir='ltr'>τοῖς</span> <span class='ocrx_word' id='word_1_221' title='bbox 568 1948 785 2000; x_wconf 80' lang='grc' dir='ltr'>ὁρκουμένοις</span> <span class='ocrx_word' id='word_1_222' title='bbox 801 1948 878 1999; x_wconf 79' lang='grc' dir='ltr'>περὶ</span> <span class='ocrx_word' id='word_1_223' title='bbox 900 1943 945 1985; x_wconf 64' lang='grc' dir='ltr'>ὧν</span> <span class='ocrx_word' id='word_1_224' title='bbox 975 1947 1016 1984; x_wconf 82' lang='grc' dir='ltr'>ἂν</span> <span class='ocrx_word' id='word_1_225' title='bbox 1039 1947 1128 1999; x_wconf 68' lang='grc' dir='ltr'>χρῄ-</span> 
     </span>
     <span class='ocr_line' id='line_1_31' title="bbox 95 2005 1128 2059; baseline -0.004 -14"><span class='ocrx_word' id='word_1_226' title='bbox 95 2012 177 2051; x_wconf 85' lang='grc' dir='ltr'>ζωσι</span> <span class='ocrx_word' id='word_1_227' title='bbox 192 2008 266 2051; x_wconf 78' lang='grc' dir='ltr'>τοὺς</span> <span class='ocrx_word' id='word_1_228' title='bbox 291 2007 428 2059; x_wconf 82' lang='grc' dir='ltr'>ὅρκους·</span> <span class='ocrx_word' id='word_1_229' title='bbox 456 2010 472 2043; x_wconf 86' lang='grc' dir='ltr'>ὁ</span> <span class='ocrx_word' id='word_1_230' title='bbox 494 2009 528 2044; x_wconf 83' lang='grc' dir='ltr'>δὲ</span> <span class='ocrx_word' id='word_1_231' title='bbox 547 2006 751 2058; x_wconf 74' lang='grc' dir='ltr'>ὁρκούμενος</span> <span class='ocrx_word' id='word_1_232' title='bbox 771 2005 894 2043; x_wconf 81' lang='grc' dir='ltr'>θαλλὸν</span> <span class='ocrx_word' id='word_1_233' title='bbox 923 2006 1128 2057; x_wconf 79' lang='grc' dir='ltr'>κραδαίνων,</span> 
     </span>
     <span class='ocr_line' id='line_1_32' title="bbox 95 2064 1128 2117; baseline -0.003 -14"><span class='ocrx_word' id='word_1_234' title='bbox 95 2067 320 2115; x_wconf 81' lang='grc' dir='ltr'>ἐστεμμένος,</span> <span class='ocrx_word' id='word_1_235' title='bbox 346 2066 494 2110; x_wconf 82' lang='grc' dir='ltr'>ἄζωστος</span> <span class='ocrx_word' id='word_1_236' title='bbox 513 2065 572 2103; x_wconf 81' lang='grc' dir='ltr'>καὶ</span> <span class='ocrx_word' id='word_1_237' title='bbox 589 2065 794 2116; x_wconf 85' lang='grc' dir='ltr'>μονοχίτων,</span> <span class='ocrx_word' id='word_1_238' title='bbox 814 2064 1047 2117; x_wconf 74' lang='grc' dir='ltr'>ἐφαπτόμενος</span> <span class='ocrx_word' id='word_1_239' title='bbox 1070 2067 1128 2100; x_wconf 75' lang='grc' dir='ltr'>τοῦ</span> 
     </span>
     <span class='ocr_line' id='line_1_33' title="bbox 95 2122 1131 2176; baseline -0.003 -15"><span class='ocrx_word' id='word_1_240' title='bbox 95 2128 275 2176; x_wconf 69' lang='grc' dir='ltr'>κρατῆρος,</span> <span class='ocrx_word' id='word_1_241' title='bbox 297 2124 330 2168; x_wconf 81' lang='grc' dir='ltr'>ἐξ</span> <span class='ocrx_word' id='word_1_242' title='bbox 344 2124 515 2169; x_wconf 65' lang='grc' dir='ltr'>ὑποὸολῆς</span> <span class='ocrx_word' id='word_1_243' title='bbox 529 2124 624 2161; x_wconf 80' lang='grc' dir='ltr'>δίεισι</span> <span class='ocrx_word' id='word_1_244' title='bbox 641 2124 698 2161; x_wconf 81' lang='grc' dir='ltr'>τὸν</span> <span class='ocrx_word' id='word_1_245' title='bbox 712 2123 825 2174; x_wconf 77' lang='grc' dir='ltr'>ὅρκον.</span> <span class='ocrx_word' id='word_1_246' title='bbox 844 2122 915 2161; x_wconf 81' lang='grc' dir='ltr'>Καὶ</span> <span class='ocrx_word' id='word_1_247' title='bbox 933 2122 973 2159; x_wconf 82' lang='grc' dir='ltr'>ἂν</span> <span class='ocrx_word' id='word_1_248' title='bbox 989 2123 1049 2172; x_wconf 80' lang='grc' dir='ltr'>μὲν</span> <span class='ocrx_word' id='word_1_249' title='bbox 1069 2123 1131 2171; x_wconf 80' lang='grc' dir='ltr'>ἐμ-</span> 
     </span>
     <span class='ocr_line' id='line_1_34' title="bbox 95 2180 1128 2233; baseline -0.004 -13"><span class='ocrx_word' id='word_1_250' title='bbox 95 2182 235 2233; x_wconf 79' lang='grc' dir='ltr'>πεδώσῃ</span> <span class='ocrx_word' id='word_1_251' title='bbox 254 2182 329 2225; x_wconf 74' lang='grc' dir='ltr'>τοὺς</span> <span class='ocrx_word' id='word_1_252' title='bbox 353 2182 513 2233; x_wconf 79' lang='grc' dir='ltr'>ῥηθέντας</span> <span class='ocrx_word' id='word_1_253' title='bbox 527 2180 668 2233; x_wconf 72' lang='grc' dir='ltr'>ὅρκους,</span> <span class='ocrx_word' id='word_1_254' title='bbox 697 2180 814 2226; x_wconf 79' lang='grc' dir='ltr'>ἀσινὴς</span> <span class='ocrx_word' id='word_1_255' title='bbox 834 2181 968 2218; x_wconf 80' lang='grc' dir='ltr'>ἄπεισιν</span> <span class='ocrx_word' id='word_1_256' title='bbox 990 2180 1105 2217; x_wconf 77' lang='grc' dir='ltr'>οἴκαδε</span> <span class='ocrx_word' id='word_1_257' title='bbox 1120 2195 1128 2203; x_wconf 86' lang='grc'><em>·</em></span> 
     </span>
     <span class='ocr_line' id='line_1_35' title="bbox 95 2238 1126 2292; baseline -0.001 -15"><span class='ocrx_word' id='word_1_258' title='bbox 95 2240 301 2292; x_wconf 67' lang='grc' dir='ltr'>παραὸάτης</span> <span class='ocrx_word' id='word_1_259' title='bbox 319 2240 353 2277; x_wconf 79' lang='grc' dir='ltr'>δὲ</span> <span class='ocrx_word' id='word_1_260' title='bbox 379 2240 558 2289; x_wconf 86' lang='grc' dir='ltr'>γενόμενος</span> <span class='ocrx_word' id='word_1_261' title='bbox 581 2243 646 2277; x_wconf 84' lang='grc' dir='ltr'>τῶν</span> <span class='ocrx_word' id='word_1_262' title='bbox 674 2242 757 2277; x_wconf 71' lang='grc' dir='ltr'>θεῶν</span> <span class='ocrx_word' id='word_1_263' title='bbox 779 2238 936 2288; x_wconf 73' lang='grc' dir='ltr'>ἐμποδὼν</span> <span class='ocrx_word' id='word_1_264' title='bbox 966 2241 1126 2290; x_wconf 72' lang='grc' dir='ltr'>τελευτᾷ.</span> 
     </span>
     <span class='ocr_line' id='line_1_36' title="bbox 96 2295 1129 2348; baseline -0.003 -13"><span class='ocrx_word' id='word_1_265' title='bbox 96 2298 237 2337; x_wconf 77' lang='grc' dir='ltr'>Τούτων</span> <span class='ocrx_word' id='word_1_266' title='bbox 253 2298 287 2334; x_wconf 81' lang='grc' dir='ltr'>δὲ</span> <span class='ocrx_word' id='word_1_267' title='bbox 305 2298 504 2347; x_wconf 78' lang='grc' dir='ltr'>γινομένων,</span> <span class='ocrx_word' id='word_1_268' title='bbox 522 2296 688 2347; x_wconf 77' lang='grc' dir='ltr'>ἐγγυητὰς</span> <span class='ocrx_word' id='word_1_269' title='bbox 698 2300 940 2348; x_wconf 74' lang='grc' dir='ltr'>ὑπισχνοῦνται</span> <span class='ocrx_word' id='word_1_270' title='bbox 955 2295 1129 2341; x_wconf 76' lang='grc' dir='ltr'>καταστή-</span> 
     </span>
     <span class='ocr_line' id='line_1_37' title="bbox 99 2350 1130 2408; baseline -0.001 -16"><span class='ocrx_word' id='word_1_271' title='bbox 99 2372 168 2393; x_wconf 89' lang='grc' dir='ltr'>σειν</span> <span class='ocrx_word' id='word_1_272' title='bbox 183 2359 250 2398; x_wconf 83' lang='grc' dir='ltr'>τοῒς</span> <span class='ocrx_word' id='word_1_273' title='bbox 268 2358 426 2408; x_wconf 71' lang='grc' dir='ltr'>ἱερεῦσιν,</span> <span class='ocrx_word' id='word_1_274' title='bbox 446 2350 524 2407; x_wconf 61' lang='grc' dir='ltr'>[οἷς]</span> <span class='ocrx_word' id='word_1_275' title='bbox 543 2355 599 2393; x_wconf 73' lang='grc' dir='ltr'>ἐάν</span> <span class='ocrx_word' id='word_1_276' title='bbox 613 2372 643 2393; x_wconf 91' lang='grc' dir='ltr'>τι</span> <span class='ocrx_word' id='word_1_277' title='bbox 661 2356 780 2406; x_wconf 65' lang='grc' dir='ltr'>νεαρὸν</span> <span class='ocrx_word' id='word_1_278' title='bbox 798 2355 938 2406; x_wconf 85' lang='grc' dir='ltr'>γε’νητοιι</span> <span class='ocrx_word' id='word_1_279' title='bbox 965 2354 1130 2405; x_wconf 80' lang='grc' dir='ltr'>κοίΟοιρσιν</span> 
     </span>
     <span class='ocr_line' id='line_1_38' title="bbox 102 2413 1130 2466; baseline -0.002 -15"><span class='ocrx_word' id='word_1_280' title='bbox 102 2415 341 2466; x_wconf 68' lang='grc' dir='ltr'>ὀφλισκάνουσι</span> <span class='ocrx_word' id='word_1_281' title='bbox 359 2418 416 2451; x_wconf 77' lang='grc' dir='ltr'>τοῦ</span> <span class='ocrx_word' id='word_1_282' title='bbox 434 2414 606 2464; x_wconf 81' lang='grc' dir='ltr'>τεμένους.</span> <span class='ocrx_word' id='word_1_283' title='bbox 663 2414 750 2465; x_wconf 85' lang='grc' dir='ltr'>Περὶ</span> <span class='ocrx_word' id='word_1_284' title='bbox 767 2413 801 2450; x_wconf 79' lang='grc' dir='ltr'>δὲ</span> <span class='ocrx_word' id='word_1_285' title='bbox 822 2413 877 2450; x_wconf 78' lang='grc' dir='ltr'>τὸν</span> <span class='ocrx_word' id='word_1_286' title='bbox 893 2413 996 2451; x_wconf 80' lang='grc' dir='ltr'>τόπον</span> <span class='ocrx_word' id='word_1_287' title='bbox 1013 2416 1130 2450; x_wconf 72' lang='grc' dir='ltr'>τοῦτον</span> 
     </span>
    </p>
   </div>
   <div class='ocr_carea' id='block_1_5' title="bbox 100 2539 1134 2747">
    <p class='ocr_par' dir='ltr' id='par_1_7' title="bbox 100 2539 1134 2747">
     <span class='ocr_line' id='line_1_39' title="bbox 100 2539 1134 2576; baseline -0.001 -6"><span class='ocrx_word' id='word_1_288' title='bbox 100 2541 252 2576; x_wconf 79' lang='lat' dir='ltr'>nominis,</span> <span class='ocrx_word' id='word_1_289' title='bbox 269 2542 305 2571; x_wconf 89' lang='lat' dir='ltr'>ut</span> <span class='ocrx_word' id='word_1_290' title='bbox 321 2541 446 2571; x_wconf 78' lang='lat' dir='ltr'>Polemo</span> <span class='ocrx_word' id='word_1_291' title='bbox 461 2541 490 2571; x_wconf 89' lang='lat' dir='ltr'>in</span> <span class='ocrx_word' id='word_1_292' title='bbox 507 2541 588 2571; x_wconf 84' lang='lat' dir='ltr'>libro</span> <span class='ocrx_word' id='word_1_293' title='bbox 602 2543 647 2571; x_wconf 89' lang='lat' dir='ltr'>De</span> <span class='ocrx_word' id='word_1_294' title='bbox 660 2540 764 2571; x_wconf 84' lang='lat' dir='ltr'>lluviis</span> <span class='ocrx_word' id='word_1_295' title='bbox 777 2541 820 2570; x_wconf 83' lang='lat' dir='ltr'>ait</span> <span class='ocrx_word' id='word_1_296' title='bbox 833 2540 877 2571; x_wconf 84' lang='lat' dir='ltr'>sic</span> <span class='ocrx_word' id='word_1_297' title='bbox 891 2539 1049 2571; x_wconf 81' lang='lat' dir='ltr'>scribens:</span> <span class='ocrx_word' id='word_1_298' title='bbox 1067 2551 1080 2564; x_wconf 88' lang='lat'><em>«</em></span> <span class='ocrx_word' id='word_1_299' title='bbox 1097 2540 1134 2569; x_wconf 68' lang='lat' dir='ltr'>ut</span> 
     </span>
     <span class='ocr_line' id='line_1_40' title="bbox 101 2591 854 2631; baseline -0.001 -9"><span class='ocrx_word' id='word_1_300' title='bbox 101 2592 231 2622; x_wconf 69' lang='lat' dir='ltr'>Athenis</span> <span class='ocrx_word' id='word_1_301' title='bbox 247 2592 414 2631; x_wconf 74' lang='lat' dir='ltr'>Cepliissus</span> <span class='ocrx_word' id='word_1_302' title='bbox 428 2593 474 2623; x_wconf 86' lang='lat' dir='ltr'>est</span> <span class='ocrx_word' id='word_1_303' title='bbox 490 2593 521 2622; x_wconf 90' lang='lat' dir='ltr'>et</span> <span class='ocrx_word' id='word_1_304' title='bbox 535 2592 668 2631; x_wconf 73' lang='lat' dir='ltr'>Sicyone</span> <span class='ocrx_word' id='word_1_305' title='bbox 683 2593 715 2623; x_wconf 84' lang='lat' dir='ltr'>et</span> <span class='ocrx_word' id='word_1_306' title='bbox 729 2591 854 2631; x_wconf 74' lang='lat' dir='ltr'>Argis...</span> 
     </span>
     <span class='ocr_line' id='line_1_41' title="bbox 586 2654 646 2685; baseline -0.017 0"><span class='ocrx_word' id='word_1_307' title='bbox 586 2654 646 2685; x_wconf 85' lang='lat'>82.</span> 
     </span>
     <span class='ocr_line' id='line_1_42' title="bbox 142 2706 1134 2747; baseline 0.001 -11"><span class='ocrx_word' id='word_1_308' title='bbox 142 2707 488 2746; x_wconf 71' lang='lat' dir='ltr'>Nominauturmugiles</span> <span class='ocrx_word' id='word_1_309' title='bbox 500 2716 517 2737; x_wconf 81' lang='lat' dir='ltr'>a</span> <span class='ocrx_word' id='word_1_310' title='bbox 532 2706 691 2738; x_wconf 79' lang='lat' dir='ltr'>nonnullis</span> <span class='ocrx_word' id='word_1_311' title='bbox 702 2707 822 2747; x_wconf 79' lang='lat' dir='ltr'>plotes,</span> <span class='ocrx_word' id='word_1_312' title='bbox 838 2708 872 2737; x_wconf 91' lang='lat' dir='ltr'>ut</span> <span class='ocrx_word' id='word_1_313' title='bbox 886 2706 994 2738; x_wconf 82' lang='lat' dir='ltr'><strong>scribit</strong></span> <span class='ocrx_word' id='word_1_314' title='bbox 1007 2707 1134 2737; x_wconf 83' lang='lat' dir='ltr'>Polemo</span> 
     </span>
    </p>
   </div>
   <div class='ocr_carea' id='block_1_6' title="bbox 102 2758 1133 2849">
    <p class='ocr_par' dir='ltr' id='par_1_8' title="bbox 102 2758 1133 2849">
     <span class='ocr_line' id='line_1_43' title="bbox 102 2758 1133 2792; baseline 0.001 -3"><span class='ocrx_word' id='word_1_315' title='bbox 102 2760 132 2789; x_wconf 92' lang='lat' dir='ltr'>in</span> <span class='ocrx_word' id='word_1_316' title='bbox 148 2758 228 2789; x_wconf 87' lang='lat' dir='ltr'>libro</span> <span class='ocrx_word' id='word_1_317' title='bbox 250 2761 294 2789; x_wconf 83' lang='lat' dir='ltr'>De</span> <span class='ocrx_word' id='word_1_318' title='bbox 310 2759 492 2790; x_wconf 79' lang='lat' dir='ltr'>fluminibus</span> <span class='ocrx_word' id='word_1_319' title='bbox 512 2759 636 2791; x_wconf 76' lang='lat' dir='ltr'>Siciliae.</span> <span class='ocrx_word' id='word_1_320' title='bbox 652 2759 702 2791; x_wconf 83' lang='lat' dir='ltr'>Sic</span> <span class='ocrx_word' id='word_1_321' title='bbox 717 2768 790 2790; x_wconf 80' lang='lat' dir='ltr'>vero</span> <span class='ocrx_word' id='word_1_322' title='bbox 811 2759 905 2792; x_wconf 84' lang='lat' dir='ltr'>etiam</span> <span class='ocrx_word' id='word_1_323' title='bbox 922 2759 1064 2791; x_wconf 84' lang='lat' dir='ltr'>nominat</span> <span class='ocrx_word' id='word_1_324' title='bbox 1079 2768 1133 2791; x_wconf 91' lang='lat' dir='ltr'>eos</span> 
     </span>
     <span class='ocr_line' id='line_1_44' title="bbox 106 2810 487 2849; baseline 0 -8"><span class='ocrx_word' id='word_1_325' title='bbox 106 2810 311 2849; x_wconf 74' lang='lat' dir='ltr'>Epicharmus</span> <span class='ocrx_word' id='word_1_326' title='bbox 323 2810 355 2841; x_wconf 89' lang='lat' dir='ltr'>in</span> <span class='ocrx_word' id='word_1_327' title='bbox 370 2811 465 2842; x_wconf 85' lang='lat' dir='ltr'>Musis</span> <span class='ocrx_word' id='word_1_328' title='bbox 481 2823 487 2841; x_wconf 74' lang='grc' dir='ltr'>ε</span> 
     </span>
    </p>
   </div>
   <div class='ocr_carea' id='block_1_7' title="bbox 174 2878 1028 2915">
    <p class='ocr_par' dir='ltr' id='par_1_9' title="bbox 174 2878 1028 2915">
     <span class='ocr_line' id='line_1_45' title="bbox 174 2878 1028 2915; baseline 0.001 -11"><span class='ocrx_word' id='word_1_329' title='bbox 174 2878 272 2905; x_wconf 78' lang='lat' dir='ltr'>AEoliae</span> <span class='ocrx_word' id='word_1_330' title='bbox 288 2878 380 2913; x_wconf 79' lang='lat' dir='ltr'>ploles</span> <span class='ocrx_word' id='word_1_331' title='bbox 393 2880 422 2906; x_wconf 88' lang='lat' dir='ltr'>et</span> <span class='ocrx_word' id='word_1_332' title='bbox 435 2878 599 2913; x_wconf 63' lang='lat' dir='ltr'>cynoglossi</span> <span class='ocrx_word' id='word_1_333' title='bbox 611 2888 617 2905; x_wconf 90' lang='lat'>:</span> <span class='ocrx_word' id='word_1_334' title='bbox 629 2878 751 2907; x_wconf 78' lang='lat' dir='ltr'>aderant</span> <span class='ocrx_word' id='word_1_335' title='bbox 761 2887 852 2915; x_wconf 75' lang='lat' dir='ltr'>porro</span> <span class='ocrx_word' id='word_1_336' title='bbox 865 2878 1028 2906; x_wconf 81' lang='lat' dir='ltr'>scialludes.</span> 
     </span>
    </p>
   </div>
   <div class='ocr_carea' id='block_1_8' title="bbox 104 2945 1137 3350">
    <p class='ocr_par' dir='ltr' id='par_1_10' title="bbox 588 2945 646 2976">
     <span class='ocr_line' id='line_1_46' title="bbox 588 2945 646 2976; baseline -0.017 0"><span class='ocrx_word' id='word_1_337' title='bbox 588 2945 646 2976; x_wconf 88' lang='grc'>83.</span> 
     </span>
    </p>

    <p class='ocr_par' dir='ltr' id='par_1_11' title="bbox 104 3004 1137 3350">
     <span class='ocr_line' id='line_1_47' title="bbox 148 3004 1135 3043; baseline 0 -9"><span class='ocrx_word' id='word_1_338' title='bbox 148 3004 287 3042; x_wconf 79' lang='lat' dir='ltr'>Polemo,</span> <span class='ocrx_word' id='word_1_339' title='bbox 313 3004 344 3034; x_wconf 92' lang='lat' dir='ltr'>in</span> <span class='ocrx_word' id='word_1_340' title='bbox 358 3004 439 3034; x_wconf 89' lang='lat' dir='ltr'>libro</span> <span class='ocrx_word' id='word_1_341' title='bbox 464 3005 517 3043; x_wconf 85' lang='lat' dir='ltr'>qui</span> <span class='ocrx_word' id='word_1_342' title='bbox 535 3004 715 3035; x_wconf 77' lang='lat' dir='ltr'>inscribitur</span> <span class='ocrx_word' id='word_1_343' title='bbox 737 3008 779 3035; x_wconf 84' lang='lat' dir='ltr'>De</span> <span class='ocrx_word' id='word_1_344' title='bbox 788 3004 902 3035; x_wconf 75' lang='lat' dir='ltr'>siciliae</span> <span class='ocrx_word' id='word_1_345' title='bbox 918 3004 1022 3035; x_wconf 69' lang='lat' dir='ltr'>fluviis</span> <span class='ocrx_word' id='word_1_346' title='bbox 1041 3004 1135 3034; x_wconf 86' lang='lat' dir='ltr'>mira-</span> 
     </span>
     <span class='ocr_line' id='line_1_48' title="bbox 105 3053 1135 3095; baseline 0.001 -10"><span class='ocrx_word' id='word_1_347' title='bbox 105 3053 232 3092; x_wconf 78' lang='lat' dir='ltr'>bilibus,</span> <span class='ocrx_word' id='word_1_348' title='bbox 249 3055 295 3085; x_wconf 80' lang='lat' dir='ltr'>sic</span> <span class='ocrx_word' id='word_1_349' title='bbox 309 3055 351 3085; x_wconf 86' lang='lat' dir='ltr'>ait</span> <span class='ocrx_word' id='word_1_350' title='bbox 368 3067 375 3085; x_wconf 89' lang='lat'><strong>:</strong></span> <span class='ocrx_word' id='word_1_351' title='bbox 394 3067 410 3082; x_wconf 91' lang='lat'>«</span> <span class='ocrx_word' id='word_1_352' title='bbox 427 3055 521 3085; x_wconf 77' lang='lat' dir='ltr'>Palici</span> <span class='ocrx_word' id='word_1_353' title='bbox 538 3064 616 3095; x_wconf 88' lang='lat' dir='ltr'>quos</span> <span class='ocrx_word' id='word_1_354' title='bbox 630 3057 745 3086; x_wconf 80' lang='lat' dir='ltr'>vocant</span> <span class='ocrx_word' id='word_1_355' title='bbox 762 3055 801 3086; x_wconf 85' lang='lat' dir='ltr'>ab</span> <span class='ocrx_word' id='word_1_356' title='bbox 814 3055 966 3094; x_wconf 81' lang='lat' dir='ltr'>indigenis</span> <span class='ocrx_word' id='word_1_357' title='bbox 985 3055 1034 3087; x_wconf 89' lang='lat' dir='ltr'>dei</span> <span class='ocrx_word' id='word_1_358' title='bbox 1048 3057 1135 3086; x_wconf 78' lang='lat' dir='ltr'>auto-</span> 
     </span>
     <span class='ocr_line' id='line_1_49' title="bbox 104 3106 1137 3139; baseline 0.001 -2"><span class='ocrx_word' id='word_1_359' title='bbox 104 3106 259 3138; x_wconf 78' lang='lat' dir='ltr'>chthones</span> <span class='ocrx_word' id='word_1_360' title='bbox 277 3116 343 3138; x_wconf 86' lang='lat' dir='ltr'>esse</span> <span class='ocrx_word' id='word_1_361' title='bbox 358 3107 540 3137; x_wconf 77' lang='lat' dir='ltr'>ereduntur.</span> <span class='ocrx_word' id='word_1_362' title='bbox 562 3109 680 3137; x_wconf 84' lang='lat' dir='ltr'>lloruin</span> <span class='ocrx_word' id='word_1_363' title='bbox 696 3109 771 3138; x_wconf 90' lang='lat' dir='ltr'>sunt</span> <span class='ocrx_word' id='word_1_364' title='bbox 787 3108 898 3139; x_wconf 82' lang='lat' dir='ltr'>fratres</span> <span class='ocrx_word' id='word_1_365' title='bbox 913 3108 978 3138; x_wconf 91' lang='lat' dir='ltr'>duo</span> <span class='ocrx_word' id='word_1_366' title='bbox 1001 3109 1137 3138; x_wconf 82' lang='lat' dir='ltr'><strong>crateres</strong></span> 
     </span>
     <span class='ocr_line' id='line_1_50' title="bbox 104 3157 1136 3197; baseline 0 -9"><span class='ocrx_word' id='word_1_367' title='bbox 104 3157 190 3188; x_wconf 80' lang='lat' dir='ltr'>baud</span> <span class='ocrx_word' id='word_1_368' title='bbox 207 3157 270 3188; x_wconf 84' lang='lat' dir='ltr'>alte</span> <span class='ocrx_word' id='word_1_369' title='bbox 283 3166 314 3188; x_wconf 87' lang='lat' dir='ltr'>se</span> <span class='ocrx_word' id='word_1_370' title='bbox 328 3157 517 3188; x_wconf 83' lang='lat' dir='ltr'>attollentes.</span> <span class='ocrx_word' id='word_1_371' title='bbox 537 3158 598 3193; x_wconf 90' lang='lat' dir='ltr'>Qui</span> <span class='ocrx_word' id='word_1_372' title='bbox 615 3158 764 3188; x_wconf 76' lang='lat' dir='ltr'><strong>accedere</strong></span> <span class='ocrx_word' id='word_1_373' title='bbox 782 3157 822 3188; x_wconf 79' lang='lat' dir='ltr'>ad</span> <span class='ocrx_word' id='word_1_374' title='bbox 843 3167 896 3189; x_wconf 81' lang='lat' dir='ltr'>eos</span> <span class='ocrx_word' id='word_1_375' title='bbox 918 3159 1045 3196; x_wconf 86' lang='lat' dir='ltr'>volunt,</span> <span class='ocrx_word' id='word_1_376' title='bbox 1067 3159 1136 3197; x_wconf 86' lang='lat' dir='ltr'>puri</span> 
     </span>
     <span class='ocr_line' id='line_1_51' title="bbox 105 3207 1137 3247; baseline 0 -9"><span class='ocrx_word' id='word_1_377' title='bbox 105 3208 145 3238; x_wconf 78' lang='lat' dir='ltr'>ab</span> <span class='ocrx_word' id='word_1_378' title='bbox 161 3208 245 3238; x_wconf 89' lang='lat' dir='ltr'>omni</span> <span class='ocrx_word' id='word_1_379' title='bbox 261 3207 383 3247; x_wconf 80' lang='lat' dir='ltr'>piaculo</span> <span class='ocrx_word' id='word_1_380' title='bbox 400 3209 430 3238; x_wconf 83' lang='lat' dir='ltr'>et</span> <span class='ocrx_word' id='word_1_381' title='bbox 444 3217 577 3239; x_wconf 70' lang='lat' dir='ltr'>venereo</span> <span class='ocrx_word' id='word_1_382' title='bbox 591 3217 756 3246; x_wconf 75' lang='lat' dir='ltr'>congressu</span> <span class='ocrx_word' id='word_1_383' title='bbox 770 3231 777 3246; x_wconf 92' lang='lat'>,</span> <span class='ocrx_word' id='word_1_384' title='bbox 793 3217 850 3238; x_wconf 87' lang='lat' dir='ltr'>nec</span> <span class='ocrx_word' id='word_1_385' title='bbox 867 3217 928 3238; x_wconf 92' lang='lat' dir='ltr'>non</span> <span class='ocrx_word' id='word_1_386' title='bbox 943 3218 960 3238; x_wconf 82' lang='lat' dir='ltr'>a</span> <span class='ocrx_word' id='word_1_387' title='bbox 973 3208 1050 3238; x_wconf 80' lang='lat' dir='ltr'>cibis</span> <span class='ocrx_word' id='word_1_388' title='bbox 1070 3209 1137 3247; x_wconf 84' lang='lat' dir='ltr'>qui-</span> 
     </span>
     <span class='ocr_line' id='line_1_52' title="bbox 106 3258 1135 3298; baseline 0 -10"><span class='ocrx_word' id='word_1_389' title='bbox 106 3258 240 3289; x_wconf 82' lang='lat' dir='ltr'>busdam</span> <span class='ocrx_word' id='word_1_390' title='bbox 254 3267 320 3290; x_wconf 82' lang='lat' dir='ltr'>esse</span> <span class='ocrx_word' id='word_1_391' title='bbox 331 3258 457 3289; x_wconf 86' lang='lat' dir='ltr'>debent.</span> <span class='ocrx_word' id='word_1_392' title='bbox 475 3259 578 3298; x_wconf 78' lang='lat' dir='ltr'>Surgit</span> <span class='ocrx_word' id='word_1_393' title='bbox 590 3267 629 3290; x_wconf 81' lang='lat' dir='ltr'>ex</span> <span class='ocrx_word' id='word_1_394' title='bbox 641 3259 779 3290; x_wconf 83' lang='lat' dir='ltr'>sontibus</span> <span class='ocrx_word' id='word_1_395' title='bbox 796 3259 955 3297; x_wconf 78' lang='lat' dir='ltr'>sulphuris</span> <span class='ocrx_word' id='word_1_396' title='bbox 970 3259 1048 3289; x_wconf 87' lang='lat' dir='ltr'>odor</span> <span class='ocrx_word' id='word_1_397' title='bbox 1070 3268 1135 3298; x_wconf 75' lang='lat' dir='ltr'>grn-</span> 
     </span>
     <span class='ocr_line' id='line_1_53' title="bbox 107 3309 1136 3350; baseline 0.002 -11"><span class='ocrx_word' id='word_1_398' title='bbox 107 3310 154 3340; x_wconf 73' lang='lat' dir='ltr'>vis</span> <span class='ocrx_word' id='word_1_399' title='bbox 165 3336 174 3349; x_wconf 80' lang='lat'>‚</span> <span class='ocrx_word' id='word_1_400' title='bbox 189 3310 242 3350; x_wconf 86' lang='lat' dir='ltr'>qui</span> <span class='ocrx_word' id='word_1_401' title='bbox 262 3319 359 3350; x_wconf 79' lang='lat' dir='ltr'>prope</span> <span class='ocrx_word' id='word_1_402' title='bbox 377 3309 535 3342; x_wconf 80' lang='lat' dir='ltr'>adstantes</span> <span class='ocrx_word' id='word_1_403' title='bbox 557 3311 666 3350; x_wconf 70' lang='lat' dir='ltr'>capitis</span> <span class='ocrx_word' id='word_1_404' title='bbox 678 3310 845 3350; x_wconf 76' lang='lat' dir='ltr'>gravedine</span> <span class='ocrx_word' id='word_1_405' title='bbox 861 3310 957 3341; x_wconf 72' lang='lat' dir='ltr'>aflicit</span> <span class='ocrx_word' id='word_1_406' title='bbox 971 3311 1136 3342; x_wconf 73' lang='lat' dir='ltr'>veliemen-</span> 
     </span>
    </p>
   </div>
   <div class='ocr_carea' id='block_1_9' title="bbox 880 177 1407 216">
    <p class='ocr_par' dir='ltr' id='par_1_12' title="bbox 880 177 1407 216">
     <span class='ocr_line' id='line_1_54' title="bbox 880 177 1407 216; baseline 0.002 -2"><span class='ocrx_word' id='word_1_407' title='bbox 880 177 1169 216; x_wconf 82' lang='lat' dir='ltr'><strong>POLEMONIS</strong></span> <span class='ocrx_word' id='word_1_408' title='bbox 1199 178 1407 216; x_wconf 54' lang='lat' dir='ltr'>lLlElNSlS</span> 
     </span>
    </p>
   </div>
   <div class='ocr_carea' id='block_1_10' title="bbox 1176 263 2261 2463">
    <p class='ocr_par' dir='ltr' id='par_1_13' title="bbox 1176 263 2210 373">
     <span class='ocr_line' id='line_1_55' title="bbox 1176 263 2210 318; baseline -0.003 -15"><span class='ocrx_word' id='word_1_409' title='bbox 1176 265 1317 318; x_wconf 84' lang='grc' dir='ltr'>ᾤκησαν</span> <span class='ocrx_word' id='word_1_410' title='bbox 1353 263 1543 310; x_wconf 80' lang='grc' dir='ltr'>[Ιαλικηνοὶ</span> <span class='ocrx_word' id='word_1_411' title='bbox 1573 264 1673 301; x_wconf 87' lang='grc' dir='ltr'>πόλιν</span> <span class='ocrx_word' id='word_1_412' title='bbox 1688 263 1866 313; x_wconf 79' lang='grc' dir='ltr'>ἐπώνυμον</span> <span class='ocrx_word' id='word_1_413' title='bbox 1893 263 2021 301; x_wconf 83' lang='grc' dir='ltr'>τούτων</span> <span class='ocrx_word' id='word_1_414' title='bbox 2049 266 2117 302; x_wconf 75' lang='grc' dir='ltr'>τῶν</span> <span class='ocrx_word' id='word_1_415' title='bbox 2131 263 2210 302; x_wconf 78' lang='grc' dir='ltr'>δαι-</span> 
     </span>
     <span class='ocr_line' id='line_1_56' title="bbox 1178 323 1481 373; baseline 0.003 -12"><span class='ocrx_word' id='word_1_416' title='bbox 1178 325 1290 373; x_wconf 85' lang='grc' dir='ltr'>μόνων</span> <span class='ocrx_word' id='word_1_417' title='bbox 1311 323 1481 368; x_wconf 77' lang='grc' dir='ltr'>Παλικῆν.</span> 
     </span>
    </p>

    <p class='ocr_par' dir='ltr' id='par_1_14' title="bbox 1181 380 2261 2463">
     <span class='ocr_line' id='line_1_57' title="bbox 1232 380 2211 432; baseline -0.002 -13"><span class='ocrx_word' id='word_1_418' title='bbox 1232 380 1374 419; x_wconf 82' lang='grc' dir='ltr'>Τούτων</span> <span class='ocrx_word' id='word_1_419' title='bbox 1403 381 1567 432; x_wconf 71' lang='grc' dir='ltr'>ἀδελφοὶ]</span> <span class='ocrx_word' id='word_1_420' title='bbox 1596 399 1611 413; x_wconf 86' lang='lat'>«</span> <span class='ocrx_word' id='word_1_421' title='bbox 1638 382 1763 417; x_wconf 80' lang='lat' dir='ltr'>Editio</span> <span class='ocrx_word' id='word_1_422' title='bbox 1789 383 1990 418; x_wconf 84' lang='lat' dir='ltr'>Camerarii</span> <span class='ocrx_word' id='word_1_423' title='bbox 2024 395 2056 418; x_wconf 82' lang='lat' dir='ltr'>a.</span> <span class='ocrx_word' id='word_1_424' title='bbox 2092 381 2211 422; x_wconf 78' lang='lat'>1535,</span> 
     </span>
     <span class='ocr_line' id='line_1_58' title="bbox 1181 441 2261 489; baseline -0.002 -13"><span class='ocrx_word' id='word_1_425' title='bbox 1181 453 1264 488; x_wconf 88' lang='lat' dir='ltr'>quae</span> <span class='ocrx_word' id='word_1_426' title='bbox 1281 443 1403 489; x_wconf 88' lang='lat' dir='ltr'>prima</span> <span class='ocrx_word' id='word_1_427' title='bbox 1420 442 1532 477; x_wconf 83' lang='lat' dir='ltr'>habet</span> <span class='ocrx_word' id='word_1_428' title='bbox 1550 442 1627 476; x_wconf 84' lang='lat' dir='ltr'>liaec</span> <span class='ocrx_word' id='word_1_429' title='bbox 1645 442 1790 485; x_wconf 71' lang='lat' dir='ltr'>Graeca,</span> <span class='ocrx_word' id='word_1_430' title='bbox 1810 442 1941 476; x_wconf 86' lang='lat' dir='ltr'>relicto</span> <span class='ocrx_word' id='word_1_431' title='bbox 1959 453 2077 476; x_wconf 88' lang='lat' dir='ltr'>vacuo</span> <span class='ocrx_word' id='word_1_432' title='bbox 2095 441 2214 487; x_wconf 85' lang='lat' dir='ltr'>spatio</span> <span class='ocrx_word' id='word_1_433' title='bbox 2259 441 2261 443; x_wconf 79' lang='grc'><strong>’</strong></span> 
     </span>
     <span class='ocr_line' id='line_1_59' title="bbox 1181 497 2214 550; baseline 0.001 -17"><span class='ocrx_word' id='word_1_434' title='bbox 1181 500 1231 534; x_wconf 88' lang='lat' dir='ltr'>sic</span> <span class='ocrx_word' id='word_1_435' title='bbox 1245 498 1458 549; x_wconf 73' lang='grc' dir='ltr'>ιὺπάρχουσι</span> <span class='ocrx_word' id='word_1_436' title='bbox 1472 497 1507 535; x_wconf 84' lang='grc' dir='ltr'>δὲ</span> <span class='ocrx_word' id='word_1_437' title='bbox 1521 497 1692 536; x_wconf 78' lang='grc' dir='ltr'>τούτων...</span> <span class='ocrx_word' id='word_1_438' title='bbox 1709 497 1875 550; x_wconf 74' lang='grc' dir='ltr'>Ἀδελφοὶ,</span> <span class='ocrx_word' id='word_1_439' title='bbox 1889 498 1990 533; x_wconf 91' lang='lat' dir='ltr'>unde</span> <span class='ocrx_word' id='word_1_440' title='bbox 2016 510 2085 546; x_wconf 84' lang='lat' dir='ltr'>ego</span> <span class='ocrx_word' id='word_1_441' title='bbox 2108 499 2214 534; x_wconf 84' lang='lat' dir='ltr'>lacu-</span> 
     </span>
     <span class='ocr_line' id='line_1_60' title="bbox 1182 552 2217 605; baseline 0 -15"><span class='ocrx_word' id='word_1_442' title='bbox 1182 568 1268 591; x_wconf 87' lang='lat' dir='ltr'>nam</span> <span class='ocrx_word' id='word_1_443' title='bbox 1278 557 1520 593; x_wconf 83' lang='lat' dir='ltr'>indicandum</span> <span class='ocrx_word' id='word_1_444' title='bbox 1538 558 1677 605; x_wconf 78' lang='lat' dir='ltr'>putavi.</span> <span class='ocrx_word' id='word_1_445' title='bbox 1696 558 1739 593; x_wconf 91' lang='lat' dir='ltr'>G.</span> <span class='ocrx_word' id='word_1_446' title='bbox 1758 558 1991 592; x_wconf 84' lang='lat' dir='ltr'>Hermannus</span> <span class='ocrx_word' id='word_1_447' title='bbox 2006 556 2125 591; x_wconf 85' lang='lat' dir='ltr'>edidit</span> <span class='ocrx_word' id='word_1_448' title='bbox 2137 552 2217 591; x_wconf 83' lang='grc' dir='ltr'>τού-</span> 
     </span>
     <span class='ocr_line' id='line_1_61' title="bbox 1186 612 2216 664; baseline 0.001 -17"><span class='ocrx_word' id='word_1_449' title='bbox 1186 627 1254 647; x_wconf 86' lang='grc' dir='ltr'>των</span> <span class='ocrx_word' id='word_1_450' title='bbox 1277 612 1336 649; x_wconf 81' lang='grc' dir='ltr'>δύο</span> <span class='ocrx_word' id='word_1_451' title='bbox 1351 613 1504 664; x_wconf 65' lang='grc' dir='ltr'>ἀδελφοί.</span> <span class='ocrx_word' id='word_1_452' title='bbox 1520 615 1579 650; x_wconf 85' lang='lat' dir='ltr'>Ad</span> <span class='ocrx_word' id='word_1_453' title='bbox 1592 627 1737 650; x_wconf 89' lang='lat' dir='ltr'>sensum</span> <span class='ocrx_word' id='word_1_454' title='bbox 1751 615 1845 649; x_wconf 86' lang='lat' dir='ltr'>nihil</span> <span class='ocrx_word' id='word_1_455' title='bbox 1858 615 1971 651; x_wconf 81' lang='lat' dir='ltr'><strong>deest.</strong></span> <span class='ocrx_word' id='word_1_456' title='bbox 1994 631 2009 645; x_wconf 76' lang='grc' dir='ltr'><strong>υ</strong></span> <span class='ocrx_word' id='word_1_457' title='bbox 2033 616 2216 654; x_wconf 64' lang='lat' dir='ltr'>Panum,</span> 
     </span>
     <span class='ocr_line' id='line_1_62' title="bbox 1184 669 2217 717; baseline 0 -10"><span class='ocrx_word' id='word_1_458' title='bbox 1184 672 1311 707; x_wconf 84' lang='lat' dir='ltr'><strong>Codex</strong></span> <span class='ocrx_word' id='word_1_459' title='bbox 1334 673 1485 707; x_wconf 70' lang='lat' dir='ltr'>Par-isin.</span> <span class='ocrx_word' id='word_1_460' title='bbox 1521 672 1618 717; x_wconf 81' lang='lat'>6371</span> <span class='ocrx_word' id='word_1_461' title='bbox 1642 685 1722 709; x_wconf 69' lang='lat' dir='ltr'>saec.</span> <span class='ocrx_word' id='word_1_462' title='bbox 1750 674 1807 708; x_wconf 89' lang='lat' dir='ltr'>XI</span> <span class='ocrx_word' id='word_1_463' title='bbox 1828 674 1924 708; x_wconf 86' lang='lat' dir='ltr'>inter</span> <span class='ocrx_word' id='word_1_464' title='bbox 1955 685 2066 707; x_wconf 88' lang='lat' dir='ltr'>voces</span> <span class='ocrx_word' id='word_1_465' title='bbox 2088 669 2217 708; x_wconf 84' lang='grc' dir='ltr'>τούτων</span> 
     </span>
     <span class='ocr_line' id='line_1_63' title="bbox 1184 728 2217 779; baseline -0.001 -15"><span class='ocrx_word' id='word_1_466' title='bbox 1184 737 1221 764; x_wconf 90' lang='lat' dir='ltr'>et</span> <span class='ocrx_word' id='word_1_467' title='bbox 1272 728 1412 779; x_wconf 68' lang='grc' dir='ltr'>ἀδελφοὶ</span> <span class='ocrx_word' id='word_1_468' title='bbox 1443 730 1586 776; x_wconf 84' lang='lat' dir='ltr'>praebet</span> <span class='ocrx_word' id='word_1_469' title='bbox 1629 731 1754 764; x_wconf 80' lang='lat' dir='ltr'>literas</span> <span class='ocrx_word' id='word_1_470' title='bbox 1797 730 2075 767; x_wconf 70' lang='lat' dir='ltr'><strong>OAECMAPm.</strong></span> <span class='ocrx_word' id='word_1_471' title='bbox 2125 730 2217 775; x_wconf 89' lang='lat' dir='ltr'>Qui-</span> 
     </span>
     <span class='ocr_line' id='line_1_64' title="bbox 1184 787 2220 834; baseline 0 -13"><span class='ocrx_word' id='word_1_472' title='bbox 1184 787 1254 821; x_wconf 86' lang='lat' dir='ltr'>bus</span> <span class='ocrx_word' id='word_1_473' title='bbox 1273 788 1383 821; x_wconf 89' lang='lat' dir='ltr'>situm</span> <span class='ocrx_word' id='word_1_474' title='bbox 1404 795 1590 822; x_wconf 86' lang='lat' dir='ltr'>craterum</span> <span class='ocrx_word' id='word_1_475' title='bbox 1613 787 1769 822; x_wconf 85' lang='lat' dir='ltr'>indicari</span> <span class='ocrx_word' id='word_1_476' title='bbox 1790 795 1896 834; x_wconf 85' lang='lat' dir='ltr'>putat</span> <span class='ocrx_word' id='word_1_477' title='bbox 1915 788 2220 823; x_wconf 87' lang='lat' dir='ltr'>Schneidewinus</span> 
     </span>
     <span class='ocr_line' id='line_1_65' title="bbox 1186 843 2214 892; baseline 0.003 -15"><span class='ocrx_word' id='word_1_478' title='bbox 1186 843 1414 892; x_wconf 54' lang='lat' dir='ltr'>(AEsclzylus&#39;</span> <span class='ocrx_word' id='word_1_479' title='bbox 1431 847 1546 879; x_wconf 78' lang='lat' dir='ltr'>AEtna</span> <span class='ocrx_word' id='word_1_480' title='bbox 1568 858 1603 879; x_wconf 80' lang='grc' dir='ltr'>α.</span> <span class='ocrx_word' id='word_1_481' title='bbox 1623 846 1685 879; x_wconf 68' lang='lat' dir='ltr'>dfe</span> <span class='ocrx_word' id='word_1_482' title='bbox 1705 845 1861 880; x_wconf 70' lang='lat' dir='ltr'>Paliken</span> <span class='ocrx_word' id='word_1_483' title='bbox 1889 846 1928 879; x_wconf 90' lang='lat' dir='ltr'>in</span> <span class='ocrx_word' id='word_1_484' title='bbox 1956 845 2088 880; x_wconf 76' lang='lat' dir='ltr'>Rhein.</span> <span class='ocrx_word' id='word_1_485' title='bbox 2119 846 2214 880; x_wconf 79' lang='lat' dir='ltr'>Mus.</span> 
     </span>
     <span class='ocr_line' id='line_1_66' title="bbox 1191 901 2221 949; baseline 0 -13"><span class='ocrx_word' id='word_1_486' title='bbox 1191 901 1286 944; x_wconf 72' lang='lat'>1843</span> <span class='ocrx_word' id='word_1_487' title='bbox 1302 930 1311 946; x_wconf 88' lang='lat'>,</span> <span class='ocrx_word' id='word_1_488' title='bbox 1338 916 1376 949; x_wconf 86' lang='lat' dir='ltr'>p.</span> <span class='ocrx_word' id='word_1_489' title='bbox 1403 905 1494 949; x_wconf 85' lang='lat'><strong>77),</strong></span> <span class='ocrx_word' id='word_1_490' title='bbox 1524 903 1718 937; x_wconf 86' lang='lat' dir='ltr'>conferens</span> <span class='ocrx_word' id='word_1_491' title='bbox 1744 903 1858 937; x_wconf 78' lang='lat' dir='ltr'>verba</span> <span class='ocrx_word' id='word_1_492' title='bbox 1882 903 2064 938; x_wconf 88' lang='lat' dir='ltr'>Macrobii</span> <span class='ocrx_word' id='word_1_493' title='bbox 2099 915 2109 940; x_wconf 72' lang='grc' dir='ltr'>τ</span> <span class='ocrx_word' id='word_1_494' title='bbox 2143 904 2221 939; x_wconf 84' lang='lat' dir='ltr'>Nec</span> 
     </span>
     <span class='ocr_line' id='line_1_67' title="bbox 1187 949 2222 1009; baseline 0.001 -15"><span class='ocrx_word' id='word_1_495' title='bbox 1187 961 1294 1008; x_wconf 77' lang='lat' dir='ltr'>longe</span> <span class='ocrx_word' id='word_1_496' title='bbox 1315 962 1400 995; x_wconf 74' lang='lat' dir='ltr'>iude</span> <span class='ocrx_word' id='word_1_497' title='bbox 1418 949 1527 1008; x_wconf 40' lang='lat' dir='ltr'>(sesa</span> <span class='ocrx_word' id='word_1_498' title='bbox 1547 962 1632 995; x_wconf 90' lang='lat' dir='ltr'>loco</span> <span class='ocrx_word' id='word_1_499' title='bbox 1655 973 1731 1007; x_wconf 88' lang='lat' dir='ltr'>quo</span> <span class='ocrx_word' id='word_1_500' title='bbox 1753 962 1829 996; x_wconf 85' lang='lat' dir='ltr'>nati</span> <span class='ocrx_word' id='word_1_501' title='bbox 1849 969 1935 995; x_wconf 89' lang='lat' dir='ltr'>sunt</span> <span class='ocrx_word' id='word_1_502' title='bbox 1962 961 2099 1009; x_wconf 85' lang='lat' dir='ltr'>Palici)</span> <span class='ocrx_word' id='word_1_503' title='bbox 2122 963 2222 996; x_wconf 78' lang='lat' dir='ltr'>lacus</span> 
     </span>
     <span class='ocr_line' id='line_1_68' title="bbox 1186 1017 2220 1067; baseline 0.002 -15"><span class='ocrx_word' id='word_1_504' title='bbox 1186 1019 1306 1053; x_wconf 68' lang='lat' dir='ltr'>breves</span> <span class='ocrx_word' id='word_1_505' title='bbox 1333 1027 1433 1062; x_wconf 78' lang='lat' dir='ltr'>sunt,</span> <span class='ocrx_word' id='word_1_506' title='bbox 1473 1020 1541 1053; x_wconf 70' lang='lat' dir='ltr'>sed</span> <span class='ocrx_word' id='word_1_507' title='bbox 1565 1023 1777 1054; x_wconf 78' lang='lat' dir='ltr'>immensum</span> <span class='ocrx_word' id='word_1_508' title='bbox 1807 1017 2002 1067; x_wconf 80' lang='lat' dir='ltr'>profundi,</span> <span class='ocrx_word' id='word_1_509' title='bbox 2044 1032 2220 1067; x_wconf 78' lang='lat' dir='ltr'>aquarum</span> 
     </span>
     <span class='ocr_line' id='line_1_69' title="bbox 1184 1079 2223 1126; baseline 0.002 -16"><span class='ocrx_word' id='word_1_510' title='bbox 1184 1081 1409 1125; x_wconf 78' lang='lat' dir='ltr'>scaturigine</span> <span class='ocrx_word' id='word_1_511' title='bbox 1435 1090 1578 1124; x_wconf 78' lang='lat' dir='ltr'>semper</span> <span class='ocrx_word' id='word_1_512' title='bbox 1604 1079 1835 1120; x_wconf 78' lang='lat' dir='ltr'>ebullientes,</span> <span class='ocrx_word' id='word_1_513' title='bbox 1870 1090 1957 1126; x_wconf 80' lang='lat' dir='ltr'>qnos</span> <span class='ocrx_word' id='word_1_514' title='bbox 1973 1079 2106 1113; x_wconf 75' lang='lat' dir='ltr'>incoloe</span> <span class='ocrx_word' id='word_1_515' title='bbox 2141 1091 2223 1112; x_wconf 86' lang='lat' dir='ltr'>cm-</span> 
     </span>
     <span class='ocr_line' id='line_1_70' title="bbox 1186 1135 2221 1184; baseline 0 -15"><span class='ocrx_word' id='word_1_516' title='bbox 1186 1143 1278 1169; x_wconf 78' lang='lat' dir='ltr'>teres</span> <span class='ocrx_word' id='word_1_517' title='bbox 1303 1144 1438 1172; x_wconf 78' lang='lat' dir='ltr'>vocant</span> <span class='ocrx_word' id='word_1_518' title='bbox 1465 1144 1503 1170; x_wconf 81' lang='lat' dir='ltr'>et</span> <span class='ocrx_word' id='word_1_519' title='bbox 1531 1139 1676 1170; x_wconf 78' lang='lat' dir='ltr'>nomine</span> <span class='ocrx_word' id='word_1_520' title='bbox 1704 1138 1830 1171; x_wconf 78' lang='lat' dir='ltr'>Dellos</span> <span class='ocrx_word' id='word_1_521' title='bbox 1856 1137 2054 1184; x_wconf 76' lang='lat' dir='ltr'>appellant</span> <span class='ocrx_word' id='word_1_522' title='bbox 2073 1135 2221 1176; x_wconf 64' lang='lat' dir='ltr'>fratres-</span> 
     </span>
     <span class='ocr_line' id='line_1_71' title="bbox 1186 1194 2224 1239; baseline 0.003 -13"><span class='ocrx_word' id='word_1_523' title='bbox 1186 1206 1255 1239; x_wconf 82' lang='lat' dir='ltr'>que</span> <span class='ocrx_word' id='word_1_524' title='bbox 1268 1206 1326 1228; x_wconf 78' lang='lat' dir='ltr'>eos</span> <span class='ocrx_word' id='word_1_525' title='bbox 1347 1195 1558 1229; x_wconf 73' lang='lat' dir='ltr'>Palicorum</span> <span class='ocrx_word' id='word_1_526' title='bbox 1580 1198 1770 1229; x_wconf 73' lang='lat' dir='ltr'>oestz&#39;mant</span> <span class='ocrx_word' id='word_1_527' title='bbox 1793 1202 1830 1229; x_wconf 81' lang='lat' dir='ltr'>et</span> <span class='ocrx_word' id='word_1_528' title='bbox 1855 1194 2036 1229; x_wconf 79' lang='lat' dir='ltr'>habentur</span> <span class='ocrx_word' id='word_1_529' title='bbox 2064 1198 2102 1229; x_wconf 80' lang='lat' dir='ltr'>in</span> <span class='ocrx_word' id='word_1_530' title='bbox 2126 1196 2224 1229; x_wconf 79' lang='lat' dir='ltr'>cultu</span> 
     </span>
     <span class='ocr_line' id='line_1_72' title="bbox 1187 1253 2225 1300; baseline 0.003 -15"><span class='ocrx_word' id='word_1_531' title='bbox 1187 1256 1366 1288; x_wconf 69' lang='lat' dir='ltr'>maximo.</span> <span class='ocrx_word' id='word_1_532' title='bbox 1403 1254 1535 1299; x_wconf 81' lang='lat' dir='ltr'>Itaque</span> <span class='ocrx_word' id='word_1_533' title='bbox 1571 1253 1770 1300; x_wconf 86' lang='lat' dir='ltr'>legendum</span> <span class='ocrx_word' id='word_1_534' title='bbox 1807 1254 1989 1300; x_wconf 79' lang='lat' dir='ltr'>proponit</span> <span class='ocrx_word' id='word_1_535' title='bbox 2002 1281 2012 1300; x_wconf 85' lang='lat'>,</span> <span class='ocrx_word' id='word_1_536' title='bbox 2051 1253 2225 1288; x_wconf 87' lang='lat' dir='ltr'>dubitans</span> 
     </span>
     <span class='ocr_line' id='line_1_73' title="bbox 1187 1308 2223 1360; baseline 0.001 -16"><span class='ocrx_word' id='word_1_537' title='bbox 1187 1316 1310 1345; x_wconf 87' lang='lat' dir='ltr'>tamen</span> <span class='ocrx_word' id='word_1_538' title='bbox 1336 1323 1343 1345; x_wconf 89' lang='lat'>:</span> <span class='ocrx_word' id='word_1_539' title='bbox 1364 1309 1557 1360; x_wconf 72' lang='grc' dir='ltr'>ὑπάρχουσι</span> <span class='ocrx_word' id='word_1_540' title='bbox 1583 1310 1618 1346; x_wconf 80' lang='grc' dir='ltr'>δὲ</span> <span class='ocrx_word' id='word_1_541' title='bbox 1647 1308 1774 1346; x_wconf 80' lang='grc' dir='ltr'>τούτων</span> <span class='ocrx_word' id='word_1_542' title='bbox 1797 1311 1833 1346; x_wconf 81' lang='grc' dir='ltr'>οὐ</span> <span class='ocrx_word' id='word_1_543' title='bbox 1854 1309 1946 1346; x_wconf 83' lang='grc' dir='ltr'>πάνυ</span> <span class='ocrx_word' id='word_1_544' title='bbox 1972 1311 2031 1346; x_wconf 83' lang='lat' dir='ltr'>vel</span> <span class='ocrx_word' id='word_1_545' title='bbox 2058 1310 2094 1346; x_wconf 75' lang='grc' dir='ltr'>οὗ</span> <span class='ocrx_word' id='word_1_546' title='bbox 2129 1309 2223 1357; x_wconf 85' lang='grc' dir='ltr'>μάλα</span> 
     </span>
     <span class='ocr_line' id='line_1_74' title="bbox 1188 1366 2222 1418; baseline 0.004 -16"><span class='ocrx_word' id='word_1_547' title='bbox 1188 1366 1305 1417; x_wconf 83' lang='grc' dir='ltr'>πόρρω</span> <span class='ocrx_word' id='word_1_548' title='bbox 1319 1370 1378 1403; x_wconf 82' lang='lat' dir='ltr'>vel</span> <span class='ocrx_word' id='word_1_549' title='bbox 1396 1369 1433 1404; x_wconf 85' lang='grc' dir='ltr'>οὐ</span> <span class='ocrx_word' id='word_1_550' title='bbox 1454 1367 1572 1418; x_wconf 88' lang='grc' dir='ltr'>πόρρω</span> <span class='ocrx_word' id='word_1_551' title='bbox 1588 1369 1618 1405; x_wconf 84' lang='grc' dir='ltr'>οἱ</span> <span class='ocrx_word' id='word_1_552' title='bbox 1649 1367 1785 1405; x_wconf 83' lang='grc' dir='ltr'>Δέλλοι.</span> <span class='ocrx_word' id='word_1_553' title='bbox 1822 1370 2006 1417; x_wconf 81' lang='lat' dir='ltr'>Sauppius</span> <span class='ocrx_word' id='word_1_554' title='bbox 2024 1370 2062 1403; x_wconf 89' lang='lat' dir='ltr'>in</span> <span class='ocrx_word' id='word_1_555' title='bbox 2086 1369 2222 1406; x_wconf 77' lang='lat' dir='ltr'>Rhem.</span> 
     </span>
     <span class='ocr_line' id='line_1_75' title="bbox 1187 1424 2225 1478; baseline 0.002 -18"><span class='ocrx_word' id='word_1_556' title='bbox 1187 1427 1289 1463; x_wconf 80' lang='lat' dir='ltr'>Mus.</span> <span class='ocrx_word' id='word_1_557' title='bbox 1314 1425 1427 1474; x_wconf 74' lang='lat'>1845,</span> <span class='ocrx_word' id='word_1_558' title='bbox 1442 1440 1481 1474; x_wconf 89' lang='lat' dir='ltr'>p.</span> <span class='ocrx_word' id='word_1_559' title='bbox 1508 1427 1576 1461; x_wconf 84' lang='lat'>153</span> <span class='ocrx_word' id='word_1_560' title='bbox 1595 1427 1792 1475; x_wconf 79' lang='lat' dir='ltr'>legendum</span> <span class='ocrx_word' id='word_1_561' title='bbox 1806 1428 1930 1474; x_wconf 87' lang='lat' dir='ltr'>potius</span> <span class='ocrx_word' id='word_1_562' title='bbox 1950 1434 2072 1462; x_wconf 87' lang='lat' dir='ltr'>censet</span> <span class='ocrx_word' id='word_1_563' title='bbox 2088 1439 2096 1461; x_wconf 92' lang='lat'>:</span> <span class='ocrx_word' id='word_1_564' title='bbox 2120 1424 2225 1478; x_wconf 78' lang='grc' dir='ltr'>ὑπάρ-</span> 
     </span>
     <span class='ocr_line' id='line_1_76' title="bbox 1186 1482 2219 1536; baseline 0 -16"><span class='ocrx_word' id='word_1_565' title='bbox 1186 1498 1286 1534; x_wconf 76' lang='grc' dir='ltr'>χουσι</span> <span class='ocrx_word' id='word_1_566' title='bbox 1306 1482 1341 1519; x_wconf 82' lang='grc' dir='ltr'>δὲ</span> <span class='ocrx_word' id='word_1_567' title='bbox 1354 1483 1484 1520; x_wconf 84' lang='grc' dir='ltr'>τούτων</span> <span class='ocrx_word' id='word_1_568' title='bbox 1501 1485 1536 1520; x_wconf 76' lang='grc' dir='ltr'>οἱ</span> <span class='ocrx_word' id='word_1_569' title='bbox 1550 1483 1650 1532; x_wconf 88' lang='grc' dir='ltr'>λεγό</span> <span class='ocrx_word' id='word_1_570' title='bbox 1661 1500 1685 1532; x_wconf 87' lang='grc' dir='ltr'>μ</span> <span class='ocrx_word' id='word_1_571' title='bbox 1699 1499 1738 1520; x_wconf 91' lang='grc' dir='ltr'>εν</span> <span class='ocrx_word' id='word_1_572' title='bbox 1751 1499 1785 1521; x_wconf 93' lang='grc' dir='ltr'>οι</span> <span class='ocrx_word' id='word_1_573' title='bbox 1799 1484 1937 1535; x_wconf 72' lang='grc' dir='ltr'>ἀδελφοὶ</span> <span class='ocrx_word' id='word_1_574' title='bbox 1953 1482 1996 1520; x_wconf 77' lang='grc' dir='ltr'>δύ</span> <span class='ocrx_word' id='word_1_575' title='bbox 2010 1499 2026 1521; x_wconf 93' lang='grc' dir='ltr'>ο</span> <span class='ocrx_word' id='word_1_576' title='bbox 2041 1486 2219 1536; x_wconf 62' lang='grc' dir='ltr'>κρατῆρες,</span> 
     </span>
     <span class='ocr_line' id='line_1_77' title="bbox 1187 1543 2223 1591; baseline 0 -13"><span class='ocrx_word' id='word_1_577' title='bbox 1187 1543 1299 1589; x_wconf 88' lang='lat' dir='ltr'>Quod</span> <span class='ocrx_word' id='word_1_578' title='bbox 1313 1556 1401 1578; x_wconf 88' lang='lat' dir='ltr'>num</span> <span class='ocrx_word' id='word_1_579' title='bbox 1416 1556 1501 1579; x_wconf 89' lang='lat' dir='ltr'>cum</span> <span class='ocrx_word' id='word_1_580' title='bbox 1521 1543 1660 1578; x_wconf 86' lang='lat' dir='ltr'>codicis</span> <span class='ocrx_word' id='word_1_581' title='bbox 1674 1545 1787 1579; x_wconf 89' lang='lat' dir='ltr'>literis</span> <span class='ocrx_word' id='word_1_582' title='bbox 1802 1544 2033 1590; x_wconf 80' lang='lat' dir='ltr'>aliquatenus</span> <span class='ocrx_word' id='word_1_583' title='bbox 2047 1545 2223 1591; x_wconf 87' lang='lat' dir='ltr'>componi</span> 
     </span>
     <span class='ocr_line' id='line_1_78' title="bbox 1186 1598 2224 1649; baseline -0.001 -13"><span class='ocrx_word' id='word_1_584' title='bbox 1186 1603 1315 1649; x_wconf 83' lang='lat' dir='ltr'>possit,</span> <span class='ocrx_word' id='word_1_585' title='bbox 1331 1614 1471 1649; x_wconf 86' lang='lat' dir='ltr'>quaero.</span> <span class='ocrx_word' id='word_1_586' title='bbox 1488 1602 1613 1638; x_wconf 84' lang='lat' dir='ltr'>Malim</span> <span class='ocrx_word' id='word_1_587' title='bbox 1627 1614 1637 1637; x_wconf 94' lang='grc'>.·</span> <span class='ocrx_word' id='word_1_588' title='bbox 1653 1598 1782 1636; x_wconf 79' lang='grc' dir='ltr'>τούτων</span> <span class='ocrx_word' id='word_1_589' title='bbox 1793 1602 1859 1636; x_wconf 81' lang='grc' dir='ltr'>τῶν</span> <span class='ocrx_word' id='word_1_590' title='bbox 1872 1599 2054 1648; x_wconf 77' lang='grc' dir='ltr'>δαιμόνων,</span> <span class='ocrx_word' id='word_1_591' title='bbox 2068 1602 2175 1636; x_wconf 85' lang='lat' dir='ltr'>sicuti</span> <span class='ocrx_word' id='word_1_592' title='bbox 2187 1602 2224 1635; x_wconf 87' lang='lat' dir='ltr'>in</span> 
     </span>
     <span class='ocr_line' id='line_1_79' title="bbox 1187 1657 2225 1708; baseline 0 -13"><span class='ocrx_word' id='word_1_593' title='bbox 1187 1660 1261 1695; x_wconf 87' lang='lat' dir='ltr'>fine</span> <span class='ocrx_word' id='word_1_594' title='bbox 1281 1660 1412 1708; x_wconf 84' lang='lat' dir='ltr'><strong>fragm.</strong></span> <span class='ocrx_word' id='word_1_595' title='bbox 1438 1680 1489 1686; x_wconf 81' lang='lat'>——</span> <span class='ocrx_word' id='word_1_596' title='bbox 1507 1658 1589 1695; x_wconf 72' lang='grc' dir='ltr'>’Έτι</span> <span class='ocrx_word' id='word_1_597' title='bbox 1608 1657 1642 1694; x_wconf 80' lang='grc' dir='ltr'>δὲ</span> <span class='ocrx_word' id='word_1_598' title='bbox 1665 1657 1722 1695; x_wconf 83' lang='grc' dir='ltr'>καί</span> <span class='ocrx_word' id='word_1_599' title='bbox 1736 1673 1834 1694; x_wconf 90' lang='grc' dir='ltr'>τινων</span> <span class='ocrx_word' id='word_1_600' title='bbox 1850 1658 2074 1708; x_wconf 80' lang='grc' dir='ltr'>ἐδεσμάτων]</span> <span class='ocrx_word' id='word_1_601' title='bbox 2093 1660 2143 1694; x_wconf 89' lang='lat' dir='ltr'>sic</span> <span class='ocrx_word' id='word_1_602' title='bbox 2160 1672 2225 1695; x_wconf 85' lang='lat' dir='ltr'>ms.</span> 
     </span>
     <span class='ocr_line' id='line_1_80' title="bbox 1188 1715 2226 1765; baseline 0 -12"><span class='ocrx_word' id='word_1_603' title='bbox 1188 1719 1331 1754; x_wconf 83' lang='lat' dir='ltr'>Thuani</span> <span class='ocrx_word' id='word_1_604' title='bbox 1351 1726 1387 1753; x_wconf 89' lang='lat' dir='ltr'>et</span> <span class='ocrx_word' id='word_1_605' title='bbox 1409 1718 1493 1754; x_wconf 90' lang='lat' dir='ltr'>cod.</span> <span class='ocrx_word' id='word_1_606' title='bbox 1517 1719 1690 1761; x_wconf 72' lang='lat' dir='ltr'>Parisin.;</span> <span class='ocrx_word' id='word_1_607' title='bbox 1709 1718 1820 1765; x_wconf 82' lang='lat' dir='ltr'>vulgo</span> <span class='ocrx_word' id='word_1_608' title='bbox 1843 1715 1901 1753; x_wconf 74' lang='grc' dir='ltr'>εέν</span> <span class='ocrx_word' id='word_1_609' title='bbox 1927 1731 1961 1752; x_wconf 89' lang='grc' dir='ltr'>τε</span> <span class='ocrx_word' id='word_1_610' title='bbox 1979 1718 2105 1752; x_wconf 83' lang='grc' dir='ltr'>καινῶν</span> <span class='ocrx_word' id='word_1_611' title='bbox 2130 1717 2226 1753; x_wconf 78' lang='grc' dir='ltr'>ἐνδυ-</span> 
     </span>
     <span class='ocr_line' id='line_1_81' title="bbox 1191 1773 2228 1826; baseline -0.001 -15"><span class='ocrx_word' id='word_1_612' title='bbox 1191 1775 1324 1824; x_wconf 82' lang='grc' dir='ltr'>μάτων,</span> <span class='ocrx_word' id='word_1_613' title='bbox 1342 1776 1443 1811; x_wconf 90' lang='lat' dir='ltr'>unde</span> <span class='ocrx_word' id='word_1_614' title='bbox 1458 1773 1491 1811; x_wconf 82' lang='grc' dir='ltr'>ἔν</span> <span class='ocrx_word' id='word_1_615' title='bbox 1511 1789 1548 1811; x_wconf 90' lang='grc' dir='ltr'>τε</span> <span class='ocrx_word' id='word_1_616' title='bbox 1565 1776 1672 1826; x_wconf 76' lang='grc' dir='ltr'>καινῷ</span> <span class='ocrx_word' id='word_1_617' title='bbox 1690 1773 1852 1823; x_wconf 78' lang='grc' dir='ltr'>ἐνδόματι</span> <span class='ocrx_word' id='word_1_618' title='bbox 1879 1776 2023 1822; x_wconf 80' lang='lat' dir='ltr'>scripsit</span> <span class='ocrx_word' id='word_1_619' title='bbox 2041 1776 2228 1810; x_wconf 81' lang='lat' dir='ltr'>Herman-</span> 
     </span>
     <span class='ocr_line' id='line_1_82' title="bbox 1189 1833 2226 1881; baseline 0.001 -12"><span class='ocrx_word' id='word_1_620' title='bbox 1189 1848 1275 1878; x_wconf 84' lang='lat' dir='ltr'>nus,</span> <span class='ocrx_word' id='word_1_621' title='bbox 1310 1835 1463 1869; x_wconf 84' lang='lat' dir='ltr'>alteram</span> <span class='ocrx_word' id='word_1_622' title='bbox 1497 1835 1689 1869; x_wconf 85' lang='lat' dir='ltr'>lectionem</span> <span class='ocrx_word' id='word_1_623' title='bbox 1722 1842 1857 1881; x_wconf 84' lang='lat' dir='ltr'>putans</span> <span class='ocrx_word' id='word_1_624' title='bbox 1895 1834 1997 1869; x_wconf 85' lang='lat' dir='ltr'>docti</span> <span class='ocrx_word' id='word_1_625' title='bbox 2035 1833 2226 1880; x_wconf 58' lang='lat' dir='ltr'>cujusdam</span> 
     </span>
     <span class='ocr_line' id='line_1_83' title="bbox 1189 1891 2229 1940; baseline 0 -12"><span class='ocrx_word' id='word_1_626' title='bbox 1189 1892 1486 1928; x_wconf 76' lang='lat' dir='ltr'>emendationem</span> <span class='ocrx_word' id='word_1_627' title='bbox 1496 1905 1636 1929; x_wconf 90' lang='lat' dir='ltr'>esse.—</span> <span class='ocrx_word' id='word_1_628' title='bbox 1645 1891 1938 1940; x_wconf 81' lang='grc' dir='ltr'>εἰσελαυνόμενον]</span> <span class='ocrx_word' id='word_1_629' title='bbox 1949 1905 1968 1927; x_wconf 90' lang='lat' dir='ltr'>e</span> <span class='ocrx_word' id='word_1_630' title='bbox 1977 1892 2072 1938; x_wconf 85' lang='lat' dir='ltr'>conj.</span> <span class='ocrx_word' id='word_1_631' title='bbox 2082 1893 2229 1928; x_wconf 88' lang='lat' dir='ltr'>Schnei-</span> 
     </span>
     <span class='ocr_line' id='line_1_84' title="bbox 1191 1943 2227 2001; baseline 0.001 -16"><span class='ocrx_word' id='word_1_632' title='bbox 1191 1951 1346 1996; x_wconf 80' lang='lat' dir='ltr'>dewini3</span> <span class='ocrx_word' id='word_1_633' title='bbox 1359 1951 1473 1986; x_wconf 83' lang='grc' dir='ltr'>ἐλαυν.</span> <span class='ocrx_word' id='word_1_634' title='bbox 1486 1963 1570 1997; x_wconf 83' lang='lat' dir='ltr'>vgo.</span> <span class='ocrx_word' id='word_1_635' title='bbox 1589 1971 1636 1976; x_wconf 78' lang='lat'><em>-</em></span> <span class='ocrx_word' id='word_1_636' title='bbox 1650 1950 1728 2000; x_wconf 82' lang='grc' dir='ltr'>περὶ</span> <span class='ocrx_word' id='word_1_637' title='bbox 1743 1943 1788 1985; x_wconf 64' lang='grc' dir='ltr'>ὧν</span> <span class='ocrx_word' id='word_1_638' title='bbox 1804 1948 1850 1985; x_wconf 81' lang='grc' dir='ltr'>ἂν</span> <span class='ocrx_word' id='word_1_639' title='bbox 1869 1948 2011 1999; x_wconf 77' lang='grc' dir='ltr'>χρῄζω</span> <span class='ocrx_word' id='word_1_640' title='bbox 2023 1963 2043 1985; x_wconf 82' lang='grc' dir='ltr'>σ</span> <span class='ocrx_word' id='word_1_641' title='bbox 2055 1964 2065 1984; x_wconf 94' lang='grc' dir='ltr'>ι</span> <span class='ocrx_word' id='word_1_642' title='bbox 2078 1947 2155 1991; x_wconf 74' lang='grc' dir='ltr'>τοὺς</span> <span class='ocrx_word' id='word_1_643' title='bbox 2166 1948 2227 2001; x_wconf 81' lang='grc' dir='ltr'>ὅρ-</span> 
     </span>
     <span class='ocr_line' id='line_1_85' title="bbox 1191 2007 2219 2057; baseline -0.002 -14"><span class='ocrx_word' id='word_1_644' title='bbox 1191 2008 1289 2057; x_wconf 87' lang='grc' dir='ltr'>κους]</span> <span class='ocrx_word' id='word_1_645' title='bbox 1306 2021 1325 2043; x_wconf 89' lang='lat' dir='ltr'>e</span> <span class='ocrx_word' id='word_1_646' title='bbox 1343 2009 1441 2055; x_wconf 84' lang='lat' dir='ltr'>conj.</span> <span class='ocrx_word' id='word_1_647' title='bbox 1462 2010 1501 2045; x_wconf 88' lang='lat' dir='ltr'>C.</span> <span class='ocrx_word' id='word_1_648' title='bbox 1514 2009 1559 2045; x_wconf 77' lang='lat' dir='ltr'>F.</span> <span class='ocrx_word' id='word_1_649' title='bbox 1575 2009 1778 2043; x_wconf 86' lang='lat' dir='ltr'>Hermanni</span> <span class='ocrx_word' id='word_1_650' title='bbox 1799 2020 1856 2055; x_wconf 84' lang='lat' dir='ltr'>ap.</span> <span class='ocrx_word' id='word_1_651' title='bbox 1882 2007 2112 2044; x_wconf 84' lang='lat' dir='ltr'>Schneidew.</span> <span class='ocrx_word' id='word_1_652' title='bbox 2139 2008 2165 2045; x_wconf 88' lang='lat'>1.</span> <span class='ocrx_word' id='word_1_653' title='bbox 2196 2007 2219 2041; x_wconf 89' lang='lat' dir='ltr'>l.</span> 
     </span>
     <span class='ocr_line' id='line_1_86' title="bbox 1192 2063 2227 2114; baseline 0.001 -13"><span class='ocrx_word' id='word_1_654' title='bbox 1192 2067 1320 2102; x_wconf 88' lang='lat' dir='ltr'>Codex</span> <span class='ocrx_word' id='word_1_655' title='bbox 1346 2068 1458 2102; x_wconf 82' lang='lat' dir='ltr'>Paris.</span> <span class='ocrx_word' id='word_1_656' title='bbox 1479 2068 1621 2114; x_wconf 61' lang='lat' dir='ltr'>praebet</span> <span class='ocrx_word' id='word_1_657' title='bbox 1638 2066 1959 2105; x_wconf 70' lang='lat' dir='ltr'>ANAPHZYOlN</span> <span class='ocrx_word' id='word_1_658' title='bbox 1977 2065 2112 2103; x_wconf 84' lang='grc' dir='ltr'>ΤΟΥΣ</span> <span class='ocrx_word' id='word_1_659' title='bbox 2132 2063 2227 2102; x_wconf 75' lang='lat' dir='ltr'>‘OP-</span> 
     </span>
     <span class='ocr_line' id='line_1_87' title="bbox 1195 2117 2224 2174; baseline 0.001 -14"><span class='ocrx_word' id='word_1_660' title='bbox 1195 2123 1341 2160; x_wconf 77' lang='grc' dir='ltr'><strong>ΚΟΥΣ.</strong></span> <span class='ocrx_word' id='word_1_661' title='bbox 1367 2125 1487 2172; x_wconf 81' lang='lat' dir='ltr'>Vulgo</span> <span class='ocrx_word' id='word_1_662' title='bbox 1523 2138 1531 2159; x_wconf 91' lang='lat'>:</span> <span class='ocrx_word' id='word_1_663' title='bbox 1569 2123 1646 2174; x_wconf 82' lang='grc' dir='ltr'>περὶ</span> <span class='ocrx_word' id='word_1_664' title='bbox 1674 2117 1721 2159; x_wconf 62' lang='grc' dir='ltr'>ὧν</span> <span class='ocrx_word' id='word_1_665' title='bbox 1757 2122 1988 2164; x_wconf 73' lang='grc' dir='ltr'>ἀπαιτήσουσι</span> <span class='ocrx_word' id='word_1_666' title='bbox 2023 2122 2078 2159; x_wconf 80' lang='grc' dir='ltr'>τὸν</span> <span class='ocrx_word' id='word_1_667' title='bbox 2110 2122 2224 2174; x_wconf 80' lang='grc' dir='ltr'>ὅρκον.</span> 
     </span>
     <span class='ocr_line' id='line_1_88' title="bbox 1192 2179 2226 2230; baseline 0.003 -14"><span class='ocrx_word' id='word_1_668' title='bbox 1192 2203 1242 2207; x_wconf 83' lang='grc'><strong>-</strong></span> <span class='ocrx_word' id='word_1_669' title='bbox 1273 2179 1481 2230; x_wconf 80' lang='grc' dir='ltr'>ἐμπεδώσῃ]</span> <span class='ocrx_word' id='word_1_670' title='bbox 1512 2183 1663 2218; x_wconf 87' lang='lat' dir='ltr'>Preller.</span> <span class='ocrx_word' id='word_1_671' title='bbox 1680 2194 1751 2229; x_wconf 87' lang='lat' dir='ltr'>pro</span> <span class='ocrx_word' id='word_1_672' title='bbox 1781 2194 1838 2229; x_wconf 83' lang='lat' dir='ltr'>vg.</span> <span class='ocrx_word' id='word_1_673' title='bbox 1867 2181 2056 2229; x_wconf 82' lang='grc' dir='ltr'>ἐμπεδῶσι.</span> <span class='ocrx_word' id='word_1_674' title='bbox 2088 2202 2136 2211; x_wconf 91' lang='lat'>—-</span> <span class='ocrx_word' id='word_1_675' title='bbox 2167 2185 2226 2219; x_wconf 68' lang='grc' dir='ltr'>τοῦ</span> 
     </span>
     <span class='ocr_line' id='line_1_89' title="bbox 1191 2237 2227 2287; baseline 0.005 -13"><span class='ocrx_word' id='word_1_676' title='bbox 1191 2237 1372 2287; x_wconf 79' lang='grc' dir='ltr'>τεμένους]</span> <span class='ocrx_word' id='word_1_677' title='bbox 1409 2241 1449 2276; x_wconf 92' lang='lat' dir='ltr'>C.</span> <span class='ocrx_word' id='word_1_678' title='bbox 1485 2242 1689 2277; x_wconf 79' lang='lat' dir='ltr'>Hermann.</span> <span class='ocrx_word' id='word_1_679' title='bbox 1717 2253 1761 2276; x_wconf 71' lang='lat' dir='ltr'>ex</span> <span class='ocrx_word' id='word_1_680' title='bbox 1790 2240 1929 2276; x_wconf 85' lang='lat' dir='ltr'>codicis</span> <span class='ocrx_word' id='word_1_681' title='bbox 1958 2241 2070 2277; x_wconf 86' lang='lat' dir='ltr'>literis</span> <span class='ocrx_word' id='word_1_682' title='bbox 2103 2241 2227 2279; x_wconf 85' lang='grc' dir='ltr'>ΤΟΥ-</span> 
     </span>
     <span class='ocr_line' id='line_1_90' title="bbox 1193 2288 2227 2348; baseline 0.001 -14"><span class='ocrx_word' id='word_1_683' title='bbox 1193 2298 1482 2337; x_wconf 76' lang='grc' dir='ltr'><strong>ΡΕΜΕΝΟΥΣ.</strong></span> <span class='ocrx_word' id='word_1_684' title='bbox 1509 2298 1700 2333; x_wconf 88' lang='lat' dir='ltr'>Editiones</span> <span class='ocrx_word' id='word_1_685' title='bbox 1723 2311 1730 2333; x_wconf 92' lang='lat'>:</span> <span class='ocrx_word' id='word_1_686' title='bbox 1762 2296 1838 2339; x_wconf 79' lang='grc' dir='ltr'>τοὺς</span> <span class='ocrx_word' id='word_1_687' title='bbox 1861 2288 2150 2348; x_wconf 80' lang='grc' dir='ltr'>περιγινομένους.</span> <span class='ocrx_word' id='word_1_688' title='bbox 2182 2302 2227 2335; x_wconf 90' lang='lat' dir='ltr'>In</span> 
     </span>
     <span class='ocr_line' id='line_1_91' title="bbox 1194 2348 2228 2407; baseline 0.003 -17"><span class='ocrx_word' id='word_1_689' title='bbox 1194 2363 1334 2392; x_wconf 82' lang='lat' dir='ltr'>antece.</span> <span class='ocrx_word' id='word_1_690' title='bbox 1358 2357 1495 2391; x_wconf 87' lang='lat' dir='ltr'>inserui</span> <span class='ocrx_word' id='word_1_691' title='bbox 1512 2369 1546 2393; x_wconf 84' lang='lat' dir='ltr'>V.</span> <span class='ocrx_word' id='word_1_692' title='bbox 1568 2348 1629 2397; x_wconf 63' lang='grc' dir='ltr'>οἷς.</span> <span class='ocrx_word' id='word_1_693' title='bbox 1649 2358 1722 2391; x_wconf 90' lang='lat' dir='ltr'>Pro</span> <span class='ocrx_word' id='word_1_694' title='bbox 1748 2354 1866 2407; x_wconf 78' lang='grc' dir='ltr'>νεαρὸν</span> <span class='ocrx_word' id='word_1_695' title='bbox 1904 2359 2027 2393; x_wconf 80' lang='lat' dir='ltr'>nescio</span> <span class='ocrx_word' id='word_1_696' title='bbox 2055 2370 2101 2393; x_wconf 88' lang='lat' dir='ltr'>an</span> <span class='ocrx_word' id='word_1_697' title='bbox 2120 2358 2228 2394; x_wconf 86' lang='lat' dir='ltr'>fuerit</span> 
     </span>
     <span class='ocr_line' id='line_1_92' title="bbox 1191 2412 2229 2463; baseline 0.004 -15"><span class='ocrx_word' id='word_1_698' title='bbox 1191 2412 1328 2463; x_wconf 76' lang='grc' dir='ltr'>μιαρόν.</span> <span class='ocrx_word' id='word_1_699' title='bbox 1352 2416 1573 2462; x_wconf 84' lang='lat' dir='ltr'>Corruptam</span> <span class='ocrx_word' id='word_1_700' title='bbox 1594 2428 1661 2450; x_wconf 77' lang='lat' dir='ltr'>esse</span> <span class='ocrx_word' id='word_1_701' title='bbox 1676 2428 1806 2450; x_wconf 83' lang='lat' dir='ltr'>vocem</span> <span class='ocrx_word' id='word_1_702' title='bbox 1825 2417 1932 2450; x_wconf 81' lang='lat' dir='ltr'>etiam</span> <span class='ocrx_word' id='word_1_703' title='bbox 1948 2417 2129 2463; x_wconf 84' lang='lat' dir='ltr'>Sauppius</span> <span class='ocrx_word' id='word_1_704' title='bbox 2143 2430 2229 2452; x_wconf 87' lang='lat' dir='ltr'>cen-</span> 
     </span>
    </p>
   </div>
   <div class='ocr_carea' id='block_1_11' title="bbox 1194 2537 2230 3351">
    <p class='ocr_par' dir='ltr' id='par_1_15' title="bbox 1194 2537 2230 3351">
     <span class='ocr_line' id='line_1_93' title="bbox 1195 2537 2230 2578; baseline 0.004 -9"><span class='ocrx_word' id='word_1_705' title='bbox 1195 2541 1253 2569; x_wconf 87' lang='lat' dir='ltr'>ter.</span> <span class='ocrx_word' id='word_1_706' title='bbox 1272 2541 1363 2578; x_wconf 81' lang='lat' dir='ltr'>Aqua</span> <span class='ocrx_word' id='word_1_707' title='bbox 1381 2538 1506 2569; x_wconf 77' lang='lat' dir='ltr'>turbida</span> <span class='ocrx_word' id='word_1_708' title='bbox 1523 2540 1610 2569; x_wconf 85' lang='lat' dir='ltr'>estet</span> <span class='ocrx_word' id='word_1_709' title='bbox 1619 2538 1723 2569; x_wconf 85' lang='lat' dir='ltr'>colore</span> <span class='ocrx_word' id='word_1_710' title='bbox 1736 2537 1896 2569; x_wconf 85' lang='lat' dir='ltr'>simillima</span> <span class='ocrx_word' id='word_1_711' title='bbox 1909 2539 1978 2571; x_wconf 89' lang='lat' dir='ltr'>luto</span> <span class='ocrx_word' id='word_1_712' title='bbox 1991 2539 2074 2570; x_wconf 80' lang='lat' dir='ltr'>albo.</span> <span class='ocrx_word' id='word_1_713' title='bbox 2091 2540 2230 2573; x_wconf 82' lang='lat' dir='ltr'>Ei&#39;t‘ertur</span> 
     </span>
     <span class='ocr_line' id='line_1_94' title="bbox 1194 2589 2230 2630; baseline 0.001 -10"><span class='ocrx_word' id='word_1_714' title='bbox 1194 2589 1327 2620; x_wconf 71' lang='lat' dir='ltr'>bulliens</span> <span class='ocrx_word' id='word_1_715' title='bbox 1341 2591 1541 2629; x_wconf 65' lang='lat' dir='ltr'>aestuansque</span> <span class='ocrx_word' id='word_1_716' title='bbox 1560 2591 1598 2621; x_wconf 83' lang='lat' dir='ltr'>ad</span> <span class='ocrx_word' id='word_1_717' title='bbox 1621 2591 1722 2622; x_wconf 81' lang='lat' dir='ltr'>instar</span> <span class='ocrx_word' id='word_1_718' title='bbox 1737 2599 1893 2630; x_wconf 85' lang='lat' dir='ltr'>aquarum</span> <span class='ocrx_word' id='word_1_719' title='bbox 1910 2598 1983 2630; x_wconf 79' lang='lat' dir='ltr'>quae</span> <span class='ocrx_word' id='word_1_720' title='bbox 2002 2589 2081 2630; x_wconf 79' lang='lat' dir='ltr'>ignei</span> <span class='ocrx_word' id='word_1_721' title='bbox 2097 2591 2230 2626; x_wconf 77' lang='lat' dir='ltr'>fervoris</span> 
     </span>
     <span class='ocr_line' id='line_1_95' title="bbox 1195 2640 2229 2683; baseline 0.004 -13"><span class='ocrx_word' id='word_1_722' title='bbox 1195 2641 1224 2671; x_wconf 84' lang='lat' dir='ltr'>vi</span> <span class='ocrx_word' id='word_1_723' title='bbox 1236 2640 1424 2671; x_wconf 80' lang='lat' dir='ltr'>subsultant.</span> <span class='ocrx_word' id='word_1_724' title='bbox 1444 2641 1695 2673; x_wconf 76' lang='lat' dir='ltr'>l‘rol&#39;unditatem</span> <span class='ocrx_word' id='word_1_725' title='bbox 1718 2643 1874 2672; x_wconf 77' lang='lat' dir='ltr'>craterum</span> <span class='ocrx_word' id='word_1_726' title='bbox 1891 2641 2077 2671; x_wconf 82' lang='lat' dir='ltr'>immensam</span> <span class='ocrx_word' id='word_1_727' title='bbox 2100 2641 2229 2683; x_wconf 84' lang='lat' dir='ltr'>dicunt,</span> 
     </span>
     <span class='ocr_line' id='line_1_96' title="bbox 1194 2691 2225 2733; baseline 0.004 -12"><span class='ocrx_word' id='word_1_728' title='bbox 1194 2691 1272 2721; x_wconf 73' lang='lat' dir='ltr'>adeo</span> <span class='ocrx_word' id='word_1_729' title='bbox 1287 2691 1424 2723; x_wconf 86' lang='lat' dir='ltr'>utboves</span> <span class='ocrx_word' id='word_1_730' title='bbox 1437 2692 1609 2723; x_wconf 81' lang='lat' dir='ltr'>incidentes</span> <span class='ocrx_word' id='word_1_731' title='bbox 1623 2695 1653 2724; x_wconf 85' lang='lat' dir='ltr'>et</span> <span class='ocrx_word' id='word_1_732' title='bbox 1664 2694 1774 2733; x_wconf 79' lang='lat' dir='ltr'>jugum</span> <span class='ocrx_word' id='word_1_733' title='bbox 1794 2693 1914 2723; x_wconf 78' lang='lat' dir='ltr'>mulare</span> <span class='ocrx_word' id='word_1_734' title='bbox 1928 2691 2079 2723; x_wconf 84' lang='lat' dir='ltr'>invehens</span> <span class='ocrx_word' id='word_1_735' title='bbox 2087 2694 2118 2724; x_wconf 90' lang='lat' dir='ltr'>et</span> <span class='ocrx_word' id='word_1_736' title='bbox 2131 2702 2225 2733; x_wconf 72' lang='lat' dir='ltr'>equae</span> 
     </span>
     <span class='ocr_line' id='line_1_97' title="bbox 1195 2743 2228 2784; baseline 0.003 -11"><span class='ocrx_word' id='word_1_737' title='bbox 1195 2743 1364 2774; x_wconf 84' lang='lat' dir='ltr'>insilientes</span> <span class='ocrx_word' id='word_1_738' title='bbox 1385 2744 1580 2775; x_wconf 82' lang='lat' dir='ltr'>evanuerint.</span> <span class='ocrx_word' id='word_1_739' title='bbox 1595 2745 1832 2776; x_wconf 83' lang='lat' dir='ltr'>sanctissimum</span> <span class='ocrx_word' id='word_1_740' title='bbox 1855 2743 1937 2782; x_wconf 82' lang='lat' dir='ltr'>apud</span> <span class='ocrx_word' id='word_1_741' title='bbox 1948 2752 2001 2776; x_wconf 90' lang='lat' dir='ltr'>eos</span> <span class='ocrx_word' id='word_1_742' title='bbox 2022 2743 2117 2776; x_wconf 84' lang='lat' dir='ltr'>Siculi</span> <span class='ocrx_word' id='word_1_743' title='bbox 2140 2744 2228 2784; x_wconf 87' lang='lat' dir='ltr'>jura-</span> 
     </span>
     <span class='ocr_line' id='line_1_98' title="bbox 1196 2796 2227 2836; baseline 0.002 -10"><span class='ocrx_word' id='word_1_744' title='bbox 1196 2797 1337 2828; x_wconf 83' lang='lat' dir='ltr'>mentum</span> <span class='ocrx_word' id='word_1_745' title='bbox 1361 2798 1522 2836; x_wconf 75' lang='lat' dir='ltr'>praestant.</span> <span class='ocrx_word' id='word_1_746' title='bbox 1550 2799 1721 2836; x_wconf 83' lang='lat' dir='ltr'>Postquam</span> <span class='ocrx_word' id='word_1_747' title='bbox 1751 2796 1912 2836; x_wconf 76' lang='lat' dir='ltr'>provocati</span> <span class='ocrx_word' id='word_1_748' title='bbox 1944 2796 1982 2827; x_wconf 81' lang='lat' dir='ltr'>ad</span> <span class='ocrx_word' id='word_1_749' title='bbox 2004 2796 2227 2836; x_wconf 83' lang='lat' dir='ltr'>jusjurandum</span> 
     </span>
     <span class='ocr_line' id='line_1_99' title="bbox 1195 2848 2226 2889; baseline 0.001 -10"><span class='ocrx_word' id='word_1_750' title='bbox 1195 2848 1317 2880; x_wconf 75' lang='lat' dir='ltr'>lustrali</span> <span class='ocrx_word' id='word_1_751' title='bbox 1335 2852 1425 2889; x_wconf 85' lang='lat' dir='ltr'>sunt,</span> <span class='ocrx_word' id='word_1_752' title='bbox 1446 2850 1465 2880; x_wconf 90' lang='lat' dir='ltr'>ii</span> <span class='ocrx_word' id='word_1_753' title='bbox 1488 2850 1542 2889; x_wconf 86' lang='lat' dir='ltr'>qui</span> <span class='ocrx_word' id='word_1_754' title='bbox 1555 2850 1778 2889; x_wconf 81' lang='lat' dir='ltr'>jusjurandum</span> <span class='ocrx_word' id='word_1_755' title='bbox 1795 2849 1946 2888; x_wconf 83' lang='lat' dir='ltr'>exigunt,</span> <span class='ocrx_word' id='word_1_756' title='bbox 1960 2849 2111 2881; x_wconf 82' lang='lat' dir='ltr'>tabellam</span> <span class='ocrx_word' id='word_1_757' title='bbox 2131 2859 2226 2882; x_wconf 89' lang='lat' dir='ltr'>manu</span> 
     </span>
     <span class='ocr_line' id='line_1_100' title="bbox 1194 2902 2227 2942; baseline 0.001 -10"><span class='ocrx_word' id='word_1_758' title='bbox 1194 2904 1337 2933; x_wconf 81' lang='lat' dir='ltr'>tenentes</span> <span class='ocrx_word' id='word_1_759' title='bbox 1352 2903 1523 2934; x_wconf 77' lang='lat' dir='ltr'>formulam</span> <span class='ocrx_word' id='word_1_760' title='bbox 1538 2903 1724 2934; x_wconf 79' lang='lat' dir='ltr'>sacramenti</span> <span class='ocrx_word' id='word_1_761' title='bbox 1741 2903 1902 2942; x_wconf 72' lang='lat' dir='ltr'>praeeunt,</span> <span class='ocrx_word' id='word_1_762' title='bbox 1923 2902 1966 2933; x_wconf 90' lang='lat' dir='ltr'>illi</span> <span class='ocrx_word' id='word_1_763' title='bbox 1981 2911 2055 2933; x_wconf 79' lang='lat' dir='ltr'>vero</span> <span class='ocrx_word' id='word_1_764' title='bbox 2069 2902 2227 2933; x_wconf 80' lang='lat' dir='ltr'>ramulum</span> 
     </span>
     <span class='ocr_line' id='line_1_101' title="bbox 1195 2952 2228 2993; baseline 0.002 -11"><span class='ocrx_word' id='word_1_765' title='bbox 1195 2953 1370 2992; x_wconf 75' lang='lat' dir='ltr'>vibrantes,</span> <span class='ocrx_word' id='word_1_766' title='bbox 1388 2954 1547 2993; x_wconf 83' lang='lat' dir='ltr'>coronati,</span> <span class='ocrx_word' id='word_1_767' title='bbox 1565 2955 1728 2993; x_wconf 80' lang='lat' dir='ltr'>discincti,</span> <span class='ocrx_word' id='word_1_768' title='bbox 1742 2955 1807 2985; x_wconf 84' lang='lat' dir='ltr'>sola</span> <span class='ocrx_word' id='word_1_769' title='bbox 1820 2953 1927 2984; x_wconf 81' lang='lat' dir='ltr'>tunica</span> <span class='ocrx_word' id='word_1_770' title='bbox 1943 2952 2045 2984; x_wconf 89' lang='lat' dir='ltr'>induti</span> <span class='ocrx_word' id='word_1_771' title='bbox 2058 2954 2228 2985; x_wconf 86' lang='lat' dir='ltr'>craterem-</span> 
     </span>
     <span class='ocr_line' id='line_1_102' title="bbox 1195 3004 2225 3045; baseline 0.003 -12"><span class='ocrx_word' id='word_1_772' title='bbox 1195 3013 1255 3043; x_wconf 81' lang='lat' dir='ltr'>que</span> <span class='ocrx_word' id='word_1_773' title='bbox 1271 3005 1458 3043; x_wconf 76' lang='lat' dir='ltr'>atlingeutes</span> <span class='ocrx_word' id='word_1_774' title='bbox 1473 3007 1615 3045; x_wconf 81' lang='lat' dir='ltr'>suggesta</span> <span class='ocrx_word' id='word_1_775' title='bbox 1628 3005 1725 3036; x_wconf 82' lang='lat' dir='ltr'>verba</span> <span class='ocrx_word' id='word_1_776' title='bbox 1736 3005 1905 3044; x_wconf 85' lang='lat' dir='ltr'>juramenti</span> <span class='ocrx_word' id='word_1_777' title='bbox 1923 3004 2137 3043; x_wconf 85' lang='lat' dir='ltr'>pronuntiant.</span> <span class='ocrx_word' id='word_1_778' title='bbox 2153 3007 2225 3037; x_wconf 81' lang='lat' dir='ltr'>Jam</span> 
     </span>
     <span class='ocr_line' id='line_1_103' title="bbox 1194 3054 2225 3094; baseline 0.003 -10"><span class='ocrx_word' id='word_1_779' title='bbox 1194 3055 1247 3094; x_wconf 88' lang='lat' dir='ltr'>qui</span> <span class='ocrx_word' id='word_1_780' title='bbox 1264 3055 1356 3086; x_wconf 75' lang='lat' dir='ltr'>fidem</span> <span class='ocrx_word' id='word_1_781' title='bbox 1367 3056 1492 3094; x_wconf 80' lang='lat' dir='ltr'>Juratus</span> <span class='ocrx_word' id='word_1_782' title='bbox 1503 3056 1561 3087; x_wconf 86' lang='lat' dir='ltr'>diis</span> <span class='ocrx_word' id='word_1_783' title='bbox 1577 3058 1676 3087; x_wconf 81' lang='lat' dir='ltr'>ratam</span> <span class='ocrx_word' id='word_1_784' title='bbox 1690 3055 1827 3092; x_wconf 84' lang='lat' dir='ltr'>dederit,</span> <span class='ocrx_word' id='word_1_785' title='bbox 1843 3055 1868 3085; x_wconf 89' lang='lat' dir='ltr'>is</span> <span class='ocrx_word' id='word_1_786' title='bbox 1881 3054 2013 3085; x_wconf 87' lang='lat' dir='ltr'>domum</span> <span class='ocrx_word' id='word_1_787' title='bbox 2027 3054 2091 3085; x_wconf 86' lang='lat' dir='ltr'>abit</span> <span class='ocrx_word' id='word_1_788' title='bbox 2105 3055 2225 3087; x_wconf 87' lang='lat' dir='ltr'>incolu-</span> 
     </span>
     <span class='ocr_line' id='line_1_104' title="bbox 1195 3105 2224 3147; baseline 0.002 -11"><span class='ocrx_word' id='word_1_789' title='bbox 1195 3106 1270 3145; x_wconf 88' lang='lat' dir='ltr'>mis;</span> <span class='ocrx_word' id='word_1_790' title='bbox 1285 3106 1338 3146; x_wconf 87' lang='lat' dir='ltr'>qui</span> <span class='ocrx_word' id='word_1_791' title='bbox 1356 3116 1430 3137; x_wconf 80' lang='lat' dir='ltr'>vero</span> <span class='ocrx_word' id='word_1_792' title='bbox 1442 3107 1602 3147; x_wconf 67' lang='lat' dir='ltr'>pejeravit,</span> <span class='ocrx_word' id='word_1_793' title='bbox 1617 3107 1722 3138; x_wconf 82' lang='lat' dir='ltr'>statim</span> <span class='ocrx_word' id='word_1_794' title='bbox 1733 3115 1837 3137; x_wconf 85' lang='lat' dir='ltr'>coram</span> <span class='ocrx_word' id='word_1_795' title='bbox 1855 3105 2061 3145; x_wconf 78' lang='lat' dir='ltr'>praesentibus</span> <span class='ocrx_word' id='word_1_796' title='bbox 2076 3106 2224 3146; x_wconf 78' lang='lat' dir='ltr'>exspirat.</span> 
     </span>
     <span class='ocr_line' id='line_1_105' title="bbox 1196 3156 2223 3198; baseline 0.002 -11"><span class='ocrx_word' id='word_1_797' title='bbox 1196 3159 1274 3193; x_wconf 57' lang='lat' dir='ltr'>Qua».</span> <span class='ocrx_word' id='word_1_798' title='bbox 1296 3168 1393 3198; x_wconf 76' lang='lat' dir='ltr'>(mum</span> <span class='ocrx_word' id='word_1_799' title='bbox 1406 3160 1447 3190; x_wconf 83' lang='lat' dir='ltr'>ita</span> <span class='ocrx_word' id='word_1_800' title='bbox 1464 3159 1531 3190; x_wconf 75' lang='lat' dir='ltr'>[ieri</span> <span class='ocrx_word' id='word_1_801' title='bbox 1549 3160 1681 3198; x_wconf 81' lang='lat' dir='ltr'>soleant,</span> <span class='ocrx_word' id='word_1_802' title='bbox 1697 3158 1834 3198; x_wconf 83' lang='lat' dir='ltr'>juraturi</span> <span class='ocrx_word' id='word_1_803' title='bbox 1854 3157 1948 3188; x_wconf 81' lang='lat' dir='ltr'>vades</span> <span class='ocrx_word' id='word_1_804' title='bbox 1960 3166 1993 3188; x_wconf 85' lang='lat' dir='ltr'>se</span> <span class='ocrx_word' id='word_1_805' title='bbox 2007 3156 2137 3188; x_wconf 83' lang='lat' dir='ltr'>daturos</span> <span class='ocrx_word' id='word_1_806' title='bbox 2151 3167 2223 3198; x_wconf 80' lang='lat' dir='ltr'>pro-</span> 
     </span>
     <span class='ocr_line' id='line_1_106' title="bbox 1196 3208 2222 3250; baseline 0.002 -11"><span class='ocrx_word' id='word_1_807' title='bbox 1196 3209 1325 3240; x_wconf 88' lang='lat' dir='ltr'>mittunt</span> <span class='ocrx_word' id='word_1_808' title='bbox 1336 3210 1562 3250; x_wconf 82' lang='lat' dir='ltr'>sacerdotibus,</span> <span class='ocrx_word' id='word_1_809' title='bbox 1576 3210 1704 3250; x_wconf 81' lang='lat' dir='ltr'>quibus,</span> <span class='ocrx_word' id='word_1_810' title='bbox 1721 3210 1745 3240; x_wconf 89' lang='lat' dir='ltr'>si</span> <span class='ocrx_word' id='word_1_811' title='bbox 1761 3209 1920 3248; x_wconf 81' lang='lat' dir='ltr'>piaculum</span> <span class='ocrx_word' id='word_1_812' title='bbox 1938 3208 2099 3247; x_wconf 82' lang='lat' dir='ltr'>acciderit,</span> <span class='ocrx_word' id='word_1_813' title='bbox 2114 3210 2222 3249; x_wconf 83' lang='lat' dir='ltr'>templi</span> 
     </span>
     <span class='ocr_line' id='line_1_107' title="bbox 1195 3259 2222 3300; baseline 0.002 -10"><span class='ocrx_word' id='word_1_814' title='bbox 1195 3268 1271 3291; x_wconf 74' lang='lat' dir='ltr'>nece</span> <span class='ocrx_word' id='word_1_815' title='bbox 1287 3261 1399 3300; x_wconf 78' lang='lat' dir='ltr'>polluti</span> <span class='ocrx_word' id='word_1_816' title='bbox 1418 3261 1634 3292; x_wconf 84' lang='lat' dir='ltr'>lustrationem</span> <span class='ocrx_word' id='word_1_817' title='bbox 1649 3260 1776 3291; x_wconf 85' lang='lat' dir='ltr'>debent.</span> <span class='ocrx_word' id='word_1_818' title='bbox 1796 3260 1843 3291; x_wconf 76' lang='lat' dir='ltr'>Ad</span> <span class='ocrx_word' id='word_1_819' title='bbox 1861 3260 1945 3290; x_wconf 79' lang='lat' dir='ltr'>bunc</span> <span class='ocrx_word' id='word_1_820' title='bbox 1962 3259 2067 3290; x_wconf 87' lang='lat' dir='ltr'>locum</span> <span class='ocrx_word' id='word_1_821' title='bbox 2087 3260 2222 3292; x_wconf 81' lang='lat' dir='ltr'>Paliceni</span> 
     </span>
     <span class='ocr_line' id='line_1_108' title="bbox 1195 3310 2218 3351; baseline 0.001 -9"><span class='ocrx_word' id='word_1_822' title='bbox 1195 3311 1271 3342; x_wconf 76' lang='lat' dir='ltr'>olim</span> <span class='ocrx_word' id='word_1_823' title='bbox 1282 3313 1500 3351; x_wconf 76' lang='lat' dir='ltr'>cognominem</span> <span class='ocrx_word' id='word_1_824' title='bbox 1512 3312 1709 3343; x_wconf 76' lang='lat' dir='ltr'>daemonibus</span> <span class='ocrx_word' id='word_1_825' title='bbox 1723 3311 1835 3342; x_wconf 78' lang='lat' dir='ltr'>urbem</span> <span class='ocrx_word' id='word_1_826' title='bbox 1851 3310 1974 3342; x_wconf 72' lang='lat' dir='ltr'>l‘aliecn</span> <span class='ocrx_word' id='word_1_827' title='bbox 1989 3310 2218 3343; x_wconf 82' lang='lat' dir='ltr'>inhabitabant.</span> 
     </span>
    </p>
   </div>
  </div>
 </body>
</html>
