2338 3765
942 150 1264 188 FRAGMENTA.

46 244 127 281 πίαν
148 244 205 280 καὶ
227 242 288 287 τὴν
319 243 352 278 ἐν
379 243 451 284 ταῖς
473 240 637 283 ἐντεύξεσι
657 239 831 290 φρόνησιν.
864 237 971 280 Αὐτὸς
999 237 1066 287 μὴν

44 303 179 352 Καῖσαρ
196 299 455 351 εὐλαβούμενος
466 300 495 348 P]
510 299 582 338 *¹⁸2

356 375 527 413 (Λείπουσι
543 374 656 409 σελίδες
670 373 734 403 δύο.
749 373 758 409 )

520 467 599 489 100.

94 547 197 584 XIII.
227 545 284 563 ²⁰¹*
311 545 490 595 [ἀρ]γυροῧ
512 544 601 581 κατὰ
621 544 663 581 τὰ
684 544 811 593 πάτρια
827 572 835 588 ,
861 542 936 579 οὔτε
971 544 1070 590 μεθυ-

43 602 220 652 σκομένοις
260 602 447 643 νεανίσκοις
488 603 646 653 παρεῖναι
660 631 670 651 ,
703 600 779 637 οὔτε
813 599 920 637 πλείω
952 599 1071 650 χρόνον

42 659 222 709 συμποσίῳ
253 659 507 710 παραγενέσθαι
543 660 642 710 ἄχρις
672 660 833 709 ἑσπέρας,
862 657 936 694 οὐδὲ
958 657 1072 704 μέντοι

42 720 186 754 δειπνεῖν
206 718 271 766 πρὸ
296 716 436 761 δεκάτης
461 715 551 767 ὥρας
566 747 574 763 ,
603 717 666 760 ἔξω
690 716 882 765 Καίσαρος,
901 714 922 760 ἢ
945 714 1072 751 Φιλίπ-

41 792 124 821 που,
144 775 165 820 ἢ
186 781 244 814 τοῦ
265 775 438 826 γήμαντος
458 776 560 811 αὐτοῦ
581 776 641 819 τὴν
669 773 817 823 ἀδελφὴν
846 772 1071 823 Μαρκέλλου,

42 833 160 884 ἀνδρὸς
177 832 456 885 σωφρονεστάτου
475 831 532 869 καὶ
548 832 623 868 κατ’
640 831 808 880 εὐγένειαν
826 830 963 882 ἀρίστου
981 829 1074 868 ‘Pm—

43 892 165 939 μαίων.
188 893 281 930 Αἰδῶ
296 890 337 935 δ’,
356 890 396 936 ἣν
418 890 558 940 πρέπειν
578 890 616 941 (ι)
638 889 676 926 ἄν
694 905 743 931 τις
762 891 804 938 τῇ
827 889 938 939 τοιᾷδε
956 887 1073 939 ἡλικία

43 949 227 994 ὑπολοίὸοι,
249 948 303 986 διὰ
320 949 357 985 τὸ
376 954 453 989 ταῖς·
471 948 590 990 ἄλλαις
617 949 753 998 ἀρεταῖς
770 947 802 982 ἐν
825 948 865 995 τῇ
884 944 970 993 μετὰ
990 945 1071 982 ταύ-

42 1023 104 1052 την
124 1008 162 1059 (2)
181 1008 242 1052 τὴν
258 1006 374 1058 χώραν
391 1006 454 1042 ὑπὸ
472 1009 529 1051 τῆς
546 1005 677 1053 φύσεως
695 1004 930 1050 ἀποδεδόσθαι,
948 1005 1074 1054 διαφα-

42 1065 189 1101 νέστατα
209 1065 268 1101 καὶ
301 1065 334 1101 ἐν
365 1063 471 1112 ἔργοις
503 1064 623 1109 ἐδήλου
646 1064 678 1099 ἓν
702 1064 749 1113 τῷ
780 1061 842 1112 βίῳ
862 1060 978 1097 παντί.
1009 1059 1075 1097 Διὰ

44 1126 141 1159 τοῦτο
162 1122 219 1158 καὶ
249 1121 401 1170 μάλιστα
425 1123 562 1171 Καῖσαρ
584 1120 684 1157 αὐτὸν
710 1119 787 1168 περὶ
808 1119 935 1155 πολλοῦ
958 1117 1074 1163 ἐποιή-

44 1195 148 1227 σατο,
165 1181 222 1217 καὶ
236 1182 318 1230 οὐχ,
335 1179 451 1229 ὥσπερ
469 1178 594 1216 οἴονταί
608 1194 708 1224 τινες,
726 1177 780 1213 διὰ
795 1177 832 1213 τὸ
847 1177 941 1225 γένος
958 1176 1072 1225 μόνον.

43 1236 161 1287 ’Ἔγνω
188 1237 248 1287 μὲν
269 1232 325 1274 οὖν
342 1237 400 1274 καὶ
427 1237 589 1288 πρότερον
610 1237 717 1272 παῖδα
745 1234 939 1280 ἀποδεῖξαι,
960 1233 1076 1275 δεδιὼς

45 1295 98 1342 δὲ,
120 1295 167 1345 μὴ
196 1297 307 1332 ἐλπίδι
335 1295 503 1341 τοσαύτης
529 1295 634 1346 τύχης
661 1294 836 1344 ἐπαρθεὶς,
857 1293 873 1330 ὃ
901 1295 990 1344 φιλεῖ
1010 1297 1077 1333 τοῖς

45 1354 254 1402 εὐδαιμόνως
270 1353 488 1405 τρεφομένοις
505 1352 663 1397 ἕπεσθαι,
684 1351 860 1389 ἐκλάθοιτο
878 1353 999 1401 ἀρετῆς
1017 1349 1075 1386 καὶ

45 1412 292 1457 ἐκδιαιτηθείη,
313 1410 499 1462 συνέκρυψε
520 1409 580 1456 τὴν
598 1410 752 1461 γνώμην,
769 1411 801 1446 ἐν
820 1409 854 1446 δὲ
869 1415 943 1451 ταῖς
960 1407 1076 1453 διαθή-

45 1485 120 1512 καις
139 1469 240 1506 αὖτὸν
266 1471 418 1514 υἷοῦται,
454 1468 559 1510 ἄπαις
590 1467 636 1504 ὢν
670 1467 817 1520 ἀρρένων
846 1467 992 1512 παίδων,
1019 1466 1078 1504 καὶ

45 1527 258 1579 κληρονόμον
287 1526 505 1563 ἀποδείκνυσι
531 1529 591 1572 τῆς
620 1526 728 1577 τύχης
754 1526 886 1571 πάσης·
911 1525 1077 1576 τετάρτην

47 1585 80 1621 δὲ
103 1589 226 1634 μοῖραν
244 1586 309 1620 τῶν
325 1584 516 1634 χρημάτων
537 1584 605 1626 τοῖς
622 1584 737 1626 ἄλλοις
755 1582 901 1632 διένειμε
915 1581 1023 1633 φίλοις
1044 1596 1078 1618 τε

46 1641 104 1677 καὶ
122 1643 254 1686 ἀστοῖς,
272 1640 354 1692 ὅπερ
373 1641 511 1692 ὕστερον
533 1641 665 1692 ἐγένετο
686 1642 786 1686 δῆλον
810 1641 866 1689 (3).

100 1700 202 1738 XIV.
223 1699 372 1745 ’Ege-60⁷1
394 1698 429 1736 δὲ
451 1702 677 1751 συγχωρῆσαι
697 1700 790 1749 αὐτῷ
815 1698 909 1748 παρὰ
926 1697 989 1742 τὴν
1011 1713 1077 1745 μη-

47 1756 129 1807 τέρα
149 1758 255 1794 ἐλθεῖν
279 1758 322 1799 εἷς
341 1756 402 1801 τὴν
423 1757 590 1808 πατρίδα,
615 1756 674 1794 καὶ
695 1756 828 1801 δόντος,
860 1755 985 1806 ᾤχετο.
1015 1754 1080 1797 (Ως

48 1815 78 1850 δ’
103 1809 184 1859 ἧκεν
211 1815 275 1864 οὐχ
300 1813 380 1856 ἑκὰς
408 1813 550 1862 ‘Pe-'igme
571 1816 615 1856 εἷς
644 1814 853 1861 Ἰάνουκλον,
888 1812 1079 1858 ὑπήντησεν

49 1874 143 1923 αὐτῷ
167 1871 227 1908 σὺν
248 1873 365 1923 πολλῷ
385 1873 509 1917 πλήθει
535 1871 724 1923 ἀνθρώπων
743 1874 759 1908 ὃ
778 1871 957 1920 λεγόμενος
974 1869 1078 1908 Γαίου

49 1930 189 1982 Μαρίου
219 1935 323 1979 παῖς,
351 1931 551 1974 σπουδάζων
579 1932 624 1973 εἷς
651 1930 688 1967 τὸ
719 1929 812 1980 γένος
847 1931 1079 1980 ἐγγραφῆναι,

48 1987 107 2022 καί
136 2002 230 2029 τινας
261 1993 426 2037 γυναῖκας
455 1987 696 2038 προσειληφὼς
726 1990 794 2024 τῶν
824 1987 1015 2038 Καίσαρος,
1045 1985 1080 2022 αἳ

49 2045 262 2096 ἐμαρτύρουν
294 2047 386 2097 αὐτῷ
421 2046 482 2091 τὴν
513 2045 697 2095 εὐγένειαν.
726 2045 817 2084 Οὔτε
852 2044 919 2094 μὴν
949 2044 1080 2081 Ἀντίαν

50 2101 195 2148 ἔπεισεν,
218 2101 294 2139 οὔτε
320 2103 381 2148 τὴν
409 2103 535 2148 ταύτης
557 2102 705 2154 ἀδελφὴν
724 2103 1006 2154 καταψεύσασθαι
1023 2104 1080 2138 τοῦ

50 2159 211 2210 σφετέρου
232 2159 343 2196 οἴκου·
361 2160 581 2211 προσήπτετο
601 2159 666 2210 γὰρ
687 2160 726 2196 τὸ
745 2161 838 2210 γένος
861 2161 900 2209 (i)
925 2158 962 2196 τὸ
989 2159 1080 2196 Καί-

51 2216 152 2266 σαρός
167 2231 204 2252 τε
226 2217 285 2253 καὶ
309 2216 347 2253 τὸ
368 2217 528 2268 Μαρίου,
546 2219 595 2268 τῷ
619 2233 657 2267 γε
683 2216 749 2267 μὴν
777 2217 943 2268 νεανίσκῳ
965 2216 1081 2267 ἐκείνῳ

51 2271 144 2308 οὐδὲν
171 2276 342 2323 προσῆκον
373 2275 418 2323 (2)
454 2268 510 2319 ἦν.
538 2273 603 2316 t*Oc
628 2274 703 2310 τότε
731 2273 791 2310 σὺν
820 2274 939 2325 πολλῷ
960 2273 1081 2319 πλήθει

51 2330 263 2373 ὑπαντιάσας
291 2331 477 2375 ἐσπούδαζε
503 2332 713 2383 προσλαὸεῒν
744 2332 802 2368 καὶ
830 2331 892 2377 τὴν
921 2334 980 2367 τοῦ
1007 2330 1081 2368 νέου

53 2387 228 2438 Καίσαρος
243 2389 397 2440 γνώμην,
414 2391 459 2433 εἷς
474 2390 536 2435 τὴν
553 2394 611 2427 τοῦ
626 2389 740 2440 γένους
755 2389 941 2441 ἐγγραφήν.
962 2389 1080 2435 Πολλὴ

52 2446 81 2481 δ’
110 2445 242 2495 ἐγένετο
269 2447 399 2492 σπουδὴ
423 2448 481 2484 καὶ
507 2450 573 2485 τῶν
601 2448 767 2485 συνόντων
797 2449 889 2499 αὐτῷ
917 2449 1078 2495 πολιτῶν,

52 2503 261 2552 πειθομένων
279 2499 364 2541 εἶναι
384 2507 492 2542 παῖδα
514 2505 666 2556 Μαρίου.
691 2506 828 2556 Καῖσαρ
848 2509 877 2543 δ’
900 2507 932 2543 ἐν
955 2506 1081 2556 ἀπορίᾳ

53 2561 144 2611 δεινῇ
175 2561 354 2610 γενόμενος
384 2563 540 2608 ἐσκόπει,
571 2562 604 2600 τί
635 2563 702 2613 χρὴ
732 2566 860 2601 ποιεῖν·
890 2564 928 2601 τό
952 2579 989 2600 τε
1016 2563 1081 2614 γὰρ

54 2619 266 2662 ἀσπάζεσθαι
285 2622 329 2662 ὡς
346 2623 509 2670 συγγενῆ,
530 2620 565 2657 ὃν
585 2622 644 2657 οὐκ
660 2621 754 2671 ᾔδει,
778 2622 898 2659 ὁπόθεν
920 2621 993 2667 εἴη,
1013 2622 1082 2658 οὐδ’

53 2680 74 2722 ἡ
94 2677 208 2728 μήτηρ
230 2678 323 2729 αὐτῷ
350 2677 614 2729 συνεμαρτύρει,
632 2678 785 2728 χαλεπὸν
807 2675 866 2725 ἦν,
885 2679 923 2716 τό
948 2695 984 2716 τε
1004 2680 1083 2716 διω-

54 2734 184 2770 θεῖσθαι
211 2734 267 2771 τὸν
294 2735 469 2772 νεανίσκον
499 2736 556 2772 καὶ
582 2736 620 2772 τὸ
647 2735 708 2773 σὺν
738 2737 831 2787 αὐτῷ
859 2738 986 2782 πλῆθος
1016 2739 1083 2772 τῶν

53 2791 213 2837 πολιτῶν,
230 2791 341 2834 ἄλλως
353 2807 388 2828 τε
408 2792 467 2829 καὶ
487 2793 599 2835 αἰδοῦς
619 2792 688 2829 ὄντι
707 2795 835 2845 μεστῷ,
849 2792 979 2838 πολλὴν
999 2794 1083 2830 δυσ-

54 2846 190 2898 χέρειαν
219 2843 322 2898 εἶχεν.
351 2849 590 2900 Ἀποκρίνεται
617 2853 711 2899 γοῦν,
734 2850 848 2900 ἠρέμα
874 2849 1084 2898 διωσάμενος
1112 2856 1117 2896 Ι

96 2954 153 2983 Fr.
176 2956 242 2984 100.
263 2952 340 2984 Cod.
362 2953 520 2991 Tur.fol.
540 2958 614 2993 1633
640 2959 650 2984 1
673 2963 701 2985 r.
719 2973 759 2979 -
781 2958 857 2991 163,
881 2959 920 2984 25
943 2962 1010 2984 vso.

2082 161 2154 192 4:33

1130 239 1242 269 eximia
1255 239 1321 277 ejus
1339 241 1544 271 mansuetudo
1558 243 1652 281 atque
1664 242 1841 272 humandas
1855 242 1883 272 ct
1898 242 1926 272 In
1941 242 2158 280 congressibus

1134 296 1308 334 prudenliss.
1328 299 1422 327 Porro
1441 299 1503 337 ipse
1517 300 1620 329 Cli->ar
1634 308 1756 330 favens
1775 300 1835 330 ***.

1452 376 1457 405 ξ
1472 376 1581 401 Desunt
1600 374 1664 402 dua·
1679 375 1819 410 paginae.)

1608 466 1683 495 too.

1172 551 1256 580 XIII.
1284 551 1334 565 *Η
1361 552 1479 589 argenti
1500 562 1538 581 ex
1565 561 1651 583 more
1675 553 1830 591 majorum
1860 564 1866 583 z
1887 561 1965 583 neve
1983 552 2161 582 adolescen-

1132 613 1201 643 tum
1225 614 1512 652 compotanuibus
1540 614 1720 654 interessst;
1745 624 1784 645 ne
1807 615 1984 645 convivium
2009 613 2162 653 usquead

1132 684 1294 714 vesperam
1309 675 1514 714 produceret;
1529 684 1608 706 neve
1622 678 1694 707 aute
1714 677 1824 707 horam
1839 678 1991 708 decimam
2009 678 2164 714 casnm-01,

1133 737 1191 767 nisi
1218 738 1298 768 sorte
1315 737 1397 776 apud
1425 739 1580 768 Caesarem
1605 740 1660 768 aut
1686 739 1860 777 Philippum
1885 741 1940 770 aut
1963 739 2163 775 Marcellum,

1133 799 1186 838 qui
1204 807 1341 829 sororem
1356 799 1450 838 ipsius
1464 799 1495 829 in
1510 799 1712 829 matrimonio
1727 800 1863 831 babebat
1874 824 1881 838 ‚
1897 801 2001 830 virum
2014 800 2165 830 modestia

1100 871 1103 880 ¹
1133 869 1170 890 ac
1183 860 1345 891 nobiIItate
1359 860 1662 899 prwstantissimum.
1673 862 1743 891 Jam
1754 861 1993 900 verecundiam,
2008 871 2080 901 qnae
2092 862 2165 892 huic

1134 923 1273 953 maxime
1294 923 1381 953 aetati
1396 924 1565 953 convenIre
1586 923 1711 953 videtur
1725 924 1891 962 (quoniam
1909 925 2021 954 natura
2048 925 2166 954 ceteras

1134 984 1269 1014 virtutes
1280 983 1374 1022 nujus
1390 983 1522 1014 asseclas
1534 991 1599 1014 esse
1616 983 1748 1022 voluit),
1764 991 1885 1023 semper
1899 993 1962 1022 prae
1979 992 2011 1014 se
2022 984 2105 1021 tulit,
2125 984 2166 1014 fa-

1136 1044 1256 1083 ctisque
1272 1043 1345 1083 ipsis
1361 1043 1476 1081 coluit,
1491 1043 1595 1082 quoad
1610 1043 1700 1073 vixit.
1717 1045 1758 1073 Iia
1773 1043 1930 1082 praecipue,
1943 1052 2037 1073 causa
2051 1043 2166 1073 Caesari

1135 1104 1282 1142 acceptus
1307 1102 1386 1141 fuit,
1406 1111 1470 1132 non
1495 1101 1536 1132 ob
1560 1101 1678 1132 nudam
1701 1102 1861 1141 sanguinis
1877 1102 2166 1141 propinquitatem,

1137 1162 1172 1192 ut
1195 1161 1323 1201 quidam
1351 1161 1542 1192 existimant.
1559 1164 1602 1192 Ac
1615 1161 1805 1200 jamdudum
1826 1161 1952 1200 quidem
1969 1162 2076 1192 Caesar
2095 1170 2168 1192 eum

1136 1220 1286 1260 adoptare
1316 1220 1508 1251 decreverat.
1537 1219 1597 1251 Sed
1616 1220 1735 1251 veritus
1758 1229 1814 1259 ne,
1840 1229 1893 1260 spe
1911 1222 2007 1251 tautae
2034 1221 2168 1251 fortunae

1137 1280 1257 1319 elatus,
1282 1279 1365 1320 quod
1383 1279 1637 1310 adolescentibus
1656 1281 1689 1310 in
1707 1288 1833 1310 summa
1857 1280 2007 1311 feIicitate
2032 1280 2172 1311 educatis

1138 1348 1196 1370 usu
1214 1339 1321 1370 venire
1335 1339 1431 1378 solet,
1447 1342 1715 1378 corrumperetur,
1733 1347 1814 1370 neve
1831 1338 1870 1369 ab
1888 1338 2032 1369 instituto
2047 1339 2172 1370 virtutis

1138 1399 1264 1430 tramite
1282 1399 1481 1437 deflecteret,
1499 1399 1664 1430 consiIium
1690 1408 1784 1430 suum
1799 1399 1991 1437 occultavit3
2015 1408 2051 1429 ac
2075 1402 2171 1430 testa-

1138 1460 1245 1490 mento
1259 1458 1323 1498 ipse
1336 1459 1484 1489 mascutae
1498 1459 1593 1498 prolis
1606 1467 1718 1498 expers
1735 1467 1808 1489 eum
1825 1458 1856 1489 in
1871 1458 2022 1488 familiam
2042 1467 2173 1489 nomeu-

1138 1527 1200 1559 que
1227 1518 1377 1557 adscivit,
1404 1518 1615 1558 heredemque
1654 1518 1797 1549 omnium
1831 1518 1990 1549 bonorum
2022 1518 2172 1557 instituit,

1138 1579 1312 1618 quadrante
1333 1578 1488 1609 duntaxat
1509 1578 1618 1609 amieis
1640 1568 1683 1608 ac¹
1702 1577 1822 1608 civibus
1841 1578 1952 1608 relicto
1968 1601 1976 1615 ‚
1996 1578 2040 1608 uti
2067 1580 2173 1617 postea

1139 1639 1294 1678 apparuIt.

1180 1702 1265 1730 XIV.
1283 1701 1373 1730 Tunc
1395 1699 1546 1738 temporis
1571 1698 1723 1730 Octavius
1740 1699 1779 1729 ab
1804 1699 1964 1729 avunculo
1983 1699 2089 1738 petiit,
2115 1699 2172 1730 sihi

1140 1758 1174 1788 ut
1188 1757 1325 1788 visendae
1342 1757 1451 1788 matris
1465 1757 1587 1796 copiam
1604 1756 1718 1787 faceret
1734 1766 1740 1787 :
1757 1765 1821 1795 quo
1840 1757 1983 1796 protinus
2007 1757 2173 1796 impetrato

1141 1817 1271 1846 Romam
1286 1816 1444 1854 profectus
1457 1816 1516 1846 est.
1532 1815 1579 1846 Ad
1594 1816 1705 1845 urbem
1719 1823 1817 1854 quum
1831 1816 1911 1845 esset
1925 1814 1956 1845 in
1969 1817 2076 1846 monte
2089 1817 2106 1846 J
2110 1815 2174 1846 ani-

1140 1874 1228 1912 cqu,
1243 1873 1380 1904 occurrit
1403 1874 1430 1904 ei
1449 1873 1552 1905 nescio
1574 1873 1644 1912 quis
1668 1882 1781 1911 magna
1800 1873 1899 1912 plebis
1926 1874 2099 1912 frequentia
2115 1875 2170 1904 sti-

1142 1933 1232 1970 patus
1245 1955 1252 1969 ,
1267 1931 1320 1970 qui
1335 1940 1367 1962 sc
1381 1933 1416 1963 C.
1434 1931 1522 1962 Marii
1541 1931 1641 1961 filium
1662 1931 1797 1968 ferebat,
1814 1939 1945 1970 eamque
1967 1932 1998 1962 in
2019 1931 2168 1962 familiam

1141 1988 1274 2019 adscrIbi
1296 1988 1446 2019 ambibat.
1471 1988 1623 2027 Idemque
1645 1988 1766 2027 aliquot
1785 1989 1945 2019 matronas
1969 1989 2102 2020 Caesaris
2116 1998 2173 2020 ne-

1141 2047 1291 2078 cessarias
1307 2047 1365 2078 sibi
1392 2046 1598 2085 adjunxerat,
1615 2055 1686 2086 quae
1704 2046 1743 2077 de
1760 2046 1823 2077 suis
1841 2046 1998 2077 natalibus
2020 2048 2173 2078 testaren-

1143 2108 1211 2144 tur3
1225 2104 1277 2135 sed
1292 2113 1394 2144 neque
1404 2105 1521 2136 Attiam
1535 2128 1542 2142 ,
1558 2113 1660 2144 neque
1674 2106 1741 2143 ejus
1754 2113 1894 2135 sororem
1906 2104 2053 2135 inducere
2066 2107 2173 2144 potue.-

1143 2165 1212 2201 rat,
1239 2164 1275 2194 ut
1297 2163 1392 2193 decus
1418 2163 1543 2193 familiae
1568 2171 1634 2193 suae
1660 2162 1823 2193 mendacio
1852 2163 2036 2201 proderent;
2060 2164 2175 2202 quippe

1143 2221 1230 2252 Marii
1242 2229 1278 2251 ac
1290 2221 1425 2252 Caesaris
1436 2220 1562 2251 famiIiae
1576 2222 1664 2251 erant
1674 2220 1847 2251 arctissima
1861 2220 2090 2252 necessitudine
2103 2230 2175 2251 eon-

1141 2279 1259 2318 junctae
1272 2302 1280 2317 ,
1295 2278 1410 2322 quibus
1424 2286 1457 2309 se
1473 2278 1598 2316 juvenis
1615 2278 1665 2308 iIIe
1682 2286 1810 2316 prorsus
1826 2278 1946 2308 alienus
1966 2278 2175 2317 impudentis·

1142 2337 1219 2367 sime
1232 2336 1396 2366 inserebat.
1415 2336 1512 2375 Igitur
1526 2336 1578 2366 iIIe
1597 2343 1670 2365 cum
1686 2335 1839 2373 frequenti
1854 2335 1947 2366 turba
1961 2336 2092 2367 Octavio
2107 2337 2175 2366 tum

1143 2394 1269 2424 obviam
1286 2394 1384 2424 factus
1394 2417 1402 2432 ‚
1417 2393 1484 2432 ejus
1497 2402 1624 2432 quoque
1637 2392 1859 2423 auctoritatem
1876 2393 1987 2424 elicere
2004 2393 2042 2424 ad
2056 2394 2176 2433 generis

1143 2452 1190 2483 sui
1209 2451 1480 2482 confirmationem
1497 2451 1644 2482 studebat
1666 2460 1672 2480 :
1695 2460 1752 2481 nec
1772 2452 1894 2482 minore
1915 2451 2020 2481 studio
2032 2460 2105 2482 eum
2127 2461 2175 2483 se-

1143 2510 1216 2540 cuta
1230 2509 1316 2549 pIebs
1328 2508 1483 2547 instabat,
1499 2517 1553 2548 pro
1565 2509 1651 2539 certo
1666 2509 1787 2539 habens
1799 2533 1807 2547 ,
1820 2508 1908 2539 illum
1921 2510 1956 2539 C.
1972 2509 2061 2539 Marii
2077 2510 2176 2540 filium

1144 2576 1221 2598 osse.
1241 2568 1280 2598 At
1296 2567 1447 2597 Octavius
1460 2591 1468 2605 ‚
1489 2565 1565 2605 quid
1583 2566 1642 2597 sibi
1659 2566 1815 2605 agendum
1839 2568 1935 2605 esset,
1952 2566 2090 2597 incertus
2109 2567 2175 2598 liae—

1145 2625 1232 2655 rebat
1250 2624 1356 2654 animo
1372 2634 1379 2654 ;
1398 2632 1472 2654 narn
1489 2625 1520 2654 et
1533 2624 1669 2654 osculari
1684 2633 1756 2654 eum
1771 2624 1930 2655 hominem
1942 2647 1949 2661 ‚
1966 2633 2060 2663 quem
2075 2633 2177 2664 neque,

1145 2683 1208 2722 ipse
1219 2705 1228 2721 ‚
1245 2682 1316 2721 quis
1331 2683 1362 2712 et
1375 2682 1459 2712 unde
1474 2683 1572 2719 esset,
1587 2682 1706 2713 screbat
1716 2706 1723 2720 ,
1737 2690 1839 2721 neque
1856 2683 1955 2713 mater
1971 2682 2176 2721 agnoscebat,

1145 2740 1313 2771 molestum
1330 2739 1517 2778 videbatur;
1538 2748 1578 2770 ex
1591 2740 1649 2770 alia
1667 2742 1755 2779 parte
1767 2740 1915 2777 juvenem
1930 2749 2003 2770 cum
2024 2741 2111 2771 tanta
2133 2741 2175 2770 ci-

1144 2797 1231 2827 vium
1245 2796 1447 2827 multitudIne
1462 2797 1636 2836 aspernari,
1653 2797 1771 2827 bomini
1794 2798 1970 2836 praesertim
1992 2797 2172 2829 verecundo

1144 2855 1212 2886 erat
1236 2854 1466 2894 gravissimum.
1497 2854 1638 2885 Tandem
1666 2854 1846 2893 hujusmodi
1876 2863 2027 2894 responso
2051 2854 2173 2894 placide

96 2999 180 3037 25111.
208 3001 234 3028 1.
254 2998 431 3038 πρέπειν]
449 2999 515 3030 Val.
538 3000 643 3039 πρέπει
658 2999 728 3029 cod.
751 3018 790 3025 -
808 3004 836 3030 2.
855 2999 1014 3039 ταύτην]
1038 3000 1108 3030 VaI.
1128 3001 1224 3028 ταῦτα
1240 2998 1309 3028 cod.
1328 3017 1363 3023 -
1384 3001 1411 3027 3.
1429 2997 1477 3028 Cf.
1493 2998 1622 3029 Sueten.
1638 2999 1719 3029 Caes.
1735 3001 1784 3029 83.

96 3045 179 3075 XIV.
205 3048 230 3075 1.
254 3045 293 3075 τὸ
312 3046 420 3083 γένο,ς
442 3045 504 3084 τὸ]
524 3046 683 3083 Valesius,
703 3046 737 3076 τὸ
751 3047 834 3085 γένος
850 3048 904 3075 τοῦ
921 3046 1004 3084 γένος
1019 3046 1053 3075 τὸ
1070 3044 1139 3075 cod.
1159 3057 1188 3075 «.
1205 3043 1393 3082 Herophilus
1406 3043 1553 3082 equarius
1568 3044 1708 3074 medicus
1726 3046 1763 3074 C.
1780 3044 1913 3075 Marium
1933 3045 2046 3084 septies
2060 3052 2173 3073 consu-

57 3088 118 3119 lem
137 3098 232 3120 avum
247 3090 304 3120 sibi
321 3091 516 3121 vendicando
530 3092 572 3122 Ita
586 3101 617 3122 se,
631 3092 761 3129 extuIit,
776 3093 812 3121 ut
826 3094 1049 3121 veteranorum
1069 3100 1164 3129 quam
1188 3090 1294 3129 plures
1311 3090 1341 3120 et
1358 3089 1518 3128 muncipia
1534 3090 1696 3128 splendida
1709 3090 1903 3129 collegiaque
1917 3090 1980 3121 fere
1993 3090 2099 3121 onmia
2114 3098 2169 3128 pa-

57 3136 184 3166 tronum
207 3144 279 3166 eum
304 3136 501 3174 adoptarent.
525 3137 609 3173 Quin
635 3137 728 3167 etiam
747 3146 845 3176 quum
863 3138 897 3167 C.
915 3138 1031 3175 Caesar,
1057 3138 1114 3167 Cn.
1146 3137 1296 3175 Pompeio
1318 3135 1516 3166 adolescente
1545 3136 1576 3166 in
1602 3137 1750 3175 Hispania
1776 3144 1943 3175 oppresso,
1968 3136 2118 3175 populum
2142 3136 2172 3165 in

60 3181 166 3212 hortos
189 3189 263 3212 suos
287 3181 478 3220 admisisset,
498 3183 641 3221 proximo
666 3183 908 3213 intercolmnnio
928 3190 1017 3221 paene
1045 3182 1109 3220 pari
1129 3183 1234 3213 studio
1253 3182 1438 3221 frequentiae
1457 3182 1612 3213 salutatus
1636 3184 1694 3213 est,
1721 3183 1870 3213 Ceterum
1892 3182 2018 3212 decreto
2042 3182 2173 3212 Caesaris

59 3227 148 3256 extra
164 3227 285 3257 ltaliam
300 3227 472 3266 relegatus,
490 3229 559 3266 post
575 3228 642 3266 ejus
659 3237 768 3259 necem
782 3228 813 3258 in
836 3228 947 3259 urbem
967 3228 1056 3258 rediit
1073 3229 1105 3258 et
1121 3228 1285 3259 consilium
1303 3227 1510 3258 interficiendi
1524 3233 1651 3259 senatus
1665 3228 1745 3266 cepit
1759 3252 1767 3266 ‚
1785 3237 1848 3267 quo
1866 3229 1991 3257 nomine
2007 3226 2172 3256 damnatus

61 3279 79 3301 a
94 3273 202 3304 senatu
220 3272 251 3302 in
269 3280 397 3303 carcere
415 3274 627 3313 strangulatus
645 3274 708 3312 est,
727 3276 761 3304 ut
775 3274 882 3304 scribit
908 3273 1053 3305 VaIerius
1070 3275 1154 3305 Max.
1174 3276 1216 3306 IX
1229 3298 1237 3314 ,
1259 3279 1303 3306 15.
1324 3277 1357 3306 In
1374 3274 1516 3314 Epitome
1529 3276 1564 3306 T.
1582 3275 1659 3306 Livii
1680 3277 1775 3306 CXVI
1798 3275 1828 3304 et
1844 3273 1925 3312 apud
1945 3272 2110 3303 Arriauum
2134 3273 2168 3303 B.

207 3344 390 3365 FRAGMENTA
413 3344 529 3365 IIIS'I‘OII.
551 3344 603 3365 cu.
627 3352 655 3356 ἡ
680 3343 745 3365 vm„
770 3343 814 3363 III.

1959 3350 1991 3372 28
