2289 3728
104 133 150 164 72
796 118 1142 159 EUPHORIONIS
1172 115 1537 157 CHALClDENSIS

100 227 183 249 nem
201 215 357 248 alterum
379 225 471 259 opus
491 211 642 258 Ephoro
659 209 801 254 juniori
824 209 1005 244 tributum
1018 237 1028 255 ‚
1050 208 1133 244 Κο-

101 270 322 322 ρινθιακά,
352 271 488 316 injicit,
516 267 620 314 quod
648 269 767 314 ipsum
797 279 949 314 quoque
978 268 1006 302 si
1034 268 1134 314 quis,

99 330 231 366 eodem
259 335 476 377 argumento
509 326 659 370 ductus,
689 325 926 372 Euphorioni
945 325 1136 360 vindicare

97 390 276 432 voluerit,
310 401 378 435 ego
409 393 508 421 certe
540 398 617 419 non
652 385 896 433 repugnabo3
937 385 1005 419 nisi
1038 384 1136 419 forte

98 448 289 493 utriusque
306 445 433 492 scripti
451 440 635 479 celebrem
654 443 779 487 illum,
799 455 910 490 quem
929 455 1056 477 omnes
1072 454 1138 475 no-

98 506 235 549 vimus,
263 504 458 551 Ephorum
481 508 674 537 auctorem
693 501 800 537 fuisse
825 501 1011 548 conjicias.
1038 517 1052 531 »
1082 502 1136 535 De

98 564 251 611 Ephoro
283 562 360 596 noli
392 561 571 608 cogitare.
601 557 816 610 Κορινθιακά
842 559 1006 606 ejusdem
1035 558 1137 593 haud

98 622 212 656 dubie
226 627 310 655 sunt
325 619 490 654 auctoris
506 618 571 665 qui
593 619 728 654 citatur
743 619 777 655 ἐν
797 620 847 669 τῷ
860 616 949 667 Περὶ
964 615 1136 664 Ἰσθμίων,

97 680 144 714 de
155 679 288 726 quibus
302 679 339 712 in
352 678 440 725 ipsis
452 677 696 713 Corinthiacis
706 678 835 725 egerit.
852 677 1029 712 Similiter
1043 675 1138 710 The-

97 748 174 772 seus
149 733 416 831 2Κορινθιακά
419 742 454 771 et
469 731 561 783 Περὶ
577 732 739 782 Ἰσθμίων
757 735 941 782 scripsisse
957 733 1108 768 dicitur.

215 792 268 829 Υ
279 806 543 842 πομνηματα
561 791 772 842 ἱστορικά
794 793 864 840 (fr.
893 796 911 834 l,
931 791 1053 837 sqq)
1077 803 1137 825 ie-

97 863 181 886 rum
215 851 444 886 mirabilium
475 854 674 888 maximam
703 863 772 897 pai
776 858 846 885 tem
884 851 1032 896 tairago
1046 875 1055 891 ,
1085 848 1137 881 uti

97 909 259 945 videtur.
282 910 349 945 His
365 910 588 956 subjecimus
608 911 813 957 fragmenta
831 909 905 942 libi
909 920 1043 942 otum

151 980 181 1005 3.
215 966 319 1016 Περὶ
341 966 571 1015 Ἰσθμίων.

151 1040 179 1062 4.
211 1027 270 1063 Πε
285 1025 320 1075 pi
343 1041 391 1074 με
405 1026 425 1062 λ
437 1040 486 1062 οπ
498 1028 591 1063 οιϊῶ
603 1041 618 1059 ν
642 1024 916 1073 (μελοποιωνὲ).

344 1136 374 1172 ll
385 1135 459 1172 lil’l
490 1135 592 1171 ΤΩΝ
625 1132 903 1170 ΑΛΕΥΑΔΩΝ.

604 1235 636 1259 1.

109 1335 112 1338 -
153 1310 322 1347 Clemens
342 1311 446 1345 Alex.
470 1310 608 1344 Strom.
630 1309 645 1343 Ι
657 1320 725 1355 p.
748 1307 822 1354 389
841 1306 901 1342 ed.
920 1306 1052 1353 Sylbm
1072 1303 1141 1341 Εὐ·

101 1367 226 1419 φορίυν
245 1366 314 1404 οὲ
300 1382 333 1403 εν
350 1382 398 1403 τω
419 1365 506 1418 Περι
524 1366 598 1403 Ἀλε
585 1365 714 1401 ὐαοῶν
738 1364 828 1413 (vgo
844 1362 1030 1412 Ἀλιάδων)
1051 1360 1141 1399 κατὰ

103 1425 217 1476 Γύγτν
237 1425 338 1462 αὐτον
359 1409 415 1474 (sc
429 1424 486 1461 τὸν
497 1423 682 1475 εΌμηρον)
699 1420 1018 1472 τίθησι-γεγονέναι,
1030 1420 1065 1463 ὃς
1078 1423 1143 1471 βα-

102 1483 249 1521 σιλεύειν
269 1482 396 1535 ἤρξατο
411 1482 477 1520 ἀπὸ
489 1485 549 1528 τ’ἧς
566 1480 869 1525 ὀκτωκαιδεκάτης
884 1479 1143 1529 Ὀλυμπιάδος·

102 1543 136 1580 ὃν
157 1543 217 1580 καί
236 1558 320 1593 φησι
345 1544 480 1593 πρῶτον
498 1539 696 1590 ὠνομάσθαι
725 1538 903 1589 τύραννον.
927 1540 983 1576 Cf.
1014 1540 1142 1575 Ebert.

104 1605 196 1641 Diss.
224 1604 293 1638 Sic.
315 1616 355 1650 p.
384 1602 476 1649 1593
502 1603 657 1649 Hippias
680 1601 724 1635 fr.
751 1612 787 1634 2.

608 1709 642 1734 2,

157 1785 280 1821 Schol.
303 1784 488 1819 Theocrit.
509 1783 615 1827 XVI,
638 1781 684 1823 35}
716 1793 724 1816 τ
755 1778 811 1817 Τὰ
841 1778 876 1815 δὲ
895 1778 974 1828 περὶ
1004 1776 1145 1815 Ἀλεύαν

105 1844 161 1878 τοῦ
181 1840 292 1890 Σίμου
311 1840 415 1887 (libri
432 1839 574 1888 Σιμίου)
597 1837 712 1875 πάντα
734 1837 909 1873 ἀνείλεκτο
931 1838 1037 1885 (libri
1058 1835 1147 1872 ἀνεί-

105 1900 203 1947 λετο)
226 1898 414 1950 Εὐφορίων.
432 1899 486 1935 Cf.
506 1899 657 1934 Boeckh.
677 1897 723 1932 ad
742 1896 894 1932 Pindar.
913 1908 950 1942 p.
974 1895 1061 1932 331.

611 1990 641 2025 3.

160 2091 399 2137 Quinctilium.
426 2091 482 2133 X,
501 2102 538 2132 2,
561 2089 608 2124 de
629 2088 791 2123 carmine
816 2086 1017 2121 Simonidis
1039 2087 1150 2121 Dios-

108 2161 287 2184 carorum
322 2160 395 2195 ope
424 2148 560 2183 servati
591 2158 600 2183 t
631 2148 697 2181 Est
725 2154 850 2180 autem
880 2156 1020 2190 magna
1052 2148 1149 2178 inter

108 2216 271 2242 amtores
299 2197 472 2241 dissensio
501 2206 689 2240 Glaucone
719 2203 883 2249 Carystio
907 2215 956 2236 cm
988 2204 1153 2237 Leocrati

109 2279 158 2300 cm
179 2264 424 2313 Agatharcho
445 2276 496 2298 (m
517 2263 649 2312 Scopoe
666 2265 840 2309 scriptum
860 2265 909 2296 sit
925 2262 967 2295 id
982 2272 1146 2303 carmen,

109 2333 146 2359 et
158 2324 335 2358 Pharsali
347 2321 471 2368 suerit
486 2321 568 2355 lzoec
583 2322 725 2363 domus,
753 2328 791 2354 ut
812 2324 889 2367 ipse
905 2320 1062 2366 quodam
1080 2320 1155 2353 loco

109 2383 319 2428 signficare
338 2381 547 2415 Simonides
564 2380 719 2421 videtur,
737 2386 846 2425 atque
861 2379 1107 2425 Apollodorus
1120 2385 1157 2412 et

444 2491 510 2527 DE
542 2488 811 2527 ALEUADIS.

622 2583 653 2614 1.

156 2648 336 2688 Euphorion
365 2648 395 2678 in
422 2648 501 2678 libro
529 2649 574 2678 De
601 2646 748 2678 Aleuadis
771 2648 947 2677 Homerum
971 2646 1084 2677 vixisse
1113 2645 1157 2676 ait

115 2701 211 2740 Gygis
226 2699 439 2739 temporibus,
454 2699 509 2738 qni
527 2698 668 2738 regnavit
687 2698 760 2729 inde
779 2698 819 2728 ab
836 2697 1022 2737 Olympiade
1041 2696 1158 2727 duode-

117 2752 281 2786 vicesima,
308 2758 467 2790 quemque
492 2751 632 2789 primum
663 2751 832 2789 tyrannum
868 2748 1067 2779 nominatum
1091 2757 1159 2780 osse

117 2802 225 2833 tradit.

162 2912 284 2949 Aleum,
299 2911 384 2942 Simo
402 2910 485 2948 nati,
499 2918 547 2940 res
566 2918 676 2941 omnes
693 2909 841 2949 exposuit
856 2909 1050 2949 Euphorion.

307 2989 665 3029 COMMENTARH
699 2989 969 3026 HISTORlCl.

622 3083 656 3114 4.

164 3143 345 3183 Euphorion
373 3143 588 3174 Chalcidensis
616 3143 646 3173 in
666 3143 911 3173 Commentariis
933 3143 1089 3175 historicis
1113 3144 1158 3175 sic

124 3195 231 3227 scribit
247 3208 253 3225 :
273 3207 286 3220 a
307 3193 397 3233 Apud
415 3196 571 3224 Romanos
593 3194 732 3233 quinque
750 3193 851 3223 minas
870 3194 917 3224 his
933 3194 1082 3234 proponi,
1104 3195 1159 3234 qui

124 3247 182 3279 sibi
199 3248 294 3286 mpnt
310 3246 467 3286 :imputari
482 3246 566 3276 ultro
580 3247 740 3285 patiantur
753 3254 789 3275 ea
804 3246 1000 3285 conditione,
1014 3249 1047 3277 ut
1065 3247 1160 3279 harre.-

125 3301 179 3330 ‹lrs
197 3299 333 3339 ipsorum
360 3299 493 3338 pretium
514 3298 592 3328 illud
616 3298 769 3337 accipiant
798 3311 802 3327 :
830 3297 958 3337 fierique
982 3299 1159 3336 interdum,

1199 206 1458 242 Eratosthenes
1472 213 1506 240 et
1523 202 1727 251 Euphori0‚
1762 215 1811 236 an
1830 203 2041 243 Crannone,
2066 209 2106 236 ut
2124 202 2236 248 Apol-

1199 267 1254 300 las
1271 274 1308 300 et
1328 263 1593 299 Callimachus.

1395 358 1634 396 ΙΣῚῸΡΙΚΑ
1667 354 2043 394 ΥΠΟΜΝΗΜΑΤΑ.

1696 449 1731 486 [ι.

1253 540 1446 574 Athenaeus
1466 540 1578 585 1v,p.
1601 537 1685 581 154,
1699 538 1726 573 C
1743 549 1751 573 :
1769 533 1945 587 Εὐφορίων
1965 532 2000 570 δὲ
2013 535 2030 570 ὁ
2049 531 2243 576 Χαλκιδεὺς

1201 597 1233 632 ἐν
1245 595 1444 646 Ἱστορικοῖς
1458 594 1702 643 ὑπομνήμασιν
1715 592 1803 630 οὕτω
1817 592 1958 644 γράφει·
1972 609 1986 624 α
2003 589 2110 642 Παρὰ
2123 590 2158 629 δὲ
2172 594 2242 633 τοῖς

1200 653 1391 701 Ρωμαίοις
1408 653 1628 703 προτίθεσθαι
1647 651 1748 689 πέντε
1766 667 1851 700 μνας
1870 651 1939 692 τοῖς
1956 650 2138 699 ὑπομένειν
2161 652 2244 700 βου-

1199 710 1355 760 λομένοις
1373 711 1434 755 τὴν
1455 709 1608 762 κεφαλὴν
1630 712 1846 754 ἀποκοπηναι
1868 707 2024 753 πελέκει,
2051 723 2140 744 ωστε
2164 706 2240 751 τους

1201 768 1432 837 κληρονόμους
1452 767 1662 816 κομίσασθαι
1686 767 1723 803 τὸ
1745 760 1863 803 ἆθλον·
1885 765 1944 803 καὶ
1964 765 2131 808 πολλάκις
2154 767 2244 820 ἀπο-

1201 826 1436 878 γραοομένους
1455 825 1609 872 πλείους,
1630 825 1917 874 δικαιολογεῖσθαι
1936 822 2015 860 καθ’
2033 822 2088 860 ὃ
2070 822 2248 860 οικαιότα-

1201 885 1256 927 τός
1270 886 1360 921 ἐστιν
1374 883 1517 926 ἕκαστος
1529 884 1628 926 αὐτὸς
1641 885 2001 931 ἀποτυμπανισθηναι.
2011 899 2026 915 »
2043 898 2056 914 a
2072 883 2126 918 Ex
2136 883 2246 918 Athe-

1205 958 1286 979 naeo
1311 944 1472 992 profecit
1501 944 1711 978 Eustathius
1741 942 1788 978 ad
1811 942 1941 989 Odys&
1970 954 2010 989 p.
2045 940 2156 987 1837.
2189 941 2245 977 Cf.

1208 1003 1365 1046 Roherti
1384 1003 1470 1037 Titii
1488 1004 1626 1038 Assert.
1645 1002 1691 1049 V,
1718 1005 1778 1044 14,
1797 1013 1832 1047 p.
1860 1012 1945 1036 120.
1970 1017 1984 1030 »
2009 1000 2174 1036 Meinek.

1711 1088 1746 1124 5.

1264 1179 1368 1214 Idem
1394 1180 1475 1222 XV,
1490 1191 1530 1225 p.
1556 1189 1644 1224 700,
1665 1178 1699 1212 D
1719 1189 1727 1210 z
1749 1173 1929 1226 Εὐφορίων
1950 1174 1980 1211 δ’
1999 1174 2033 1210 ἐν
2054 1172 2253 1226 ’ἱστορικοῖς

1206 1238 1437 1285 υπομνημασι
1457 1233 1633 1272 Διονύσιόν
1654 1248 1738 1285 φησι
1757 1248 1814 1270 τον
1831 1231 1993 1282 νεώτερον
2012 1231 2173 1275 Σικελίας
2191 1232 2252 1269 τύ-

1208 1309 1328 1347 ραννον
1348 1292 1575 1345 Ταραντίνοις
1612 1293 1658 1334 εἰς
1683 1307 1721 1328 το
1748 1291 1963 1342 Πρυτανεῖον
1984 1292 2159 1328 ἀναθεῖναι
2189 1292 2251 1328 λυ·

1209 1354 1321 1404 χνεῖον
1341 1352 1528 1401 δυνάμενον
1550 1350 1660 1389 καίειν
1679 1349 1861 1392 τοσούτους
1883 1346 2080 1400 λύχνους,”
2060 1363 2135 1391 οσος
2152 1351 2169 1386 ὁ
2184 1351 2252 1386 τῶν

1207 1413 1348 1463 ἧμερων
1369 1426 1461 1448 εστιν
1485 1408 1626 1460 ἆριθμος
1648 1411 1693 1451 εἰς
1711 1423 1768 1445 τον
1796 1407 1964 1447 ἐνιαυτόν.
1988 1409 2043 1445 Cf.
2066 1409 2245 1457 Polycriti

1206 1470 1365 1506 Mendaei
1379 1470 1425 1507 fr.
1452 1482 1486 1514 7.

1263 1622 1428 1658 AElianus
1451 1622 1500 1657 H.
1524 1622 1568 1656 A.
1592 1620 1712 1663 XVII,
1745 1620 1793 1655 28
1817 1631 1825 1655 z
1859 1617 2040 1670 Εὐφορίων
2075 1616 2110 1654 δὲ
2133 1618 2167 1655 ἐν
2186 1623 2255 1660 τοῖς

1213 1677 1465 1728 Ἱ’πομνήμασι
1490 1678 1582 1727 λέγει
1613 1675 1675 1721 τὴν
1700 1675 1819 1724 Σάμον
1851 1677 1884 1712 ἐν
1914 1681 1984 1718 τοῖς
2008 1674 2256 1717 παλαιοτάτοις

1211 1751 1271 1774 του
1291 1735 1414 1787 χρόνου
1435 1733 1580 1805 ἒρημην,
1598 1733 1755 1784 γενέσθαι
1774 1749 1809 1770 τε
1832 1735 1866 1771 ἐν
1885 1735 1971 1784 αὐτῇ
1992 1733 2123 1784 θηρία
2118 1749 2160 1771 υιε
2162 1733 2238 1783 (έθε
2243 1749 2253 1770 ι

1211 1794 1273 1844 μὲν
1303 1810 1344 1843 με
1336 1793 1470 1842 ’γιστα
1497 1792 1600 1844 ὀίγρια
1635 1791 1669 1829 δὲ
1703 1807 1763 1828 και
1790 1791 2034 1851 προσ-πελάσαι
2062 1807 2110 1844 τῳ
2138 1791 2254 1837 δεινὰ,

1210 1853 1390 1889 καλεῖσθαι
1412 1849 1446 1888 ’δὲ
1465 1866 1533 1899 μτν
1564 1849 1711 1896 νηάδας,
1736 1848 1825 1900 ἅπερ
1845 1865 1903 1886 ουν
1931 1849 1990 1886 καὶ
2012 1848 2098 1900 μόνῃ
2116 1852 2159 1901 τῇ
2187 1852 2251 1902 βοῇ

1214 1910 1376 1962 ῥηγνύναι
1395 1909 1454 1956 τὴν
1472 1912 1549 1960 γῆν.
1571 1908 1770 1960 Παροιμίαν
1787 1911 1845 1945 οὖν
1862 1909 1895 1945 ἐν
1909 1910 1952 1959 τῇ
1972 1908 2086 1960 Σάμω
2106 1909 2256 1961 διαρρειν

1212 1968 1273 2015 τὴν
1293 1968 1484 2019 λέγουσαν·
1507 1969 1634 2011 Μεῖζον
1667 1970 1733 2019 βοᾷ
1752 1969 1819 2004 τῶν
1839 1966 1989 2012 νηοίδων.
2013 1965 2123 2003 Ὀστᾶ
2146 1966 2180 2004 δὲ
2201 1966 2254 2004 ἔτι

1212 2027 1270 2065 καὶ
1293 2030 1350 2063 νῦν
1381 2027 1494 2064 αὐτῶν
1514 2025 1715 2063 ’δείκνυσθαι
1736 2024 1872 2075 μεγάλα
1894 2027 1911 2062 ὃ
1941 2024 2042 2068 αὐτός
2069 2039 2165 2076 φησι.
2198 2027 2255 2063 Cf.

1214 2088 1399 2135 Eugeonis
1412 2086 1458 2123 fr.
1495 2099 1525 2129 1,
1546 2094 1638 2122 tom.
1661 2087 1718 2129 ΙΙ,
1740 2098 1778 2133 p.
1802 2085 1858 2120 16.

1266 2147 1321 2180 Ex
1349 2145 1482 2180 iisdem
1506 2141 1759 2192 Ἱ“πομνήμασι
1789 2142 1966 2178 fluxerint
1986 2155 2069 2190 quae
2094 2144 2260 2179 AElianus

1214 2204 1239 2238 l.
1259 2204 1284 2237 l.
1309 2203 1399 2246 VII,
1421 2203 1469 2244 43
1495 2214 1540 2237 ex
1565 2202 1809 2248 Euphorione
1835 2208 1961 2236 narrat
1987 2201 2034 2236 de
2062 2202 2166 2236 cultu
2194 2202 2259 2237 Sa—

1216 2261 1293 2295 mio
1324 2258 1489 2296 Διονύσου
1523 2256 1709 2308 κεχηνότος
1747 2259 1813 2306 (fr.
1851 2271 1921 2294 122
1959 2259 2019 2294 ed.
2050 2259 2254 2307 Meinek.).

1216 2321 1339 2354 Locus
1371 2319 1507 2354 AEliani
1534 2319 1857 2364 corruptissimus,
1885 2329 1954 2352 nec
1977 2318 2055 2352 sine
2082 2317 2258 2353 codicum

1218 2378 1357 2412 auxilio
1385 2376 1582 2412 sanandus.
1624 2376 1788 2411 Uberius
1818 2375 1975 2411 eandem
1997 2388 2077 2411 rem
2103 2378 2259 2423 exponit

1217 2487 1268 2524 ut,
1292 2493 1392 2525 quum
1413 2485 1519 2524 plures
1540 2493 1656 2515 nomen
1680 2493 1773 2515 suum
1799 2484 1862 2515 sint
1889 2484 2038 2523 professi,
2066 2484 2166 2515 veluti
2185 2486 2257 2523 jure

1216 2537 1392 2576 disceptent
1414 2536 1456 2567 illi
1483 2536 1564 2566 inter
1590 2544 1640 2573 se,
1670 2543 1866 2574 unoquoque
1891 2535 2102 2566 contendente
2127 2544 2258 2575 aequnm

1216 2597 1298 2626 csse,
1312 2589 1348 2618 ut
1365 2587 1430 2627 ipse
1446 2595 1511 2627 proe
1527 2586 1638 2618 ceteris
1651 2586 1805 2626 supplicio
1818 2585 1988 2618 afficiatur.
2005 2597 2021 2612 »

1717 2642 1751 2673 5.

1259 2698 1440 2737 Euphorion
1459 2697 1488 2727 in
1508 2696 1752 2728 Commentariis
1772 2695 1930 2726 historicis
1942 2695 1985 2725 ait
1999 2694 2159 2734 juniorem
2179 2696 2258 2727 Dio-

1217 2750 1342 2789 nysium
1354 2774 1362 2788 ,
1378 2749 1490 2780 Siciliae
1507 2750 1698 2788 tyrannum,
1717 2747 1896 2779 Tarentinis
1915 2747 1946 2778 in
1964 2749 2150 2786 prytaneum
2168 2748 2259 2780 dedi-

1218 2810 1303 2832 casse
1316 2800 1542 2831 candelabrum
1553 2823 1561 2837 ‚
1575 2799 1606 2830 in
1620 2808 1684 2839 quo
1696 2800 1744 2830 tot
1755 2799 1864 2830 ardere
1878 2800 2004 2838 possent
2017 2798 2171 2838 lucernae,
2180 2802 2259 2840 quot

1217 2862 1350 2884 numero
1363 2852 1429 2883 dics
1444 2853 1519 2883 sunt
1531 2851 1629 2882 totius
1640 2850 1724 2882 anni.

1261 2962 1443 3002 Euphorion
1467 2962 1497 2992 in
1527 2960 1772 2992 Commentariis
1793 2960 1945 2999 scriptum
1975 2960 2104 3000 reliquit
2128 2962 2258 2992 Samum

1218 3023 1318 3054 quum
1333 3014 1408 3044 olim
1430 3013 1675 3043 desertissimum
1692 3012 1803 3050 fuisse,
1820 3012 1888 3041 tum
1903 3011 1933 3041 in
1947 3019 1983 3041 ea
1999 3010 2114 3042 bestias
2137 3012 2216 3043 seras
2229 3015 2262 3044 rt

1219 3066 1347 3096 infestas
1359 3064 1460 3095 obviis
1473 3063 1611 3094 maxima
1627 3061 1841 3101 magnitudine
1852 3086 1861 3100 ‚
1878 3061 2008 3092 nomine
2020 3061 2141 3093 Neades
2154 3062 2259 3099 fuisse,

1219 3126 1355 3158 quarum
1372 3117 1438 3147 sola
1456 3124 1533 3147 voce
1548 3117 1634 3146 terra
1647 3115 1837 3153 (liscederot3
1851 3113 1988 3152 indeque
2001 3114 2179 3152 protectum
2193 3123 2261 3147 esse

1220 3170 1248 3200 id
1269 3168 1472 3209 proverbium
1487 3166 1572 3207 quod
1595 3168 1687 3206 vulgo
1710 3165 1807 3198 Samii
1828 3164 1972 3196 dicunt:
1997 3166 2106 3203 Maqe's
2130 3166 2262 3198 clama!

1220 3229 1324 3260 quom
1336 3218 1475 3251 nendos.
1495 3218 1753 3258 Idemquoiesert
1766 3225 1834 3247 ossa
1851 3224 1959 3247 earum
1982 3215 2120 3247 maxima
2138 3217 2184 3251 iel
2203 3226 2279 3257 sua,

1221 3272 1316 3310 ipsius
1328 3271 1423 3302 aetate
1438 3269 1601 3301 exstitisse.
