2338 3765
954 190 1278 230 FRAGMENTA.
2107 210 2139 241 'J‘

55 276 271 327 ναυμαχίαν·
290 290 347 312 και
365 276 483 312 νικῶσι
498 290 572 317 τους
584 274 735 317 Ἰταλους
750 289 807 310 και
824 273 883 316 τὰς
898 276 1084 333 φορτηγοὺς

55 333 111 372 ἔπι
130 350 178 370 τω
200 349 292 385 σφων
321 335 544 383 ἀφαιροῦνται
565 331 689 382 κέρδει.
715 333 756 381 (4)
781 331 1004 382 ΕπήρΟησαν
1028 336 1083 368 οὐν

54 394 83 429 οἷ
112 392 190 442 περὶ
212 390 416 441 Κλεοχάρην
440 406 488 448 τω
510 389 771 440 κατορθώματι,
797 405 854 426 και
877 390 1083 441 τυραννικώ-

53 464 148 501 τερον
169 449 219 486 ἔτι
244 465 304 494 της
329 448 459 489 πόλεως
478 451 599 498 ἦρχον,
623 447 742 499 φόνους
767 463 802 484 τε
833 447 990 498 ἀκρίτους
1015 464 1082 484 των

54 508 201 543 πολιτων
220 510 394 547 ποιοῦντες
420 504 478 541 καὶ
503 505 546 541 τὰ
570 505 658 542 ἄλλα
678 508 719 556 τῇ
746 504 899 554 ὠμότητι
921 505 1083 555 ἀποχρώ-

55 580 163 614 μενοι.
188 565 227 613 (5)
248 564 405 613 Ἐγένετο
426 561 459 599 δε
480 563 538 599 καὶ
556 563 674 605 στάσις
692 579 774 614 προς
788 563 958 608 ἀλλήλους
982 565 1084 601 Meo-

471 636 518 657 Th)
540 620 601 669 μὲν
621 620 685 672 γὰρ
703 636 828 670 ηρέσκε
850 622 1082 672 Οῑαχαρῒερειν

718 675 885 716 Σινωπεῖς
914 675 1048 724 ἀναιρεῖ
1049 689 1080 721 ν,

53 621 152 672 χάρει
182 621 240 658 καὶ
260 621 442 671 Σελεύκῳ·

52 676 101 724 τῷ
126 673 286 725 πολέμῳ,
307 673 468 723 Σελεύκω
497 659 532 710 δὲ
553 673 684 715 πάντας

49 730 111 775 ,καὶ
134 730 324 779 ιΡωμαίοις
355 730 411 767 ἐπὶ
441 711 582 780 δωρεαῖς
610 730 776 779 μεγάλαις
795 746 988 782 παρασχειν
1021 731 1082 775 τὴν

52 789 165 828 πόλιν.
202 789 301 835 Πλὴν
322 788 465 838 οὐδεμία
482 791 549 826 τῶν
568 791 714 838 γνωμῶν
736 789 846 841 κρίσιν
868 788 967 840 ἔσχε,
986 789 1027 826 τὰ
1048 789 1082 826 δὲ

54 846 254 898 ὑπαρχοντα
267 848 437 897 λαθραίως
456 846 556 882 ναυσὶ
575 845 798 897 στρογγύλαις
805 846 985 919 ἐνθέμενοι
1002 847 1083 897 πρὸς

54 904 227 955 Μαχάρην
245 905 301 941 τὸν
331 903 543 955 Μιθριδάτου
575 904 660 953 υιὸν,
683 903 717 946 ὃς
737 906 813 941 κατ’
834 905 942 940 εκεῗνο
963 919 1081 955 καιρου

53 965 108 1008 ἠν,
128 978 204 1013 περι
224 962 285 1008 τὴν
308 962 494 1012 Κολχίδαε
482 961 686 1010 ἐξέπεμπον.

103 1022 202 1059 LIV.
224 1020 284 1058 ’Ev
301 1018 411 1057 τούτω
429 1020 462 1057 δὲ
483 1019 676 1061 Λεύκολλος
693 1021 710 1055 ὃ
730 1021 797 1055 τῶν
816 1017 1003 1067 Ῥωμαίων
1023 1019 1082 1053 αὖ·

51 1078 228 1130 τοκράτωρ
249 1078 476 1128 παραγίνεται
492 1081 534 1128 τῇ
549 1077 646 1114 πόλει
664 1077 722 1114 καὶ
740 1079 910 1128 κραταιῶς
929 1075 1083 1127 ἐπολιόρ-

51 1151 117 1173 κει.
140 1135 395 1187 Ἐπρεσὲεύετο
423 1135 457 1173 δὲ
476 1136 534 1173 καὶ
556 1135 730 1186 Μαχάρης
750 1138 767 1172 ὁ
786 1138 844 1171 τοῦ
871 1133 1082 1186 Μιθριδάτου

52 1192 131 1244 πρὸς
154 1193 346 1231 Λεύκολλον
363 1193 443 1244 περὶ
463 1193 577 1245 φιλίας
597 1208 633 1230 τε
654 1192 712 1229 καὶ
729 1192 943 1243 συμμαχίας.
982 1191 1025 1229 ‘O
1046 1191 1080 1228 δὲ

51 1250 206 1299 ἀσμένως
226 1250 378 1302 ἐδέχετο,
399 1249 505 1288 εἰπὼν
527 1250 686 1301 βεὸαίους
703 1252 830 1298 νομιεῖν
851 1248 910 1291 τὰς
934 1248 1080 1298 συμὸά-

52 1323 137 1354 σεις,
169 1310 198 1345 εἰ
233 1307 279 1357 μὴ
300 1308 358 1346 καὶ
388 1315 457 1351 τοῖς
487 1310 700 1346 Σινωπεῦσιν
721 1307 848 1358 ἀγορὰν
879 1307 1079 1357 διαπέμποι.

51 1366 92 1404 Ὁ
114 1365 147 1402 δὲ
171 1367 208 1402 οὐ
231 1366 331 1416 μόνον
354 1366 392 1403 τὸ
411 1366 634 1415 κελευόμενον
656 1365 836 1417 ἔπραττεν,
865 1364 953 1403 ἀλλὰ
975 1364 1033 1402 καὶ
1061 1365 1082 1402 ἃ

50 1423 310 1476 παρεσκεύαστο
325 1424 474 1474 πέμπειν
489 1427 559 1466 τοῖς
577 1424 846 1475 Μιθριδατείοις,
866 1422 1082 1466 ἐξαπέστειλε

51 1482 248 1533 Λευκόλλῳ.
309 1483 349 1532 (2)
379 1486 501 1521 Ταῦτα
522 1485 552 1519 οἱ
577 1483 654 1531 περὶ
682 1481 888 1533 Κλεοχάρην
909 1481 1079 1531 θεασάμε-

50 1555 101 1577 νοι
113 1570 122 1587 ,
140 1539 198 1577 καὶ
216 1539 329 1577 τέλεον
351 1540 570 1591 ἀπογνόντες,
584 1541 732 1577 πλοῦτον
751 1539 857 1576 πολὺν
872 1542 946 1582 ταῖς
963 1539 1080 1576 ναυσὶν

51 1598 240 1647 ἐνθέμενοι,
262 1599 321 1635 καὶ
338 1598 400 1644 τὴν
431 1599 532 1636 πόλιν
557 1598 749 1649 διαρπάσαι
769 1603 837 1640 τοῖς
858 1597 1082 1648 στρατιώταις

50 1654 182 1706 ἐφέντες
194 1656 207 1706 (
219 1655 282 1692 ὑπὸ
295 1655 400 1693 νύκτα
414 1656 567 1694 δὲταῦτα
583 1656 791 1707 ἐπράττετο)
809 1654 864 1692 διὰ
878 1658 944 1692 τῶν
954 1655 1080 1691 πλοίων

50 1713 189 1765 ἔφευγον
218 1715 262 1756 εἷς
279 1713 321 1750 τὰ
341 1714 492 1766 ἓσώτερα
514 1719 572 1752 τοῦ
602 1714 737 1753 Πόντου
761 1713 946 1763 (Σάνηγας
969 1712 1002 1749 δὲ
1024 1712 1082 1749 καὶ

50 1770 182 1815 Λαζοὺς
199 1771 354 1814 ἐποίκους
375 1766 468 1822 εἶχον
487 1772 530 1809 τὰ
549 1771 662 1823 χωρία
677 1773 707 1822 ),
723 1777 796 1814 ταῖς
810 1770 1083 1823 ὑπολειφθείσαις

49 1831 116 1865 τῶν
137 1831 220 1865 νεῶν
245 1832 313 1880 πῦρ
332 1829 471 1872 ἐνέντες.
530 1832 572 1879 (3)
591 1830 784 1880 Αἷρομένης
805 1829 839 1866 δὲ
859 1832 919 1874 τῆς
938 1828 1080 1881 φλογός,

48 1886 171 1938 ᾔσθετο
203 1886 398 1930 Λεύκολλος
425 1891 482 1924 τοῦ
514 1887 633 1938 ἔργου,
660 1887 718 1924 καὶ
747 1887 920 1936 κλίμακας
951 1886 1082 1923 κελεύει

49 1944 233 1996 προσάγειν
250 1948 298 1996 τῷ
322 1945 441 1996 τείχει,
457 1948 502 1983 Οἱ
521 1946 554 1982 δὲ
570 1944 806 1995 ὑπερέὸαινον·
824 1945 883 1983 καὶ
904 1947 1024 1997 φθόρος
1040 1939 1079 1991 ἦν

50 2003 125 2040 κατ’
147 2003 255 2054 ἀρχὰς
282 2004 343 2040 οὐκ
363 2004 473 2052 ὀλίγος
489 2019 497 2026 ·
522 2003 611 2040 ἀλλὰ
631 2003 669 2040 τὸ
690 2003 796 2046 πάθος
819 2003 1011 2045 Λεύκολλος
1031 2005 1080 2039 οἷ-

50 2060 206 2112 κτείρας,
224 2060 286 2107 τὴν
308 2061 444 2113 σφαγὴν
463 2062 621 2112 ἐπέσχεν.
646 2061 749 2099 Οὕτω
771 2061 832 2111 μὲν
852 2056 908 2099 οὖν
927 2061 1002 2107 ἥλω
1022 2061 1080 2097 καὶ

48 2122 70 2164 ἡ
91 2119 234 2164 Σινώπη
249 2134 257 2141 ·
285 2119 335 2156 ἔτι
360 2118 394 2156 δὲ
414 2122 434 2165 ἡ
459 2119 624 2168 Ἀμάσεια
644 2121 811 2169 ἀντεῖχεν,
835 2119 924 2156 ἀλλὰ
946 2121 1020 2168 μετ’
1042 2120 1079 2155 οὐ

50 2175 136 2213 πολὺ
158 2175 216 2212 καὶ
236 2176 322 2221 αὐτὴ
342 2176 590 2227 προσεχώρησε
609 2175 809 2225 ζΡωμαίοις.

108 2235 187 2272 LV.
218 2234 430 2285 Μιθριδάτης
452 2234 486 2272 δὲ
521 2235 672 2272 ἐνιαυτὸν
706 2234 763 2271 καὶ
796 2237 905 2283 μῆνας
931 2237 1020 2273 ὀκτὼ
1046 2239 1079 2274 ἐν

49 2294 118 2334 τοῖς
139 2291 256 2343 με’ρεσι
293 2296 353 2338 τῆς
391 2293 567 2345 Ἀρμενίας
593 2293 788 2343 διατρίὸων,
809 2292 904 2329 οὔπω
932 2296 977 2336 εἰς
1005 2295 1079 2346 ὄψιν

49 2349 200 2394 κατέστη
235 2350 421 2401 Τιγράνου.
480 2350 583 2388 Ἐπεὶ
603 2351 638 2387 δὲ
671 2352 845 2402 Τιγράνης
876 2353 1079 2398 ἐδυσωπήθη

49 2409 94 2450 εἷς
114 2406 191 2444 θέαν
212 2407 312 2444 αὐτὸν
333 2411 562 2454 καταστῆσαι,
576 2407 663 2457 μετὰ
679 2410 844 2459 λαμπρᾶς
864 2424 899 2445 τε
917 2412 977 2454 τῆς
993 2425 1080 2458 πομ-

49 2467 116 2510 πῆς
133 2464 268 2510 ἀπήντα
298 2464 356 2502 καὶ
379 2467 564 2516 βασιλικῶς
590 2466 771 2510 ἐδεξιοῦτο.
829 2466 914 2505 Ἐπὶ
938 2466 972 2503 δὲ
992 2470 1080 2517 τρεῖς

48 2522 180 2573 ἡμέρας
195 2523 395 2575 ἀπορρήτους
417 2525 510 2575 αὐτῷ
530 2524 699 2572 ὁμιλήσας
711 2555 719 2570 ,
740 2524 858 2561 ἔπειτα
872 2526 1057 2577 λαμπροτά
1069 2549 1081 2554 -

48 2595 121 2622 ταις
138 2580 308 2617 ἑστιάσεσι
341 2582 677 2632 φιλοφρονησάμενος
696 2582 836 2634 μυρίους
858 2583 994 2620 δίδωσιν
1018 2586 1080 2620 ἱπ-

49 2644 136 2688 πεῖς,
153 2638 210 2674 καὶ
225 2639 279 2675 ἐπὶ
294 2639 350 2676 τὸν
369 2639 502 2676 Πόντον
519 2640 701 2689 ἐκπέμπει.

102 2698 202 2735 LVI.
233 2696 425 2739 Λεύκολλος
443 2697 477 2734 δὲ
493 2699 539 2739 εἷς
557 2698 619 2742 τὴν
635 2699 887 2736 Καππαδοκίαν
909 2700 1081 2744 ἐληλυθὼς

53 2755 112 2792 καὶ
133 2755 227 2806 φίλον
246 2754 334 2805 ἔχων
352 2755 408 2792 τὸν
437 2758 632 2807 ἐπάρχοντα
656 2757 782 2802 ταύτης
804 2757 1080 2809 Ἀριοὸαρζάνην,

2103 229 2112 240 ι
2130 212 2175 242 dor)

1148 283 1227 312 leuci
1250 292 1398 323 egressae,
1425 287 1527 317 navali
1556 289 1664 327 proelio
1692 289 1865 322 decernunt
1893 304 1899 322 z
1926 294 1957 324 et
1981 293 2071 324 victis
2094 296 2179 326 Italis

1146 349 1240 370 naves
1254 343 1412 374 onerarias
1429 344 1458 373 in
1475 353 1568 376 suuni
1581 346 1676 377 dures
1691 348 1814 378 lucrum
1831 350 1988 381 auferunt.
2007 353 2050 390 (4)
2072 353 2178 384 Elatus

1146 397 1238 436 igitur
1253 398 1312 428 hoc
1326 408 1470 432 successu
1482 403 1667 434 Cleochares
1680 414 1752 436 cum
1762 407 1880 446 collega
1894 408 1963 447 plus
1977 417 2071 447 quam
2085 413 2178 442 antea

1146 456 1309 493 tyrannico
1327 458 1437 489 urbem
1456 460 1586 498 imperio
1600 463 1721 500 premit.
1740 466 1817 494 Nam
1832 467 1933 496 causis
1947 467 2083 505 legitimo
2095 469 2176 507 J'udi-

1145 512 1193 542 cio
1204 521 1266 543 non
1280 514 1472 554 disceptatis,
1486 517 1524 547 ad
1538 528 1628 549 neces
1642 520 1812 560 oppidanos
1827 523 1963 562 rapiunt,
1977 528 2008 555 et
2024 525 2063 555 ad
2078 526 2177 557 multa

1144 570 1204 600 alia
1229 571 1413 603 crudelitate
1437 583 1493 604 sua
1519 576 1704 608 abutuntur.
1724 580 1767 617 (5)
1787 580 1907 611 Accidit
1931 583 2057 621 autem,
2083 584 2117 613 ut
2142 584 2173 613 in

1146 629 1305 659 contraria
1325 630 1543 663 scinderentur
1563 635 1668 665 studia
1689 636 1874 667 Cleochares
1887 640 1918 669 et
1941 640 2101 671 Seleucus.
2122 641 2179 671 llle

1144 686 1228 716 enim
1252 686 1480 726 persistendum
1496 690 1525 720 in
1548 691 1647 730 bello,
1673 693 1743 731 hic,
1768 695 1932 727 trucidatis
1954 698 2176 737 Sinopensibus

1147 744 1307 783 omnibus,
1322 746 1433 776 urbem
1448 748 1607 787 Romanis,
1621 751 1786 789 magnifico
1797 756 2057 786 remunerationis
2071 759 2177 796 pacto,

1144 801 1329 833 tradendam
1347 804 1504 835 censebat.
1529 808 1622 845 Atqui
1642 810 1752 840 neutra
1768 812 1922 842 sententia
1947 813 2096 844 ctl'ectum
2117 815 2175 845 ha-

1142 859 1228 899 buit,
1241 860 1293 891 sed
1308 862 1459 901 quicquid
1473 864 1682 904 possidebant,
1697 868 1829 899 navibus
1843 870 1991 901 onerariis
2006 871 2113 902 furtim
2128 872 2176 902 in-

1142 916 1264 953 gestum
1287 916 1326 946 ad
1351 918 1547 957 macharem,
1573 919 1672 950 filium
1701 922 1907 963 Mithridatis,
1936 926 2003 956 tum
2024 927 2177 966 temporis

1142 969 1173 1000 iu
1188 970 1337 1002 Colchide
1354 973 1499 1011 agentem
1511 997 1519 1012 ,
1534 973 1711 1005 dimittunt.

1184 1031 1264 1061 LIV.
1283 1031 1348 1062 Sub
1361 1031 1444 1062 idem
1458 1033 1583 1072 tempus
1593 1035 1745 1067 Lucullus
1760 1038 1975 1069 Romanorum
1989 1039 2172 1079 imperator,

1143 1093 1182 1124 ad
1200 1094 1312 1125 urbem
1325 1095 1495 1135 accedeus,
1510 1096 1614 1127 valido
1631 1106 1700 1128 eam
1717 1099 1794 1130 nixu
1814 1104 1974 1141 oppugnat
1992 1115 2000 1134 ε
2021 1112 2095 1134 cum
2112 1114 2177 1144 quo

1144 1161 1304 1192 Machares
1320 1161 1414 1193 etiam
1428 1162 1575 1194 amicitiae
1588 1165 1619 1194 et
1632 1165 1790 1196 societatis
1803 1166 1904 1199 foedus
1917 1177 1971 1207 per
1987 1169 2173 1207 legationem

1143 1227 1231 1264 petit.
1252 1228 1281 1257 Is
1298 1226 1402 1266 igitur,
1418 1227 1567 1266 petitione
1581 1228 1713 1268 benigne
1729 1230 1880 1270 admissa,
1900 1232 2002 1265 foedus
2015 1243 2070 1274 pro
2085 1236 2178 1267 tirmo

1143 1300 1176 1323 se
1192 1292 1378 1324 habiturum
1392 1294 1570 1334 respondit,
1584 1295 1609 1326 si
1625 1296 1713 1326 nullo
1736 1297 1921 1337 Sinopenses
1934 1302 2111 1331 commeatu
2124 1302 2176 1340 J'u-

1142 1361 1207 1391 vet.
1224 1362 1305 1391 Tum
1319 1360 1345 1392 is
1361 1370 1424 1392 non
1442 1362 1545 1393 solum
1565 1361 1717 1401 imperata
1735 1363 1824 1401 t'acit,
1842 1365 1896 1396 sed
1911 1366 2006 1396 etiam
2022 1366 2177 1398 destinata

1142 1424 1363 1456 Mithridaticis
1379 1426 1419 1456 ad
1435 1427 1606 1458 Lucullum
1620 1428 1788 1460 deserenda
1803 1430 1938 1462 curavit.
1962 1431 2004 1470 (2)
2024 1433 2101 1463 Haec
2124 1433 2178 1463 ubi

1144 1491 1324 1523 Cleocharis
1337 1492 1431 1524 factio
1446 1493 1551 1533 videt,
1565 1503 1651 1534 spem
1669 1504 1796 1526 omnem
1810 1496 1981 1535 abjiciunt,
1995 1498 2179 1537 magnisque

1146 1554 1177 1585 in
1190 1563 1288 1586 naves
1302 1555 1415 1595 opibus
1431 1557 1601 1596 congestis,
1619 1559 1650 1588 et
1664 1558 1741 1589 urbe
1754 1558 1793 1589 ad
1806 1558 2012 1598 direptionem
2029 1560 2179 1590 militibus

1143 1625 1290 1647 concessa
1312 1617 1392 1656 (sub
1414 1620 1541 1649 noctem
1568 1619 1626 1650 ista
1646 1619 1797 1659 fiebant),
1821 1621 1951 1660 navigiis
1967 1621 2005 1651 ad
2031 1621 2177 1652 interiora

1144 1680 1235 1711 Ponti
1246 1702 1255 1718 ‚
1281 1689 1353 1719 quae
1372 1689 1391 1711 a
1407 1682 1580 1720 Sanegibus
1604 1684 1636 1713 et
1661 1682 1748 1713 Lazis
1767 1683 1962 1723 incoluntur,
1989 1684 2154 1723 aufugiunt
2168 1708 2176 1722 ,

1848 1747 1892 1786 (3)
1920 1746 2063 1777 Excitata
2084 1746 2178 1785 igitur

1146 1804 1271 1835 [lamma
1283 1828 1292 1843 ‚
1306 1804 1381 1844 quid
1397 1806 1502 1836 actum
1517 1807 1573 1845 sit,
1589 1806 1742 1837 Lucullus
1755 1807 1994 1847 animadvertit,
2009 1809 2172 1847 scalasque

1143 1751 1243 1781 quum
1265 1743 1419 1781 reliquam
1445 1744 1575 1775 classem
1600 1744 1822 1777 incendissent.

1142 1867 1180 1898 ad
1196 1868 1310 1898 moenia
1327 1868 1476 1900 adhibere
1489 1869 1565 1908 J'ussi
1582 1869 1696 1900 milites
1711 1870 1949 1901 transcendunt.
1967 1871 2017 1902 Fit
2033 1871 2170 1911 primum

1142 1929 1243 1960 caedes
1255 1938 1318 1960 non
1337 1930 1466 1970 exigua3
1480 1930 1532 1961 sed
1553 1931 1698 1961 misertus
1714 1931 1929 1962 calamitatum
1953 1933 2102 1963 Lucullus
2113 1957 2122 1972 ‚
2136 1942 2177 1964 ne

1141 1993 1291 2023 saeviatur
1304 1992 1453 2031 ulterius,
1474 1992 1644 2024 interdicit.
1661 1992 1707 2023 Ad
1727 1993 1813 2024 hunc
1827 1994 1922 2033 Igitur
1935 1994 2064 2026 modum
2080 1995 2175 2027 etiam

1141 2054 1255 2094 Sinope
1273 2053 1305 2084 in
1321 2056 1533 2085 Romanorum
1551 2054 1716 2085 arbitrium
1731 2055 1826 2086 venit.
1842 2056 2046 2095 Repugnahat
2065 2057 2175 2088 etiam—

1142 2125 1219 2147 num
1241 2120 1394 2155 Amasea,
1416 2116 1470 2147 sed
1490 2125 1553 2147 non
1575 2118 1712 2147 multum
1737 2117 1911 2149 intercessit
1937 2119 2047 2158 spatii,
2075 2128 2173 2159 quum

1142 2178 1237 2209 etiam
1252 2178 1317 2218 ipsa
1333 2179 1363 2209 in
1382 2180 1597 2210 Romanorum
1613 2178 1706 2210 fidem
1723 2179 1886 2210 concessit.

1182 2241 1246 2270 LV.
1271 2241 1367 2270 Porro
1382 2239 1576 2271 Mithridates
1589 2249 1704 2270 annum
1721 2242 1752 2270 et
1767 2241 1839 2271 octo
1853 2249 1973 2272 menses
1987 2242 2017 2272 in
2033 2242 2174 2281 partibus

1142 2298 1298 2329 Armeniae
1312 2297 1493 2328 demoratus
1507 2298 1648 2328 nondum
1668 2298 1700 2328 in
1717 2298 1821 2337 generi
1838 2301 2042 2338 conspectum
2056 2299 2174 2331 admis-

1142 2365 1194 2387 sus
1207 2357 1285 2386 erat.
1306 2356 1364 2386 Hic
1378 2356 1484 2386 tamen
1503 2357 1652 2387 exoratus
1664 2356 1791 2387 tandem
1801 2380 1809 2395 ,
1826 2358 1862 2387 ut
1876 2366 1981 2387 coram
2000 2366 2032 2388 se
2047 2358 2173 2389 sistendi

1142 2415 1329 2453 potestatem
1347 2413 1375 2444 ei
1399 2414 1536 2452 faceret,
1557 2413 1720 2453 splendida
1739 2423 1811 2444 cum
1829 2423 1943 2454 pompa
1967 2416 2122 2455 occurrit,
2143 2418 2174 2447 et

1142 2472 1235 2511 regali
1255 2481 1399 2503 socerum
1423 2472 1655 2511 magnificentia
1674 2472 1799 2511 excipit.
1823 2476 1868 2504 Ac
1888 2474 2031 2504 triduum
2053 2476 2174 2505 secreto

1142 2539 1214 2560 cum
1229 2539 1266 2561 eo
1281 2530 1448 2568 transeam
1463 2530 1644 2561 lautissimis
1657 2530 1729 2561 inde
1743 2530 1960 2561 conviviorum
1974 2532 2174 2571 apparatibus

1143 2589 1393 2620 benevolentiam
1408 2588 1436 2620 ei
1456 2597 1545 2619 suam
1569 2598 1668 2628 quum
1689 2590 1889 2627 ostentasset,
1905 2589 2008 2621 decies
2027 2590 2111 2621 mille
2124 2590 2173 2621 in-

1142 2649 1298 2679 structum
1312 2647 1463 2678 militibus
1476 2648 1507 2677 in
1525 2648 1659 2678 Pontum
1676 2647 1816 2677 remittit.

1184 2707 1262 2736 LVI.
1288 2706 1372 2735 Inter
1387 2705 1453 2735 hzec
1467 2705 1620 2735 Lucullus
1637 2705 1667 2734 in
1682 2705 1913 2744 Cappadociam
1941 2705 2124 2744 ingreditur,
2142 2708 2173 2737 et

1142 2764 1351 2794 Ariobarzane
1364 2765 1457 2793 terrac
1481 2763 1588 2802 regulo
1604 2764 1693 2793 utens
1713 2763 1832 2801 amico,
1858 2764 2015 2802 inopinate
2033 2764 2170 2803 Euphra-

89 2861 169 2891 LIV.
195 2863 220 2890 1.
246 2860 412 2901 Μαχάρης]
432 2861 481 2892 cf.
505 2861 635 2900 Appian.
655 2870 683 2892 c.
703 2866 759 2900 833
780 2863 940 2893 Plutarch.
961 2864 1081 2893 Lucull.
1100 2871 1127 2892 c.
1145 2866 1193 2892 2⁷0.
1208 2881 1246 2887 -
1266 2862 1317 2891 καὶ
1335 2864 1395 2896 τοῖς
1414 2860 1624 2900 Σινωπεῦσιν]
1650 2870 1690 2891 cx
1707 2861 1828 2892 emend.
1855 2861 1982 2891 Belxkeri
2007 2871 2015 2898 ;
2033 2860 2084 2890 καί
2107 2872 2168 2890 τισι

50 2907 84 2937 Σ.
104 2905 188 2936 libri.
207 2924 246 2930 —
270 2906 452 2946 Λευκόλλῳ]
472 2915 511 2937 ex
536 2907 658 2937 emend.
677 2907 914 2945 Rhodomanni;
937 2909 1074 2947 Σελεύκῳ
1100 2908 1180 2938 libri.
1211 2927 1246 2932 —
1270 2913 1299 2938 2.
1328 2907 1462 2946 ἐφέντες]
1486 2908 1527 2937 al.
1558 2908 1676 2946 ἀφέντες

1682 2932 1688 2938 .
1706 2927 1746 2932 -
1763 2912 1791 2938 3.
1815 2907 1966 2947 ἐσώτερα]
1984 2908 2097 2946 ἑώτερα
2119 2907 2166 2937 ed.

50 2952 236 2991 Stephanus.
252 2970 292 2974 —-
309 2953 463 2993 Σάνηγας]
482 2956 615 2992 Sanegas
634 2954 808 2984 Palmerius
822 2955 946 2985 eosdem
966 2964 1038 2985 cum
1054 2955 1144 2985 Zanis
1158 2955 1324 2985 Ammiano
1341 2955 1524 2984 Marcellino
1542 2955 1722 2985 memoratis
1740 2955 1847 2993 (XXV
1859 2979 1867 2992 ‚
1891 2959 1899 2985 1
1915 2956 1922 2992 )
1941 2963 2005 2985 esse
2022 2953 2164 2992 putabat.

48 3000 165 3030 Contra
181 3007 276 3037 quem
289 3000 425 3029 Ore-llius
438 3001 529 3030 at'fert
542 3000 758 3031 testimonium
777 3002 897 3031 Arriani
914 3002 943 3031 in
963 3002 1085 3040 Periplo
1103 3003 1194 3032 Pont.
1217 3003 1296 3031 Eux.
1320 3009 1346 3030 c.
1371 3005 1419 3038 11,
1443 3005 1453 3031 1
1468 3024 1475 3037 ‚
1495 3000 1546 3030 ubi
1562 3001 1630 3030 haec
1649 3013 1655 3031 :
1673 3001 1739 3036 ἔθνη
1756 3002 1786 3031 δὲ
1802 3000 2030 3040 παρεμείψαμεν
2044 2999 2159 3029 τάδε...

48 3045 99 3080 οὓς
122 3045 263 3083 Ξενοφῶν
280 3046 332 3084 μὲν
357 3046 482 3086 Δρίλλοις
504 3046 662 3085 ὀνομάζει,
683 3047 749 3085 ἐμοὶ
775 3047 805 3077 δὲ
831 3048 974 3077 δοκοῦσιν
992 3050 1019 3078 οἱ
1040 3047 1146 3077 Σάννοι
1166 3047 1248 3077 οὗτοι
1265 3047 1381 3076 εἶναι...

1405 3049 1435 3076 et
1460 3046 1572 3077 deinde
1591 3059 1598 3077 ε
1617 3047 1773 3077 Ἀδασκῶν
1802 3047 1832 3076 δὲ
1861 3046 1999 3085 ἐχόμενοι
2026 3045 2169 3082 Σανίγαι,

47 3091 153 3130 ἵναπερ
172 3093 223 3121 καὶ
240 3094 258 3128 ἡ
275 3093 499 3128 Σεῧαστόπολις
513 3094 653 3133 ὠκισται.
673 3111 713 3118 -
730 3094 848 3128 Λαζούς
857 3093 868 3132 ]
883 3094 988 3124 Deliis
1003 3093 1172 3132 Procopius
1188 3093 1226 3123 de
1246 3093 1331 3123 Bello
1348 3093 1443 3123 Goth.
1462 3093 1515 3123 lih.
1540 3095 1580 3124 IV
1598 3102 1671 3122 cum
1686 3093 1747 3123 alia
1762 3094 1832 3123 tum
1852 3092 1918 3121 hec
1943 3090 2078 3121 scribit:
2097 3091 2167 3121 Τῶν

49 3139 157 3172 Λαζῶν
174 3139 202 3168 οἱ
227 3135 363 3168 πλεῖστοι
393 3139 548 3175 ἀνήκεστα
574 3139 647 3177 πρὸς
671 3142 731 3169 τῶν
754 3140 916 3179 Ῥωμαίων
940 3143 1134 3179 στρατιωτῶν
1151 3139 1232 3169 δεινὰ
1256 3139 1442 3178 πάσχοντες,
1457 3150 1508 3169 και
1524 3139 1720 3178 διαφερόντως
1734 3142 1794 3173 τοῖς
1817 3138 1944 3178 ἄρχουσι
1966 3139 2020 3166 τοῦ
2035 3146 2168 3175 στρατου

48 3183 227 3222 ἀχθόμενοι,
243 3185 380 3224 ἐμήδιζον
400 3185 434 3214 ἐκ
454 3196 507 3215 του
534 3180 640 3215 επιπλε
641 3188 743 3215 ιστον·
769 3197 804 3215 ου
820 3187 858 3216 τοι
876 3188 1002 3225 Περσῶν
1018 3186 1243 3225 ἀσπαζόμενοι,
1264 3186 1327 3216 ἀλλ’
1352 3196 1459 3220 αυτούς
1480 3186 1630 3221 ἀπαὶλαξε
1634 3186 1726 3220 ιὀντες
1749 3189 1799 3221 τῆς
1820 3185 1903 3222 “.Ρωμ
1907 3194 1980 3213 αιων
1999 3183 2090 3221 ἀρχῆς
2114 3183 2166 3211 καὶ.

47 3232 107 3259 τῶν
128 3230 300 3269 δυσχερῶν,
312 3231 350 3260 τὰ
359 3231 437 3266 τέως
453 3233 493 3270 μὴ
507 3231 642 3270 παρόντα
656 3234 686 3261 αἱ
690 3231 780 3271 ρούμε
768 3243 839 3262 ε.νοι
861 3233 1025 3263 Ηα).ςεῖιθί.
1046 3250 1084 3254 —
1101 3236 1130 3263 3.
1149 3233 1225 3262 ἀλλὰ
1240 3232 1302 3271 μετ’
1318 3232 1352 3262 οὐ
1367 3231 1462 3270 πολὺ]
1478 3232 1546 3261 libri
1562 3232 1626 3261 ἀλλ’
1643 3232 1678 3261 οὔ
1698 3242 1733 3270 με
1721 3232 1761 3261 ετ’
1777 3231 1812 3262 οὐ
1833 3230 1918 3260 πολύ.

88 3278 151 3307 LV.
177 3275 297 3315 μέρεσι]
326 3277 488 3316 Perplacet
507 3278 616 3308 Orellii
633 3277 813 3315 conjectura
835 3287 891 3317 pro
908 3280 1009 3318 μέρεσι
1032 3278 1232 3309 scribendum
1254 3279 1392 3317 putantis
1412 3279 1510 3317 ἔλεσι;
1531 3287 1603 3308 nain
1629 3278 1670 3308 ita
1699 3277 1886 3308 Plutarchus
1903 3274 2024 3325 annll.
2043 3282 2069 3301 c.
2093 3278 2128 3302 ¹22
2154 3286 2162 3325 ,²

48 3322 162 3360 ἀτίμως
181 3324 232 3352 καὶ
250 3324 446 3362 ὑπερηφάνως
465 3323 618 3353 ἀπωτάτω
635 3325 779 3363 περιεῖδεν
794 3325 883 3355 αὐτὸν
905 3325 1070 3363 (Tigranes
1085 3324 1318 3362 Mithridatem)
1336 3324 1446 3362 τρόπον
1466 3324 1530 3354 τινα
1546 3324 1764 3362 φρουρούμενον
1790 3322 1819 3351 ἐν
1833 3320 1955 3360 χωρίοις
1972 3319 2096 3349 ἑλωδεσι
2111 3329 2162 3348 και

50 3371 192 3406 νοσεροῖς.
213 3386 251 3391 --
264 3369 416 3408 κατέστη]
438 3370 494 3408 leg.
515 3370 638 3400 videtur
654 3370 856 3406 καθειστήκει,
874 3370 1031 3409 δίθρΙιίιΗ.
1050 3391 1089 3398 -
1103 3371 1193 3401 αὐτὸν
1215 3372 1428 3409 καταστῆσαι]
1448 3370 1486 3400 al.
1504 3371 1593 3399 αὑτὸν
1617 3381 1646 3399 κ.
