2338 3765
148 154 220 185 530

148 232 336 278 νήσασθαι,
357 234 416 277 zi<
441 233 550 282 ἀρχῆς
583 232 710 268 ἐκείνου
742 232 996 283 διαφθαρείσης.
1057 236 1097 283 (7)
1130 235 1182 272 Οὖ

148 294 257 327 ταῦτα
276 291 309 326 δὲ
328 289 428 338 μόνον
447 290 540 339 αὐτῷ
554 287 615 333 τὴν
633 289 742 339 ἀρχὴν
765 289 1005 340 ἔπεκροίτυνεν,
1021 291 1109 328 ἀλλὰ
1124 293 1181 328 καὶ

149 346 317 398 εὐπραγία
338 346 396 384 καὶ
418 345 529 383 εὔνοια
551 348 618 382 τῶν
636 346 810 393 ὑπηκόων,
830 346 889 384 καὶ
906 349 1041 385 πολλῶν
1061 344 1108 386 ὧν
1123 352 1183 386 οὐκ

149 405 284 454 ἐκράτει
308 403 470 455 πρότερον
494 407 514 448 ἡ
543 403 716 455 κυριότης.
749 404 818 442 Καὶ
845 404 1029 458 Ἀντιγόνῳ
1059 406 1094 443 δὲ
1122 407 1182 451 τὴν

150 461 264 499 Ασίαν
279 461 445 511 κατέχοντ
434 476 459 497 ι
476 462 645 509 λαμπρῶς
660 462 912 512 συμμαχήσας,
925 464 1026 501 ὁπότε
1041 463 1102 509 τὴν
1117 464 1185 502 Ku-

149 534 233 570 προν
250 519 459 577 ἐπολιόρκει,
474 518 529 555 τὸν
547 520 749 588 ἀδελφιδρυν
767 521 986 570 Πτολεμαῖον
1007 523 1017 571 (
1033 537 1184 572 στρατη-

148 576 204 625 γὸς
220 576 254 613 δὲ
269 580 363 617 οὗτος
380 591 420 621 ην
437 591 530 613 των
523 591 600 627 περι
617 576 672 613 τὸν
691 575 778 615 Ελλ
781 576 973 628 ήσποντον)
992 578 1186 649 φιλοτιμίας

149 633 298 682 ἀμοιὸὴν
316 632 439 684 εὕρατο
457 633 538 683 παρ’
559 633 738 686 Ἀντιγόνῳ
752 635 909 687 γαμὸρὸν
924 635 1026 673 λαὸἒ
997 653 1043 673 ςιν
1057 637 1114 673 ἐπι
1131 640 1185 674 Θυ-

147 691 259 742 γατρί·
269 694 289 736 ἡ
303 690 337 728 δὲ
349 692 428 733 παῖς
441 693 478 728 ἐκ
486 692 661 742 προτέρων
671 696 712 738 ἦν
723 694 812 730 αὐτ(
805 710 815 730 ι
828 709 865 744 γε
868 694 1038 743 γενηαένη
1050 695 1184 743 γάμων.

149 748 254 785 Οὕτω
274 752 353 798 γοῦν
375 750 420 791 εἰς
445 765 486 797 με
491 764 534 798 γα
557 749 653 796 δόξης
673 749 836 798 ἀνελθων,
857 751 915 788 καὶ
935 751 992 789 τὸν
1022 767 1185 802 τυραννον

151 806 364 853 ἀπαξιώσας,
380 807 418 843 τὸ
445 785 614 856 ἰίᾶασιλέως
632 807 818 845 ἀντέλαδεν
843 808 965 857 ὄνομα.
996 810 1036 860 (8)
1055 808 1184 847 (Ι)όὲυ)ν

154 864 188 900 δὲ
210 864 270 901 καί
291 864 478 915 φροντίδων
499 865 753 916 ἐλευθεριάσας,
775 866 833 904 καὶ
853 867 926 909 ταῖς
942 870 1187 917 καθημεριναῖς

149 922 292 973 τρυφαῖς
317 923 552 968 ἐνδιαιτηθεὶς,
579 922 760 974 ἐξωγκώΟη
786 939 822 961 τε
855 923 893 960 τὸ
919 926 1021 972 σῶμα
1042 924 1100 960 καὶ
1128 927 1186 960 τοῧ

151 979 242 1015 κατὰ
267 979 366 1030 φύσιν
387 979 473 1017 πολὺ
493 979 596 1017 πλέον
617 980 795 1027 ἐλιπάνθη.
853 981 931 1031 Ἱ’φ’
956 976 1002 1018 ὧν
1023 983 1060 1018 οὐ
1086 980 1186 1029 μόνον

835 1038 925 1075 ἀλλὰ
954 1038 1012 1075 καὶ
1046 1038 1183 1076 ἐπειδὰν

154 1095 370 1145 ἀφυπνώσειε
384 1124 392 1140 ,
418 1095 571 1146 βελόναις
588 1101 736 1148 μακραῖς
755 1096 793 1133 τὸ
810 1099 910 1145 σῶμα
929 1095 1184 1148 διαπειρόμενος

151 1036 229 1087 περὶ
259 1036 321 1082 τὴν
354 1037 463 1088 ἀρχὴν
496 1037 656 1089 ῥαθύμως
692 1032 798 1088 εἶχεν,

156 1154 274 1201 (τοῦτο
291 1152 357 1202 γὰρ
376 1152 455 1195 ἄκος
476 1152 576 1201 μόνον
596 1157 654 1191 τοῦ
676 1154 782 1205 κάρου
803 1155 861 1191 καὶ
882 1157 941 1200 τῆς
961 1154 1185 1200 ἀναισθησίας

152 1209 373 1260 ὑπελείπετο)
402 1209 498 1259 μόλις
523 1214 583 1257 τῆς
611 1211 699 1248 κατὰ
727 1211 781 1248 τὸν
804 1211 907 1249 ὕπνον
927 1218 1123 1264 καταφορᾶς
1140 1211 1189 1255 ἐξ·

154 1267 328 1304 ανίστατο.
353 1268 392 1317 (9)
413 1268 680 1317 Τεκνωσοίμενος
697 1268 731 1306 δὲ
749 1269 778 1318 γ’
800 1270 924 1311 παῖδας
945 1271 982 1306 ἐκ
1002 1272 1061 1315 τῆς
1080 1270 1187 1316 Ἀμά-

152 1339 279 1375 στριος,
300 1324 494 1376 Κλέαρχον,
511 1325 678 1378 Ὀξάθρην
696 1326 754 1363 καὶ
767 1327 935 1378 Θυγατέρα
952 1326 1131 1377 ὁμώνυμον
1147 1330 1188 1379 τῇ

154 1381 279 1432 μητρὶ,
299 1382 432 1431 μέλλων
450 1384 611 1420 τελευτᾶν
627 1384 753 1430 ταύτην
772 1400 807 1421 τε
822 1387 887 1421 τῶν
907 1384 993 1422 ὅλων
1008 1384 1187 1423 δέσποιναν

153 1440 409 1489 καταλιμπάνει
423 1441 558 1479 καὶτῶν
573 1442 704 1479 παίδων
720 1443 844 1491 κομιδῆ
862 1443 993 1488 νηπίων
1006 1443 1111 1480 ὄντων
1127 1443 1188 1480 σύν

152 1513 239 1534 τισιν
258 1498 383 1548 ἑτέροις
400 1499 594 1550 ἐπίτροπον,
617 1500 706 1550 βιοὺς
727 1501 787 1549 μὲν
803 1499 860 1545 ἔτη
879 1500 903 1537 ε’
925 1500 983 1537 καὶ
1006 1501 1048 1548 ν’,
1065 1495 1112 1538 ὧν
1133 1501 1188 1538 ἐπὶ

154 1557 263 1605 ἀρχῆς
283 1556 312 1592 λ’
330 1557 544 1608 ἕγνωρίζετο,
571 1558 763 1607 πραότατος
784 1560 817 1595 ἓν
836 1560 921 1607 αὐτῇ
935 1588 944 1606 ,
964 1560 1008 1600 ὡς
1030 1558 1185 1609 εἴρηται,

154 1612 300 1662 γεγονὼς
320 1613 377 1650 καὶ
395 1615 433 1651 τὸ
454 1615 613 1665 Χρηστὸς
639 1616 818 1660 ἐπίκλησιν
839 1618 876 1653 ἐκ
900 1618 966 1652 τῶν
985 1618 1074 1661 ἠθῶν
1093 1618 1188 1666 ἐνεγ-

155 1671 320 1718 κάμενος,
338 1671 397 1707 καὶ
424 1672 530 1709 πολὺν
557 1671 658 1709 πόθον
688 1675 756 1715 τοῖς
776 1672 841 1709 ὑπὸ
871 1675 971 1724 χεῖρα
991 1673 1049 1710 καὶ
1072 1673 1190 1716 πένθος

154 1727 276 1765 λιπών.
303 1730 360 1778 (10)
384 1728 494 1766 Οὐδὲν
527 1729 561 1766 δὲ
588 1725 689 1775 ἧττον
721 1731 779 1767 καὶ
810 1730 896 1780 μετὰ
918 1731 979 1777 τὴν
1000 1731 1127 1769 ἐκείνου
1156 1732 1189 1776 ἐξ

155 1785 340 1837 ἀνθρώπιον
357 1787 576 1838 ἀναχώρησιν
596 1787 639 1825 τὰ
656 1791 714 1834 τῆς
729 1788 858 1831 πόλεως
872 1788 953 1839 πρὸς
971 1790 1188 1838 εὐδαιμονίαν

155 1843 311 1893 ἐφέρετο,
333 1844 524 1895 Ἀντιγόνου
544 1848 610 1882 τῶν
630 1862 665 1883 τε
686 1847 818 1884 παίδων
841 1847 1020 1885 Διονυσίου
1041 1848 1099 1885 καὶ
1119 1851 1186 1885 τῶν

154 1903 301 1938 πολιτῶν
332 1904 368 1939 οὐ
392 1903 568 1954 παρέργως
587 1905 851 1956 προνοουμένου.

155 1958 253 2010 ἕτερα
285 1960 345 2004 τὰς
375 1962 554 2012 φροντίδας
584 1963 817 2016 τρεψαμένου,

155 2021 221 2054 τῶν
248 2019 325 2070 περὶ

876 1905 1031 1945 Ἐκείνου
1052 1906 1086 1943 δὲ
1105 1906 1189 1957 πρὸς

853 1963 1055 2015 Λυσίμαχος
1084 1965 1187 2002 πάλιν

354 2018 566 2071 ἹΙράκ)ειαν
586 2021 644 2059 καὶ
670 2038 737 2059 των
761 2022 894 2059 παίδων
918 2024 1137 2071 ἐπεμελεῖτο,
1155 2024 1188 2066 ὃς

154 2092 212 2113 και
232 2074 422 2130 Ἄμαστριν
440 2082 589 2117 ποιεῖται
617 2082 717 2129 γῖυνα
719 2096 780 2127 κα,
809 2080 867 2116 καὶ
888 2081 963 2117 κατ’
992 2080 1101 2131 ἀρχὰς
1128 2079 1189 2129 μὲν

155 2135 230 2171 λίαν
268 2135 420 2188 ἔστερξε,
458 2138 673 2188 πραγμάτων
707 2138 741 2176 δὲ
778 2139 870 2191 αὐτῷ
908 2138 1186 2190 προσπεσόντων,

156 2193 260 2237 αὐτὴν
292 2194 352 2242 μὲν
383 2196 416 2231 ἐν
440 2194 631 2248 (Ηρακλείᾳ
662 2197 791 2245 λείπει,
814 2197 913 2240 αὐτὸς
937 2198 965 2234 δ’
994 2198 1105 2249 εἴχετο
1122 2201 1188 2235 τῶν

155 2251 373 2300 ἐπειγόντων.
397 2255 457 2296 Εἷς
476 2254 619 2305 Σάρδεις
643 2254 677 2291 δὲ
697 2258 772 2304 μετ’
790 2257 826 2293 οὐ
844 2255 949 2293 πολὺν
968 2257 1104 2307 χρόνον,
1121 2259 1188 2293 τῶν

156 2311 291 2346 πολλῶν
306 2310 417 2348 πόνων
434 2309 566 2362 ῥαΐσας,
583 2313 827 2365 μετεπέμψατο
843 2313 982 2360 ταύτην,
997 2330 1056 2351 και
1071 2314 1188 2366 ἔστερ-

157 2383 213 2416 γεν
242 2368 379 2417 ὁμοίως.
410 2369 579 2421 Ὕστερον
602 2371 635 2407 δὲ
665 2371 749 2421 πρὸς
768 2371 829 2417 τὴν
858 2372 984 2422 Ουγατε
969 2387 1028 2423 ρα
1051 2374 1188 2410 Πτολε-

159 2425 259 2473 μαίου
282 2441 339 2462 του
360 2426 529 2464 Φιλαοέλ
512 2442 584 2478 φου
607 2428 824 2478 (Αρσινόη
807 2428 842 2465 οὲ
863 2432 904 2474 ἠν
924 2429 963 2465 τὸ
983 2429 1111 2479 ὄνομα)
1132 2445 1187 2466 τον

159 2482 267 2532 ἔρωτα
290 2483 465 2532 μεταθεὶς,
486 2486 685 2534 διαζυγηναι
705 2501 765 2531 την
786 2484 976 2537 Ἄμαστριν
1002 2502 1103 2524 αυτου
1120 2502 1188 2523 πα-

160 2542 279 2591 ρέσχεν
307 2541 432 2585 αἰτίαν,
457 2541 516 2578 καὶ
545 2543 803 2580 καταλιποῦσαν
832 2547 949 2581 τοῦτον
979 2544 1188 2582 καταλαὸεῖν

158 2598 219 2642 τὴν
247 2597 471 2648 Ἡράκλειαν.
500 2599 650 2651 Ἔγείρει
681 2600 715 2638 δὲ
736 2600 822 2647 αὕτη
841 2602 1103 2653 παραγενομένη
1131 2603 1187 2639 καὶ

159 2658 337 2699 συνοικίζει
355 2657 452 2693 πόλιν
468 2656 668 2709 Ἄμαστριν.

1080 148 1117 185 Μ
1126 148 1346 187 EMNOMS

1244 251 1347 273 emere
1359 242 1387 272 in
1401 244 1537 274 mentem
1551 244 1647 281 venit,
1662 243 1788 283 quaudo
1802 244 1840 275 de
1851 244 2073 284 imperioillius
2083 247 2189 278 actum
2205 247 2275 280 suit.

1246 305 1290 344 (7)
1309 306 1370 335 Nec
1381 313 1456 336 vero
1474 305 1520 335 his
1535 307 1660 336 tantum
1674 306 1880 337 roborabatur
1899 307 1926 338 ei
1942 308 2097 347 potestas,
2115 309 2168 340 sed
2182 311 2277 342 etiam

1245 376 1292 405 eo,
1306 367 1390 406 quod
1405 376 1553 407 prospero
1567 376 1712 398 successu
1733 369 1764 398 et
1788 369 1892 400 favore
1909 370 2027 400 civium
2052 372 2214 410 utebatur,
2246 375 2278 404 et

1245 429 1411 468 imperium
1419 428 1589 467 usurpabat
1600 429 1632 459 in
1642 428 1760 459 multos
1767 430 1858 460 antea
1866 438 1928 460 non
1936 430 2102 470 subjectos.
2113 435 2208 464 Porro
2218 437 2278 465 An·

1245 492 1351 530 tigano
1367 491 1471 522 Asiam
1485 491 1605 522 tenenti
1631 492 1785 530 praeclare
1807 493 1979 525 auxiliatus
1991 495 2120 534 quando
2138 492 2279 536 Cyprum

1246 553 1298 583 illc
1314 553 1506 592 oppugnavit
1524 563 1531 583 z
1550 553 1754 584 Ptolemaeum
1772 554 1854 586 illius
1877 555 1973 587 fratre
1992 558 2102 588 natum
2117 557 2128 596 (
2141 558 2192 588 cui
2209 559 2280 590 Hel-

1246 618 1377 657 lesponti
1391 618 1559 657 satrapiam
1584 619 1787 650 commiserat
1802 619 1812 658 )
1829 620 1919 659 quasi
1937 621 2104 660 praemium
2120 622 2214 653 studii
2230 624 2280 654 sui

1246 681 1328 721 apud
1344 681 1532 720 Antigonum
1550 681 1688 721 invenit,
1704 683 1740 713 ut
1756 691 1905 722 generum
1926 684 2017 714 illum
2033 684 2180 723 haberet,
2195 685 2279 724 tilia,

1247 752 1318 782 quae
1331 753 1371 775 ex
1387 744 1489 784 priore
1503 744 1606 775 suerat
1619 747 1764 784 suscepta
1774 746 1919 785 conjugio
1929 770 1936 783 ,
1954 746 1986 776 in
2000 747 2238 779 matrimonium
2251 748 2281 779 ei

1247 807 1376 838 elocata.
1402 808 1511 847 Itaque
1522 807 1561 838 ad
1575 815 1722 846 magnam
1736 808 1836 839 elatus
1855 809 2005 848 gloriam,
2021 811 2144 849 tyranni
2165 820 2280 843 nomen
2316 810 2326 833 ·”

1246 868 1434 908 dedignatur
1450 870 1482 900 et
1503 869 1583 908 regis
1599 870 1741 901 assumit.
1769 870 1813 909 (8)
1837 872 1973 911 Jamque
1986 874 2074 903 metu
2100 874 2131 904 et
2150 873 2233 905 curis
2247 874 2282 905 li—

1247 930 1390 969 beratus,
1414 939 1512 971 qumn
1529 930 1561 961 in
1573 931 1762 971 quotidianis
1779 932 1878 963 vitam
1892 933 2011 964 deliciis
2023 936 2140 974 ageret,
2150 935 2182 966 in
2195 943 2281 967 cras-

1247 1002 1315 1024 sam
1340 993 1480 1033 corporis
1504 994 1621 1024 molem
1644 995 1802 1034 excrevit,
1830 996 2022 1035 pinguedine
2038 1006 2133 1037 supra
2157 999 2282 1031 naturae

1248 1055 1377 1086 modum
1396 1055 1560 1087 adauctus.
1584 1056 1674 1088 Unde
1697 1057 1802 1089 evenit
1820 1059 1856 1089 ut
1880 1067 1943 1090 non
1966 1059 2060 1090 modo
2086 1061 2279 1101 negligenter

1248 1126 1378 1158 regnum
1393 1119 1642 1159 administraret,
1660 1120 1713 1151 sed
1728 1121 1824 1152 etiam
1840 1129 1952 1153 somno
1974 1131 2140 1162 oppressus
2154 1124 2283 1157 aciculis

1248 1181 1388 1220 oblongis
1410 1181 1441 1211 in
1463 1189 1593 1220 corpore
1615 1181 1685 1212 fixis
1708 1181 1760 1221 (id
1786 1182 1869 1213 enim
1893 1183 1997 1214 solum
2025 1185 2145 1216 veterni
2165 1186 2196 1217 et
2218 1187 2282 1217 stu·
2317 1171 2319 1175 ι

1249 1244 1333 1284 poris
1346 1245 1507 1284 supererat
1535 1243 1728 1284 remedium)
1743 1245 1798 1276 vix
1817 1246 1923 1277 tamen
1939 1255 1957 1277 a
1970 1246 2092 1286 soporis
2112 1249 2283 1288 gravedine

1250 1307 1451 1339 excitaretur.
1498 1307 1542 1346 (9)
1555 1307 1668 1339 'fribus
1684 1309 1791 1339 autem
1805 1317 1845 1339 ex
1861 1309 1997 1340 Amastri
2013 1309 2120 1341 liberis
2133 1310 2190 1342 sihi
2208 1320 2282 1351 pro-

1250 1372 1380 1411 creatis,
1403 1372 1573 1412 clearcho,
1602 1372 1743 1403 Oxathre
1768 1375 1799 1403 et
1826 1373 1890 1404 tilia
1912 1373 2053 1413 ejusdem
2078 1383 2153 1406 cum
2181 1362 2284 1407 matre

1250 1436 1402 1473 nominis,
1431 1437 1498 1475 Jam
1523 1436 1616 1467 morti
1638 1437 1834 1476 propinquus
1857 1438 1950 1468 uxori
1977 1437 2282 1470 administrationem

1249 1500 1395 1530 cunctam
1406 1524 1413 1538 ‚
1431 1501 1462 1530 et
1480 1499 1651 1531 liberorum
1663 1524 1671 1539 ,
1697 1500 1751 1539 qui
1766 1500 1871 1531 adhuc
1883 1501 2002 1531 tenerae
2017 1500 2190 1532 admodum
2204 1503 2282 1533 aeta-

1248 1558 1288 1589 tis
1298 1558 1537 1594 erant‚tutelam
1547 1557 1721 1597 (adjunctis
1728 1557 1917 1598 quibusdam
1924 1559 1991 1589 aliis
2002 1560 2012 1598 )
2025 1559 2168 1599 reliquit:
2184 1569 2283 1600 quum

1248 1615 1378 1646 vixisset
1403 1624 1502 1646 annos
1517 1615 1743 1655 quinquaginta
1768 1615 1927 1655 quinque,
1953 1616 1986 1646 in
2016 1617 2147 1656 imperio
2175 1619 2283 1649 autem

1250 1674 1436 1714 conspicuus
1453 1674 1560 1705 suisset
1576 1674 1715 1713 triginta.
1730 1676 1767 1705 ln
1784 1683 1848 1714 quo
1864 1683 1897 1706 se
1913 1675 2114 1706 mitissimum
2127 1677 2183 1715 (ut
2196 1677 2282 1716 dixi)

1249 1732 1359 1770 gessit,
1381 1731 1424 1762 ita
1438 1734 1472 1761 ut
1487 1740 1661 1770 cognomen
1678 1731 1805 1771 Benigni
1833 1741 1875 1763 ex
1895 1733 2035 1764 moribus
2055 1734 2196 1774 referret,
2215 1744 2283 1766 ma-

1249 1797 1409 1829 gnumque
1419 1789 1542 1820 civibus
1557 1789 1747 1820 desiderium
1764 1791 1796 1821 et
1809 1790 1932 1822 luctum
1947 1792 2017 1831 post
2035 1800 2068 1823 se
2081 1791 2283 1832 relinqueret.
2311 1791 2315 1815 ἕ

1250 1848 1313 1887 (10)
1332 1847 1434 1878 Nihilo
1448 1848 1552 1878 tamen
1570 1847 1674 1878 minus
1696 1849 1790 1879 etiam
1807 1850 1875 1888 post
1890 1848 1958 1887 eJus
1977 1857 1996 1880 a
2013 1849 2202 1882 mortalibus
2219 1850 2284 1881 dis-

1250 1914 1372 1937 cessum
1386 1914 1434 1937 res
1444 1905 1581 1937 civitatis
1591 1906 1622 1936 in
1639 1906 1778 1937 secundo
1794 1906 1930 1937 fortunae
1941 1915 2033 1939 cursu
2045 1908 2283 1947 permanebant,

1250 1964 1406 2004 Antigono
1423 1964 1558 1995 filiorum
1572 1964 1712 2003 Dionysii
1726 1966 1758 1996 et
1773 1964 1889 1995 civium
1909 1973 1974 1996 non
1989 1965 2091 1997 obiter
2107 1974 2214 1998 curam
2229 1976 2283 2006 ge-

1250 2023 1348 2053 rente.
1372 2023 1433 2059 Qui
1451 2022 1503 2053 ubi
1523 2017 1562 2053 ad
1579 2023 1638 2053 alia
1653 2023 1794 2054 studium
1810 2023 1941 2063 avertit,
1966 2023 2170 2063 Lysimachus
2183 2025 2215 2057 in
2230 2034 2284 2056 ac·

1249 2080 1443 2111 curationem
1462 2080 1706 2114 Heracliensium
1720 2082 1750 2113 et
1761 2090 1931 2122 puerorum
1945 2083 2106 2123 successit,
2119 2083 2173 2124 qui
2189 2084 2284 2115 etiam

1249 2139 1407 2171 Amastrin
1420 2148 1553 2171 uxorem
1573 2140 1631 2171 sibi
1657 2140 1808 2179 adscivit,
1823 2142 1854 2171 et
1875 2141 1962 2172 initio
1987 2141 2120 2172 mirifice
2139 2141 2258 2172 amavit
2274 2154 2281 2172 :

1249 2199 1301 2229 secl
1315 2199 1518 2238 gliscentibus
1528 2198 1657 2238 negotiis
1669 2222 1676 2235 ‚
1695 2198 1781 2229 illam
1793 2199 1953 2230 Heracleae
1967 2199 2136 2240 relinquit,
2154 2200 2284 2239 ipseque
2307 2193 2311 2225 ἶ

1799 2259 1863 2288 Nec
1889 2257 1982 2296 longo
2002 2258 2166 2291 intervallo
2192 2259 2281 2297 post,
2307 2263 2311 2296 ξ

1249 2324 1347 2354 quum
1364 2324 1382 2346 a
1398 2315 1541 2346 laborum
1558 2315 1760 2346 distractione
1771 2315 1908 2354 quietem
1922 2317 2028 2355 ageret
2040 2339 2048 2354 ‚
2067 2316 2178 2347 Sardes
2198 2326 2201 2342 ι
2229 2324 2281 2346 am
2307 2313 2311 2319 ¹

1913 2386 1920 2404 z
1944 2375 2111 2413 postquam
2138 2383 2213 2405 vero
2238 2374 2278 2404 ad
2307 2383 2312 2391 ‘

1250 2257 1343 2287 rebus
1365 2257 1549 2297 urgentibus
1573 2258 1757 2296 occupatur.

1248 2375 1432 2406 accersitam
1456 2373 1523 2413 pari
1540 2381 1647 2404 amore
1674 2373 1892 2412 complectitur

1250 2433 1413 2464 Ptolemaei
1431 2431 1623 2471 Philadelphi
1644 2435 1752 2462 natam
1773 2432 1881 2469 (ιῖηιοῑ
1904 2432 2087 2471 sororem),
2102 2432 2152 2463 cui
2167 2441 2283 2463 nomen

1249 2491 1399 2529 Arsinoe,
1420 2498 1560 2521 amorem
1588 2489 1815 2527 transtulisset,
1838 2497 1965 2520 causam
1993 2490 2130 2521 Amastri
2144 2490 2284 2530 praebuit

1249 2549 1480 2588 disjunctionis,
1497 2550 1595 2587 utque
1611 2547 1735 2578 deserto
1750 2548 1802 2578 illo
1818 2547 2002 2578 Heracleam
2015 2549 2195 2588 occuparet.
2213 2551 2283 2586 Quo

1249 2616 1372 2639 reversa
1390 2606 1547 2638 Amastrin
1572 2606 1685 2636 urbem
1705 2606 1714 2643 (
1729 2605 1763 2636 in
1781 2605 2020 2645 Paphlaqonia
2032 2606 2043 2644 )
2057 2606 2168 2645 erexit,
2184 2606 2216 2637 et
2232 2614 2282 2636 co·
2306 2594 2311 2605 '

1249 2666 1328 2696 lonis
1342 2664 1564 2704 frequentavit.

158 2782 197 2786 —
209 2768 236 2795 8.
253 2766 436 2805 ἐξωγκώθη]
451 2767 488 2796 cs.
503 2767 687 2806 Nymphidis
702 2769 738 2798 t'r.
758 2773 803 2799 16.
818 2789 849 2793 -
870 2771 900 2799 9.
919 2769 967 2799 ἐπὶ
982 2769 1076 2809 ἀρχῆς
1089 2770 1113 2800 λ’
1128 2770 1233 2810 ἐγνωρ.
1245 2770 1254 2809 ]
1268 2770 1394 2809 triginta
1408 2769 1486 2800 duos
1500 2778 1563 2800 sec,
1576 2768 1704 2800 Diodor.
1722 2770 1817 2807 XVI,
1831 2770 1867 2799 88
1880 2791 1888 2805 ‚
1905 2772 1922 2798 5
1936 2769 1968 2799 et
1982 2769 2038 2798 XX
2048 2791 2056 2806 ,
2072 2770 2109 2799 77
2122 2791 2130 2804 ,
2148 2771 2180 2806 1,
2196 2766 2280 2807 quod

159 2811 274 2842 rectius
292 2820 358 2841 esse
378 2814 482 2843 censet
499 2814 743 2851 wesselingius;
767 2815 919 2854 Nymphis
938 2815 957 2846 1.
974 2815 995 2845 l.
1012 2824 1110 2846 annos
1125 2817 1271 2847 numerat
1290 2816 1416 2855 triginta
1438 2817 1518 2853 tres;
1537 2815 1596 2845 hoc
1613 2823 1723 2845 verum
1741 2814 1851 2845 habeo.
1867 2815 2016 2845 Ceterum
2031 2822 2062 2844 n.
2078 2813 2098 2844 l.
2116 2821 2203 2844 error
2215 2815 2280 2850 est,

162 2860 195 2888 ut
217 2856 354 2895 viditur,
374 2858 476 2888 l‘liotli
493 2859 541 2889 xe!
561 2859 619 2889 libr
621 2860 778 2898 ariolum,
796 2870 858 2892 nou
874 2870 949 2891 xero
965 2862 1140 2892 Memnonis
1151 2864 1227 2902 ,qui
1243 2872 1310 2902 cap.
1330 2866 1347 2894 9
1362 2863 1401 2893 ab
1416 2871 1498 2893 inno
1514 2867 1567 2894 281
1586 2871 1615 2892 a.
1632 2864 1666 2893 C.
1683 2871 1784 2901 usque
1797 2861 1836 2892 ad
1850 2861 1972 2891 initium
1989 2859 2164 2900 tyrannidis
2181 2860 2280 2899 (364)

161 2911 260 2933 annos
284 2906 427 2934 nunurat
447 2907 503 2941 84,
527 2906 612 2944 quod
630 2906 763 2945 quadrat
779 2916 850 2937 (um
871 2908 1000 2938 calculis
1017 2908 1157 2938 Diodori.
1174 2929 1213 2934 -
1239 2914 1285 2941 to.
1313 2909 1464 2940 Amastris
1477 2909 1543 2939 sive
1560 2909 1710 2939 Amestiis
1728 2907 1786 2945 (cf.
1807 2907 1908 2939 ssmehr
1924 2906 1963 2938 ad
1990 2908 2063 2937 Her.
2080 2908 2158 2944 Vil,
2177 2907 2280 2944 61)(’ῐ
2308 2928 2313 2940 ι

160 2950 335 2989 lysimachi
354 2950 547 2981 connubium
566 2953 659 2983 (tiam
686 2954 839 2985 Diodorus
855 2956 929 2990 XX
954 2958 1027 2993 109,
1047 2958 1062 2986 7
1082 2956 1247 2986 memorat.
1262 2971 1301 2977 —
1315 2955 1462 2993 Θυγατέρα
1476 2955 1570 2985 Πτολ.
1584 2965 1601 2983 τ
1627 2953 1739 2984 Φι>αδε
1742 2954 1789 2992 )φ.
1799 2952 1810 2992 ]
1825 2965 1839 2978 ‹
1858 2954 1958 2983 immo
1973 2950 2138 2990 legendum
2153 2951 2281 2991 ἀδελφην
2306 2942 2318 2997 ξ·

161 3004 217 3034 pro
235 2996 405 3035 θυγατέρα;
422 2996 486 3026 duo
500 2998 582 3028 cuim
606 2999 784 3038 Ptolemaei,
803 3001 898 3030 stater
914 3003 943 3030 et
963 3000 1062 3039 filius,
1085 3000 1135 3031 hic
1159 3000 1409 3031 confunduntur.
1431 3001 1508 3030 Nam
1527 2999 1656 3030 Arsinoe
1673 2999 1844 3029 Ptolomaeo
1860 3000 1922 3037 ιω,
1914 2998 1930 3027 i
1949 2997 2012 3028 tilio
2029 2997 2088 3028 suit
2111 2997 2202 3034 nata,
2221 2997 2280 3027 tia-i
2306 3008 2315 3040 5

159 3045 305 3080 tremque
318 3051 503 3081 germanum
521 3044 631 3075 habuit
648 3045 776 3076 Philad«
781 3047 910 3086 lphum,
926 3048 960 3076 ut
974 3055 1013 3076 cx
1028 3025 1218 3077 Plutarcho
1212 3056 1241 3077 ιιι
1257 3046 1415 3077 Demetrio
1432 3048 1543 3077 notum
1555 3047 1613 3076 est.
1629 3048 1693 3076 Nec
1707 3048 1811 3075 lamen
1824 3044 1960 3075 arbitror
1974 3045 2173 3074 Memnonem
2186 3042 2281 3081 hujus
2306 3050 2312 3056 ¹

160 3089 278 3127 peccati
298 3097 365 3119 esse
386 3091 560 3120 auctorem.
585 3090 617 3120 l‹l
634 3091 760 3122 credere
780 3094 887 3123 vetant
908 3093 1086 3131 sequentia,
1107 3093 1221 3131 quibus
1234 3102 1316 3132 saepe
1333 3093 1478 3124 Arsinoes
1499 3093 1627 3122 fratrem
1648 3091 1852 3122 Ptolemaeum
1867 3091 2046 3121 Ceraunum
2061 3090 2174 3128 (quem
2190 3091 2280 3128 patre

160 3134 275 3173 Lagida
295 3137 493 3174 procreatum
509 3136 591 3166 haud
609 3137 742 3167 obscure
759 3137 874 3168 indicat
891 3147 918 3168 c.
947 3139 999 3175 12)
1017 3141 1254 3170 commemorat.
1281 3139 1388 3170 Malim
1407 3139 1572 3178 eapropter
1603 3138 1728 3174 culpam
1746 3137 1776 3167 in
1793 3137 1909 3172 alium,
1929 3136 1995 3166 sive
2013 3136 2038 3166 is
2060 3134 2192 3166 Photius
2214 3135 2280 3166 sive
2318 3160 2319 3164 ,

159 3181 359 3212 amanuensis
384 3181 493 3219 suerit,
512 3182 664 3213 conferre.
688 3196 702 3210 υ
725 3184 915 3222 Wesselinq.
948 3184 1082 3216 observ.
1114 3187 1188 3215 l'ar.
1208 3188 1239 3222 1,
1257 3190 1313 3222 26,
1339 3194 1371 3224 p.
1393 3190 1460 3216 106.
1479 3204 1518 3210 -
1532 3184 1619 3215 πόλιν
1641 3183 1820 3224 Ἄμαστριν]
1840 3184 1890 3215 Cf.
1912 3182 2019 3222 steph.
2044 3183 2118 3221 Byz.
2145 3190 2170 3212 s.
2188 3181 2221 3212 h.
2245 3191 2278 3212 v.

160 3227 273 3257 strabo
301 3228 375 3263 Xll,
396 3236 426 3265 p.
453 3229 535 3265 δίψη
562 3230 717 3267 scymnus
735 3229 831 3260 Chius
848 3232 927 3266 97:3;

160 3274 338 3304 mosuwnes
358 3274 510 3313 Bithynus
524 3283 573 3313 ap.
593 3276 640 3305 st.
661 3277 733 3314 Byr..

955 3231 1058 3260 Τῑοικ.
1089 3230 1166 3261 llisl.
1189 3233 1279 3269 Xlll,
1299 3240 1328 3261 v.
1347 3234 1419 3263 470.
1438 3231 1484 3262 Ab
1513 3234 1669 3262 Amazone
1689 3229 1823 3261 Amastri
1842 3237 1957 3260 nomen
1974 3228 2059 3260 urbis
2074 3227 2196 3259 derivat
2215 3230 2276 3259 De·
2315 3230 2319 3233 ’

750 3300 758 3313 ,
778 3276 827 3306 alii
851 3285 911 3306 sec.
935 3277 1038 3306 Ἡρη.
1058 3277 1097 3306 ab
1114 3279 1245 3308 Amastri
1264 3278 1378 3309 Xanthi
1403 3277 1475 3307 tilia.
