2338 3765
180 158 254 189 5⁶28
1103 151 1373 191 MEMNONIS

170 252 266 287 ρησιν
289 237 401 287 ἑαυτῷ
422 235 581 281 δικάσαι,
606 237 649 276 ὡς
674 233 714 270 διν
740 234 820 283 μηδ’
842 233 927 276 ὅλως
947 236 1107 273 ὑπολίποι
1133 237 1209 273 τινὰ

950 292 994 342 (4)
1025 288 1133 337 Οῧτος
1160 295 1209 331 ἔτι

169 355 235 395 ζῶν
268 351 327 388 καὶ
355 350 445 401 γήρα
475 350 703 402 βαρυνόμενος
729 350 887 399 Τιμοθέῳ
915 352 964 402 τῷ
986 351 1208 403 πρεσδυτέρῳ

168 294 390 346 ἐφεδρεύοντα
419 296 569 335 τοῖςτοῧ
591 293 737 343 ἀδελφοῦ
758 292 890 331 παισίν.

169 412 235 446 τῶν
264 408 397 446 παίδων
427 412 485 445 τοῦ
517 410 662 460 ἀδελφοῦ
693 408 870 459 ἐγχειρίζει
899 408 960 453 τὴν
988 409 1112 460 ἀρχήν,
1150 410 1210 446 καὶ

170 466 258 515 μετὰ
276 466 397 518 χρόνον
421 468 457 503 οὐ
478 466 585 503 πολὺν
610 466 737 517 ἀνιάτω
758 466 860 503 πάθει
886 466 944 503 καὶ
971 467 1211 519 χαλεπωτάτῳ

170 525 398 576 oue7sOstq*.
424 525 638 575 Καρκίνωμα
657 524 723 575 γὰρ
749 524 855 597 μεταξ
858 541 875 561 υ
900 524 1070 575 βουὸῶνός
1095 541 1130 562 τε
1152 527 1211 563 καὶ

172 583 296 652 667500
318 583 465 641 υποιρυὲν
486 582 548 628 τὴν
571 582 679 633 νομὴν
699 582 783 634 πρὸς
803 582 845 619 τὰ
865 581 989 620 ἔνδον’
975 583 1129 620 επεδίδου
1150 599 1212 619 πι-

172 641 353 692 κρότερον·
368 642 400 682 ἐς
416 644 452 677 οὗ
460 641 586 711 ἷᾈῶρες
602 640 901 690 ἀναστομωθείσης
913 657 973 686 της
987 640 1112 691 σαρκὸς
1127 640 1212 691 ἐξέρ-

173 713 246 748 ρεον
270 697 357 749 βαρυ
375 697 433 734 καὶ
457 697 633 735 δύσοιστον
654 696 840 745 πνέουσαι,
859 702 904 742 ὼς
924 714 995 747 μηκ
976 698 1046 736 κε’τι
1068 698 1154 746 μήτε
1175 698 1213 735 τὸ

172 755 448 805 ὑπηρετούμενον
464 755 551 803 μήτε
564 755 642 798 τοὺς
657 756 789 808 ἰατροὺς
805 755 843 793 τὸ
863 759 922 802 τῆς
937 757 1122 802 σηπεδόνος
1136 756 1211 793 στέ-

172 828 242 862 γειν
264 814 410 856 δυσῶδες
421 814 480 850 καὶ
499 813 748 852 ἀνυπόστατον.
777 814 848 853 Καὶ
869 818 1020 866 συνεχεῖς
1041 815 1075 852 δὲ
1096 814 1212 852 ὀδύναι

174 870 232 907 καὶ
245 871 395 921 δριμεῖαι
407 870 484 908 ὅλον
496 871 534 908 τὸ
550 875 653 922 σῶμα
664 872 854 911 κατέτεινον
865 888 873 896 ·
890 873 942 925 ὑφ’
954 868 1000 910 ὧν
1013 873 1213 925 ἀγρυπνίαις

173 944 208 964 τε
224 928 282 965 καὶ
298 932 472 978 σπασμοῒς
493 928 677 977 ἐξεδίδοτο,
698 929 760 974 ἕως
779 930 998 1000 προκόψασαν
1009 930 1128 982 μέχρις
1147 932 1213 968 αὖ·-

173 989 241 1022 τῶν
262 990 329 1023 τῶν
346 987 440 1024 σπλ
410 1003 556 1038 αγχνων
576 1004 636 1026 του
652 988 780 1032 πάθους
798 992 818 1034 ἡ
820 989 924 1061 ἰ’νομὴ
940 1004 998 1026 του
1018 989 1125 1039 βίου
1107 1005 1171 1026 απε
1164 988 1213 1040 ’ρ-

174 1044 284 1094 ρηξεν
312 1046 356 1095 (5)
378 1045 517 1083 ’imon
539 1046 600 1096 μὲν
624 1046 682 1084 καὶ
700 1063 793 1090 ουτος
813 1062 930 1098 ωσπερ
952 1062 1010 1084 και
1035 1046 1214 1098 Κλέαρχος

172 1118 207 1138 τε
211 1104 340 1138 λευτῶν
367 1108 435 1145 τοῖς
469 1105 592 1154 ὁρῶσιν
623 1105 760 1151 ἐννοεῖν,
790 1105 884 1147 δίκας
913 1106 1133 1142 ἀπαιτεῖσθαι
1167 1108 1214 1142 ὡν

173 1161 276 1209 ιι>υ.ῶς
294 1176 329 1197 τε
347 1161 406 1198 καὶ
429 1162 639 1213 παρανόμως
657 1179 735 1206 τους
759 1162 904 1207 πολίτας
929 1162 1014 1201 διέθε
1002 1178 1095 1201 ε.σαν
1119 1164 1212 1201 Πολ-

172 1218 270 1261 λοίκις
287 1218 352 1270 γὰρ
371 1219 471 1256 αὐτὸν
493 1219 597 1272 φασιν
616 1222 648 1257 ἐν
665 1224 706 1272 τῇ
726 1221 815 1272 νόσῳ
829 1221 885 1258 τὸν
903 1221 1046 1259 θάνατον
1061 1223 1213 1259 ἐπελθεῖν

175 1279 267 1328 αὑτῷ
287 1277 541 1329 κατευχόμενον
564 1278 611 1328 μὴ
641 1285 770 1330 τυχεῖν,
798 1278 888 1316 ἀλλὰ
910 1285 1050 1331 συχναῖς
1071 1279 1215 1330 ἡμέραις

174 1338 216 1385 τῆ
237 1341 346 1387 πικρᾷ
374 1335 433 1372 καὶ
464 1336 586 1407 βαρεία
607 1337 947 1386 καταδαπανιιιαενον
967 1337 1078 1390 νόσω,
1108 1337 1215 1380 οὕτως

174 1394 338 1430 ἀποτῖσαι
359 1409 396 1430 το
416 1409 547 1445 χρεων,
569 1394 627 1440 ἐτη
654 1395 713 1444 μὲν
735 1396 911 1451 βιώσαντα
938 1412 981 1433 πε
985 1411 1041 1433 ντε
1057 1398 1116 1433 καὶ
1134 1395 1167 1433 {2⁷
1154 1396 1216 1442 ή-

173 1467 299 1497 κοντα,
314 1455 361 1489 ὡν
380 1455 400 1497 η
420 1468 574 1503 τυραννις
590 1469 679 1504 ειχεν
695 1453 736 1498 ζ
758 1454 959 1504 Ἀγησίλαος
973 1453 1007 1491 δε
1025 1470 1215 1500 τηνικαυτα

175 1510 461 1558 Λακεδαιμονίων
480 1510 618 1548 ἐσασίλε
606 1527 693 1550 ευεν.

229 1570 296 1606 tlt
330 1568 373 1607 O
401 1568 436 1605 δὲ
459 1569 627 1618 Ὶιμόθεος
647 1569 863 1642 παραλαὸὼν
895 1570 957 1616 τὴν
984 1569 1107 1621 ἀρχὴν,
1129 1570 1217 1607 ούτω

175 1626 304 1671 ταύτην
323 1627 377 1663 ἐπὶ
394 1627 432 1663 τὸ
451 1627 639 1678 πραότερον
658 1643 716 1665 και
734 1627 1076 1679 δημοκρατικωτερον
1096 1644 1217 1695 μετερ-

178 1684 347 1753 ρύθμιζεν,
365 1700 409 1726 ιις
427 1700 550 1733 μηκετι
568 1684 731 1736 τύραννον
751 1686 827 1722 ἀλλ’
843 1685 1023 1735 εὐεργέτην
1043 1686 1156 1731 αὐτὸν,
1172 1689 1218 1727 οἷς

176 1742 342 1791 ἐπραττε,
374 1742 432 1778 καὶ
464 1745 606 1793 σωτῆρα
627 1743 866 1792 ὀνομάζεσθαι.
889 1743 945 1781 102
974 1758 1011 1779 τε
1039 1742 1105 1794 γὰρ
1132 1758 1194 1794 χρε
1181 1742 1219 1780 ἀ

175 1805 243 1841 τοῖς
264 1800 454 1842 δανεισταῖς
482 1802 566 1851 παρ’
590 1803 710 1838 ἑαυτοῦ
733 1800 938 1848 διελύσατο,
966 1800 1025 1838 καὶ
1045 1807 1112 1844 τοῖς
1131 1801 1219 1852 χρῄ-

176 1860 269 1902 ζουσι
289 1857 372 1909 πρὸς
391 1858 450 1900 τὰς
466 1858 634 1910 ἐμπορίας
651 1858 709 1896 καὶ
725 1858 782 1896 τὸν
799 1859 902 1897 ἄλλον
920 1859 991 1910 βίον
1012 1859 1121 1896 τόκων
1140 1860 1221 1897 ἄνευ

177 1915 364 1966 ἐπήρκεσε,
391 1916 449 1953 καὶ
479 1919 546 1954 τῶν
580 1917 827 1969 δεσμωτηρίων
847 1919 884 1954 οὐ
913 1917 989 1959 τοὺς
1021 1916 1221 1961 ἀνευθύνους

178 1973 280 2022 μόνον
302 1974 391 2011 ἀλλα
412 1990 470 2012 και
490 1990 566 2018 τους
595 1991 629 2012 εν
653 1974 776 2018 αἰτίαις
797 1974 937 2027 διηφίει.
961 1976 1033 2014 Και
1058 1975 1222 2021 δικαστὴς

178 2028 363 2102 ἀκριέης
342 2037 383 2079 ἠν
399 2036 482 2083 ὁμοῦ
509 2049 569 2071 και
588 2033 846 2086 φιλανθρωπος,
874 2050 933 2071 και
950 2033 993 2071 τὰ
1016 2033 1105 2071 ἄλλα
1131 2044 1217 2081 χρη-

179 2091 277 2137 στὸς,
306 2106 364 2128 και
392 2091 452 2134 τὰς
477 2092 653 2135 υποθέσεις
684 2095 746 2130 οὐκ
776 2092 1039 2143 ἀπιστούμενος.
1072 2092 1152 2144 E'p'
1173 2095 1221 2135 οἷς

179 2164 237 2185 και
260 2164 318 2186 τον
351 2151 408 2187 ἅδε
412 2150 495 2202 λφον
516 2150 693 2188 Διονύσιον
715 2150 758 2188 τά
778 2167 814 2188 τε
845 2151 934 2188 ἄλλα
953 2154 1129 2202 πατρικῶς
1154 2167 1221 2188 πε-

181 2207 287 2258 ριεῗπε
291 2224 321 2254 ν,
351 2224 410 2245 και
439 2208 600 2246 κοινωνὸν
635 2210 696 2259 μὲν
728 2213 819 2259 εἶχεν
850 2209 974 2246 αὐτίκα
1003 2212 1063 2254 τῆς
1092 2211 1219 2260 ἀρχῆς,

180 2265 352 2316 εγομένιι)ς
373 2265 407 2303 δε
435 2266 493 2303 καὶ
515 2266 687 2318 διάδοχον.
717 2267 744 2319 [⁴³
731 2266 755 2317 )
778 2268 830 2305 Οὐ
852 2266 920 2317 μὴν
952 2266 1041 2304 ἀλλὰ
1067 2266 1132 2318 γὰρ
1164 2283 1222 2304 και

179 2323 263 2374 πρὸς
288 2324 349 2367 τὰς
379 2324 569 2374 πολεμικὰς
590 2327 657 2363 τῶν
683 2324 840 2376 πράξεων
873 2324 1034 2376 ἀνδρείως
1063 2326 1221 2376 ἐφέρετο,

180 2383 406 2453 μεγαλόφρων
427 2383 461 2420 δὲ
476 2379 516 2430 ἦν
535 2383 594 2421 καὶ
611 2386 762 2434 γενναῖος
784 2386 887 2432 σῶμα
907 2383 965 2420 καὶ
981 2382 1109 2434 ψυχὴν,
1133 2383 1221 2420 ἀλλὰ

180 2440 238 2477 καὶ
254 2457 336 2492 προς
349 2458 411 2484 τας
427 2445 485 2486 τῆς
503 2442 579 2492 μάχ
580 2458 620 2488 ης
638 2440 810 2484 διαλύσεις
828 2440 1013 2491 εὖγνωμων
1031 2456 1067 2477 τε
1086 2457 1144 2477 και
1160 2457 1221 2478 ουκ

181 2498 324 2551 ἄχαρις·
350 2499 542 2550 πράγματα
573 2499 633 2549 μὲν
654 2500 802 2537 συνιδεῖν
828 2499 964 2545 ἱκανος,
989 2497 1157 2542 ἐξικέσθαι
1187 2498 1221 2536 δὲ

181 2571 265 2626 πρρς
279 2555 321 2593 τὰ
338 2556 581 2608 συνεωραμένα
600 2556 823 2627 δραστήριος,
838 2556 1026 2608 οἰκτίρμων
1041 2572 1077 2593 τε
1091 2571 1130 2593 το
1143 2559 1222 2602 ἠθος

183 2613 242 2650 καὶ
261 2613 431 2665 χρηστὸς,
454 2614 570 2665 καιτῇ
590 2613 650 2663 μὲν
667 2614 864 2666 εὐτολμία
846 2617 961 2656 οεινῶς
978 2614 1221 2665 ἀπότομος,τῆ

183 2670 218 2707 δὲ
241 2671 437 2722 μετριότητι
459 2671 695 2723 φιλάνθρωπός
709 2687 746 2709 τε
764 2672 822 2709 καὶ
845 2672 1029 2722 μειλίχιος.
1050 2672 1111 2710 Διὸ
1138 2673 1220 2723 σφό-

182 2731 247 2779 δρα
270 2730 332 2778 μὲν
350 2730 478 2780 περιὼν
506 2735 575 2771 τοῖς
591 2729 768 2779 πολεμίοις
792 2730 934 2782 φοὸερὸς
951 2726 1004 2777 ἧν,
1022 2730 1080 2767 καὶ
1097 2730 1222 2773 πάντες

183 2786 284 2824 αὐτὸν
297 2786 562 2838 κατωρρώδουν,
575 2787 713 2825 ἐπειδὰν
728 2789 969 2839 ἀπεχθάνοιτο,
984 2789 1052 2831 τοῖς
1067 2789 1094 2825 δ’
1112 2790 1217 2839 ἀρχο-

184 2845 295 2893 μένοις
311 2845 438 2895 γλυκύς
452 2860 487 2882 τε
504 2845 562 2882 καὶ
575 2845 716 2897 ἥμερος.
730 2845 852 2884 ’Ένθεν
867 2846 925 2884 καὶ
936 2848 1102 2884 τελευτῶν
1120 2848 1220 2883 πόθον

186 2905 291 2939 αὑτοῦ
310 2903 477 2940 κατέλιπε
497 2903 619 2950 πολὺν,
641 2904 699 2941 καὶ
711 2903 829 2947 πένθος
844 2905 959 2956 ἤγειρε
973 2908 1021 2957 τῷ
1035 2904 1129 2955 πόθῳ
1144 2904 1220 2941 ἐνά-

185 2962 320 3009 μιλλον.
352 2962 391 3010 (3)
416 2960 456 2997 Ὁ
479 2960 512 2997 δὲ
540 2960 660 2998 τούτου
679 2962 822 3011 ἀδελφὸς
841 2962 1017 3006 Διονύσιος
1046 2963 1136 3000 καίει
1159 2962 1220 3011 μὲν

183 3014 222 3050 τὸ
238 3015 341 3062 σῶμα
357 3014 570 3058 πολυτελῶς,
586 3013 723 3050 σπένδει
744 3014 778 3050 δὲ
799 3016 892 3066 αὐτῷ
909 3015 968 3052 καὶ
982 3015 1023 3052 τὰ
1048 3015 1116 3052 ἀπὸ
1139 3017 1220 3065 βλε-
1236 3037 1243 3042 -

185 3071 302 3123 φάρων
320 3070 451 3123 δάκρυα
478 3070 613 3114 καὶτὰς
634 3070 702 3107 ἀπὸ
722 3073 788 3108 τῶν
813 3073 1023 3123 σπλοίγχνιιιν
1046 3073 1218 3123 οἰμωγὰς,

185 3130 333 3166 ἐπιτελεῖ
346 3129 448 3166 δὲκαὶ
464 3130 598 3178 ἀγῶνας
612 3129 783 3175 ἱππικοὺς,
801 3131 864 3181 οὐχ
878 3130 1036 3173 ἱππικοὺς
1054 3131 1087 3168 δὲ
1104 3131 1217 3179 μόνον,

186 3258 224 3264 ·—
244 3242 272 3270 st.
295 3238 465 3279 συσχεθεὶς]
485 3239 637 3269 excidisse
657 3239 782 3269 videtur
810 3248 839 3269 v.
871 3241 1004 3276 Θνήσκει.
1022 3259 1059 3262 ψ
1085 3240 1213 3281 στέγειν]
1236 3241 1368 3273 Bvldwr.
1387 3249 1444 3279 pro
1468 3240 1553 3278 vulg.
1578 3239 1712 3279 στέργειν
1737 3246 1776 3268 ex
1801 3236 1896 3273 Vat.;

896 3286 964 3316 libri
983 3287 1300 3327 δημοκρατικώτατον.
1316 3304 1357 3309 —-
1370 3287 1414 3326 ἐφ’
1426 3285 1490 3325 οἷς]
1505 3285 1561 3316 cod
1590 3287 1624 3316 Α.
1638 3295 1645 3323 ;
1660 3285 1690 3315 ἐν
1705 3284 1748 3320 οἷς
1760 3283 1843 3321 vulg.
1863 3299 1902 3306 --
1916 3285 1945 3312 2.
1963 3277 2128 3318 τελευτῶν]
2144 3276 2248 3317 Ἦρξεν
2266 3276 2316 3312 ἔτη

762 3333 797 3367 3;
817 3333 873 3369 88,
890 3335 917 3362 5.
937 3332 1070 3362 Moritur
1088 3333 1137 3364 Ol.
1155 3337 1230 3373 110,
1247 3338 1263 3365 3
1280 3333 1346 3364 sive
1361 3336 1418 3364 3:38
1433 3341 1462 3363 a.
1482 3335 1519 3364 C.

231 3287 268 3316 ΙΙΙ
283 3310 291 3323 ,
320 3290 344 3316 l.
367 3283 690 3325 δημοκρατικώτερον]
707 3285 877 3323 Stephau.;

188 3332 404 3361 πεντεκαίδεκα
415 3331 564 3370 ,1)ἰοιΙΟΓ.
581 3332 603 3361 X
613 3331 648 3361 vl
662 3354 669 3367 ,
686 3334 745 3369 36,

1271 246 1298 274 vt
1310 252 1370 274 non
1385 243 1548 283 gignendae
1562 244 1679 274 sobolis
1690 252 1746 275 ceu
1761 252 1885 284 poi-nani
1900 245 1957 277 sibi
1972 245 2126 286 irrogaret
2142 259 2149 277 :
2165 255 2203 278 ne
2216 256 2312 288 quem

1270 302 1398 332 omnino
1419 302 1631 332 insidiatorem
1665 302 1834 341 nepotibus
1850 303 2052 343 relinqueret.
2083 306 2126 344 (4)
2150 307 2314 345 Superstes

1274 360 1376 390 adhuc
1388 385 1395 399 ‚
1411 360 1463 391 scd
1481 360 1568 391 senio
1583 361 1732 399 gravatus
1757 361 1924 392 Timotheo
1936 385 1944 400 ,
1961 363 2016 402 qui
2033 363 2072 394 de
2089 364 2193 403 pueris
2220 366 2315 396 aetate

1272 419 1447 458 praecvssit,
1469 427 1574 449 rerum
1591 427 1749 449 summam
1764 419 1880 459 tradit,
1900 430 1958 452 nec
1974 422 2076 453 multo
2090 424 2232 463 tempore
2245 425 2315 464 post

1271 477 1455 508 difficillimo
1472 479 1636 517 correptus
1650 477 1761 508 morbo
1777 479 1809 509 et
1823 478 2045 511 immedicabili
2062 483 2173 512 vitam
2184 481 2313 519 finivit.

1274 538 1393 567 Cancer
1407 536 1491 566 enim
1509 536 1556 566 int
1570 545 1591 565 *r
1609 536 1724 575 inguen
1747 537 1779 567 et
1803 538 1945 568 scrotum
1965 540 2078 570 enatus
2105 539 2144 570 ad
2166 539 2316 572 interiora

1272 594 1427 633 pascendo
1437 594 1569 625 subinde
1578 595 1721 627 acerbius
1730 597 1932 637 proserpebat
1943 607 1998 629 :ex
2010 608 2072 638 quo
2090 606 2185 629 carne
2198 599 2314 639 laxata,

1271 654 1372 684 sanies
1397 653 1599 693 gravissimos
1621 655 1652 685 et
1670 654 1886 687 intolerabiles
1910 658 2074 696 exspirans
2100 657 2214 690 odores
2245 667 2316 698 pro-

1272 711 1404 750 fluebat,
1420 713 1457 742 ut
1469 720 1528 742 nec
1541 712 1677 743 ministri
1694 722 1754 745 nec
1770 714 1885 745 medici
1903 716 2186 747 virulentissimum
2207 718 2316 756 putre-

1271 770 1352 802 dinis
1367 771 1511 802 soetorem
1528 771 1722 803 sustinerent
1732 781 1770 803 ac
1784 774 1969 812 perferrent.
1986 774 2196 806 continentes
2209 777 2315 807 autem

1271 830 1303 859 et
1331 829 1475 860 acerrimi
1501 829 1625 861 dolores
1647 831 1752 862 totum
1780 831 1849 870 ejus
1874 840 1989 872 corpus
2008 833 2280 865 excarnificabant
2308 847 2316 866 ς

1272 896 1408 926 quorum
1426 888 1539 927 vigiliis
1563 889 1594 919 et
1611 889 1872 921 convulsionibus
1900 899 2040 930 eousque
2071 892 2146 922 mati
2172 892 2317 932 contagio

1271 946 1517 985 adaugescebat,
1543 947 1645 978 donec
1658 948 1697 979 ad
1713 948 1779 987 ipsa
1793 948 1914 979 viscera
1931 957 1963 979 se
1986 949 2149 980 insinuans
2160 952 2257 981 vitam
2274 952 2318 990 ty·

1273 1016 1371 1038 ranno
1388 1007 1526 1047 abrupit.
1568 1007 1611 1046 (5)
1630 1009 1736 1044 Quare
1753 1007 1804 1038 hic
1821 1016 1883 1038 non
1905 1007 2011 1039 minus
2027 1017 2122 1047 quam
2146 1009 2319 1040 Clearchus

1273 1065 1599 1096 animadvertentibus
1611 1065 1877 1096 considerandum
1894 1066 2052 1104 exhibuit,
2068 1075 2175 1106 poenas
2190 1067 2318 1098 tandem

1273 1124 1353 1164 exigi
1368 1124 1495 1155 illorum
1516 1133 1588 1164 quae
1606 1125 1718 1155 contra
1730 1123 1838 1155 divina
1854 1127 1885 1156 et
1902 1124 2122 1163 humanaJura
2138 1125 2319 1157 immaniter

1275 1184 1304 1213 in
1328 1183 1412 1214 cives
1429 1182 1640 1213 admisissent.
1662 1185 1753 1222 Saepe
1770 1182 1853 1214 enim
1872 1182 1953 1213 inter
1973 1182 2073 1214 morbi
2093 1184 2231 1215 torturas
2247 1192 2319 1223 pre-

1274 1241 1499 1279 catusdicitur,
1512 1245 1547 1271 ut
1558 1241 1797 1281 quamprimum
1816 1250 1848 1272 se
1860 1250 1946 1272 mors
1957 1242 2105 1272 obrueret
2117 1253 2126 1281 ;
2138 1242 2201 1273 voti
2213 1243 2319 1274 tamen

1274 1310 1403 1340 compos
1420 1309 1484 1331 non
1498 1301 1707 1339 antefactus,
1729 1309 1825 1340 quam
1846 1301 1990 1333 diuturni
2016 1302 2119 1334 morbi
2143 1303 2172 1333 vi
2186 1303 2218 1333 et
2230 1310 2318 1333 acer-

1275 1356 1370 1388 bitate
1380 1358 1586 1396 consumptus
1598 1365 1635 1387 eo
1647 1357 1740 1387 modo
1753 1357 1824 1388 fatis
1834 1357 1978 1389 debitum
1986 1358 2134 1397 exsolvit,
2148 1359 2320 1399 postquam

1274 1414 1436 1452 sexaginta
1449 1413 1590 1452 quinque
1601 1413 1633 1443 in
1647 1413 1711 1443 vita
1726 1437 1734 1451 ‚
1752 1413 1782 1443 in
1801 1414 1966 1452 tyrannide
1980 1415 2101 1454 septem
2117 1423 2217 1445 annos
2230 1423 2320 1445 com·

1276 1470 1429 1509 pleverat.
1445 1471 1645 1509 Tempestate
1659 1469 1711 1500 illa
1725 1478 1855 1510 regnum
1870 1470 1955 1510 apud
1970 1470 2228 1502 Lacedaemonios
2241 1474 2320 1510 Age-

1275 1526 1371 1557 silaus
1384 1525 1639 1557 adminiStrabat.

1317 1584 1373 1612 llt.
1390 1582 1577 1613 Timotheus
1590 1582 1683 1622 igitur
1702 1582 1870 1621 imperium
1897 1582 2031 1622 adeptus
2057 1583 2100 1614 ita
2116 1583 2156 1614 ad
2180 1582 2321 1614 modera-

1276 1640 1396 1671 tionem
1412 1640 1574 1680 magisque
1588 1641 1772 1680 popularem
1789 1642 1907 1672 statnm
1929 1641 2009 1672 illud
2035 1641 2180 1681 reduxit,
2200 1643 2235 1673 ut
2258 1650 2322 1672 non

1279 1698 1362 1729 ultra
1378 1700 1534 1738 tyrannus
1547 1722 1555 1737 ‚
1570 1698 1624 1729 sed
1640 1699 1801 1730 beneficus
1822 1701 1965 1731 servator
1980 1699 2021 1730 ob
2038 1700 2189 1739 praeclare
2211 1701 2322 1732 merita

1279 1759 1528 1796 nuncuparetur.
1555 1759 1636 1788 Nam
1653 1757 1693 1789 de
1708 1766 1766 1788 suo
1783 1757 1911 1788 nomina
1930 1757 2141 1789 creditoribus
2163 1758 2322 1798 expedivit

1280 1818 1310 1847 et
1327 1815 1431 1855 inopia
1450 1815 1667 1847 laborantibus
1679 1816 1746 1847 sine
1768 1816 1886 1847 soenore
1900 1815 1940 1847 ad
1956 1817 2186 1856 negotiationes
2202 1818 2233 1848 et
2246 1817 2322 1848 alios

1280 1874 1354 1905 vitae
1376 1883 1451 1905 usus
1469 1874 1619 1914 pecunias
1640 1874 1876 1914 suppeditavit;
1894 1883 1952 1906 nec
1968 1875 2065 1906 modo
2081 1876 2238 1915 insontes,
2269 1875 2321 1907 sed

1280 1934 1375 1965 etiam
1395 1933 1581 1964 criminibus
1596 1934 1751 1965 obnoxios
1767 1934 1946 1965 carceribus
1970 1935 2116 1966 exsolvit.
2139 1934 2246 1967 Judex
2269 1944 2320 1966 ac-

1281 1993 1410 2023 curatus
1426 1993 1494 2023 erat
1517 1992 1675 2032 simulque
1703 1993 1880 2030 humanus,
1897 1994 1993 2032 atque
2015 1993 2120 2024 cetera
2140 1993 2189 2024 vir
2202 1993 2320 2025 bonus.

1281 2050 1418 2082 consiliis
1428 2050 1492 2082 suis
1503 2051 1622 2082 nemini
1636 2052 1811 2091 suspectus.
1826 2051 1894 2083 Tali
1908 2051 2061 2091 praeditus
2074 2052 2179 2083 animo
2195 2053 2320 2083 fratrent

1282 2108 1467 2149 Dionysium
1485 2118 1585 2149 quum
1598 2110 1630 2140 in
1644 2110 1711 2141 aliis
1719 2111 1849 2149 paterno
1859 2118 1967 2141 amore
1980 2111 2012 2141 et
2024 2110 2129 2141 studio
2141 2111 2320 2150 complexus

1281 2170 1340 2208 est,
1354 2169 1423 2199 tum
1435 2168 1542 2199 statim
1557 2168 1678 2208 imperii
1693 2172 1871 2200 consortem
1888 2169 2040 2206 adscivit,
2059 2171 2089 2199 et
2108 2177 2320 2200 successorem

1281 2227 1339 2260 sibi
1354 2227 1534 2259 destinavit.
1551 2226 1595 2267 (2)
1611 2227 1670 2258 Sed
1682 2227 1844 2258 enimvero
1858 2227 1897 2258 ad
1910 2236 1958 2258 res
1971 2227 2100 2259 bellicas
2113 2236 2244 2267 quoque
2257 2228 2320 2258 aia-

1282 2288 1328 2319 cri
1344 2289 1375 2319 et
1390 2287 1446 2328 qui
1459 2286 1563 2317 virum
1580 2286 1671 2317 decet
1682 2286 1787 2317 animo
1803 2286 1971 2317 serebatur.
1985 2283 2098 2325 Magno
2114 2286 2197 2316 enim
2213 2286 2320 2326 spiritu

1283 2348 1314 2377 et
1332 2354 1482 2386 generoso
1496 2345 1636 2385 corporis
1651 2346 1682 2375 et
1697 2344 1794 2375 animi
1809 2344 1923 2375 robore
1944 2344 2012 2374 erat
2029 2343 2188 2382 praeditus.
2203 2346 2320 2375 Verun¹

1282 2404 1377 2434 etiam
1388 2404 1427 2434 ad
1438 2403 1669 2434 controversias
1680 2402 1837 2433 bellorum
1848 2401 2039 2432 dirimendas
2050 2403 2081 2432 et
2089 2402 2321 2441 componendas

1282 2470 1412 2501 aequum
1429 2461 1612 2500 bonumque
1627 2469 1660 2491 se
1676 2460 1839 2500 praebebat
1857 2468 1916 2490 nec
1935 2459 2105 2490 difficilem.
2142 2460 2189 2491 Ad
2209 2461 2321 2500 perspi-

1282 2517 1429 2549 ciendum
1453 2526 1502 2548 res
1518 2517 1651 2548 idoneus
1664 2516 1747 2547 etad
1764 2515 2002 2556 exsequendum
2017 2515 2096 2546 bene
2112 2516 2321 2547 consideratas

1282 2577 1446 2614 strenuus3
1460 2572 1584 2611 ingenio
1599 2573 1630 2602 et
1644 2571 1786 2602 moribus
1800 2571 1956 2608 clemens,
1972 2570 2150 2601 misericors
2166 2572 2197 2600 et
2208 2570 2321 2601 beneti-

1282 2634 1356 2664 cus;
1373 2625 1403 2655 in
1421 2623 1567 2664 periculis
1588 2623 1716 2662 quidem
1737 2622 1890 2653 adeundis
1912 2622 2000 2653 ferox
2013 2645 2021 2660 ,
2036 2624 2069 2652 at
2092 2621 2123 2652 in
2138 2625 2242 2653 cetera
2259 2623 2321 2652 vita

1283 2689 1436 2720 perquam
1451 2680 1609 2710 humanus
1623 2680 1654 2709 et
1676 2677 1787 2709 comis.
1808 2677 1883 2709 ldeo
1895 2701 1902 2715 ,
1920 2676 2074 2716 quamdiu
2101 2676 2188 2707 salva
2207 2675 2235 2707 ei
2258 2676 2322 2707 vita

1282 2736 1409 2775 mansit,
1435 2735 1579 2767 hostibus
1606 2735 1844 2774 quammaxime
1870 2733 2102 2764 formidabilem
2120 2733 2131 2771 (
2145 2733 2181 2763 ut
2193 2740 2319 2770 ornnes,

1281 2796 1473 2836 quibuscum
1504 2793 1685 2825 inimicitias
1711 2793 1913 2832 susceperat,
1939 2799 2012 2821 eum
2041 2789 2318 2828 expavescerent),

1281 2854 1335 2886 sed
1352 2854 1473 2885 civibus
1494 2861 1626 2884 suavem
1649 2853 1680 2883 et
1702 2851 1812 2882 mitem
1838 2858 1905 2881 sese
1923 2847 2081 2888 praestitit.
2107 2846 2188 2878 Hinc
2206 2845 2321 2877 accidit

1281 2912 1317 2941 ut
1335 2910 1459 2941 advitae
1473 2910 1595 2941 exitum
1607 2910 1740 2939 vocatus
1753 2907 1860 2946 iugens
1873 2907 1920 2937 sui
1935 2904 2125 2936 desiderium
2140 2903 2256 2934 faceret
2276 2911 2319 2932 re-

1281 2968 1404 3007 liquum
1417 2992 1426 3007 ‚
1445 2968 1476 2998 et
1493 2975 1601 3007 parem
1612 2964 1767 2996 desiderio
1783 2964 1906 2994 luctum
1920 2962 2086 2993 excitaret,
2132 2959 2176 2998 (3)
2191 2960 2319 2990 Germa-

1280 3032 1340 3054 nus
1350 3025 1457 3054 autem
1471 3022 1539 3061 ejus
1553 3021 1721 3061 Dionysius
1728 3018 1902 3059 magnificis
1915 3017 2049 3049 cadaver
2059 3015 2236 3055 sumptibus
2244 3022 2318 3052 rogo

1280 3081 1393 3121 tradit,
1408 3081 1440 3111 et
1455 3089 1472 3111 e
1485 3079 1549 3111 suis
1565 3077 1652 3109 fratri
1666 3077 1823 3117 palpebris
1848 3075 1995 3106 lacrimas
2015 3082 2072 3105 ceu
2095 3072 2196 3103 libans
2215 3071 2318 3102 essun-

1279 3136 1336 3175 dit,
1354 3144 1436 3175 eque
1449 3133 1623 3165 visceribus
1638 3133 1666 3164 ei
1680 3131 1816 3171 gemitus
1827 3129 1987 3169 impendit.
2002 3127 2104 3159 Ludos
2121 3126 2215 3157 etiam
2227 3132 2318 3163 eque-

1924 3234 2100 3272 conjecerat
2128 3231 2316 3269 Stephanus.
