2338 3765
940 125 1269 164 FRAGMENTA.

49 221 125 250 cata
143 213 332 260 Hispania,
349 212 532 246 civitatem
551 213 755 246 Romanam
770 218 977 257 acceperat,
992 218 1077 245 teste

48 274 168 308 Dione
187 271 306 306 Cassio
327 270 392 307 lib.
413 270 496 304 XLI
511 297 519 313 ,
539 277 573 304 et
591 276 787 315 propterea
809 270 976 313 Augusta
995 270 1077 302 urbs

46 331 150 365 lulis!
167 330 354 364 Gaditana
366 329 545 374 appellata
561 334 567 369 t
585 328 719 361 Plinius
735 328 795 372 lv,
814 339 860 361 22
873 324 882 374 )
896 354 904 370 ‚
920 334 1076 373 proptor

48 400 136 435 opes
153 393 275 421 autem
289 386 419 432 insigni
435 385 605 432 praesidio
622 384 675 419 rei
691 386 866 419 Romame
883 396 956 419 esse
969 391 1074 431 pote·

47 453 116 482 rat.
141 446 220 479 Mos
240 450 335 487 erat,
356 450 399 477 ut
418 450 542 490 gentes
561 450 595 477 et
614 443 776 476 civitates
791 449 923 476 exterae
940 443 1040 476 viros
1057 455 1075 476 a

48 503 222 538 Romanis
236 502 391 535 illustres
404 527 413 544 ‚
432 501 495 546 qui
512 513 569 536 eas
585 501 747 547 priumm
762 501 813 534 rei
827 502 1004 535 Romanae
1015 500 1077 535 ad-

43 561 230 606 jecissent,
248 567 310 594 aut
323 559 469 593 civitate
484 560 652 592 Romana
669 558 886 601 donassent,
900 566 1077 605 patronos

46 618 114 652 sibi
134 617 368 664 adoptarent.
385 616 471 650 Eam
488 615 536 649 ob
558 628 701 650 eausam
715 615 884 651 Gaditani
899 627 1075 663 generum

46 674 194 710 Caesaris
207 674 360 721 Augusti
371 674 423 709 M.
441 674 639 720 Agrippam
651 680 851 720 patronum
864 686 968 708 suum
985 687 1075 708 nun-

46 738 251 778 cuparunt,
270 730 373 777 quod
392 731 545 777 plurimi
577 731 844 766 Gaditanorum
865 733 1005 765 nummi
1023 739 1078 766 te-

45 795 197 832 stantur,
215 789 224 821 i
230 801 253 822 n
269 789 404 835 quibus
420 788 583 834 Agrippa
592 796 768 834 palrcmus
780 790 835 823 vel
849 800 983 837 parens
996 802 1075 823 mu-

45 847 171 893 nicipii
207 846 329 881 Gadit.
360 853 530 882 vocatur.
558 847 723 892 Agrippa
755 846 953 881 demortuo
983 847 1078 882 forte

45 904 215 939 Gaditani
231 932 240 948 ,
258 911 300 938 ut
319 905 357 938 in
379 904 507 938 eadem
529 903 661 938 domus
681 904 850 941 Caesareae
870 906 982 940 tutela
1000 919 1077 940 ma-

45 970 195 1006 nerent,
215 962 350 996 Jubam
368 974 492 1009 regem
515 962 785 996 substituerunt
805 974 813 998 :
844 975 963 1009 neque
988 964 1077 997 mihi

45 1020 200 1055 dubium
220 1027 288 1065 est,
310 1033 426 1067 quum
444 1021 477 1054 ei
495 1020 751 1055 duumviratus
770 1021 953 1055 honorem
971 1021 1077 1056 detu—

45 1078 187 1124 lissent,
210 1078 319 1112 simul
343 1085 547 1125 patronum
573 1079 729 1113 coloniae
757 1091 829 1113 suae
857 1079 1073 1126 designasse.

44 1137 150 1171 Certe
164 1143 366 1183 utrumque
380 1137 413 1171 ei
431 1137 624 1184 contigisse
639 1138 678 1171 in
691 1137 758 1171 alia
785 1138 879 1172 urbe
894 1139 1077 1185 Hispania?

43 1195 224 1229 maritima
236 1222 244 1238 ‚
265 1195 487 1242 Carthagine
504 1207 619 1239 nova,
640 1195 869 1230 demonstrat
882 1197 973 1243 lapis
990 1198 1079 1231 anti-

44 1265 138 1299 quus
157 1265 198 1288 ea
218 1254 255 1287 in
275 1254 370 1287 urbe
393 1259 581 1299 repertus,
603 1253 705 1298 cujus
729 1254 1007 1301 inscriptionem
1033 1268 1079 1290 ex

43 1312 203 1346 Reinesii
222 1312 411 1359 Syntagm.
432 1324 468 1358 p.
492 1311 587 1357 329,
611 1312 671 1346 hic
689 1312 866 1359 integram
896 1315 1077 1348 transcri-

44 1369 128 1404 bam
151 1383 159 1403 :

370 1467 467 1493 ami
496 1468 606 1493 JiJBAE
637 1468 749 1494 REms

361 1526 469 1551 JUBAE
502 1525 608 1551 rimo
640 1526 761 1552 amis

280 1583 523 1609 anPsAms
548 1585 587 1611 N.
620 1585 712 1612 nm.
743 1585 836 1611 GAv.

308 1641 536 1668 PRONEPOTI
567 1642 686 1668 REGIS
718 1643 814 1668 MASI

217 1699 339 1725 mssa:
369 1699 573 1725 ΑΒΝΕΡοΤι
605 1700 645 1725 N.
677 1700 711 1725 F..
742 1700 778 1726 P.
810 1701 846 1725 D.
880 1701 904 1725 1.

299 1757 330 1782 11
356 1757 427 1783 vm
455 1757 599 1791 QmNQ.
629 1757 820 1784 PATRONO

465 1815 647 1840 COLONIAE

361 1872 506 1899 comm
527 1874 576 1898 ΕΤ
603 1873 759 1899 tNCOLAE

450 1931 674 1956 Lim-aum.

45 2012 267 2059 Singularias
288 2013 428 2056 literas,
450 2026 531 2059 quae
558 2025 667 2048 versu
687 2014 818 2059 quinto
854 2022 1076 2059 occurrunt,

46 2071 235 2105 Reincsius
263 2072 301 2104 in
321 2071 443 2106 indice
472 2072 709 2118 interpretari
742 2077 858 2105 tentat
890 2084 897 2105 :
929 2073 1080 2107 Nomini

45 2129 134 2173 Ejus
149 2129 360 2163 Ponendum
372 2130 648 2175 Dicandumque
662 2130 691 2163 J
689 2137 853 2163 [inverunt
862 2143 874 2172 ;
892 2130 1052 2176 Sponius
1068 2144 1076 2168 :

45 2186 199 2220 Numim'
217 2188 249 2221 E
243 2191 307 2231 jus
328 2188 532 2222 Plurimum
551 2188 678 2221 Devoti
694 2188 722 2221 J
721 2195 895 2221 uss-erunt.
927 2188 998 2222 Sed
1024 2189 1078 2223 bre

45 2243 213 2279 formulae
233 2246 354 2279 minus
369 2245 545 2279 videntur
565 2245 764 2279 convenire
780 2245 901 2279 verbis
917 2257 1076 2291 sequen-

47 2302 144 2336 tibus
157 2330 165 2346 ‚
200 2303 335 2349 quibus
365 2303 461 2337 tituli
501 2303 604 2337 Jubae
637 2303 915 2339 continuantur.
951 2305 1078 2351 Itaque

46 2361 142 2394 malo
178 2372 186 2395 :
221 2362 326 2395 Nunc
354 2361 478 2395 Etiam
512 2362 664 2395 Publico
689 2362 930 2395 Decuriouum
954 2363 1074 2398 lustru.

45 2417 239 2463 Quidquid
254 2417 293 2452 id
304 2424 355 2452 est
364 2445 372 2461 ,
389 2418 547 2465 Iapishic
562 2418 708 2452 dicatur
720 2419 747 2452 J
747 2419 829 2452 uboe
842 2419 934 2465 Regi
946 2420 1080 2454 Duum-

47 2478 121 2510 viro
141 2476 432 2522 Quinquennali,
455 2478 616 2511 Patrono
635 2477 810 2512 Colouioe.
831 2476 942 2522 Quod
960 2479 1078 2525 ipsum

47 2531 262 2577 confirmat,
285 2534 349 2579 qui
379 2534 489 2581 plane
514 2534 613 2568 idern
631 2534 800 2581 praefert,
819 2547 992 2570 nummus
1014 2548 1076 2570 an·

49 2590 200 2636 tiquusa
214 2591 397 2635 Gesnero‚
412 2592 505 2638 Reg.
519 2592 609 2627 min.
625 2590 723 2639 gent.
740 2592 830 2628 Tab.
846 2593 916 2636 ΙΙΙ,
933 2591 995 2640 fig.
1018 2592 1076 2637 18,

48 2655 114 2682 eta
131 2648 262 2683 Liebio
274 2649 309 2682 in
328 2649 441 2685 Goth.
459 2661 561 2685 num.
573 2661 612 2695 p.
635 2653 653 2690 4
665 2662 678 2683 1
697 2651 923 2696 propositus,
942 2657 977 2685 et
990 2651 1076 2686 Car-

49 2705 186 2752 thagini
212 2706 324 2740 Novae
344 2705 446 2740 haud
469 2713 604 2741 temere
624 2706 846 2754 adscriptus,
871 2708 934 2754 qui
952 2708 989 2742 in
1009 2709 1077 2743 ad—

50 2775 152 2798 versa
162 2770 266 2810 parte
277 2762 409 2798 florem
422 2764 487 2798 loti
504 2765 654 2799 exhibet
670 2778 754 2799 cum
766 2766 932 2811 inscript.
956 2778 963 2799 :
984 2765 1079 2802 JUBA

51 2833 122 2855 REX
141 2819 242 2855 JUBAE
271 2834 303 2857 F.
326 2819 361 2855 II
384 2833 422 2857 V.
445 2834 483 2863 Q.
501 2848 511 2866 ,
536 2823 704 2856 duumvir
720 2825 1016 2869 quinqzoemuzlis‚·
1041 2826 1079 2860 in

49 2888 173 2914 aversa
195 2891 203 2912 t
234 2878 303 2915 CN.
330 2878 516 2915 ATELLms
538 2879 673 2915 ΡΟΝΤΙ.
698 2879 733 2915 II
768 2893 803 2915 V.
826 2893 862 2922 Q.
883 2880 1075 2927 poillifiw‚

50 2937 215 2970 duumvir
228 2938 526 2983 quinquennalis,
550 2950 634 2972 cum
654 2938 905 2972 instrumentis
924 2940 1079 2985 pontili—

52 2994 189 3028 calibus
206 3001 395 3040 quattuor.
415 2995 469 3028 Ex
489 3006 564 3040 quo
586 2995 842 3043 intelligimus,
861 2997 965 3030 Jubae
984 2999 1080 3045 regis

52 3051 90 3085 in
101 3051 340 3085 duumviratu
354 3051 583 3099 Carthaginis
595 3053 773 3099 collegam
789 3052 894 3087 fuisse
906 3053 969 3088 Cn.
985 3054 1080 3089 Atel·

51 3108 156 3151 lium,
180 3120 337 3154 eumque
354 3108 585 3155 pontificem.
613 3110 684 3155 Qui
709 3117 991 3144 monumentum
1019 3124 1079 3145 su-

51 3167 173 3212 perius
198 3167 231 3200 ei
248 3173 454 3212 posuerunt
467 3194 476 3210 ,
496 3167 674 3201 dicuntur
693 3168 810 3201 coloni
827 3175 862 3201 et
880 3169 1011 3201 incoloe
1035 3170 1077 3202 li·

54 3223 196 3257 bertini.
211 3225 399 3270 Frequens
415 3225 674 3259 libertinorum
686 3237 824 3259 nomen
838 3237 905 3272 per
916 3226 1079 3260 colonias

55 3281 265 3327 Hispanicas
285 3289 349 3317 est.
373 3283 503 3317 Ortum
521 3295 649 3317 eorum
666 3290 699 3317 et
715 3284 870 3329 primam
893 3284 1078 3318 coloniam

2091 141 2161 173 ⁴67

1140 212 1388 247 traditljvius
1410 215 1474 250 lib.
1493 215 1638 259 XLIII,
1660 216 1694 259 ⁹»,
1718 218 1779 263 qui
1798 225 1980 252 nwniorat
2001 220 2167 255 homines

1137 284 1248 317 super
1266 280 1442 318 quattuor
1458 275 1586 321 millia,
1608 276 1669 321 qui
1687 288 1723 309 se
1739 287 1781 309 ex
1798 276 1975 310 militibus
1991 278 2167 313 'Romanis

1138 336 1173 362 et
1193 342 1236 363 cx
1255 331 1422 376 IIispanis
1439 333 1674 376 mulieribus,
1690 346 1773 367 cum
1789 334 1922 379 quibus
1936 335 2164 370 connubium

1138 399 1213 420 non
1231 393 1340 434 esset,
1361 397 1465 423 natos
1483 390 1764 436 profiterentur,
1788 404 1830 425 ev<
1851 393 2023 438 IIispania
2042 406 2107 440 per
2125 395 2167 428 11·-

1138 451 1240 489 gatos
1259 452 1425 480 senatum
1454 460 1615 494 rogasse,
1635 456 1676 482 ut
1706 450 1772 483 sibi
1796 450 1997 496 oppidum,
2030 452 2064 484 in
2092 465 2166 498 quo

1138 501 1364 549 habitarent,
1387 503 1551 541 daretur.
1571 506 1742 540 Senatum
1765 507 1967 542 decrevisse
1981 536 1989 551 ‚
2010 517 2049 543 ut
2065 522 2107 544 cx
2128 512 2168 544 iis⁴

1139 559 1203 603 qui
1228 561 1438 594 manumissi
1460 568 1595 605 essent,
1617 564 1794 598 Carteiam
1817 565 1861 599 ad
1885 566 2071 601 Oceanum
2102 568 2168 602 de—

1140 615 1376 652 ducerentur.
1413 619 1518 653 }Ianc
1551 621 1733 655 coloniam
1771 622 2052 668 libertinorum,
2086 638 2169 672 qua=

1139 675 1288 709 Carteiae
1302 676 1501 719 subcrevit,
1520 677 1619 711 haud
1635 678 1746 711 dubie
1762 679 1840 713 alife
1852 680 2024 728 deinceps
2037 691 2168 719 secuta:

1138 739 1242 778 sunt,
1274 746 1354 780 quae
1374 735 1573 769 maritimas
1594 734 1773 782 IIispania¹
1794 738 1903 771 urbes
1935 740 2167 784 insederunt,

1140 790 1289 825 sortasse
1310 792 1420 826 etiam
1441 804 1460 827 a
1492 793 1634 827 colonis
1654 805 1697 827 ex
1727 794 1849 829 Africa
1878 796 1990 830 missis
2021 805 2057 831 et
2088 801 2167 844 pari

1140 848 1356 884 conditione
1386 851 1500 893 natis,
1523 850 1681 885 subinde
1709 860 1822 886 auctze
1848 860 1944 889 sunt.
1968 855 2170 890 Libertinos

1140 909 1325 953 munic-spii
1352 907 1535 941 Suelitcmi
1564 908 1600 941 in
1627 909 1803 954 Hispania
1839 911 1969 944 Baetica
2004 914 2170 948 nominat

1140 964 1331 1011 inscriptio
1352 977 1410 1012 ap.
1431 966 1578 1002 Reines.
1611 978 1650 1011 p.
1688 965 1772 1006 131,
1803 974 1839 1000 et
1866 968 1983 1012 Spon.
2013 977 2100 1004 sect.
2124 973 2168 1013 V,

1140 1034 1178 1068 p.
1201 1022 1287 1069 189,
1304 1030 1338 1057 et
1352 1024 1544 1057 Reinesius
1561 1024 1598 1056 in
1613 1024 1820 1060 Comment.
1838 1024 1884 1058 ad
1898 1025 1991 1059 hanc
2007 1027 2169 1075 inscript.

1139 1092 1176 1126 p.
1210 1079 1300 1123 136,
1334 1082 1421 1114 item
1442 1081 1480 1114 in
1509 1080 1625 1126 Epist.
1657 1081 1789 1115 XXXI
1809 1081 1856 1115 ad
1878 1081 2003 1118 IIosm.
2026 1094 2170 1127 monet,

1140 1139 1178 1172 in
1211 1139 1280 1173 alia
1321 1139 1560 1185 inscriptione
1594 1139 1822 1184 Antiquariae
1862 1141 1964 1186 Hisp.
2003 1150 2145 1188 reperta
2162 1173 2171 1187 .‚

1139 1209 1176 1242 p.
1194 1197 1391 1240 CCCXCV,
1410 1209 1448 1233 n.
1473 1210 1506 1242 7,
1525 1204 1561 1231 et
1579 1209 1617 1243 p.
1639 1197 1877 1232 CCCCKXVI
1892 1224 1900 1239 ‚
1922 1210 1958 1233 n.
1981 1200 2020 1243 8,
2033 1201 2172 1245 pariter

1139 1255 1420 1289 Libertinorum
1439 1256 1666 1290 mentionem
1688 1253 1780 1290 fieri.
1803 1256 1969 1290 Fortasse
1994 1257 2170 1293 Gaditana

1141 1314 1287 1347 colonia
1316 1326 1419 1360 aeque
1449 1326 1490 1348 ac
1511 1314 1819 1360 Carthaginiensis
1838 1315 1974 1348 multos
1993 1314 2171 1360 ejusmodi

1140 1371 1335 1405 libertinos
1347 1371 1491 1419 habuit,
1507 1383 1644 1418 eosque
1656 1384 1675 1406 e
1688 1372 1906 1406 Mauritania
1924 1372 2172 1420 Numidiaque

1140 1428 1329 1463 traductos
1342 1456 1351 1473 ,
1371 1429 1471 1463 unde
1490 1430 1585 1463 ratio
1613 1430 1736 1475 aliqua
1757 1430 1879 1475 potuit
1901 1441 1974 1464 esse
1987 1457 1995 1473 ‚
2018 1442 2084 1464 cur
2103 1433 2172 1465 Ju-

1139 1486 1225 1521 bam
1239 1499 1363 1533 regem
1378 1487 1447 1521 sibi
1458 1488 1707 1522 Duumvirum
1723 1493 1757 1521 et
1770 1488 1970 1522 Pati—onum
1989 1495 2172 1535 optarent.

1139 1544 1322 1579 Gaditano
1341 1545 1445 1579 Jubae
1466 1545 1603 1579 honori
1624 1544 1762 1579 addere
1788 1557 1981 1591 possumus
2000 1547 2109 1580 alium
2122 1574 2131 1589 ‚
2154 1560 2173 1581 a

1138 1604 1336 1650 peregrina
1365 1609 1473 1650 gente
1494 1605 1525 1637 ei
1555 1603 1775 1638 exhibitum.
1807 1603 1954 1650 Quippe
1982 1605 2174 1639 Pausanias

1141 1660 1198 1709 (Ι,
1232 1674 1296 1706 17,
1319 1660 1363 1708 2)
1395 1668 1576 1696 memorat
1599 1661 1750 1695 Athenis
1778 1662 1816 1694 in
1835 1663 2045 1708 gymnasio,
2071 1663 2173 1709 quod

1141 1706 1381 1754 Ptolemaeum
1406 1726 1576 1763 vocatur,
1598 1720 1706 1753 Juboe
1727 1720 1862 1761 Libyco
1891 1726 2043 1755 statuam
2065 1720 2173 1755 fuisse

1140 1779 1309 1824 positam.
1338 1794 1352 1809 υ
1379 1799 1428 1803 —
1445 1779 1592 1812 Dictum
1609 1778 1705 1824 regis
1720 1778 1877 1812 servavit
1902 1779 2171 1823 Quinctilianus

1142 1835 1221 1884 (VI,
1244 1836 1284 1879 3,
1310 1836 1383 1884 90)
1405 1847 1412 1871 :
1431 1836 1569 1872 Jahn...
1591 1839 1769 1882 (Juoereiili
1778 1863 1788 1878 ,
1810 1837 1908 1882 quod
1927 1837 1974 1870 ab
1999 1849 2087 1883 equo
2105 1849 2169 1871 suo

1140 1902 1230 1928 esset
1261 1895 1470 1941 adspersus,
1507 1895 1606 1938 Quill
1627 1902 1681 1936 tu,
1713 1897 1847 1940 iuquit,
1880 1906 1936 1927 me
1963 1896 2170 1940 Hippocen-

1142 1960 1284 1986 taurum
1300 1960 1411 1998 putas
1420 1954 1438 1985 ,9

1194 2012 1378 2044 Hactenus
1399 2010 1444 2045 de
1461 2022 1548 2057 rege
1564 2008 1806 2059 χαριεστάτῳ,
1822 2009 1898 2055 jam
1925 2010 1971 2044 de
1990 2011 2171 2056 scripture

1140 2069 1342 2104 videamus.
1372 2069 1463 2103 Nam
1488 2070 1683 2102 studiorum
1709 2069 1876 2101 claritate
1905 2069 2173 2102 memorabilior

1139 2130 1250 2161 etiam
1273 2139 1382 2173 (suam
1398 2139 1507 2173 regim
1521 2126 1590 2160 fuit
1614 2124 1819 2173 (Pliniusv,
1840 2139 1871 2162 1.
1893 2126 1939 2162 fr.
1961 2138 2006 2169 27
2024 2126 2056 2172 );
2086 2123 2170 2174 ἀνὴρ

1140 2182 1440 2231 πολυμαθέστατος
1475 2184 1611 2218 (licitur
1638 2184 1811 2219 Athenaeo
1841 2185 1936 2230 (ΠΙ,
1961 2196 2000 2230 p.
2034 2183 2096 2225 83,
2130 2185 2171 2219 B.

1141 2243 1185 2277 fr.
1209 2242 1254 2276 25
1270 2248 1300 2289 );
1318 2243 1514 2277 Plutarcho
1533 2249 1585 2276 est
1603 2242 1618 2275 ὃ
1633 2238 1768 2276 πάντων
1787 2239 2049 2289 ἱστορικόπατος
2070 2242 2168 2289 βαρ-1-

1139 2297 1225 2334 λέων
1243 2298 1251 2348 (
1268 2301 1405 2334 Sertor.
1419 2312 1450 2333 c.
1473 2312 1510 2346 9.
1531 2299 1573 2332 fr.
1602 2310 1644 2344 19
1660 2299 1685 2344 ).
1707 2299 1857 2345 Scripsit
1872 2296 1983 2333 πολλὰ
1998 2296 2100 2341 πάνυ,
2118 2300 2169 2332 uti

1140 2357 1271 2392 Suidas
1284 2358 1345 2394 ait.
1368 2358 1719 2393 Commemorantur
1739 2369 1746 2389 ε

1195 2456 1220 2480 1,
1254 2440 1477 2490 Ῥωμαϊκὴ
1493 2440 1675 2491 ἱστορία,
1692 2442 1794 2475 libris
1806 2442 1896 2475 min.
1914 2442 1963 2476 II.
1983 2443 2040 2476 Fr.
2062 2454 2168 2476 l-QO.

1194 2514 1224 2538 2.
1256 2498 1530 2550 Ἀσσυριακά,
1549 2501 1651 2534 libris
1670 2500 1718 2535 II.
1735 2500 1796 2536 Fr.
1818 2512 1950 2534 21222.

1195 2573 1222 2597 3.
1251 2556 1434 2602 Λιὸυκά,
1453 2559 1556 2593 libris
1575 2559 1662 2593 min.
1685 2558 1755 2593 ΙΙΙ.
1771 2557 1836 2593 Fr.
1858 2556 1987 2592 23-38.

1192 2629 1219 2653 4.
1248 2619 1303 2652 De
1335 2618 1475 2651 Arabia
1491 2620 1561 2651 sive
1581 2618 1633 2650 De
1658 2616 1890 2662 expeditione
1908 2614 2083 2650 Arabica.
2112 2617 2169 2650 Fr.

1143 2675 1275 2723 39-67.

1193 2747 1220 2769 5.
1251 2734 1484 2779 Plzbisiologa.
1509 2734 1568 2769 Fr.
1589 2732 1722 2779 68-69.

1192 2803 1223 2827 6.
1253 2794 1308 2825 De
1326 2791 1537 2837 Euplzorbia
1554 2790 1680 2826 herba,
1704 2790 1767 2826 Fr.
1792 2801 1852 2833 27.

1196 2862 1225 2887 7.
1252 2848 1354 2898 Περὶ
1378 2849 1494 2884 ὀποῦ.
1515 2850 1600 2884 Not.
1619 2847 1665 2882 ad
1682 2848 1727 2884 fr.
1748 2860 1809 2891 27.

1191 2920 1221 2944 8.
1250 2905 1357 2955 Περὶ
1372 2907 1584 2955 γραφικῆς
1603 2903 1712 2955 (Περὶ
1730 2902 1946 2954 ζωγράφων),
1965 2904 2168 2938 librismin.

1140 2967 1243 3001 VIII.
1264 2966 1326 3000 Fr.
1349 2976 1478 3008 70-72.
1652 2985 1657 2989 ι

1192 3036 1221 3059 9.
1254 3019 1431 3070 Θεατρικὴ
1446 3019 1589 3070 ἱστορία,
1605 3022 1708 3056 libris
1725 3022 1814 3057 min.
1828 3021 1947 3056 XVII.
1967 3020 2029 3054 Fr.
2046 3017 2169 3062 73-83.

1194 3093 1239 3117 10.
1269 3078 1513 3127 ‘OgJ.0t<2'·c·aep.·÷.39
1533 3080 1634 3114 libris
1653 3081 1742 3114 min.
1758 3080 1837 3120 XV,
1855 3079 1916 3114 Fr,
1942 3075 2075 3111 85-86.

1193 3150 1236 3175 11.
1270 3137 1356 3187 Περὶ
1375 3141 1497 3188 φθορᾶς
1517 3135 1657 3179 λέξεως,
1679 3138 1780 3171 libris
1794 3137 1884 3171 min.
1904 3137 1952 3168 II.
1973 3134 2033 3169 Fr.
2056 3133 2113 3175 87.

1195 3208 1238 3231 12.
1269 3194 1513 3243 Ἐπίγραμμα.
1535 3197 1593 3230 Fr.
1617 3195 1680 3236 84.

1193 3285 1395 3317 Romanam
1417 3284 1612 3316 Historiam
1642 3281 1686 3315 ab
1708 3277 1963 3325 antiquissimis
1986 3275 2164 3320 tempori-

1985 3362 2027 3385 31).
