2338 3765
144 196 216 227 552

139 290 212 316 τους
227 288 333 324 στρατ
323 270 436 312 ,ιιώτας
458 292 476 305 ι
455 285 535 320 προς
555 267 753 317 ποὶιορκίαν
768 268 868 316 ὁρῶν,
885 265 956 301 ἀπά
960 280 1010 314 (ει
1026 266 1084 308 τ’ἧς
1101 279 1135 299 τε
1143 279 1150 297 ι

139 331 332 383 χομαχίας,
361 328 419 365 καὶ
437 328 567 376 πέμπει
587 327 702 362 καλῶν
725 324 778 361 τὸν
795 322 958 375 Ὶριοίριον
974 321 1076 372 τάχος
1095 322 1153 357 ταῖ
1144 337 1168 362 ς

139 387 311 440 τριήρεσιν
327 385 541 437 ἀφικνεῖσθαι
556 398 663 420 καικιι
657 396 694 418 >t
699 396 766 417 υειν
784 380 840 417 τὸν
855 379 909 416 διὰ
924 382 981 425 τῆς
995 377 1169 423 Θαλάσσης

142 444 355 493 επισιτισμὸν
375 459 416 493 τῃ
437 442 545 480 πόλει.

198 504 239 541 L.
274 500 418 558 ΛαὸιῖΝΝ
421 503 478 537 οὖν
511 498 549 540 ἃς
577 501 666 547 εἶχεν
698 499 715 533 ὃ
733 495 912 547 Τριάριος,
937 495 994 531 καὶ
1020 492 1174 534 Ῥοδίους

144 562 251 598 εἴκοσι
273 575 372 627 ναυς,
393 573 439 594 ων
470 556 608 602 σύμπαν
635 569 673 591 το
693 555 819 599 πὶηθος
839 555 883 596 εἷς
902 568 990 604 τρεις
1015 560 1073 589 και
1092 566 1170 588 τεσ-

143 618 371 669 σαράκονταε
358 646 372 653 3
363 616 482 660 τέλει,
505 615 551 656 εἷς
575 612 632 649 τὸν
658 613 790 650 Πόντον
813 611 1000 659 διαὸαίνει,
1028 610 1086 646 καὶ
1107 624 1171 657 μη-

143 677 212 713 νύει
233 675 349 725 Κόττα
366 689 424 710 και
440 672 496 709 τὸν
514 670 630 721 καιρὸν
649 669 706 706 καὶ
726 668 787 714 τὴν
806 667 929 720 ἄφιξιν.
950 667 1076 705 ‘lab
1060 666 1093 703 οὲ
1111 681 1171 710 την

145 736 249 779 αὐτὴν
262 733 393 782 ἡμέραν
408 730 540 771 Κόττας
554 743 589 765 τε
607 733 673 770 τοῖς
687 726 815 778 τείχεσι
831 725 888 763 τὸν
907 740 1051 776 στρατον
1066 738 1171 774 προσ-

144 796 228 841 ηγε,
247 791 304 828 καὶ
322 792 339 826 ὁ
365 788 562 829 κατάπλους
581 789 647 823 τῶν
669 784 832 837 Τριαρίου
849 799 932 820 νεων
958 782 1170 834 ἐπεφαίνετο

146 845 443 899 Συνταραχθέντες
463 848 519 882 οὖν
540 846 570 881 οἳ
590 842 726 894 <Ηρακλ
729 844 831 880 εῶται
852 840 932 892 πρὸς
954 841 991 877 τὸ
1012 839 1173 891 αἰφνίδιον

145 909 204 951 τῆς
220 921 286 942 των
301 919 385 941 νεων
401 902 543 954 ἐφόδου,
559 904 638 943 ναῦς
656 899 716 949 μὲν
734 899 789 937 ἐπι
804 899 865 944 τὴν
885 899 1060 935 Θάλασσαν
1078 896 1173 947 τριοί-

146 979 250 1033 κρντα
272 962 464 1006 καθεῖλκον
482 958 558 997 οὐδὲ
577 959 702 1000 ταύτας
723 956 871 1009 ἀκριὸῶς
891 956 1115 1005 πληροῦντες,
1137 952 1175 990 τὸ

147 1020 182 1058 33
201 1019 318 1058 λοιπὸν
336 1018 418 1070 πρὸς
431 1017 493 1063 τὴν
515 1016 713 1067 πολιορκίαν
742 1017 814 1066 ἐτρε
802 1014 934 1052 ζ.ποντο
957 1015 995 1062 (2)
1017 1012 1176 1061 Ἀνήγετο

149 1079 208 1128 μὲν
229 1081 247 1115 ὁ
266 1075 542 1129 (Ηρακλεωτικὸς
557 1074 674 1116 στόλος
693 1073 776 1124 πρὸς
790 1072 849 1114 τὰς
869 1071 1096 1111 ἐπιπλεούσας
1110 1072 1174 1106 τῶν

147 1136 335 1186 πολεμίων.
362 1136 501 1185 Πρωτοι
521 1137 599 1182 γοῦν
618 1131 744 1169 Ῥόδιοι
768 1130 848 1179 (και
864 1130 929 1179 γὰρ
953 1130 1087 1166 ἐδόκουν
1116 1143 1176 1176 εμ·

148 1194 265 1246 πειρία
280 1209 316 1230 τε
333 1207 391 1229 και
409 1191 547 1242 ἀνδρεία
567 1192 634 1227 τῶν
656 1190 768 1226 ἄλλων
786 1187 1005 1239 προέχειν)
992 1202 1040 1223 ενε
1029 1186 1110 1237 ρρά
1115 1201 1176 1235 γη·

149 1268 212 1288 σαν
228 1253 302 1294 ταῖς
318 1250 352 1294 ἐξ
365 1250 502 1301 ξΗρακλ
496 1249 587 1293 είας,
603 1263 661 1284 και
678 1249 917 1297 παραχρῆμα
913 1244 953 1281 υιὲ
958 1261 973 1281 ν
988 1244 1177 1281 κατέδυσαν

151 1310 293 1348 Ῥοδίων
323 1307 383 1358 μὲν
407 1312 516 1359 τρεῖς,
536 1305 806 1356 Ἥρακλεώτιδες
827 1303 861 1340 δὲ
886 1302 1006 1339 πέντε·
1027 1300 1179 1351 ἐπιγενό·

153 1384 248 1418 μενοι
268 1367 302 1406 δε
319 1371 360 1419 τῆ
379 1366 558 1417 ναυμαχίᾳ
573 1365 630 1402 καὶ
648 1363 838 1433 Ῥωμαῖοι,
852 1378 911 1399 και
927 1360 1039 1398 πολλα
1056 1360 1179 1397 παθόν-

152 1441 205 1468 τες
225 1424 283 1462 καὶ
301 1439 505 1469 ποιησαντες
521 1428 587 1464 τοῖς
605 1424 671 1458 πο)
676 1421 804 1470 ευίοις,
824 1419 926 1457 πλέον
948 1418 982 1455 δὲ
1003 1418 1095 1467 ὅμως
1117 1433 1179 1454 κα-

152 1483 341 1528 κώσαντες,
364 1481 546 1532 ἐτρέψαντο
573 1479 632 1521 τὰς
666 1479 698 1522 ἐξ
726 1477 933 1530 Ηρακλείας
963 1492 1021 1513 και
1049 1475 1181 1527 φεύγειν

151 1541 352 1590 ἠνάγκασαν
372 1539 455 1590 πρὸς
470 1537 530 1583 τὴν
552 1537 664 1582 πόλιν,
684 1536 852 1586 τέσσαρας
867 1534 1108 1575 ἀποὸαλούσας
1125 1534 1182 1570 καὶ

155 1598 255 1636 δέκα·
280 1599 314 1634 αἱ
343 1596 553 1647 τρεψάμεναι
574 1594 609 1631 33
638 1594 721 1644 πρὸς
745 1593 799 1630 τὸν
832 1592 938 1643 με’γαν
961 1592 1183 1643 ἐνωρμίζοντο

154 1657 291 1704 λιμένα.
315 1658 356 1705 (3)
376 1654 509 1699 Ἀνίσττ,
532 1654 560 1689 δ’
579 1649 635 1689 οὖν
657 1652 715 1688 καὶ
735 1651 773 1688 τὸ
790 1651 889 1694 πεζὸν
911 1653 970 1695 τῖς
988 1648 1184 1699 πολιορκίας

155 1718 172 1751 ὃ
193 1714 337 1755 Κόττας.
395 1713 437 1750 Οἳ
466 1710 501 1747 33
523 1709 601 1761 περὶ
621 1709 676 1745 τὸν
697 1709 862 1758 Τριάριον
883 1707 1088 1757 ἀναγόμενοι
1109 1709 1184 1744 καθ’

158 1772 305 1817 ἑκάστην
336 1770 403 1806 ἀπὸ
431 1773 489 1806 τοῦ
512 1767 665 1817 λιμένος,
692 1766 770 1808 τοὺς
791 1766 940 1815 σιτηγεῖν
961 1765 1185 1816 ὡρμημένους

157 1833 225 1872 τοῖς
248 1827 547 1879 πολιορκουμένοις
577 1825 797 1862 ἀπεκώλυον·
819 1823 878 1861 καὶ
907 1823 1027 1865 σπάνις
1046 1823 1184 1874 χαλεπὴ

157 1888 218 1932 τὴν
239 1887 336 1924 πόλιν
354 1886 526 1935 κατεῖχεν,
541 1886 585 1925 ὡς
605 1882 814 1932 ὀγδοήκοντα
833 1881 992 1919 Ἀττικῶν
1012 1881 1072 1926 τὴν
1092 1882 1185 1929 λεγο-

159 1944 263 1993 μένην
292 1942 427 1994 χοίνικα
444 1946 502 1979 τοῧ
524 1941 618 1978 σίτου
638 1939 823 1992 προκόψαι.
883 1940 923 1988 (4)
943 1938 1025 1976 Ἐπὶ
1055 1938 1089 1974 33
1115 1943 1182 1980 τοῖς

159 2002 273 2044 ἄλλοις
290 2003 407 2042 κακοῖς
426 1999 484 2036 καὶ
502 1998 618 2047 λοιμὸς
635 1999 747 2040 αὐτοῖς
764 1995 936 2033 ἐπιπεσὼν
956 1998 964 2045 (
979 1995 1045 2032 εἴτε
1064 1998 1099 2033 ἐκ
1113 2009 1188 2046 τρο-

159 2063 224 2105 πῆς
244 2060 371 2110 ἀέρων,
403 2058 468 2095 εἴτε
492 2059 529 2095 ἐκ
549 2060 609 2102 τῆς
631 2055 816 2100 ἀσυνήθους
845 2054 999 2104 διαίτης)
1028 2055 1188 2101 ποικίλην

161 2118 216 2155 ἐπὶ
236 2117 405 2158 ποικίλαις
425 2114 640 2164 παθημάτων
668 2113 773 2155 ἰδέαις
792 2112 853 2157 τὴν
878 2111 1003 2164 φθορὰν
1025 2113 1190 2164 ἀπειργά-

161 2178 247 2220 ζετο,
261 2178 294 2212 ἐν
312 2168 359 2216 οἷς
376 2173 434 2210 καὶ
450 2172 617 2223 Λάμαχος
628 2169 819 2221 πικροτέρῳ
836 2169 894 2206 καὶ
909 2169 1111 2221 μακροτέρῳ
1125 2172 1191 2206 τῶν

161 2232 275 2269 ἄλλων
298 2231 426 2282 ὀλέθρῳ
447 2230 639 2282 διέφθαρτο.
661 2227 803 2280 Ἥψατο
821 2227 855 2264 δὲ
873 2227 1026 2277 μάλιστα
1047 2228 1105 2264 καὶ
1125 2231 1191 2265 τῶν

162 2292 317 2340 φρουρῶν
337 2292 358 2334 ἡ
380 2290 495 2334 νόσος,
520 2291 564 2330 ὡς
585 2287 653 2324 ἀπὸ
681 2285 879 2336 τρισχιλίων
899 2285 1028 2336 χιλίους
1057 2287 1192 2322 ἀποθα-

163 2354 242 2386 νεῖν.
266 2347 355 2389 Τοὺς
371 2346 565 2395 Ῥωμαίους
581 2344 615 2382 33
634 2345 673 2381 τὸ
689 2344 795 2386 πάθος
813 2345 872 2381 οὐκ
890 2343 1084 2381 ἐλάνθανεν.

217 2407 280 2444 LI.
316 2406 386 2443 Καὶ
406 2407 423 2440 ὃ
444 2402 651 2454 Κοννακόριξ
671 2403 878 2439 κακοπαθῶν
907 2406 979 2443 ταῖς
1003 2402 1194 2452 συμφοραῖς

165 2464 252 2513 ἔγνω
270 2463 338 2504 τοῖς
359 2462 546 2510 Ῥωμαίοις
566 2459 763 2511 προδιδόναι
787 2457 847 2503 τὴν
866 2457 966 2494 πόλιν
986 2457 1045 2494 καὶ
1063 2460 1105 2507 τῇ
1127 2461 1193 2495 τῶν

165 2521 417 2570 <Ηρακλεωτῶν
433 2518 587 2569 ἀπωλείᾳ
599 2517 659 2562 τὴν
677 2517 765 2554 ἰδίαν
781 2516 951 2566 σωτηρίαν
967 2515 1192 2558 ἀλλάξασθαι,

168 2577 456 2627 Συνελαμὸάνετο
480 2576 514 2613 33
536 2578 629 2627 αὐτῷ
656 2575 713 2611 καὶ
731 2573 978 2625 ἹΙρακλεώτης
999 2572 1082 2624 ἀνὴρ
1096 2603 1105 2621 ,
1136 2576 1195 2618 ζη-

167 2635 278 2681 λωτὴς
295 2638 354 2680 τῆς
372 2634 545 2685 Λαμάχου
563 2633 812 2683 προαιρέσεως,
835 2630 1051 2682 Δαμωφέλης
1067 2632 1176 2679 ὄνομα
1189 2663 1197 2676 ,

168 2693 382 2744 φρούραρχος
410 2707 468 2728 και
495 2690 594 2733 αὐτὸς
624 2693 668 2740 τῇ
698 2690 795 2726 πόλει
821 2689 908 2738 μετὰ
936 2687 997 2734 τὴν
1023 2689 1195 2739 Λαμάχου

168 2751 294 2802 φθορὰν
314 2749 502 2790 καταστάς.
559 2748 602 2786 Ο
625 2748 733 2784 τοίνυν
753 2746 960 2797 Κοννακόριξ
983 2762 1039 2783 τον
1060 2746 1195 2784 Κότταν

171 2808 247 2856 μὲν,
271 2810 314 2849 ὡς
337 2806 442 2858 βαρυν
463 2821 501 2842 το
519 2809 597 2851 ηΟος
618 2822 675 2843 και
693 2807 848 2850 ἄπιστον,
870 2805 975 2842 ἐουλ’
956 2820 1075 2841 αττετο
1085 2820 1197 2856 ,προς

170 2881 228 2902 τον
244 2865 442 2916 Ἰριάριον
425 2864 459 2900 03
483 2880 558 2900 συνε
563 2864 631 2901 τιΟε
620 2880 684 2900 -το,
717 2863 907 2914 Συνέτρεχε
928 2862 962 2899 δὲ
982 2862 1110 2905 τούτοις
1139 2863 1197 2900 καὶ

172 2922 390 2973 Δαμωφέλης
407 2924 465 2959 οὐκ
484 2921 709 2972 ἐνδεέστερον.
735 2922 804 2960 Καὶ
825 2920 986 2962 λαὸόντες
1007 2920 1197 2967 συνθήκας,

173 2976 225 3023 αἶς
254 2979 509 3028 εὐδαιμονήσειν
529 2979 625 3015 αὐτοὶ
650 2979 805 3024 ἤλπιζον,
823 2979 905 3028 πρὸς
931 2977 992 3023 τὴν
1014 2978 1198 3028 προδοσίαν

1074 176 1340 215 MEMNONlS

1230 267 1346 297 tionem
1376 264 1572 302 remissisque
1599 261 1712 292 animis
1740 259 1827 291 videt
1852 259 1982 297 milites,
2002 267 2020 289 a
2047 259 2161 289 conatu
2178 258 2264 289 desi-

1231 330 1326 365 stens,
1342 328 1490 357 vocatum
1507 325 1603 356 mittit
1619 324 1794 360 Triarium,
1807 324 1841 353 ut
1855 331 1928 353 cum
1943 321 2125 352 triremibus
2147 330 2262 361 quam·

1232 385 1368 425 primum
1385 383 1528 421 advolet,
1559 385 1589 412 et
1609 382 1806 412 commeatus
1832 380 1863 410 in
1879 379 1957 410 mari
1972 378 2154 409 facultatem
2176 378 2262 417 oppi-

1230 443 1319 474 danis
1341 441 1525 481 intercipiat.

1273 507 1306 536 L.
1320 503 1494 543 Assumptis
1506 510 1578 541 ergo
1588 501 1726 532 Triarius
1734 508 1811 540 quas
1821 499 1958 530 habebat
1970 497 2102 529 navibus
2115 499 2146 529 et
2155 497 2262 537 viginti

1233 572 1376 610 Rhodiis,
1393 579 1527 610 <piarum
1543 578 1669 601 summa
1697 568 1904 608 quadraginta
1925 568 1989 598 tres
2008 566 2214 606 conficiebat,
2232 566 2264 597 in

1234 643 1369 673 Pontum
1388 640 1521 679 trajicit,
1548 641 1579 670 et
1604 638 1758 669 adventus
1784 639 1928 678 tempore
1953 639 2054 669 Cottae
2073 636 2266 676 significato,

1234 711 1343 743 eodem
1359 710 1409 741 die
1427 709 1601 740 exercitum
1629 708 1668 739 ad
1694 708 1810 739 moenia
1831 708 1959 748 appellit
1980 708 2093 746 Cotta,
2112 708 2144 738 et
2162 707 2268 738 immi-

1234 790 1310 812 nens
1325 781 1437 812 Triarii
1462 781 1568 811 classis
1596 780 1736 819 apparet.
1767 781 1850 810 Tum
1866 779 2029 818 repentino
2060 779 2190 810 navium
2207 778 2265 811 ad-

1235 851 1331 880 ventu
1345 848 1557 881 Heraclienses
1564 847 1695 887 turbati,
1705 847 1832 886 triginta
1840 847 1979 885 navesin
1992 854 2078 877 mare
2089 846 2250 878 deducunt
2258 857 2268 885 3

1234 920 1287 951 sed
1302 928 1352 950 cas
1365 928 1427 949 non
1442 918 1517 949 satis
1529 917 1698 956 complent.
1710 917 1841 956 Reliqua
1855 915 2028 947 multitudo
2041 916 2080 948 ad
2093 925 2269 957 propugna-

1235 988 1353 1019 tionem
1382 996 1414 1018 se
1439 986 1605 1017 convertit.
1637 986 1680 1024 (2)
1709 987 1857 1024 Dumque
1889 985 1996 1016 classis
2021 985 2268 1016 Heracliensium

1237 1058 1346 1086 contra
1360 1055 1544 1086 accedentes
1560 1053 1696 1085 hostium
1722 1061 1819 1084 naves
1845 1052 1878 1084 in
1909 1053 2008 1084 altum
2032 1052 2150 1091 tendit,
2179 1053 2270 1092 primi

1237 1125 1366 1164 Rhodii,
1391 1124 1501 1164 peritia
1514 1126 1545 1155 et
1559 1123 1744 1155 fortitudine
1757 1122 1825 1154 aliis
1847 1123 2028 1162 praecellere
2041 1123 2222 1162 existimati,
2242 1123 2274 1154 in

1240 1194 1470 1226 Heracleoticas
1484 1193 1720 1232 impressionem
1734 1192 1872 1229 faciunt,
1887 1193 1919 1223 et
1934 1192 2040 1223 statim
2055 1193 2124 1223 tres
2136 1191 2274 1223 Rhodio-

1240 1272 1309 1294 rum
1323 1264 1354 1295 et
1364 1262 1504 1302 quinque
1519 1261 1767 1292 Heracliensium
1784 1260 2015 1299 deprimuntur.
2033 1259 2153 1308 Deinde
2159 1269 2272 1300 pugnae

1240 1332 1495 1371 supervenientes
1521 1329 1672 1368 Romani,
1690 1328 1799 1360 multis
1820 1329 1957 1368 acceptis
1979 1329 2120 1367 (lamnis,
2135 1329 2277 1368 pluribus

1244 1404 1352 1432 tamen
1366 1400 1459 1431 illatis
1469 1423 1478 1438 ,
1492 1399 1624 1430 classem
1636 1398 1882 1429 Heracliensium
1897 1398 2034 1429 fundunt
2044 1422 2053 1438 ‚
2071 1399 2103 1429 et
2115 1397 2155 1429 ad
2168 1397 2276 1429 urbem

1242 1472 1347 1509 sugere
1363 1468 1577 1508 compellunt,
1599 1466 1854 1506 quattuordecim
1873 1466 2007 1497 navibus
2019 1465 2198 1506 deperditis.
2221 1467 2277 1497 Vi-

1243 1538 1354 1569 ctrices
1379 1539 1484 1568 autem
1507 1537 1539 1567 in
1567 1544 1716 1576 magnum
1729 1534 1853 1566 subiere
1869 1538 2008 1574 portum.
2027 1535 2070 1573 (3)
2095 1534 2274 1566 peditatum

1243 1607 1339 1638 etiam
1358 1606 1398 1637 ab
1415 1605 1649 1645 oppugnatione
1666 1605 1793 1635 revocat
1815 1604 1922 1634 Cotta.
1942 1603 2094 1634 Triariani
2111 1605 2219 1634 autem
2247 1603 2279 1634 in

1246 1675 1312 1706 dies
1325 1675 1464 1714 singulos
1491 1682 1508 1704 e
1525 1675 1619 1713 portu
1641 1672 1804 1709 subvecti,
1823 1680 1876 1702 eos
1891 1671 1945 1710 qui
1963 1671 2121 1702 frumenta
2143 1671 2276 1703 circum-

1245 1741 1335 1772 sessis
1366 1741 1536 1780 importare
1553 1740 1754 1777 conarentur,
1779 1737 2021 1777 impediverunt.
2051 1740 2162 1777 lugens
2187 1739 2282 1778 igitur

1246 1816 1378 1838 annonae
1393 1806 1507 1837 caritas
1523 1806 1632 1837 urbem
1648 1804 1768 1843 tenuit,
1786 1806 1822 1835 ut
1836 1804 1934 1835 tritici
1943 1803 2070 1835 choenix
2083 1813 2154 1843 quae
2167 1804 2282 1836 dicitur

1247 1875 1286 1905 ad
1315 1874 1474 1913 octoginta
1495 1873 1614 1904 Atticos
1644 1871 1840 1912 procederet.
1865 1872 1908 1911 (4)
1928 1873 1967 1903 Et
1989 1880 2082 1911 super
2103 1873 2180 1904 alias
2201 1881 2282 1904 aeru-

1248 1950 1338 1972 mnas
1347 1941 1441 1972 etiam
1453 1940 1547 1980 pestis
1558 1939 1699 1970 homines
1708 1938 1834 1978 invasit,
1846 1938 1941 1970 velex
1953 1939 2033 1970 aeris
2043 1940 2220 1970 mutatione
2233 1940 2282 1971 vel

1248 2005 1431 2036 inconsueta
1444 2004 1546 2035 vietus
1562 2002 1682 2033 ratione
1697 2002 1850 2033 exsistens
1862 2026 1870 2040 ‚
1887 2002 1918 2032 et
1932 2010 1986 2041 per
1999 2001 2101 2033 varias
2114 2002 2277 2034 calamita-

1249 2076 1317 2105 tum
1335 2073 1450 2103 sormas
1464 2071 1567 2102 varios
1584 2069 1748 2100 hominum
1763 2069 1907 2100 interitus
1919 2068 2088 2100 efficiebat.
2107 2070 2192 2100 lnter
2205 2075 2285 2106 quos

1250 2139 1347 2170 etiam
1373 2137 1550 2170 Lamachus
1575 2136 1666 2176 longe
1682 2134 1861 2174 acerbiore,
1886 2143 1982 2174 quam
2001 2134 2074 2173 alii,
2097 2136 2129 2166 et
2153 2134 2284 2166 lentiore

1252 2207 1361 2239 mortis
1371 2206 1514 2237 cruciatu
1525 2205 1748 2245 exstinguitur.
1761 2205 1844 2236 Lues
1855 2204 1924 2235 llaec
1931 2205 2069 2236 maxime
2077 2205 2286 2244 praesidiarios

1251 2274 1458 2314 corripiebat,
1475 2275 1512 2304 ut
1524 2273 1562 2304 de
1575 2272 1677 2304 tribus
1694 2271 1832 2303 millibus
1856 2271 1942 2303 mille
1954 2271 2128 2304 interirent.
2146 2273 2210 2303 Nec
2222 2274 2284 2304 Ro-

1252 2350 1362 2372 manos
1376 2340 1468 2371 latuit
1483 2339 1734 2370 Heracliensium
1747 2338 1919 2370 calamitas.

1293 2409 1342 2438 Ll.
1367 2405 1462 2444 Atqui
1483 2403 1680 2435 Connacorix
1707 2403 1766 2433 hac
1781 2402 1987 2434 afflictionum
2013 2403 2097 2435 mole
2121 2404 2285 2442 fatiscens,

1254 2474 1363 2504 urbem
1389 2471 1538 2503 Romanis
1562 2470 1713 2510 prodere,
1733 2471 1764 2501 et
1796 2470 2045 2501 Heracliensium
2073 2470 2170 2502 exitio
2195 2479 2285 2502 suam

1254 2542 1433 2582 permutare
1454 2539 1588 2571 salutem
1611 2538 1731 2569 statuit.
1753 2539 1891 2577 Operam
1910 2538 1971 2568 huc
1994 2537 2174 2570 conferebat
2190 2540 2285 2571 etiam

1255 2603 1461 2642 Heracliensis
1479 2603 1628 2642 quidam,
1654 2602 1858 2633 consiliorum
1877 2602 2029 2633 Lamaclii
2045 2602 2223 2640 aemulator,
2237 2603 2287 2633 cui

1255 2676 1369 2698 nomen
1385 2664 1580 2704 Damoplieli‚
1593 2663 1737 2704 praesidio
1751 2663 1836 2694 urbis
1849 2664 1880 2695 et
1893 2663 1958 2703 ipse
1968 2672 1986 2694 a
1996 2663 2146 2696 Lamachi
2158 2663 2287 2695 interitu

1257 2732 1432 2772 praefectus.
1450 2732 1489 2761 At
1500 2729 1697 2761 Connacorix
1710 2738 1728 2760 a
1742 2730 1835 2760 Cotta
1851 2737 1925 2759 sane
1937 2752 1945 2767 ,
1961 2730 1996 2760 ut
2009 2728 2135 2761 lioniine
2148 2729 2288 2760 moribus

1257 2794 1444 2835 importunis
1469 2797 1499 2825 et
1515 2793 1611 2824 dubia
1632 2792 1709 2830 tide,
1734 2792 1793 2823 sibi
1810 2793 1922 2830 cavet,
1947 2801 2020 2822 cum
2037 2791 2158 2822 Triario
2181 2794 2287 2824 autem

1258 2867 1323 2888 rem
1341 2856 1553 2887 communifflt
1575 2867 1581 2886 :
1603 2863 1660 2885 nec
1683 2853 1807 2892 segnius
1826 2853 1858 2884 in
1883 2853 1992 2884 eodem
2018 2861 2091 2884 cum
2118 2853 2165 2884 his
2185 2853 2290 2885 studio

1259 2918 1467 2958 Damoplieles
1480 2917 1635 2955 decurrit,
1652 2918 1684 2948 et
1702 2916 1838 2955 acceptis
1859 2917 2022 2955 pactorum
2036 2915 2288 2955 conditionibus,

1259 2983 1375 3022 quibus
1390 2991 1422 3012 se
1440 2981 1550 3011 beatos
1563 2980 1628 3011 fore
1643 2978 1832 3020 sperabant,
1849 2978 1889 3008 ad
1908 2977 2116 3018 proditionem
2138 2986 2171 3009 se
2186 2977 2290 3009 accin-

215 3094 248 3122 L.
273 3095 300 3121 2.
316 3090 441 3120 Ῥοδίων
457 3090 508 3128 μὲν
523 3090 617 3129 τρεῖς]
631 3090 791 3127 Ῥωμαίων
809 3100 841 3127 μ.
855 3100 897 3127 τρ.
915 3088 983 3118 ruri.
1001 3091 1141 3127 Margun.
1155 3091 1265 3124 -τοῖς
1281 3086 1454 3126 πολεμίοις]
1473 3099 1486 3112 «
1509 3085 1614 3117 Malim
1631 3084 1803 3124 πολεμίους.
1828 3096 1842 3111 »
1861 3083 2027 3114 Haesclzel.
2045 3103 2085 3109 —
2100 3085 2128 3114 3.
2147 3083 2289 3119 ἀνίστη...

178 3138 316 3176 Κόττας]
338 3148 351 3161 (ι

373 3138 490 3166 Sensus
512 3135 682 3164 verborum
699 3135 747 3164 liic
761 3144 826 3164 esse
844 3134 979 3169 videtur,
1000 3136 1125 3165 Cottam
1143 3135 1247 3173 copias
1268 3143 1340 3164 suas
1362 3134 1401 3164 ab
1428 3132 1505 3163 urbe
1521 3131 1728 3172 oppugnanda
1743 3138 1903 3161 revocasse
1919 3131 2014 3168 atque
2034 3129 2065 3159 iu
2087 3129 2205 3159 arctius
2218 3137 2288 3159 con-

176 3184 325 3220 traxisse,
350 3182 485 3212 vcritum
502 3189 541 3211 ue
567 3181 780 3228 Heraclienses
797 3180 855 3210 t'usi
883 3180 1043 3218 fugatique
1059 3188 1095 3209 ac
1114 3180 1144 3209 iu
1172 3180 1280 3210 urbem
1302 3180 1414 3218 repulsi
1438 3188 1455 3209 a
1473 3179 1594 3209 Triario
1610 3177 1711 3216 deque
1729 3177 1829 3207 salute
1843 3184 1899 3206 sua
1922 3175 2124 3214 desperantes
2149 3175 2293 3205 collectis

177 3230 296 3260 viribus
310 3230 339 3259 in
355 3228 435 3267 ipsas
449 3228 601 3266 impetum
617 3227 771 3264 lacerent,
793 3226 870 3255 mari
894 3226 1063 3265 diremptas
1076 3234 1094 3256 a
1119 3225 1297 3257 'frmi-tanis.
1321 3227 1435 3257 Orelli.
1463 3244 1502 3249 —
1519 3228 1548 3255 4.
1564 3223 1685 3264 λοιμός]
1702 3223 1786 3262 λιμός
1809 3231 1840 3253 v.
1865 3221 2134 3261 1.-ἑλάνθανεν]
2157 3221 2289 3261 ἐλάμὸα-

179 3286 226 3305 νεν
243 3283 270 3305 V.
291 3274 310 3304 Ι.

226 3323 275 3352 Ll.
304 3326 327 3350 Ι.
353 3318 552 3358 ἀλλάξασθαι]
567 3318 617 3349 alii
635 3317 830 3353 ἐξα).άξασοαι
849 3318 879 3347 ct
895 3316 1113 3351 ἁπαλάξαοῡαι.
1131 3334 1167 3338 —
1189 3316 1395 3355 Δαμωφέλης)
1412 3316 1452 3346 ita
1471 3315 1628 3347 nokkerus
1642 3315 1673 3346 ll.
1690 3314 1759 3345 loco
1773 3314 1803 3344 et
1820 3313 1925 3352 paullo
1945 3311 2044 3351 insra;
2060 3312 2228 3351 δαμοφελὴς
2249 3315 2294 3349 Α,
2322 3303 2338 3326 ‘¹'
