<?xml version="1.0" encoding="UTF-8"?>
<!DOCTYPE html PUBLIC "-//W3C//DTD XHTML 1.0 Transitional//EN"
    "http://www.w3.org/TR/xhtml1/DTD/xhtml1-transitional.dtd">
<html xmlns="http://www.w3.org/1999/xhtml" xml:lang="en" lang="en">
 <head>
  <title>
</title>
<meta http-equiv="Content-Type" content="text/html;charset=utf-8" />
  <meta name='ocr-system' content='tesseract 3.04.00' />
  <meta name='ocr-capabilities' content='ocr_page ocr_carea ocr_par ocr_line ocrx_word'/>
</head>
<body>
  <div class='ocr_page' id='page_1' title='image "./fragmentahistori03mueluoft/fragmentahistori03mueluoft_0188.png"; bbox 0 0 2289 3728; ppageno 0'>
   <div class='ocr_carea' id='block_1_1' title="bbox 128 174 196 204">
    <p class='ocr_par' dir='ltr' id='par_1_1' title="bbox 128 174 196 204">
     <span class='ocr_line' id='line_1_1' title="bbox 128 174 196 204; baseline -0.015 -1"><span class='ocrx_word' id='word_1_1' title='bbox 128 174 196 204; x_wconf 78' lang='lat'>178</span> 
     </span>
    </p>
   </div>
   <div class='ocr_carea' id='block_1_2' title="bbox 117 249 1157 2032">
    <p class='ocr_par' dir='ltr' id='par_1_2' title="bbox 117 249 1152 1224">
     <span class='ocr_line' id='line_1_2' title="bbox 118 249 1150 303; baseline -0.002 -14"><span class='ocrx_word' id='word_1_2' title='bbox 118 253 287 303; x_wconf 71' lang='grc' dir='ltr'>πράξεως,</span> <span class='ocrx_word' id='word_1_3' title='bbox 316 255 332 288; x_wconf 75' lang='grc' dir='ltr'>ὁ</span> <span class='ocrx_word' id='word_1_4' title='bbox 362 252 422 299; x_wconf 81' lang='grc' dir='ltr'>μὲν</span> <span class='ocrx_word' id='word_1_5' title='bbox 450 249 670 298; x_wconf 69' lang='grc' dir='ltr'>Ἀλθαιμένης</span> <span class='ocrx_word' id='word_1_6' title='bbox 697 250 733 285; x_wconf 74' lang='grc' dir='ltr'>οὐ</span> <span class='ocrx_word' id='word_1_7' title='bbox 766 249 947 298; x_wconf 74' lang='grc' dir='ltr'>δυνάμενος</span> <span class='ocrx_word' id='word_1_8' title='bbox 974 250 1083 302; x_wconf 77' lang='grc' dir='ltr'>φέρειν</span> <span class='ocrx_word' id='word_1_9' title='bbox 1113 251 1150 288; x_wconf 81' lang='grc' dir='ltr'>τὸ</span> 
     </span>
     <span class='ocr_line' id='line_1_3' title="bbox 121 306 1149 361; baseline 0.008 -24"><span class='ocrx_word' id='word_1_10' title='bbox 121 314 258 361; x_wconf 59' lang='grc' dir='ltr'>μέγεθος</span> <span class='ocrx_word' id='word_1_11' title='bbox 272 312 330 354; x_wconf 68' lang='grc' dir='ltr'>τῆς</span> <span class='ocrx_word' id='word_1_12' title='bbox 348 313 522 359; x_wconf 75' lang='grc' dir='ltr'>συμφορᾶς</span> <span class='ocrx_word' id='word_1_13' title='bbox 534 337 542 352; x_wconf 86' lang='grc'>,</span> <span class='ocrx_word' id='word_1_14' title='bbox 560 306 618 348; x_wconf 84' lang='grc' dir='ltr'>τὰς</span> <span class='ocrx_word' id='word_1_15' title='bbox 635 307 696 355; x_wconf 82' lang='grc' dir='ltr'>μὲν</span> <span class='ocrx_word' id='word_1_16' title='bbox 713 306 920 351; x_wconf 71' lang='grc' dir='ltr'>ἀπαντήσεις</span> <span class='ocrx_word' id='word_1_17' title='bbox 939 308 998 345; x_wconf 86' lang='grc' dir='ltr'>καὶ</span> <span class='ocrx_word' id='word_1_18' title='bbox 1015 308 1149 357; x_wconf 80' lang='grc' dir='ltr'>ὁμιλίας</span> 
     </span>
     <span class='ocr_line' id='line_1_4' title="bbox 117 363 1150 416; baseline -0.002 -12"><span class='ocrx_word' id='word_1_19' title='bbox 117 371 183 404; x_wconf 77' lang='grc' dir='ltr'>τῶν</span> <span class='ocrx_word' id='word_1_20' title='bbox 204 366 392 416; x_wconf 75' lang='grc' dir='ltr'>ἁνθριιίπων</span> <span class='ocrx_word' id='word_1_21' title='bbox 421 364 669 415; x_wconf 83' lang='grc' dir='ltr'>παρέκαμπτε,</span> <span class='ocrx_word' id='word_1_22' title='bbox 697 363 806 406; x_wconf 69' lang='grc' dir='ltr'>διδοὺς</span> <span class='ocrx_word' id='word_1_23' title='bbox 826 365 855 401; x_wconf 80' lang='grc' dir='ltr'>δ’</span> <span class='ocrx_word' id='word_1_24' title='bbox 876 365 996 403; x_wconf 79' lang='grc' dir='ltr'>ἑαυτὸν</span> <span class='ocrx_word' id='word_1_25' title='bbox 1018 368 1062 409; x_wconf 90' lang='grc' dir='ltr'>εἷς</span> <span class='ocrx_word' id='word_1_26' title='bbox 1091 366 1150 408; x_wconf 84' lang='grc' dir='ltr'>τὰς</span> 
     </span>
     <span class='ocr_line' id='line_1_5' title="bbox 119 420 1148 473; baseline -0.001 -13"><span class='ocrx_word' id='word_1_27' title='bbox 119 425 264 473; x_wconf 72' lang='grc' dir='ltr'>ἐρημίας</span> <span class='ocrx_word' id='word_1_28' title='bbox 283 424 390 468; x_wconf 72' lang='grc' dir='ltr'>ἠλᾶτο</span> <span class='ocrx_word' id='word_1_29' title='bbox 411 422 509 470; x_wconf 84' lang='grc' dir='ltr'>μόνος</span> <span class='ocrx_word' id='word_1_30' title='bbox 529 420 588 458; x_wconf 82' lang='grc' dir='ltr'>καὶ</span> <span class='ocrx_word' id='word_1_31' title='bbox 606 420 660 457; x_wconf 75' lang='grc' dir='ltr'>διὰ</span> <span class='ocrx_word' id='word_1_32' title='bbox 682 420 744 465; x_wconf 78' lang='grc' dir='ltr'>τὴν</span> <span class='ocrx_word' id='word_1_33' title='bbox 768 420 880 468; x_wconf 88' lang='grc' dir='ltr'>λύπην</span> <span class='ocrx_word' id='word_1_34' title='bbox 907 422 1124 468; x_wconf 77' lang='grc' dir='ltr'>ἐτελεύτησεν</span> <span class='ocrx_word' id='word_1_35' title='bbox 1141 438 1148 445; x_wconf 94' lang='grc'><strong><em>·</em></strong></span> 
     </span>
     <span class='ocr_line' id='line_1_6' title="bbox 125 478 1150 532; baseline -0.001 -14"><span class='ocrx_word' id='word_1_36' title='bbox 125 482 264 532; x_wconf 71' lang='grc' dir='ltr'>ὕστερον</span> <span class='ocrx_word' id='word_1_37' title='bbox 278 479 311 518; x_wconf 81' lang='grc' dir='ltr'>δὲ</span> <span class='ocrx_word' id='word_1_38' title='bbox 326 481 415 517; x_wconf 80' lang='grc' dir='ltr'>κατά</span> <span class='ocrx_word' id='word_1_39' title='bbox 430 496 505 517; x_wconf 90' lang='grc' dir='ltr'>τινα</span> <span class='ocrx_word' id='word_1_40' title='bbox 519 479 677 531; x_wconf 74' lang='grc' dir='ltr'>χρησμὸν</span> <span class='ocrx_word' id='word_1_41' title='bbox 693 478 794 528; x_wconf 85' lang='grc' dir='ltr'>τιμὰς</span> <span class='ocrx_word' id='word_1_42' title='bbox 809 480 889 531; x_wconf 70' lang='grc' dir='ltr'>ἔσχε</span> <span class='ocrx_word' id='word_1_43' title='bbox 899 481 995 531; x_wconf 79' lang='grc' dir='ltr'>παρὰ</span> <span class='ocrx_word' id='word_1_44' title='bbox 1006 481 1150 522; x_wconf 77' lang='grc' dir='ltr'>Ῥοδίοις</span> 
     </span>
     <span class='ocr_line' id='line_1_7' title="bbox 119 537 1151 590; baseline -0.001 -14.995"><span class='ocrx_word' id='word_1_45' title='bbox 119 539 281 589; x_wconf 67' lang='grc' dir='ltr'>ἡρωικάς.</span> <span class='ocrx_word' id='word_1_46' title='bbox 319 537 439 590; x_wconf 66' lang='grc' dir='ltr'>Βραχυ</span> <span class='ocrx_word' id='word_1_47' title='bbox 464 537 499 575; x_wconf 80' lang='grc' dir='ltr'>δὲ</span> <span class='ocrx_word' id='word_1_48' title='bbox 530 537 596 588; x_wconf 80' lang='grc' dir='ltr'>πρὸ</span> <span class='ocrx_word' id='word_1_49' title='bbox 627 553 694 574; x_wconf 83' lang='grc' dir='ltr'>των</span> <span class='ocrx_word' id='word_1_50' title='bbox 726 539 893 589; x_wconf 84' lang='grc' dir='ltr'>ἸρωικιιΝ)ν</span> <span class='ocrx_word' id='word_1_51' title='bbox 922 539 1151 587; x_wconf 60' lang='grc' dir='ltr'>ΗεΗηπόλευος</span> 
     </span>
     <span class='ocr_line' id='line_1_8' title="bbox 119 595 1149 648; baseline -0.002 -14"><span class='ocrx_word' id='word_1_52' title='bbox 119 600 135 633; x_wconf 85' lang='grc' dir='ltr'>ὁ</span> <span class='ocrx_word' id='word_1_53' title='bbox 155 595 367 647; x_wconf 72' lang='grc' dir='ltr'>ἹΙρακλεόυς</span> <span class='ocrx_word' id='word_1_54' title='bbox 394 595 525 648; x_wconf 83' lang='grc' dir='ltr'>φεύγων</span> <span class='ocrx_word' id='word_1_55' title='bbox 552 595 606 632; x_wconf 77' lang='grc' dir='ltr'>διὰ</span> <span class='ocrx_word' id='word_1_56' title='bbox 628 595 684 632; x_wconf 82' lang='grc' dir='ltr'>τὸν</span> <span class='ocrx_word' id='word_1_57' title='bbox 711 596 900 645; x_wconf 72' lang='grc' dir='ltr'>Λικυμνίου</span> <span class='ocrx_word' id='word_1_58' title='bbox 929 597 1084 643; x_wconf 73' lang='grc' dir='ltr'>θάνατον,</span> <span class='ocrx_word' id='word_1_59' title='bbox 1113 596 1149 633; x_wconf 83' lang='grc' dir='ltr'>δν</span> 
     </span>
     <span class='ocr_line' id='line_1_9' title="bbox 118 652 1148 724; baseline 0 -34"><span class='ocrx_word' id='word_1_60' title='bbox 118 655 284 696; x_wconf 76' lang='grc' dir='ltr'>ἀκουσίως</span> <span class='ocrx_word' id='word_1_61' title='bbox 307 658 347 699; x_wconf 79' lang='grc' dir='ltr'>ἠν</span> <span class='ocrx_word' id='word_1_62' title='bbox 377 653 581 704; x_wconf 77' lang='grc' dir='ltr'>ἀνῃρηκως,</span> <span class='ocrx_word' id='word_1_63' title='bbox 611 652 744 724; x_wconf 80' lang='grc' dir='ltr'>ἔφυγεν</span> <span class='ocrx_word' id='word_1_64' title='bbox 751 653 783 697; x_wconf 83' lang='grc' dir='ltr'>ἐξ</span> <span class='ocrx_word' id='word_1_65' title='bbox 806 652 946 705; x_wconf 71' lang='grc' dir='ltr'>Ἄργους</span> <span class='ocrx_word' id='word_1_66' title='bbox 970 654 1148 696; x_wconf 71' lang='grc' dir='ltr'>ἑκουσίοις·</span> 
     </span>
     <span class='ocr_line' id='line_1_10' title="bbox 119 710 1150 762; baseline -0.001 -13.999"><span class='ocrx_word' id='word_1_67' title='bbox 119 712 277 762; x_wconf 71' lang='grc' dir='ltr'>χρησμὸν</span> <span class='ocrx_word' id='word_1_68' title='bbox 310 711 344 748; x_wconf 78' lang='grc' dir='ltr'>δὲ</span> <span class='ocrx_word' id='word_1_69' title='bbox 369 710 486 748; x_wconf 57' lang='lat' dir='ltr'>meam</span> <span class='ocrx_word' id='word_1_70' title='bbox 513 710 598 762; x_wconf 77' lang='grc' dir='ltr'>ὑπὲρ</span> <span class='ocrx_word' id='word_1_71' title='bbox 629 711 786 754; x_wconf 81' lang='grc' dir='ltr'>ἀποικίας</span> <span class='ocrx_word' id='word_1_72' title='bbox 819 712 906 760; x_wconf 83' lang='grc' dir='ltr'>μετά</span> <span class='ocrx_word' id='word_1_73' title='bbox 934 727 1032 748; x_wconf 80' lang='grc' dir='ltr'>τινων</span> <span class='ocrx_word' id='word_1_74' title='bbox 1057 714 1150 748; x_wconf 80' lang='grc' dir='ltr'>λαῶν</span> 
     </span>
     <span class='ocr_line' id='line_1_11' title="bbox 118 768 1151 820; baseline -0.001 -14"><span class='ocrx_word' id='word_1_75' title='bbox 118 770 346 807; x_wconf 73' lang='grc' dir='ltr'>κατέπλευσεν</span> <span class='ocrx_word' id='word_1_76' title='bbox 365 771 410 812; x_wconf 84' lang='grc' dir='ltr'>εἰς</span> <span class='ocrx_word' id='word_1_77' title='bbox 430 768 491 814; x_wconf 77' lang='grc' dir='ltr'>τὴν</span> <span class='ocrx_word' id='word_1_78' title='bbox 518 769 655 818; x_wconf 80' lang='grc' dir='ltr'>Ῥόδον,</span> <span class='ocrx_word' id='word_1_79' title='bbox 686 770 744 806; x_wconf 86' lang='grc' dir='ltr'>καὶ</span> <span class='ocrx_word' id='word_1_80' title='bbox 764 770 984 820; x_wconf 71' lang='grc' dir='ltr'>προσδεχθεὶς</span> <span class='ocrx_word' id='word_1_81' title='bbox 1003 769 1068 806; x_wconf 79' lang='grc' dir='ltr'>ὑπὸ</span> <span class='ocrx_word' id='word_1_82' title='bbox 1085 771 1151 805; x_wconf 84' lang='grc' dir='ltr'>τῶν</span> 
     </span>
     <span class='ocr_line' id='line_1_12' title="bbox 120 826 1151 879; baseline -0.002 -14"><span class='ocrx_word' id='word_1_83' title='bbox 120 827 296 879; x_wconf 72' lang='grc' dir='ltr'>ἐγχωρίων</span> <span class='ocrx_word' id='word_1_84' title='bbox 325 829 428 864; x_wconf 73' lang='grc' dir='ltr'>αὐτοῦ’</span> <span class='ocrx_word' id='word_1_85' title='bbox 454 827 649 878; x_wconf 83' lang='grc' dir='ltr'>κατῴκησε.</span> <span class='ocrx_word' id='word_1_86' title='bbox 709 827 896 875; x_wconf 83' lang='grc' dir='ltr'>Γενόμενος</span> <span class='ocrx_word' id='word_1_87' title='bbox 925 826 959 864; x_wconf 77' lang='grc' dir='ltr'>δὲ</span> <span class='ocrx_word' id='word_1_88' title='bbox 992 826 1151 877; x_wconf 76' lang='grc' dir='ltr'>βασιλεὺς</span> 
     </span>
     <span class='ocr_line' id='line_1_13' title="bbox 120 884 1151 936; baseline 0 -15"><span class='ocrx_word' id='word_1_89' title='bbox 120 885 234 930; x_wconf 83' lang='grc' dir='ltr'>πάσης</span> <span class='ocrx_word' id='word_1_90' title='bbox 247 888 306 930; x_wconf 68' lang='grc' dir='ltr'>τῆς</span> <span class='ocrx_word' id='word_1_91' title='bbox 320 885 422 930; x_wconf 80' lang='grc' dir='ltr'>νήσου</span> <span class='ocrx_word' id='word_1_92' title='bbox 437 885 498 930; x_wconf 86' lang='grc' dir='ltr'>τήν</span> <span class='ocrx_word' id='word_1_93' title='bbox 513 900 548 921; x_wconf 93' lang='grc' dir='ltr'>τε</span> <span class='ocrx_word' id='word_1_94' title='bbox 562 884 678 936; x_wconf 73' lang='grc' dir='ltr'>χώραν</span> <span class='ocrx_word' id='word_1_95' title='bbox 692 885 744 922; x_wconf 78' lang='grc' dir='ltr'>ἐπ’</span> <span class='ocrx_word' id='word_1_96' title='bbox 757 884 832 930; x_wconf 87' lang='grc' dir='ltr'>ἴσης</span> <span class='ocrx_word' id='word_1_97' title='bbox 846 884 1151 936; x_wconf 75' lang='grc' dir='ltr'>κατεκληρούχησε</span> 
     </span>
     <span class='ocr_line' id='line_1_14' title="bbox 119 942 1150 993; baseline 0 -14"><span class='ocrx_word' id='word_1_98' title='bbox 119 944 177 979; x_wconf 80' lang='grc' dir='ltr'>καὶ</span> <span class='ocrx_word' id='word_1_99' title='bbox 191 943 302 980; x_wconf 79' lang='grc' dir='ltr'>τᾶλλα</span> <span class='ocrx_word' id='word_1_100' title='bbox 318 943 502 980; x_wconf 81' lang='grc' dir='ltr'>διετέλεσεν</span> <span class='ocrx_word' id='word_1_101' title='bbox 519 943 634 993; x_wconf 73' lang='grc' dir='ltr'>ἅρχων</span> <span class='ocrx_word' id='word_1_102' title='bbox 653 945 822 985; x_wconf 75' lang='grc' dir='ltr'>ἐπιεικῶς.</span> <span class='ocrx_word' id='word_1_103' title='bbox 837 942 888 980; x_wconf 83' lang='grc' dir='ltr'>Τὸ</span> <span class='ocrx_word' id='word_1_104' title='bbox 906 942 940 978; x_wconf 78' lang='grc' dir='ltr'>δὲ</span> <span class='ocrx_word' id='word_1_105' title='bbox 955 943 1150 980; x_wconf 85' lang='grc' dir='ltr'>τελευταῖον</span> 
     </span>
     <span class='ocr_line' id='line_1_15' title="bbox 124 998 1150 1050; baseline 0 -13"><span class='ocrx_word' id='word_1_106' title='bbox 124 1001 196 1050; x_wconf 85' lang='grc' dir='ltr'>μετ’</span> <span class='ocrx_word' id='word_1_107' title='bbox 216 1000 468 1050; x_wconf 74' lang='grc' dir='ltr'>Ἀγαμέμνονος</span> <span class='ocrx_word' id='word_1_108' title='bbox 497 999 689 1050; x_wconf 78' lang='grc' dir='ltr'>στρατεύων</span> <span class='ocrx_word' id='word_1_109' title='bbox 710 1002 756 1042; x_wconf 84' lang='grc' dir='ltr'>εἷς</span> <span class='ocrx_word' id='word_1_110' title='bbox 770 998 889 1044; x_wconf 86' lang='grc' dir='ltr'>Ἴλιον,</span> <span class='ocrx_word' id='word_1_111' title='bbox 908 1003 967 1045; x_wconf 72' lang='grc' dir='ltr'>τῆς</span> <span class='ocrx_word' id='word_1_112' title='bbox 988 999 1048 1048; x_wconf 80' lang='grc' dir='ltr'>μὲν</span> <span class='ocrx_word' id='word_1_113' title='bbox 1069 999 1150 1037; x_wconf 85' lang='grc' dir='ltr'>Ῥό-</span> 
     </span>
     <span class='ocr_line' id='line_1_16' title="bbox 123 1055 1151 1108; baseline -0.001 -14"><span class='ocrx_word' id='word_1_114' title='bbox 123 1059 178 1095; x_wconf 82' lang='grc' dir='ltr'>δου</span> <span class='ocrx_word' id='word_1_115' title='bbox 194 1058 254 1104; x_wconf 83' lang='grc' dir='ltr'>τὴν</span> <span class='ocrx_word' id='word_1_116' title='bbox 269 1059 453 1108; x_wconf 79' lang='grc' dir='ltr'>ἡγεμονίαν</span> <span class='ocrx_word' id='word_1_117' title='bbox 471 1058 647 1108; x_wconf 79' lang='grc' dir='ltr'>παρέδωκε</span> <span class='ocrx_word' id='word_1_118' title='bbox 665 1056 777 1108; x_wconf 78' lang='grc' dir='ltr'>Βούτᾳ</span> <span class='ocrx_word' id='word_1_119' title='bbox 794 1060 842 1107; x_wconf 77' lang='grc' dir='ltr'>τῷ</span> <span class='ocrx_word' id='word_1_120' title='bbox 857 1056 889 1100; x_wconf 79' lang='grc' dir='ltr'>ἐξ</span> <span class='ocrx_word' id='word_1_121' title='bbox 906 1055 1044 1107; x_wconf 74' lang='grc' dir='ltr'>Ἄργους</span> <span class='ocrx_word' id='word_1_122' title='bbox 1059 1059 1151 1108; x_wconf 79' lang='grc' dir='ltr'>αὐτῷ</span> 
     </span>
     <span class='ocr_line' id='line_1_17' title="bbox 124 1114 1152 1167; baseline 0 -15"><span class='ocrx_word' id='word_1_123' title='bbox 124 1117 331 1166; x_wconf 71' lang='grc' dir='ltr'>μετασχόντι</span> <span class='ocrx_word' id='word_1_124' title='bbox 347 1119 405 1160; x_wconf 62' lang='grc' dir='ltr'>τῆς</span> <span class='ocrx_word' id='word_1_125' title='bbox 420 1119 525 1166; x_wconf 70' lang='grc' dir='ltr'>φυγῆς</span> <span class='ocrx_word' id='word_1_126' title='bbox 536 1147 544 1161; x_wconf 86' lang='grc'>,</span> <span class='ocrx_word' id='word_1_127' title='bbox 561 1115 657 1157; x_wconf 74' lang='grc' dir='ltr'>αὐτὸς</span> <span class='ocrx_word' id='word_1_128' title='bbox 673 1115 699 1152; x_wconf 82' lang='grc' dir='ltr'>δ’</span> <span class='ocrx_word' id='word_1_129' title='bbox 717 1115 881 1166; x_wconf 69' lang='grc' dir='ltr'>ἐπιφανὴς</span> <span class='ocrx_word' id='word_1_130' title='bbox 897 1117 929 1152; x_wconf 81' lang='grc' dir='ltr'>ἐν</span> <span class='ocrx_word' id='word_1_131' title='bbox 947 1118 995 1166; x_wconf 82' lang='grc' dir='ltr'>τῷ</span> <span class='ocrx_word' id='word_1_132' title='bbox 1010 1114 1152 1167; x_wconf 81' lang='grc' dir='ltr'>πολέμῳ</span> 
     </span>
     <span class='ocr_line' id='line_1_18' title="bbox 119 1173 820 1224; baseline -0.003 -14"><span class='ocrx_word' id='word_1_133' title='bbox 119 1174 295 1224; x_wconf 73' lang='grc' dir='ltr'>γενόμενος</span> <span class='ocrx_word' id='word_1_134' title='bbox 315 1174 530 1219; x_wconf 81' lang='grc' dir='ltr'>ἐτελεύτησεν</span> <span class='ocrx_word' id='word_1_135' title='bbox 552 1175 584 1209; x_wconf 79' lang='grc' dir='ltr'>ἐν</span> <span class='ocrx_word' id='word_1_136' title='bbox 608 1176 649 1222; x_wconf 71' lang='grc' dir='ltr'>τῇ</span> <span class='ocrx_word' id='word_1_137' title='bbox 669 1173 820 1224; x_wconf 70' lang='grc' dir='ltr'>Τρῳάδι.</span> 
     </span>
    </p>

    <p class='ocr_par' dir='ltr' id='par_1_3' title="bbox 121 1233 1157 2032">
     <span class='ocr_line' id='line_1_19' title="bbox 176 1233 1152 1280; baseline -0.001 -12"><span class='ocrx_word' id='word_1_138' title='bbox 176 1236 351 1269; x_wconf 66' lang='lat' dir='ltr'>pra-terea</span> <span class='ocrx_word' id='word_1_139' title='bbox 380 1234 569 1268; x_wconf 83' lang='lat' dir='ltr'>Diodorus</span> <span class='ocrx_word' id='word_1_140' title='bbox 604 1246 647 1267; x_wconf 85' lang='lat' dir='ltr'>ex</span> <span class='ocrx_word' id='word_1_141' title='bbox 682 1235 832 1267; x_wconf 85' lang='lat' dir='ltr'>Zenone</span> <span class='ocrx_word' id='word_1_142' title='bbox 864 1233 1033 1280; x_wconf 74' lang='lat' dir='ltr'>petivisse</span> <span class='ocrx_word' id='word_1_143' title='bbox 1062 1234 1152 1268; x_wconf 82' lang='lat' dir='ltr'>milii</span> 
     </span>
     <span class='ocr_line' id='line_1_20' title="bbox 121 1291 1153 1339; baseline 0.002 -15"><span class='ocrx_word' id='word_1_144' title='bbox 121 1293 268 1326; x_wconf 60' lang='lat' dir='ltr'>xidotur</span> <span class='ocrx_word' id='word_1_145' title='bbox 300 1293 549 1326; x_wconf 70' lang='lat' dir='ltr'>narratismem</span> <span class='ocrx_word' id='word_1_146' title='bbox 578 1291 805 1325; x_wconf 75' lang='lat' dir='ltr'>uberrimam</span> <span class='ocrx_word' id='word_1_147' title='bbox 836 1291 925 1339; x_wconf 87' lang='lat' dir='ltr'>(lib.</span> <span class='ocrx_word' id='word_1_148' title='bbox 953 1292 1048 1336; x_wconf 82' lang='lat' dir='ltr'>XX,</span> <span class='ocrx_word' id='word_1_149' title='bbox 1081 1291 1123 1326; x_wconf 85' lang='lat'>81</span> <span class='ocrx_word' id='word_1_150' title='bbox 1142 1314 1153 1319; x_wconf 87' lang='lat'><em>-</em></span> 
     </span>
     <span class='ocr_line' id='line_1_21' title="bbox 127 1349 1156 1397; baseline -0.001 -14"><span class='ocrx_word' id='word_1_151' title='bbox 127 1350 221 1397; x_wconf 81' lang='lat'>100)</span> <span class='ocrx_word' id='word_1_152' title='bbox 241 1350 286 1383; x_wconf 89' lang='lat' dir='ltr'>de</span> <span class='ocrx_word' id='word_1_153' title='bbox 306 1350 405 1383; x_wconf 87' lang='lat' dir='ltr'>bello</span> <span class='ocrx_word' id='word_1_154' title='bbox 427 1349 531 1396; x_wconf 86' lang='lat' dir='ltr'>quod</span> <span class='ocrx_word' id='word_1_155' title='bbox 555 1355 684 1383; x_wconf 75' lang='lat' dir='ltr'>contra</span> <span class='ocrx_word' id='word_1_156' title='bbox 715 1350 944 1397; x_wconf 85' lang='lat' dir='ltr'>Antigonum</span> <span class='ocrx_word' id='word_1_157' title='bbox 967 1356 1000 1383; x_wconf 89' lang='lat' dir='ltr'>et</span> <span class='ocrx_word' id='word_1_158' title='bbox 1020 1351 1156 1384; x_wconf 83' lang='lat' dir='ltr'><strong>Deme-</strong></span> 
     </span>
     <span class='ocr_line' id='line_1_22' title="bbox 123 1406 1154 1443; baseline 0 -3"><span class='ocrx_word' id='word_1_159' title='bbox 123 1408 231 1441; x_wconf 85' lang='lat' dir='ltr'>trium</span> <span class='ocrx_word' id='word_1_160' title='bbox 258 1408 491 1442; x_wconf 84' lang='lat' dir='ltr'>Poliorceten</span> <span class='ocrx_word' id='word_1_161' title='bbox 514 1406 656 1442; x_wconf 87' lang='lat' dir='ltr'>Rhodii</span> <span class='ocrx_word' id='word_1_162' title='bbox 684 1408 947 1443; x_wconf 85' lang='lat' dir='ltr'>sustinuerunt.</span> <span class='ocrx_word' id='word_1_163' title='bbox 977 1408 1068 1441; x_wconf 60' lang='lat' dir='ltr'>Nam</span> <span class='ocrx_word' id='word_1_164' title='bbox 1089 1419 1154 1441; x_wconf 92' lang='lat' dir='ltr'>co-</span> 
     </span>
     <span class='ocr_line' id='line_1_23' title="bbox 122 1466 1156 1512; baseline 0.001 -14"><span class='ocrx_word' id='word_1_165' title='bbox 122 1466 178 1498; x_wconf 90' lang='lat' dir='ltr'>lor</span> <span class='ocrx_word' id='word_1_166' title='bbox 198 1466 420 1499; x_wconf 75' lang='lat' dir='ltr'>narrationis</span> <span class='ocrx_word' id='word_1_167' title='bbox 445 1466 665 1512; x_wconf 70' lang='lat' dir='ltr'>scriptorem</span> <span class='ocrx_word' id='word_1_168' title='bbox 689 1477 747 1499; x_wconf 89' lang='lat' dir='ltr'>res</span> <span class='ocrx_word' id='word_1_169' title='bbox 770 1467 908 1512; x_wconf 82' lang='lat' dir='ltr'>patrias</span> <span class='ocrx_word' id='word_1_170' title='bbox 937 1471 1156 1500; x_wconf 73' lang='lat' dir='ltr'>tractantem</span> 
     </span>
     <span class='ocr_line' id='line_1_24' title="bbox 122 1523 1154 1571; baseline 0 -15"><span class='ocrx_word' id='word_1_171' title='bbox 122 1524 302 1570; x_wconf 67' lang='lat' dir='ltr'>coarguit.</span> <span class='ocrx_word' id='word_1_172' title='bbox 325 1524 444 1557; x_wconf 90' lang='lat' dir='ltr'>Porro</span> <span class='ocrx_word' id='word_1_173' title='bbox 471 1523 574 1570; x_wconf 91' lang='lat' dir='ltr'>quod</span> <span class='ocrx_word' id='word_1_174' title='bbox 603 1523 792 1558; x_wconf 89' lang='lat' dir='ltr'>Diodorus</span> <span class='ocrx_word' id='word_1_175' title='bbox 814 1525 909 1567; x_wconf 75' lang='lat' dir='ltr'>XX,</span> <span class='ocrx_word' id='word_1_176' title='bbox 938 1523 981 1557; x_wconf 87' lang='lat'>81</span> <span class='ocrx_word' id='word_1_177' title='bbox 1007 1524 1045 1557; x_wconf 88' lang='lat' dir='ltr'>in</span> <span class='ocrx_word' id='word_1_178' title='bbox 1069 1524 1154 1571; x_wconf 81' lang='lat' dir='ltr'>glo—</span> 
     </span>
     <span class='ocr_line' id='line_1_25' title="bbox 123 1581 1154 1624; baseline 0.001 -10"><span class='ocrx_word' id='word_1_179' title='bbox 123 1582 214 1615; x_wconf 85' lang='lat' dir='ltr'>riam</span> <span class='ocrx_word' id='word_1_180' title='bbox 247 1581 485 1616; x_wconf 83' lang='lat' dir='ltr'>Rhodiorum</span> <span class='ocrx_word' id='word_1_181' title='bbox 516 1582 671 1615; x_wconf 76' lang='lat' dir='ltr'>civitatis</span> <span class='ocrx_word' id='word_1_182' title='bbox 712 1588 861 1624; x_wconf 82' lang='lat' dir='ltr'>monet,</span> <span class='ocrx_word' id='word_1_183' title='bbox 900 1588 1154 1616; x_wconf 77' lang='lat' dir='ltr'>testamentum</span> 
     </span>
     <span class='ocr_line' id='line_1_26' title="bbox 125 1639 1154 1686; baseline 0.001 -14"><span class='ocrx_word' id='word_1_184' title='bbox 125 1639 322 1673; x_wconf 71' lang='lat' dir='ltr'>Alexandri</span> <span class='ocrx_word' id='word_1_185' title='bbox 337 1639 437 1686; x_wconf 87' lang='lat' dir='ltr'>apud</span> <span class='ocrx_word' id='word_1_186' title='bbox 455 1639 622 1674; x_wconf 80' lang='lat' dir='ltr'>Rhodios</span> <span class='ocrx_word' id='word_1_187' title='bbox 648 1639 855 1685; x_wconf 87' lang='lat' dir='ltr'>depositum</span> <span class='ocrx_word' id='word_1_188' title='bbox 876 1639 1000 1682; x_wconf 81' lang='lat' dir='ltr'>fuisse,</span> <span class='ocrx_word' id='word_1_189' title='bbox 1019 1640 1154 1673; x_wconf 85' lang='lat' dir='ltr'>mirum</span> 
     </span>
     <span class='ocr_line' id='line_1_27' title="bbox 124 1696 1156 1742; baseline 0.001 -13"><span class='ocrx_word' id='word_1_190' title='bbox 124 1697 157 1729; x_wconf 90' lang='lat' dir='ltr'>in</span> <span class='ocrx_word' id='word_1_191' title='bbox 189 1696 344 1730; x_wconf 86' lang='lat' dir='ltr'>modum</span> <span class='ocrx_word' id='word_1_192' title='bbox 371 1698 534 1731; x_wconf 87' lang='lat' dir='ltr'>concinit</span> <span class='ocrx_word' id='word_1_193' title='bbox 562 1709 646 1730; x_wconf 83' lang='lat' dir='ltr'>cum</span> <span class='ocrx_word' id='word_1_194' title='bbox 673 1697 715 1731; x_wconf 89' lang='lat' dir='ltr'>iis</span> <span class='ocrx_word' id='word_1_195' title='bbox 743 1709 824 1742; x_wconf 81' lang='lat' dir='ltr'>quae</span> <span class='ocrx_word' id='word_1_196' title='bbox 851 1697 1021 1742; x_wconf 79' lang='lat' dir='ltr'>leguntur</span> <span class='ocrx_word' id='word_1_197' title='bbox 1057 1697 1156 1742; x_wconf 85' lang='lat' dir='ltr'>apud</span> 
     </span>
     <span class='ocr_line' id='line_1_28' title="bbox 127 1754 1147 1801; baseline 0.001 -14"><span class='ocrx_word' id='word_1_198' title='bbox 127 1754 521 1788; x_wconf 80' lang='lat' dir='ltr'>l‘seudoeallistlicnem</span> <span class='ocrx_word' id='word_1_199' title='bbox 551 1767 588 1801; x_wconf 86' lang='lat' dir='ltr'>p.</span> <span class='ocrx_word' id='word_1_200' title='bbox 622 1758 689 1797; x_wconf 58' lang='lat'>147</span> <span class='ocrx_word' id='word_1_201' title='bbox 721 1767 791 1800; x_wconf 62' lang='lat' dir='ltr'>sq„</span> <span class='ocrx_word' id='word_1_202' title='bbox 814 1754 879 1787; x_wconf 85' lang='lat' dir='ltr'>ubi</span> <span class='ocrx_word' id='word_1_203' title='bbox 904 1754 1014 1800; x_wconf 85' lang='lat' dir='ltr'>ipsius</span> <span class='ocrx_word' id='word_1_204' title='bbox 1037 1760 1147 1788; x_wconf 80' lang='lat' dir='ltr'>testa-</span> 
     </span>
     <span class='ocr_line' id='line_1_29' title="bbox 123 1810 1155 1858; baseline 0.003 -15"><span class='ocrx_word' id='word_1_205' title='bbox 123 1812 259 1844; x_wconf 77' lang='lat' dir='ltr'>menti.</span> <span class='ocrx_word' id='word_1_206' title='bbox 252 1823 369 1857; x_wconf 66' lang='lat' dir='ltr'>apogi</span> <span class='ocrx_word' id='word_1_207' title='bbox 373 1812 510 1857; x_wconf 82' lang='lat' dir='ltr'>aphum</span> <span class='ocrx_word' id='word_1_208' title='bbox 525 1811 535 1858; x_wconf 90' lang='lat'>(</span> <span class='ocrx_word' id='word_1_209' title='bbox 553 1823 596 1845; x_wconf 74' lang='lat' dir='ltr'>ex</span> <span class='ocrx_word' id='word_1_210' title='bbox 610 1810 755 1856; x_wconf 58' lang='lat' dir='ltr'>eodan,</span> <span class='ocrx_word' id='word_1_211' title='bbox 772 1818 879 1857; x_wconf 86' lang='lat' dir='ltr'>puto,</span> <span class='ocrx_word' id='word_1_212' title='bbox 898 1812 1069 1856; x_wconf 88' lang='lat' dir='ltr'>Zenone)</span> <span class='ocrx_word' id='word_1_213' title='bbox 1087 1824 1155 1846; x_wconf 81' lang='lat' dir='ltr'>ex—</span> 
     </span>
     <span class='ocr_line' id='line_1_30' title="bbox 124 1868 1156 1914; baseline 0.002 -14"><span class='ocrx_word' id='word_1_214' title='bbox 124 1869 249 1901; x_wconf 74' lang='lat' dir='ltr'>liibetu</span> <span class='ocrx_word' id='word_1_215' title='bbox 255 1881 284 1902; x_wconf 90' lang='lat' dir='ltr'>r.</span> <span class='ocrx_word' id='word_1_216' title='bbox 309 1870 351 1902; x_wconf 99' lang='grc' dir='ltr'><strong>Χ</strong></span> <span class='ocrx_word' id='word_1_217' title='bbox 378 1868 520 1903; x_wconf 70' lang='lat' dir='ltr'>praelat.</span> <span class='ocrx_word' id='word_1_218' title='bbox 550 1869 587 1902; x_wconf 87' lang='lat' dir='ltr'>in</span> <span class='ocrx_word' id='word_1_219' title='bbox 618 1868 849 1904; x_wconf 80' lang='lat' dir='ltr'>Pseudocall.</span> <span class='ocrx_word' id='word_1_220' title='bbox 872 1880 907 1914; x_wconf 90' lang='lat' dir='ltr'>p.</span> <span class='ocrx_word' id='word_1_221' title='bbox 934 1869 993 1902; x_wconf 69' lang='lat' dir='ltr'>X}</span> <span class='ocrx_word' id='word_1_222' title='bbox 991 1869 1079 1902; x_wconf 60' lang='lat'>§.111</span> <span class='ocrx_word' id='word_1_223' title='bbox 1108 1889 1156 1893; x_wconf 93' lang='lat'>—-</span> 
     </span>
     <span class='ocr_line' id='line_1_31' title="bbox 128 1926 1157 1973; baseline 0.001 -13"><span class='ocrx_word' id='word_1_224' title='bbox 128 1928 294 1973; x_wconf 77' lang='lat' dir='ltr'>Denique</span> <span class='ocrx_word' id='word_1_225' title='bbox 312 1929 468 1962; x_wconf 81' lang='lat' dir='ltr'>Zenonis</span> <span class='ocrx_word' id='word_1_226' title='bbox 496 1927 635 1961; x_wconf 78' lang='lat' dir='ltr'>Rhodii</span> <span class='ocrx_word' id='word_1_227' title='bbox 655 1938 794 1960; x_wconf 84' lang='lat' dir='ltr'>nomen</span> <span class='ocrx_word' id='word_1_228' title='bbox 813 1926 1061 1973; x_wconf 87' lang='lat' dir='ltr'>supplendum</span> <span class='ocrx_word' id='word_1_229' title='bbox 1084 1939 1157 1961; x_wconf 78' lang='lat' dir='ltr'>esse</span> 
     </span>
     <span class='ocr_line' id='line_1_32' title="bbox 124 1984 1152 2032; baseline 0 -14"><span class='ocrx_word' id='word_1_230' title='bbox 124 1987 158 2018; x_wconf 85' lang='lat' dir='ltr'>in</span> <span class='ocrx_word' id='word_1_231' title='bbox 193 1986 299 2019; x_wconf 84' lang='lat' dir='ltr'>titulo</span> <span class='ocrx_word' id='word_1_232' title='bbox 324 1984 543 2032; x_wconf 76' lang='lat' dir='ltr'>Prienensi(</span> <span class='ocrx_word' id='word_1_233' title='bbox 568 1985 682 2031; x_wconf 90' lang='lat' dir='ltr'>Corp.</span> <span class='ocrx_word' id='word_1_234' title='bbox 714 1986 828 2018; x_wconf 88' lang='lat' dir='ltr'>Inscr.</span> <span class='ocrx_word' id='word_1_235' title='bbox 855 1986 910 2027; x_wconf 94' lang='grc' dir='ltr'>ΙΙ,</span> <span class='ocrx_word' id='word_1_236' title='bbox 946 1996 984 2021; x_wconf 88' lang='lat' dir='ltr'>n.</span> <span class='ocrx_word' id='word_1_237' title='bbox 1024 1984 1152 2032; x_wconf 79' lang='lat'>2905)</span> 
     </span>
    </p>
   </div>
   <div class='ocr_carea' id='block_1_3' title="bbox 123 2092 1162 2956">
    <p class='ocr_par' dir='ltr' id='par_1_4' title="bbox 123 2092 1162 2956">
     <span class='ocr_line' id='line_1_33' title="bbox 123 2092 1157 2130; baseline 0 -8"><span class='ocrx_word' id='word_1_238' title='bbox 123 2093 282 2124; x_wconf 83' lang='lat' dir='ltr'>insulanos</span> <span class='ocrx_word' id='word_1_239' title='bbox 292 2093 404 2123; x_wconf 85' lang='lat' dir='ltr'>oborto</span> <span class='ocrx_word' id='word_1_240' title='bbox 417 2093 523 2124; x_wconf 86' lang='lat' dir='ltr'>statim</span> <span class='ocrx_word' id='word_1_241' title='bbox 535 2092 697 2130; x_wconf 82' lang='lat' dir='ltr'>conflictu,</span> <span class='ocrx_word' id='word_1_242' title='bbox 712 2093 923 2123; x_wconf 75' lang='lat' dir='ltr'>Altlioemenes</span> <span class='ocrx_word' id='word_1_243' title='bbox 936 2092 975 2122; x_wconf 87' lang='lat' dir='ltr'>ad</span> <span class='ocrx_word' id='word_1_244' title='bbox 986 2101 1077 2130; x_wconf 86' lang='lat' dir='ltr'>opem</span> <span class='ocrx_word' id='word_1_245' title='bbox 1091 2092 1157 2122; x_wconf 89' lang='lat' dir='ltr'>suis</span> 
     </span>
     <span class='ocr_line' id='line_1_34' title="bbox 125 2142 1156 2183; baseline -0.001 -9"><span class='ocrx_word' id='word_1_246' title='bbox 125 2145 283 2175; x_wconf 61' lang='lat' dir='ltr'>serendam</span> <span class='ocrx_word' id='word_1_247' title='bbox 300 2153 471 2174; x_wconf 78' lang='lat' dir='ltr'>excurrens</span> <span class='ocrx_word' id='word_1_248' title='bbox 481 2168 489 2182; x_wconf 87' lang='lat'>,</span> <span class='ocrx_word' id='word_1_249' title='bbox 514 2144 613 2174; x_wconf 80' lang='lat' dir='ltr'>bastae</span> <span class='ocrx_word' id='word_1_250' title='bbox 634 2145 720 2182; x_wconf 85' lang='lat' dir='ltr'>jactu</span> <span class='ocrx_word' id='word_1_251' title='bbox 744 2144 870 2183; x_wconf 78' lang='lat' dir='ltr'>ignarus</span> <span class='ocrx_word' id='word_1_252' title='bbox 895 2144 1014 2182; x_wconf 85' lang='lat' dir='ltr'>patrem</span> <span class='ocrx_word' id='word_1_253' title='bbox 1031 2142 1156 2173; x_wconf 86' lang='lat' dir='ltr'>occidit.</span> 
     </span>
     <span class='ocr_line' id='line_1_35' title="bbox 125 2194 1158 2235; baseline -0.001 -10"><span class='ocrx_word' id='word_1_254' title='bbox 125 2196 185 2231; x_wconf 81' lang='lat' dir='ltr'>Qui</span> <span class='ocrx_word' id='word_1_255' title='bbox 207 2205 296 2227; x_wconf 78' lang='lat' dir='ltr'>rasus</span> <span class='ocrx_word' id='word_1_256' title='bbox 312 2196 365 2226; x_wconf 94' lang='lat' dir='ltr'>ubi</span> <span class='ocrx_word' id='word_1_257' title='bbox 384 2196 540 2234; x_wconf 89' lang='lat' dir='ltr'>innotuit,</span> <span class='ocrx_word' id='word_1_258' title='bbox 565 2195 812 2235; x_wconf 77' lang='lat' dir='ltr'>magnitudinem</span> <span class='ocrx_word' id='word_1_259' title='bbox 833 2194 1019 2225; x_wconf 79' lang='lat' dir='ltr'>calamitatis</span> <span class='ocrx_word' id='word_1_260' title='bbox 1038 2194 1158 2225; x_wconf 77' lang='lat' dir='ltr'>Althae-</span> 
     </span>
     <span class='ocr_line' id='line_1_36' title="bbox 126 2247 1159 2287; baseline -0.003 -8"><span class='ocrx_word' id='word_1_261' title='bbox 126 2258 230 2279; x_wconf 75' lang='lat' dir='ltr'>menes</span> <span class='ocrx_word' id='word_1_262' title='bbox 245 2258 305 2279; x_wconf 89' lang='lat' dir='ltr'>uon</span> <span class='ocrx_word' id='word_1_263' title='bbox 319 2249 492 2286; x_wconf 83' lang='lat' dir='ltr'>sustinens,</span> <span class='ocrx_word' id='word_1_264' title='bbox 509 2257 636 2279; x_wconf 87' lang='lat' dir='ltr'>omnem</span> <span class='ocrx_word' id='word_1_265' title='bbox 652 2247 799 2287; x_wconf 77' lang='lat' dir='ltr'>deinceps</span> <span class='ocrx_word' id='word_1_266' title='bbox 812 2247 977 2278; x_wconf 87' lang='lat' dir='ltr'>hominum</span> <span class='ocrx_word' id='word_1_267' title='bbox 991 2254 1159 2277; x_wconf 88' lang='lat' dir='ltr'>occursum</span> 
     </span>
     <span class='ocr_line' id='line_1_37' title="bbox 125 2296 1160 2337; baseline -0.003 -7"><span class='ocrx_word' id='word_1_268' title='bbox 125 2302 154 2330; x_wconf 81' lang='lat' dir='ltr'>rt</span> <span class='ocrx_word' id='word_1_269' title='bbox 167 2299 427 2330; x_wconf 76' lang='lat' dir='ltr'>consuetudinem</span> <span class='ocrx_word' id='word_1_270' title='bbox 439 2299 655 2336; x_wconf 78' lang='lat' dir='ltr'>aversabatur,</span> <span class='ocrx_word' id='word_1_271' title='bbox 666 2299 814 2337; x_wconf 88' lang='lat' dir='ltr'>solusque</span> <span class='ocrx_word' id='word_1_272' title='bbox 827 2298 858 2328; x_wconf 94' lang='lat' dir='ltr'>in</span> <span class='ocrx_word' id='word_1_273' title='bbox 868 2296 998 2328; x_wconf 81' lang='lat' dir='ltr'>desertis</span> <span class='ocrx_word' id='word_1_274' title='bbox 1010 2297 1160 2328; x_wconf 87' lang='lat' dir='ltr'>oberrans</span> 
     </span>
     <span class='ocr_line' id='line_1_38' title="bbox 126 2349 1160 2390; baseline -0.003 -8"><span class='ocrx_word' id='word_1_275' title='bbox 126 2352 219 2390; x_wconf 88' lang='lat' dir='ltr'>locis,</span> <span class='ocrx_word' id='word_1_276' title='bbox 235 2360 370 2382; x_wconf 82' lang='lat' dir='ltr'>moerore</span> <span class='ocrx_word' id='word_1_277' title='bbox 386 2351 514 2382; x_wconf 85' lang='lat' dir='ltr'>tandem</span> <span class='ocrx_word' id='word_1_278' title='bbox 529 2351 702 2381; x_wconf 75' lang='lat' dir='ltr'>exstinctus</span> <span class='ocrx_word' id='word_1_279' title='bbox 715 2352 772 2381; x_wconf 88' lang='lat' dir='ltr'>est.</span> <span class='ocrx_word' id='word_1_280' title='bbox 789 2349 915 2380; x_wconf 83' lang='lat' dir='ltr'>Heroiei</span> <span class='ocrx_word' id='word_1_281' title='bbox 930 2351 1036 2380; x_wconf 82' lang='lat' dir='ltr'>tamen</span> <span class='ocrx_word' id='word_1_282' title='bbox 1049 2350 1076 2380; x_wconf 86' lang='lat' dir='ltr'>ei</span> <span class='ocrx_word' id='word_1_283' title='bbox 1090 2352 1160 2390; x_wconf 85' lang='lat' dir='ltr'>post</span> 
     </span>
     <span class='ocr_line' id='line_1_39' title="bbox 126 2401 1161 2441; baseline -0.002 -8"><span class='ocrx_word' id='word_1_284' title='bbox 126 2402 341 2441; x_wconf 74' lang='lat' dir='ltr'>oraculijussu</span> <span class='ocrx_word' id='word_1_285' title='bbox 356 2403 490 2433; x_wconf 82' lang='lat' dir='ltr'>honores</span> <span class='ocrx_word' id='word_1_286' title='bbox 502 2411 518 2433; x_wconf 83' lang='lat' dir='ltr'>a</span> <span class='ocrx_word' id='word_1_287' title='bbox 533 2402 659 2433; x_wconf 81' lang='lat' dir='ltr'>Rhodiis</span> <span class='ocrx_word' id='word_1_288' title='bbox 672 2401 765 2432; x_wconf 74' lang='lat' dir='ltr'>delati</span> <span class='ocrx_word' id='word_1_289' title='bbox 779 2403 862 2432; x_wconf 87' lang='lat' dir='ltr'>sunt.</span> <span class='ocrx_word' id='word_1_290' title='bbox 880 2401 959 2431; x_wconf 84' lang='lat' dir='ltr'>Hinc</span> <span class='ocrx_word' id='word_1_291' title='bbox 972 2401 1075 2440; x_wconf 79' lang='lat' dir='ltr'>paullo</span> <span class='ocrx_word' id='word_1_292' title='bbox 1089 2404 1161 2432; x_wconf 81' lang='lat' dir='ltr'>ante</span> 
     </span>
     <span class='ocr_line' id='line_1_40' title="bbox 129 2452 1160 2492; baseline 0.001 -10"><span class='ocrx_word' id='word_1_293' title='bbox 129 2454 245 2484; x_wconf 73' lang='lat' dir='ltr'>bellum</span> <span class='ocrx_word' id='word_1_294' title='bbox 261 2453 432 2492; x_wconf 87' lang='lat' dir='ltr'>Trojanum</span> <span class='ocrx_word' id='word_1_295' title='bbox 446 2453 664 2492; x_wconf 82' lang='lat' dir='ltr'>Tlepolemus,</span> <span class='ocrx_word' id='word_1_296' title='bbox 678 2453 820 2484; x_wconf 86' lang='lat' dir='ltr'>Herculis</span> <span class='ocrx_word' id='word_1_297' title='bbox 837 2452 937 2490; x_wconf 80' lang='lat' dir='ltr'>iilius,</span> <span class='ocrx_word' id='word_1_298' title='bbox 952 2452 992 2481; x_wconf 91' lang='lat' dir='ltr'>ob</span> <span class='ocrx_word' id='word_1_299' title='bbox 1008 2452 1160 2491; x_wconf 78' lang='lat' dir='ltr'>Licynmii</span> 
     </span>
     <span class='ocr_line' id='line_1_41' title="bbox 129 2505 1161 2544; baseline 0.001 -11"><span class='ocrx_word' id='word_1_300' title='bbox 129 2505 246 2536; x_wconf 58' lang='lat' dir='ltr'>casdem</span> <span class='ocrx_word' id='word_1_301' title='bbox 257 2530 265 2544; x_wconf 87' lang='lat'>,</span> <span class='ocrx_word' id='word_1_302' title='bbox 292 2514 388 2544; x_wconf 83' lang='lat' dir='ltr'>quam</span> <span class='ocrx_word' id='word_1_303' title='bbox 413 2505 530 2535; x_wconf 79' lang='lat' dir='ltr'>invitus</span> <span class='ocrx_word' id='word_1_304' title='bbox 554 2505 771 2541; x_wconf 77' lang='lat' dir='ltr'>commiserat,</span> <span class='ocrx_word' id='word_1_305' title='bbox 795 2506 905 2543; x_wconf 88' lang='lat' dir='ltr'>sponte</span> <span class='ocrx_word' id='word_1_306' title='bbox 934 2507 1032 2543; x_wconf 75' lang='lat' dir='ltr'>Argos</span> <span class='ocrx_word' id='word_1_307' title='bbox 1067 2505 1161 2535; x_wconf 79' lang='lat' dir='ltr'>exitio</span> 
     </span>
     <span class='ocr_line' id='line_1_42' title="bbox 130 2555 1160 2594; baseline 0.001 -9"><span class='ocrx_word' id='word_1_308' title='bbox 130 2558 324 2593; x_wconf 83' lang='lat' dir='ltr'>mutaverat,</span> <span class='ocrx_word' id='word_1_309' title='bbox 349 2557 379 2586; x_wconf 88' lang='lat' dir='ltr'>et</span> <span class='ocrx_word' id='word_1_310' title='bbox 393 2556 559 2594; x_wconf 81' lang='lat' dir='ltr'>postquam</span> <span class='ocrx_word' id='word_1_311' title='bbox 580 2564 674 2594; x_wconf 84' lang='lat' dir='ltr'>super</span> <span class='ocrx_word' id='word_1_312' title='bbox 687 2555 811 2586; x_wconf 84' lang='lat' dir='ltr'>colonia</span> <span class='ocrx_word' id='word_1_313' title='bbox 826 2564 1009 2594; x_wconf 88' lang='lat' dir='ltr'>responsum</span> <span class='ocrx_word' id='word_1_314' title='bbox 1029 2563 1160 2594; x_wconf 78' lang='lat' dir='ltr'>accepe-</span> 
     </span>
     <span class='ocr_line' id='line_1_43' title="bbox 132 2607 1160 2648; baseline 0 -11"><span class='ocrx_word' id='word_1_315' title='bbox 132 2611 176 2637; x_wconf 76' lang='lat' dir='ltr'>rat</span> <span class='ocrx_word' id='word_1_316' title='bbox 188 2631 197 2647; x_wconf 96' lang='lat'>‚</span> <span class='ocrx_word' id='word_1_317' title='bbox 209 2617 280 2639; x_wconf 83' lang='lat' dir='ltr'>cum</span> <span class='ocrx_word' id='word_1_318' title='bbox 296 2609 459 2647; x_wconf 85' lang='lat' dir='ltr'>aliquanta</span> <span class='ocrx_word' id='word_1_319' title='bbox 474 2608 578 2648; x_wconf 86' lang='lat' dir='ltr'>populi</span> <span class='ocrx_word' id='word_1_320' title='bbox 592 2617 687 2638; x_wconf 85' lang='lat' dir='ltr'>manu</span> <span class='ocrx_word' id='word_1_321' title='bbox 702 2608 733 2639; x_wconf 92' lang='lat' dir='ltr'>in</span> <span class='ocrx_word' id='word_1_322' title='bbox 747 2607 892 2639; x_wconf 81' lang='lat' dir='ltr'>Rhodum</span> <span class='ocrx_word' id='word_1_323' title='bbox 907 2607 1091 2644; x_wconf 76' lang='lat' dir='ltr'>transmisit,</span> <span class='ocrx_word' id='word_1_324' title='bbox 1106 2607 1160 2637; x_wconf 92' lang='lat' dir='ltr'>ubi</span> 
     </span>
     <span class='ocr_line' id='line_1_44' title="bbox 135 2659 1162 2699; baseline 0 -10"><span class='ocrx_word' id='word_1_325' title='bbox 135 2660 174 2689; x_wconf 72' lang='lat' dir='ltr'>ab</span> <span class='ocrx_word' id='word_1_326' title='bbox 193 2661 300 2691; x_wconf 76' lang='lat' dir='ltr'>ineolis</span> <span class='ocrx_word' id='word_1_327' title='bbox 316 2661 458 2699; x_wconf 81' lang='lat' dir='ltr'>receptus</span> <span class='ocrx_word' id='word_1_328' title='bbox 471 2660 622 2691; x_wconf 84' lang='lat' dir='ltr'>consedit.</span> <span class='ocrx_word' id='word_1_329' title='bbox 639 2662 703 2691; x_wconf 80' lang='lat' dir='ltr'>Rex</span> <span class='ocrx_word' id='word_1_330' title='bbox 718 2659 831 2691; x_wconf 83' lang='lat' dir='ltr'>deiude</span> <span class='ocrx_word' id='word_1_331' title='bbox 844 2660 941 2690; x_wconf 89' lang='lat' dir='ltr'>totius</span> <span class='ocrx_word' id='word_1_332' title='bbox 954 2659 1064 2690; x_wconf 82' lang='lat' dir='ltr'>insulae</span> <span class='ocrx_word' id='word_1_333' title='bbox 1078 2668 1162 2690; x_wconf 84' lang='lat' dir='ltr'>crea-</span> 
     </span>
     <span class='ocr_line' id='line_1_45' title="bbox 132 2710 1161 2750; baseline -0.001 -9"><span class='ocrx_word' id='word_1_334' title='bbox 132 2714 199 2748; x_wconf 79' lang='lat' dir='ltr'>tus,</span> <span class='ocrx_word' id='word_1_335' title='bbox 213 2720 322 2750; x_wconf 68' lang='lat' dir='ltr'>agrum</span> <span class='ocrx_word' id='word_1_336' title='bbox 337 2712 449 2742; x_wconf 85' lang='lat' dir='ltr'>sortito</span> <span class='ocrx_word' id='word_1_337' title='bbox 463 2712 493 2741; x_wconf 92' lang='lat' dir='ltr'>in</span> <span class='ocrx_word' id='word_1_338' title='bbox 508 2720 617 2750; x_wconf 72' lang='lat' dir='ltr'>mquas</span> <span class='ocrx_word' id='word_1_339' title='bbox 631 2713 733 2750; x_wconf 85' lang='lat' dir='ltr'>partes</span> <span class='ocrx_word' id='word_1_340' title='bbox 752 2711 876 2748; x_wconf 79' lang='lat' dir='ltr'>divisit,</span> <span class='ocrx_word' id='word_1_341' title='bbox 893 2712 925 2742; x_wconf 83' lang='lat' dir='ltr'>et</span> <span class='ocrx_word' id='word_1_342' title='bbox 944 2712 1048 2741; x_wconf 80' lang='lat' dir='ltr'>cetera</span> <span class='ocrx_word' id='word_1_343' title='bbox 1067 2710 1161 2740; x_wconf 86' lang='lat' dir='ltr'>etiam</span> 
     </span>
     <span class='ocr_line' id='line_1_46' title="bbox 132 2763 1162 2802; baseline -0.001 -9"><span class='ocrx_word' id='word_1_344' title='bbox 132 2764 169 2793; x_wconf 72' lang='lat' dir='ltr'>ud</span> <span class='ocrx_word' id='word_1_345' title='bbox 188 2764 346 2802; x_wconf 71' lang='lat' dir='ltr'>:equitatis</span> <span class='ocrx_word' id='word_1_346' title='bbox 362 2772 505 2794; x_wconf 82' lang='lat' dir='ltr'>normam</span> <span class='ocrx_word' id='word_1_347' title='bbox 519 2763 759 2794; x_wconf 66' lang='lat' dir='ltr'>administravit.</span> <span class='ocrx_word' id='word_1_348' title='bbox 781 2763 919 2794; x_wconf 82' lang='lat' dir='ltr'>Tandem</span> <span class='ocrx_word' id='word_1_349' title='bbox 937 2772 1009 2793; x_wconf 80' lang='lat' dir='ltr'>eum</span> <span class='ocrx_word' id='word_1_350' title='bbox 1031 2766 1162 2800; x_wconf 72' lang='lat' dir='ltr'>Agame-</span> 
     </span>
     <span class='ocr_line' id='line_1_47' title="bbox 133 2814 1161 2854; baseline -0.001 -11"><span class='ocrx_word' id='word_1_351' title='bbox 133 2816 363 2845; x_wconf 79' lang='lat' dir='ltr'>mnouecoutra</span> <span class='ocrx_word' id='word_1_352' title='bbox 376 2815 465 2846; x_wconf 88' lang='lat' dir='ltr'>llium</span> <span class='ocrx_word' id='word_1_353' title='bbox 478 2814 710 2854; x_wconf 73' lang='lat' dir='ltr'>expeditionem</span> <span class='ocrx_word' id='word_1_354' title='bbox 725 2814 866 2845; x_wconf 75' lang='lat' dir='ltr'>facturus</span> <span class='ocrx_word' id='word_1_355' title='bbox 880 2814 1046 2853; x_wconf 82' lang='lat' dir='ltr'>imperium</span> <span class='ocrx_word' id='word_1_356' title='bbox 1060 2815 1161 2851; x_wconf 70' lang='lat' dir='ltr'>Butae,</span> 
     </span>
     <span class='ocr_line' id='line_1_48' title="bbox 132 2865 1160 2904; baseline 0.002 -11"><span class='ocrx_word' id='word_1_357' title='bbox 132 2865 184 2902; x_wconf 72' lang='lat' dir='ltr'>11ui</span> <span class='ocrx_word' id='word_1_358' title='bbox 204 2865 371 2903; x_wconf 66' lang='lat' dir='ltr'>Argismin</span> <span class='ocrx_word' id='word_1_359' title='bbox 385 2865 451 2904; x_wconf 86' lang='lat' dir='ltr'>ipso</span> <span class='ocrx_word' id='word_1_360' title='bbox 465 2866 661 2904; x_wconf 73' lang='lat' dir='ltr'>profugerat,</span> <span class='ocrx_word' id='word_1_361' title='bbox 676 2865 822 2903; x_wconf 87' lang='lat' dir='ltr'>tradidit;</span> <span class='ocrx_word' id='word_1_362' title='bbox 841 2865 905 2904; x_wconf 84' lang='lat' dir='ltr'>ipse</span> <span class='ocrx_word' id='word_1_363' title='bbox 921 2874 993 2895; x_wconf 86' lang='lat' dir='ltr'>vero</span> <span class='ocrx_word' id='word_1_364' title='bbox 1007 2865 1160 2895; x_wconf 63' lang='lat' dir='ltr'>illustrem</span> 
     </span>
     <span class='ocr_line' id='line_1_49' title="bbox 132 2915 916 2956; baseline 0.004 -13"><span class='ocrx_word' id='word_1_365' title='bbox 132 2926 169 2943; x_wconf 67' lang='lat' dir='ltr'>vo</span> <span class='ocrx_word' id='word_1_366' title='bbox 186 2915 266 2945; x_wconf 77' lang='lat' dir='ltr'>bello</span> <span class='ocrx_word' id='word_1_367' title='bbox 281 2916 409 2946; x_wconf 72' lang='lat' dir='ltr'>meritus</span> <span class='ocrx_word' id='word_1_368' title='bbox 425 2916 555 2956; x_wconf 82' lang='lat' dir='ltr'>gloriam</span> <span class='ocrx_word' id='word_1_369' title='bbox 571 2917 601 2947; x_wconf 91' lang='lat' dir='ltr'>in</span> <span class='ocrx_word' id='word_1_370' title='bbox 618 2916 741 2947; x_wconf 78' lang='lat' dir='ltr'>Troade</span> <span class='ocrx_word' id='word_1_371' title='bbox 757 2916 916 2947; x_wconf 87' lang='lat' dir='ltr'>occubuit.</span> 
     </span>
    </p>
   </div>
   <div class='ocr_carea' id='block_1_4' title="bbox 628 3000 657 3030">
    <p class='ocr_par' dir='ltr' id='par_1_5' title="bbox 628 3000 657 3030">
     <span class='ocr_line' id='line_1_50' title="bbox 628 3000 657 3030; baseline 0 0"><span class='ocrx_word' id='word_1_372' title='bbox 628 3000 657 3030; x_wconf 88' lang='lat'>3.</span> 
     </span>
    </p>
   </div>
   <div class='ocr_carea' id='block_1_5' title="bbox 134 3073 1164 3370">
    <p class='ocr_par' dir='ltr' id='par_1_6' title="bbox 134 3073 1164 3370">
     <span class='ocr_line' id='line_1_51' title="bbox 186 3073 1162 3113; baseline 0 -10"><span class='ocrx_word' id='word_1_373' title='bbox 186 3074 244 3103; x_wconf 72' lang='lat' dir='ltr'>Sed</span> <span class='ocrx_word' id='word_1_374' title='bbox 277 3074 425 3112; x_wconf 81' lang='lat' dir='ltr'>quoniam</span> <span class='ocrx_word' id='word_1_375' title='bbox 461 3075 603 3104; x_wconf 84' lang='lat' dir='ltr'>nonnulli</span> <span class='ocrx_word' id='word_1_376' title='bbox 639 3084 678 3105; x_wconf 78' lang='lat' dir='ltr'>ex</span> <span class='ocrx_word' id='word_1_377' title='bbox 713 3075 749 3105; x_wconf 85' lang='lat' dir='ltr'>iis</span> <span class='ocrx_word' id='word_1_378' title='bbox 785 3075 837 3113; x_wconf 83' lang='lat' dir='ltr'>qui</span> <span class='ocrx_word' id='word_1_379' title='bbox 873 3074 1077 3113; x_wconf 77' lang='lat' dir='ltr'>particulares</span> <span class='ocrx_word' id='word_1_380' title='bbox 1112 3073 1162 3104; x_wconf 83' lang='lat' dir='ltr'>lli-</span> 
     </span>
     <span class='ocr_line' id='line_1_52' title="bbox 134 3125 1161 3166; baseline 0 -11"><span class='ocrx_word' id='word_1_381' title='bbox 134 3126 244 3157; x_wconf 72' lang='lat' dir='ltr'>storias</span> <span class='ocrx_word' id='word_1_382' title='bbox 263 3125 467 3155; x_wconf 67' lang='lat' dir='ltr'>condiderunt</span> <span class='ocrx_word' id='word_1_383' title='bbox 481 3150 489 3163; x_wconf 93' lang='lat'>‚</span> <span class='ocrx_word' id='word_1_384' title='bbox 513 3126 551 3156; x_wconf 86' lang='lat' dir='ltr'>de</span> <span class='ocrx_word' id='word_1_385' title='bbox 567 3126 613 3156; x_wconf 90' lang='lat' dir='ltr'>bis</span> <span class='ocrx_word' id='word_1_386' title='bbox 632 3136 758 3166; x_wconf 85' lang='lat' dir='ltr'>quoque</span> <span class='ocrx_word' id='word_1_387' title='bbox 784 3126 978 3165; x_wconf 81' lang='lat' dir='ltr'>temporibus</span> <span class='ocrx_word' id='word_1_388' title='bbox 994 3126 1161 3165; x_wconf 78' lang='lat' dir='ltr'>scripsere,</span> 
     </span>
     <span class='ocr_line' id='line_1_53' title="bbox 136 3176 1164 3215; baseline 0 -10"><span class='ocrx_word' id='word_1_389' title='bbox 136 3176 248 3215; x_wconf 76' lang='lat' dir='ltr'>quibus</span> <span class='ocrx_word' id='word_1_390' title='bbox 264 3177 291 3206; x_wconf 80' lang='lat' dir='ltr'>et</span> <span class='ocrx_word' id='word_1_391' title='bbox 308 3176 364 3206; x_wconf 72' lang='lat' dir='ltr'>ista</span> <span class='ocrx_word' id='word_1_392' title='bbox 379 3176 536 3206; x_wconf 72' lang='lat' dir='ltr'>Messeniis</span> <span class='ocrx_word' id='word_1_393' title='bbox 546 3176 739 3214; x_wconf 71' lang='lat' dir='ltr'>acciderunt,</span> <span class='ocrx_word' id='word_1_394' title='bbox 751 3178 780 3207; x_wconf 88' lang='lat' dir='ltr'>et</span> <span class='ocrx_word' id='word_1_395' title='bbox 795 3177 939 3215; x_wconf 75' lang='lat' dir='ltr'>pugnatae</span> <span class='ocrx_word' id='word_1_396' title='bbox 953 3178 1025 3206; x_wconf 90' lang='lat' dir='ltr'>suut</span> <span class='ocrx_word' id='word_1_397' title='bbox 1039 3176 1164 3206; x_wconf 80' lang='lat' dir='ltr'>navales</span> 
     </span>
     <span class='ocr_line' id='line_1_54' title="bbox 136 3228 1164 3267; baseline 0 -10"><span class='ocrx_word' id='word_1_398' title='bbox 136 3229 197 3258; x_wconf 79' lang='lat' dir='ltr'>ittae</span> <span class='ocrx_word' id='word_1_399' title='bbox 221 3236 350 3267; x_wconf 67' lang='lat' dir='ltr'>pugnae,</span> <span class='ocrx_word' id='word_1_400' title='bbox 369 3236 438 3266; x_wconf 84' lang='lat' dir='ltr'>quae</span> <span class='ocrx_word' id='word_1_401' title='bbox 449 3236 466 3258; x_wconf 88' lang='lat' dir='ltr'>a</span> <span class='ocrx_word' id='word_1_402' title='bbox 480 3228 568 3258; x_wconf 84' lang='lat' dir='ltr'>nobis</span> <span class='ocrx_word' id='word_1_403' title='bbox 581 3228 730 3267; x_wconf 67' lang='lat' dir='ltr'>expositrr</span> <span class='ocrx_word' id='word_1_404' title='bbox 746 3230 831 3267; x_wconf 85' lang='lat' dir='ltr'>suut,</span> <span class='ocrx_word' id='word_1_405' title='bbox 847 3229 903 3258; x_wconf 78' lang='lat' dir='ltr'>sert</span> <span class='ocrx_word' id='word_1_406' title='bbox 917 3228 1051 3266; x_wconf 83' lang='lat' dir='ltr'>animus,</span> <span class='ocrx_word' id='word_1_407' title='bbox 1066 3236 1164 3266; x_wconf 78' lang='lat' dir='ltr'>pauca</span> 
     </span>
     <span class='ocr_line' id='line_1_55' title="bbox 136 3279 1164 3319; baseline 0.002 -10"><span class='ocrx_word' id='word_1_408' title='bbox 136 3281 173 3309; x_wconf 76' lang='lat' dir='ltr'>de.</span> <span class='ocrx_word' id='word_1_409' title='bbox 200 3280 272 3319; x_wconf 82' lang='lat' dir='ltr'>ipsis</span> <span class='ocrx_word' id='word_1_410' title='bbox 295 3279 354 3310; x_wconf 82' lang='lat' dir='ltr'>illis</span> <span class='ocrx_word' id='word_1_411' title='bbox 371 3280 575 3319; x_wconf 74' lang='lat' dir='ltr'>scriptoribus</span> <span class='ocrx_word' id='word_1_412' title='bbox 590 3280 752 3311; x_wconf 76' lang='lat' dir='ltr'>disserere.</span> <span class='ocrx_word' id='word_1_413' title='bbox 780 3281 886 3311; x_wconf 80' lang='lat' dir='ltr'>Dicam</span> <span class='ocrx_word' id='word_1_414' title='bbox 913 3282 1018 3310; x_wconf 81' lang='lat' dir='ltr'>autem</span> <span class='ocrx_word' id='word_1_415' title='bbox 1045 3280 1164 3311; x_wconf 89' lang='lat' dir='ltr'>nonde</span> 
     </span>
     <span class='ocr_line' id='line_1_56' title="bbox 135 3330 1164 3370; baseline 0 -11"><span class='ocrx_word' id='word_1_416' title='bbox 135 3330 299 3363; x_wconf 82' lang='lat' dir='ltr'>omnibus,</span> <span class='ocrx_word' id='word_1_417' title='bbox 333 3330 384 3360; x_wconf 79' lang='lat' dir='ltr'>sed</span> <span class='ocrx_word' id='word_1_418' title='bbox 412 3330 449 3359; x_wconf 70' lang='lat' dir='ltr'>de</span> <span class='ocrx_word' id='word_1_419' title='bbox 476 3331 509 3360; x_wconf 78' lang='lat' dir='ltr'>iis</span> <span class='ocrx_word' id='word_1_420' title='bbox 531 3331 718 3369; x_wconf 76' lang='lat' dir='ltr'>dumtaxat,</span> <span class='ocrx_word' id='word_1_421' title='bbox 745 3331 797 3370; x_wconf 78' lang='lat' dir='ltr'>qui</span> <span class='ocrx_word' id='word_1_422' title='bbox 826 3333 999 3361; x_wconf 68' lang='lat' dir='ltr'>memoratu</span> <span class='ocrx_word' id='word_1_423' title='bbox 1027 3331 1164 3361; x_wconf 65' lang='lat' dir='ltr'>maxime</span> 
     </span>
    </p>
   </div>
   <div class='ocr_carea' id='block_1_6' title="bbox 971 164 1384 204">
    <p class='ocr_par' dir='ltr' id='par_1_7' title="bbox 971 164 1384 204">
     <span class='ocr_line' id='line_1_57' title="bbox 971 164 1384 204; baseline 0.007 -3"><span class='ocrx_word' id='word_1_424' title='bbox 971 164 1184 204; x_wconf 85' lang='lat' dir='ltr'><strong>ZENONIS</strong></span> <span class='ocrx_word' id='word_1_425' title='bbox 1208 167 1384 204; x_wconf 71' lang='lat' dir='ltr'>auom!</span> 
     </span>
    </p>
   </div>
   <div class='ocr_carea' id='block_1_7' title="bbox 1211 239 2240 348">
    <p class='ocr_par' dir='ltr' id='par_1_8' title="bbox 1211 239 2240 348">
     <span class='ocr_line' id='line_1_58' title="bbox 1212 239 2240 306; baseline 0.006 -17"><span class='ocrx_word' id='word_1_426' title='bbox 1212 239 1438 301; x_wconf 82' lang='lat' dir='ltr'>conjecimus</span> <span class='ocrx_word' id='word_1_427' title='bbox 1452 255 1498 290; x_wconf 84' lang='lat' dir='ltr'>ad</span> <span class='ocrx_word' id='word_1_428' title='bbox 1520 254 1711 290; x_wconf 78' lang='lat' dir='ltr'>Maeandrii</span> <span class='ocrx_word' id='word_1_429' title='bbox 1726 255 1856 291; x_wconf 85' lang='lat' dir='ltr'>Milesii</span> <span class='ocrx_word' id='word_1_430' title='bbox 1872 255 2002 305; x_wconf 83' lang='lat' dir='ltr'>fragm.</span> <span class='ocrx_word' id='word_1_431' title='bbox 2024 258 2044 293; x_wconf 83' lang='lat'>3</span> <span class='ocrx_word' id='word_1_432' title='bbox 2058 286 2066 302; x_wconf 93' lang='lat'>‚</span> <span class='ocrx_word' id='word_1_433' title='bbox 2087 271 2126 306; x_wconf 88' lang='lat' dir='ltr'>p.</span> <span class='ocrx_word' id='word_1_434' title='bbox 2149 258 2240 305; x_wconf 74' lang='lat'>337,</span> 
     </span>
     <span class='ocr_line' id='line_1_59' title="bbox 1211 313 1392 348; baseline 0.006 -1"><span class='ocrx_word' id='word_1_435' title='bbox 1211 313 1274 347; x_wconf 91' lang='lat' dir='ltr'>ubi</span> <span class='ocrx_word' id='word_1_436' title='bbox 1295 313 1392 348; x_wconf 79' lang='lat' dir='ltr'>vide.</span> 
     </span>
    </p>
   </div>
   <div class='ocr_carea' id='block_1_8' title="bbox 1711 387 1745 424">
    <p class='ocr_par' dir='ltr' id='par_1_9' title="bbox 1711 387 1745 424">
     <span class='ocr_line' id='line_1_60' title="bbox 1711 387 1745 424; baseline 0.059 -2"><span class='ocrx_word' id='word_1_437' title='bbox 1711 387 1745 424; x_wconf 73' lang='lat'>3.</span> 
     </span>
    </p>
   </div>
   <div class='ocr_carea' id='block_1_9' title="bbox 1211 480 2252 2036">
    <p class='ocr_par' dir='ltr' id='par_1_10' title="bbox 1211 480 2252 2036">
     <span class='ocr_line' id='line_1_61' title="bbox 1264 480 2246 529; baseline 0.005 -15"><span class='ocrx_word' id='word_1_438' title='bbox 1264 481 1439 527; x_wconf 81' lang='lat' dir='ltr'>Polybius</span> <span class='ocrx_word' id='word_1_439' title='bbox 1457 480 1565 528; x_wconf 86' lang='lat' dir='ltr'>(Exc.</span> <span class='ocrx_word' id='word_1_440' title='bbox 1588 482 1705 517; x_wconf 81' lang='lat' dir='ltr'>Vales.</span> <span class='ocrx_word' id='word_1_441' title='bbox 1717 481 1858 529; x_wconf 78' lang='grc' dir='ltr'>)ΧΧἸ,</span> <span class='ocrx_word' id='word_1_442' title='bbox 1881 493 1963 528; x_wconf 77' lang='lat' dir='ltr'>cap.</span> <span class='ocrx_word' id='word_1_443' title='bbox 1992 495 2019 516; x_wconf 91' lang='lat'>1</span> <span class='ocrx_word' id='word_1_444' title='bbox 2015 487 2033 523; x_wconf 63' lang='grc' dir='ltr'>ἰ</span> <span class='ocrx_word' id='word_1_445' title='bbox 2059 510 2065 516; x_wconf 92' lang='grc'>.</span> <span class='ocrx_word' id='word_1_446' title='bbox 2059 481 2186 519; x_wconf 83' lang='grc' dir='ltr'>·Ἐπε“ι</span> <span class='ocrx_word' id='word_1_447' title='bbox 2211 484 2246 519; x_wconf 88' lang='grc' dir='ltr'>δέ</span> 
     </span>
     <span class='ocr_line' id='line_1_62' title="bbox 1211 535 2245 590; baseline 0.007 -20"><span class='ocrx_word' id='word_1_448' title='bbox 1211 550 1296 576; x_wconf 90' lang='grc' dir='ltr'>τινες</span> <span class='ocrx_word' id='word_1_449' title='bbox 1315 538 1381 572; x_wconf 91' lang='grc' dir='ltr'>τιΝι)ν</span> <span class='ocrx_word' id='word_1_450' title='bbox 1402 535 1460 577; x_wconf 76' lang='grc' dir='ltr'>τὰς</span> <span class='ocrx_word' id='word_1_451' title='bbox 1489 537 1579 573; x_wconf 81' lang='grc' dir='ltr'>κατὰ</span> <span class='ocrx_word' id='word_1_452' title='bbox 1606 537 1707 588; x_wconf 83' lang='grc' dir='ltr'>μέρος</span> <span class='ocrx_word' id='word_1_453' title='bbox 1729 536 1927 587; x_wconf 82' lang='grc' dir='ltr'>γραφόντων</span> <span class='ocrx_word' id='word_1_454' title='bbox 1955 537 2092 588; x_wconf 85' lang='grc' dir='ltr'>πράςεις</span> <span class='ocrx_word' id='word_1_455' title='bbox 2119 540 2245 590; x_wconf 74' lang='grc' dir='ltr'>γεγρά-</span> 
     </span>
     <span class='ocr_line' id='line_1_63' title="bbox 1212 594 2246 646; baseline 0.007 -18"><span class='ocrx_word' id='word_1_456' title='bbox 1212 607 1295 643; x_wconf 80' lang='grc' dir='ltr'>φασι</span> <span class='ocrx_word' id='word_1_457' title='bbox 1311 608 1370 629; x_wconf 88' lang='grc' dir='ltr'>και</span> <span class='ocrx_word' id='word_1_458' title='bbox 1392 609 1471 644; x_wconf 82' lang='grc' dir='ltr'>περι</span> <span class='ocrx_word' id='word_1_459' title='bbox 1492 594 1619 631; x_wconf 87' lang='grc' dir='ltr'>τούτων</span> <span class='ocrx_word' id='word_1_460' title='bbox 1635 597 1702 632; x_wconf 80' lang='grc' dir='ltr'>τῶν</span> <span class='ocrx_word' id='word_1_461' title='bbox 1719 597 1868 646; x_wconf 82' lang='grc' dir='ltr'>καιρῶν,</span> <span class='ocrx_word' id='word_1_462' title='bbox 1893 596 1927 631; x_wconf 82' lang='grc' dir='ltr'>ἐν</span> <span class='ocrx_word' id='word_1_463' title='bbox 1947 598 1995 637; x_wconf 74' lang='grc' dir='ltr'>οἷς</span> <span class='ocrx_word' id='word_1_464' title='bbox 2019 596 2063 632; x_wconf 84' lang='grc' dir='ltr'>τά</span> <span class='ocrx_word' id='word_1_465' title='bbox 2095 612 2131 633; x_wconf 90' lang='grc' dir='ltr'>τε</span> <span class='ocrx_word' id='word_1_466' title='bbox 2154 597 2246 634; x_wconf 80' lang='grc' dir='ltr'>κατὰ</span> 
     </span>
     <span class='ocr_line' id='line_1_64' title="bbox 1213 651 2245 705; baseline 0.005 -19"><span class='ocrx_word' id='word_1_467' title='bbox 1213 651 1426 696; x_wconf 87' lang='grc' dir='ltr'>Μεσσηνίους</span> <span class='ocrx_word' id='word_1_468' title='bbox 1448 667 1507 688; x_wconf 91' lang='grc' dir='ltr'>και</span> <span class='ocrx_word' id='word_1_469' title='bbox 1527 651 1570 689; x_wconf 84' lang='grc' dir='ltr'>τὰ</span> <span class='ocrx_word' id='word_1_470' title='bbox 1589 653 1679 690; x_wconf 75' lang='grc' dir='ltr'>κατὰ</span> <span class='ocrx_word' id='word_1_471' title='bbox 1695 653 1755 695; x_wconf 85' lang='grc' dir='ltr'>τὰς</span> <span class='ocrx_word' id='word_1_472' title='bbox 1780 652 2029 704; x_wconf 83' lang='grc' dir='ltr'>προειρημένας</span> <span class='ocrx_word' id='word_1_473' title='bbox 2049 654 2245 705; x_wconf 85' lang='grc' dir='ltr'>ναυμαχίας</span> 
     </span>
     <span class='ocr_line' id='line_1_65' title="bbox 1213 708 2244 762; baseline 0.004 -18"><span class='ocrx_word' id='word_1_474' title='bbox 1213 708 1435 755; x_wconf 83' lang='grc' dir='ltr'>συνετελέσθη</span> <span class='ocrx_word' id='word_1_475' title='bbox 1452 738 1462 756; x_wconf 92' lang='grc'>,</span> <span class='ocrx_word' id='word_1_476' title='bbox 1483 709 1650 760; x_wconf 86' lang='grc' dir='ltr'>βούλομαι</span> <span class='ocrx_word' id='word_1_477' title='bbox 1669 710 1802 762; x_wconf 77' lang='grc' dir='ltr'>βραχέα</span> <span class='ocrx_word' id='word_1_478' title='bbox 1823 711 1901 761; x_wconf 82' lang='grc' dir='ltr'>περὶ</span> <span class='ocrx_word' id='word_1_479' title='bbox 1925 712 2036 748; x_wconf 79' lang='grc' dir='ltr'>αὐτῶν</span> <span class='ocrx_word' id='word_1_480' title='bbox 2058 711 2244 762; x_wconf 75' lang='grc' dir='ltr'>διαλεχθῆ-</span> 
     </span>
     <span class='ocr_line' id='line_1_66' title="bbox 1212 765 2243 819; baseline 0.006 -18"><span class='ocrx_word' id='word_1_481' title='bbox 1212 780 1280 804; x_wconf 88' lang='grc' dir='ltr'>ναι.</span> <span class='ocrx_word' id='word_1_482' title='bbox 1303 765 1502 814; x_wconf 75' lang='grc' dir='ltr'>Ποιήσομαι</span> <span class='ocrx_word' id='word_1_483' title='bbox 1522 767 1557 804; x_wconf 85' lang='grc' dir='ltr'>δὲ</span> <span class='ocrx_word' id='word_1_484' title='bbox 1577 769 1613 804; x_wconf 78' lang='grc' dir='ltr'>οὗ</span> <span class='ocrx_word' id='word_1_485' title='bbox 1632 768 1715 819; x_wconf 84' lang='grc' dir='ltr'>πρὸς</span> <span class='ocrx_word' id='word_1_486' title='bbox 1736 767 1911 813; x_wconf 87' lang='grc' dir='ltr'>ἅπαντας,</span> <span class='ocrx_word' id='word_1_487' title='bbox 1931 770 2007 805; x_wconf 84' lang='grc' dir='ltr'>ἀλλ’</span> <span class='ocrx_word' id='word_1_488' title='bbox 2029 767 2126 812; x_wconf 75' lang='grc' dir='ltr'>ὅσους</span> <span class='ocrx_word' id='word_1_489' title='bbox 2153 772 2243 807; x_wconf 80' lang='grc' dir='ltr'>ὓπο-</span> 
     </span>
     <span class='ocr_line' id='line_1_67' title="bbox 1213 820 2145 873; baseline 0.006 -16"><span class='ocrx_word' id='word_1_490' title='bbox 1213 821 1386 870; x_wconf 60' lang='grc' dir='ltr'>λαμῖάνω</span> <span class='ocrx_word' id='word_1_491' title='bbox 1420 823 1559 873; x_wconf 81' lang='grc' dir='ltr'>μνήμης</span> <span class='ocrx_word' id='word_1_492' title='bbox 1595 824 1705 868; x_wconf 78' lang='grc' dir='ltr'>ἀξίους</span> <span class='ocrx_word' id='word_1_493' title='bbox 1739 820 1826 862; x_wconf 70' lang='grc' dir='ltr'>εἶναι</span> <span class='ocrx_word' id='word_1_494' title='bbox 1855 825 1915 863; x_wconf 80' lang='grc' dir='ltr'>καὶ</span> <span class='ocrx_word' id='word_1_495' title='bbox 1945 827 2145 872; x_wconf 72' lang='grc' dir='ltr'>διαστολῆς·</span> 
     </span>
     <span class='ocr_line' id='line_1_68' title="bbox 1214 874 2247 928; baseline 0.006 -12"><span class='ocrx_word' id='word_1_496' title='bbox 1214 880 1242 916; x_wconf 87' lang='grc' dir='ltr'>δ’</span> <span class='ocrx_word' id='word_1_497' title='bbox 1262 874 1354 917; x_wconf 63' lang='grc' dir='ltr'>οὗτοι</span> <span class='ocrx_word' id='word_1_498' title='bbox 1375 880 1497 926; x_wconf 88' lang='grc' dir='ltr'>Ζήνων</span> <span class='ocrx_word' id='word_1_499' title='bbox 1514 883 1574 918; x_wconf 89' lang='grc' dir='ltr'>καὶ</span> <span class='ocrx_word' id='word_1_500' title='bbox 1594 882 1807 928; x_wconf 81' lang='grc' dir='ltr'>Ἀντισθένης</span> <span class='ocrx_word' id='word_1_501' title='bbox 1825 884 1856 920; x_wconf 80' lang='grc' dir='ltr'>οἷ</span> <span class='ocrx_word' id='word_1_502' title='bbox 1874 882 2018 922; x_wconf 86' lang='grc' dir='ltr'>Ῥόδιοι.</span> <span class='ocrx_word' id='word_1_503' title='bbox 2041 884 2193 928; x_wconf 85' lang='grc' dir='ltr'>Τούτους</span> <span class='ocrx_word' id='word_1_504' title='bbox 2212 886 2247 922; x_wconf 84' lang='grc' dir='ltr'>δὲ</span> 
     </span>
     <span class='ocr_line' id='line_1_69' title="bbox 1215 932 2247 993; baseline 0.005 -20"><span class='ocrx_word' id='word_1_505' title='bbox 1215 937 1325 981; x_wconf 85' lang='grc' dir='ltr'>ἀξίους</span> <span class='ocrx_word' id='word_1_506' title='bbox 1354 932 1441 975; x_wconf 66' lang='grc' dir='ltr'>εἶναι</span> <span class='ocrx_word' id='word_1_507' title='bbox 1470 939 1575 991; x_wconf 89' lang='grc' dir='ltr'>κρίνω</span> <span class='ocrx_word' id='word_1_508' title='bbox 1595 939 1651 977; x_wconf 85' lang='grc' dir='ltr'>διὰ</span> <span class='ocrx_word' id='word_1_509' title='bbox 1679 940 1817 983; x_wconf 89' lang='grc' dir='ltr'>πλείους</span> <span class='ocrx_word' id='word_1_510' title='bbox 1838 940 1958 983; x_wconf 82' lang='grc' dir='ltr'>αἰτίας.</span> <span class='ocrx_word' id='word_1_511' title='bbox 1981 940 2052 979; x_wconf 81' lang='grc' dir='ltr'>Καὶ</span> <span class='ocrx_word' id='word_1_512' title='bbox 2071 941 2137 993; x_wconf 84' lang='grc' dir='ltr'>γὰρ</span> <span class='ocrx_word' id='word_1_513' title='bbox 2157 941 2247 978; x_wconf 84' lang='grc' dir='ltr'>κατὰ</span> 
     </span>
     <span class='ocr_line' id='line_1_70' title="bbox 1215 994 2246 1050; baseline 0.005 -18"><span class='ocrx_word' id='word_1_514' title='bbox 1215 994 1292 1038; x_wconf 81' lang='grc' dir='ltr'>τοὺς</span> <span class='ocrx_word' id='word_1_515' title='bbox 1327 996 1466 1047; x_wconf 83' lang='grc' dir='ltr'>καιροὺς</span> <span class='ocrx_word' id='word_1_516' title='bbox 1499 998 1681 1047; x_wconf 83' lang='grc' dir='ltr'>γεγόνασι,</span> <span class='ocrx_word' id='word_1_517' title='bbox 1708 999 1767 1036; x_wconf 81' lang='grc' dir='ltr'>καὶ</span> <span class='ocrx_word' id='word_1_518' title='bbox 1797 999 1937 1050; x_wconf 88' lang='grc' dir='ltr'>πατρίδι</span> <span class='ocrx_word' id='word_1_519' title='bbox 1965 999 2246 1047; x_wconf 86' lang='grc' dir='ltr'>πεπολίτευνται,</span> 
     </span>
     <span class='ocr_line' id='line_1_71' title="bbox 1215 1053 2248 1110; baseline 0.005 -20"><span class='ocrx_word' id='word_1_520' title='bbox 1215 1053 1272 1090; x_wconf 82' lang='grc' dir='ltr'>καὶ</span> <span class='ocrx_word' id='word_1_521' title='bbox 1288 1053 1432 1092; x_wconf 83' lang='grc' dir='ltr'>καθόλου</span> <span class='ocrx_word' id='word_1_522' title='bbox 1449 1056 1654 1102; x_wconf 86' lang='grc' dir='ltr'>πεποίηνται</span> <span class='ocrx_word' id='word_1_523' title='bbox 1671 1056 1733 1104; x_wconf 57' lang='grc' dir='ltr'>τὴν</span> <span class='ocrx_word' id='word_1_524' title='bbox 1750 1056 1993 1108; x_wconf 76' lang='grc' dir='ltr'>πραγματείαν</span> <span class='ocrx_word' id='word_1_525' title='bbox 2009 1059 2070 1094; x_wconf 83' lang='grc' dir='ltr'>οὐκ</span> <span class='ocrx_word' id='word_1_526' title='bbox 2083 1058 2248 1110; x_wconf 86' lang='grc' dir='ltr'>ὠφελείας</span> 
     </span>
     <span class='ocr_line' id='line_1_72' title="bbox 1215 1112 2248 1167; baseline 0.003 -18"><span class='ocrx_word' id='word_1_527' title='bbox 1215 1112 1317 1164; x_wconf 74' lang='grc' dir='ltr'>χάριν</span> <span class='ocrx_word' id='word_1_528' title='bbox 1330 1141 1340 1158; x_wconf 84' lang='grc'>,</span> <span class='ocrx_word' id='word_1_529' title='bbox 1364 1112 1454 1150; x_wconf 83' lang='grc' dir='ltr'>ἀλλὰ</span> <span class='ocrx_word' id='word_1_530' title='bbox 1483 1113 1580 1160; x_wconf 81' lang='grc' dir='ltr'>δόξης</span> <span class='ocrx_word' id='word_1_531' title='bbox 1599 1116 1658 1151; x_wconf 90' lang='grc' dir='ltr'>καὶ</span> <span class='ocrx_word' id='word_1_532' title='bbox 1684 1118 1741 1151; x_wconf 75' lang='grc' dir='ltr'>τοῦ</span> <span class='ocrx_word' id='word_1_533' title='bbox 1761 1114 1967 1160; x_wconf 80' lang='grc' dir='ltr'>καθήκοντος</span> <span class='ocrx_word' id='word_1_534' title='bbox 1986 1115 2129 1167; x_wconf 83' lang='grc' dir='ltr'>ἀνδράσι</span> <span class='ocrx_word' id='word_1_535' title='bbox 2148 1117 2248 1154; x_wconf 89' lang='grc' dir='ltr'>πολι-</span> 
     </span>
     <span class='ocr_line' id='line_1_73' title="bbox 1214 1171 2248 1225; baseline 0.003 -18"><span class='ocrx_word' id='word_1_536' title='bbox 1214 1173 1331 1213; x_wconf 80' lang='grc' dir='ltr'>τικοῒς.</span> <span class='ocrx_word' id='word_1_537' title='bbox 1360 1172 1421 1208; x_wconf 81' lang='grc' dir='ltr'>Τῶ</span> <span class='ocrx_word' id='word_1_538' title='bbox 1441 1171 1556 1215; x_wconf 82' lang='grc' dir='ltr'>δὲτὰς</span> <span class='ocrx_word' id='word_1_539' title='bbox 1576 1172 1679 1214; x_wconf 82' lang='grc' dir='ltr'>αὐτὰς</span> <span class='ocrx_word' id='word_1_540' title='bbox 1705 1171 1846 1223; x_wconf 76' lang='grc' dir='ltr'>γράφειν</span> <span class='ocrx_word' id='word_1_541' title='bbox 1867 1175 1948 1222; x_wconf 84' lang='grc' dir='ltr'>ἡμῖν</span> <span class='ocrx_word' id='word_1_542' title='bbox 1967 1172 2160 1225; x_wconf 80' lang='grc' dir='ltr'>πράξεις,’</span> <span class='ocrx_word' id='word_1_543' title='bbox 2142 1189 2248 1224; x_wconf 83' lang='grc' dir='ltr'>αναγ-</span> 
     </span>
     <span class='ocr_line' id='line_1_74' title="bbox 1215 1227 2246 1305; baseline 0.003 -39"><span class='ocrx_word' id='word_1_544' title='bbox 1215 1227 1311 1266; x_wconf 81' lang='grc' dir='ltr'>καῒόν</span> <span class='ocrx_word' id='word_1_545' title='bbox 1328 1230 1399 1266; x_wconf 83' lang='grc' dir='ltr'>ἐστι</span> <span class='ocrx_word' id='word_1_546' title='bbox 1417 1229 1465 1278; x_wconf 81' lang='grc' dir='ltr'>μὴ</span> <span class='ocrx_word' id='word_1_547' title='bbox 1483 1237 1738 1282; x_wconf 76' lang='grc' dir='ltr'>παρασιωπᾶν,</span> <span class='ocrx_word' id='word_1_548' title='bbox 1763 1230 1819 1267; x_wconf 82' lang='grc' dir='ltr'>ἵνα</span> <span class='ocrx_word' id='word_1_549' title='bbox 1847 1231 1895 1280; x_wconf 85' lang='grc' dir='ltr'>μὴ</span> <span class='ocrx_word' id='word_1_550' title='bbox 1925 1234 1973 1283; x_wconf 84' lang='grc' dir='ltr'>τῷ</span> <span class='ocrx_word' id='word_1_551' title='bbox 1998 1247 2058 1276; x_wconf 89' lang='grc' dir='ltr'>της</span> <span class='ocrx_word' id='word_1_552' title='bbox 2081 1232 2246 1305; x_wconf 80' lang='grc' dir='ltr'>πατρίδρς</span> 
     </span>
     <span class='ocr_line' id='line_1_75' title="bbox 1214 1287 2248 1336; baseline 0.003 -12"><span class='ocrx_word' id='word_1_553' title='bbox 1214 1287 1356 1336; x_wconf 82' lang='grc' dir='ltr'>ὀνόματι</span> <span class='ocrx_word' id='word_1_554' title='bbox 1387 1303 1444 1324; x_wconf 82' lang='grc' dir='ltr'>και</span> <span class='ocrx_word' id='word_1_555' title='bbox 1464 1291 1513 1325; x_wconf 85' lang='grc' dir='ltr'>τιΝι)</span> <span class='ocrx_word' id='word_1_556' title='bbox 1545 1290 1655 1326; x_wconf 86' lang='grc' dir='ltr'>δοκεῖν</span> <span class='ocrx_word' id='word_1_557' title='bbox 1675 1289 1886 1332; x_wconf 83' lang='grc' dir='ltr'>οἷκειοτάτας</span> <span class='ocrx_word' id='word_1_558' title='bbox 1906 1293 1992 1327; x_wconf 86' lang='grc' dir='ltr'>εἰναι</span> <span class='ocrx_word' id='word_1_559' title='bbox 2020 1289 2166 1333; x_wconf 88' lang='grc' dir='ltr'>Ῥοδίοις</span> <span class='ocrx_word' id='word_1_560' title='bbox 2186 1289 2248 1334; x_wconf 85' lang='grc' dir='ltr'>τὰς</span> 
     </span>
     <span class='ocr_line' id='line_1_76' title="bbox 1218 1347 2246 1400; baseline 0.004 -18"><span class='ocrx_word' id='word_1_561' title='bbox 1218 1361 1309 1382; x_wconf 84' lang='grc' dir='ltr'>κατα</span> <span class='ocrx_word' id='word_1_562' title='bbox 1327 1347 1499 1383; x_wconf 74' lang='grc' dir='ltr'>θάλατταν</span> <span class='ocrx_word' id='word_1_563' title='bbox 1516 1347 1673 1398; x_wconf 76' lang='grc' dir='ltr'>πράξεις,</span> <span class='ocrx_word' id='word_1_564' title='bbox 1688 1351 1787 1397; x_wconf 84' lang='grc' dir='ltr'>ἡμῶν</span> <span class='ocrx_word' id='word_1_565' title='bbox 1807 1347 2067 1391; x_wconf 82' lang='grc' dir='ltr'>ἀντιδοξούντων</span> <span class='ocrx_word' id='word_1_566' title='bbox 2085 1348 2170 1400; x_wconf 85' lang='grc' dir='ltr'>πρὸς</span> <span class='ocrx_word' id='word_1_567' title='bbox 2189 1350 2246 1386; x_wconf 83' lang='grc' dir='ltr'>αὖ·</span> 
     </span>
     <span class='ocr_line' id='line_1_77' title="bbox 1219 1403 2249 1458; baseline 0.005 -19"><span class='ocrx_word' id='word_1_568' title='bbox 1219 1403 1315 1449; x_wconf 63' lang='grc' dir='ltr'>τοὺς,</span> <span class='ocrx_word' id='word_1_569' title='bbox 1348 1404 1430 1441; x_wconf 86' lang='grc' dir='ltr'>ἔνιοι</span> <span class='ocrx_word' id='word_1_570' title='bbox 1461 1406 1592 1454; x_wconf 82' lang='grc' dir='ltr'>μᾶλλον</span> <span class='ocrx_word' id='word_1_571' title='bbox 1624 1406 1947 1451; x_wconf 82' lang='grc' dir='ltr'>ἐπακολουθήσωσιν</span> <span class='ocrx_word' id='word_1_572' title='bbox 1974 1406 2131 1453; x_wconf 82' lang='grc' dir='ltr'>ἐκείνοις,</span> <span class='ocrx_word' id='word_1_573' title='bbox 2159 1406 2249 1458; x_wconf 84' lang='grc' dir='ltr'>ἤπερ</span> 
     </span>
     <span class='ocr_line' id='line_1_78' title="bbox 1218 1458 2250 1516; baseline 0.005 -18"><span class='ocrx_word' id='word_1_574' title='bbox 1218 1464 1324 1511; x_wconf 70' lang='grc' dir='ltr'>ἡμῖν,</span> <span class='ocrx_word' id='word_1_575' title='bbox 1348 1464 1378 1499; x_wconf 81' lang='grc' dir='ltr'>οἱ</span> <span class='ocrx_word' id='word_1_576' title='bbox 1410 1464 1689 1512; x_wconf 71' lang='grc' dir='ltr'>φιλομαθοῦντες,</span> <span class='ocrx_word' id='word_1_577' title='bbox 1721 1458 1827 1502; x_wconf 68' lang='grc' dir='ltr'>Οἷτοι</span> <span class='ocrx_word' id='word_1_578' title='bbox 1853 1467 2032 1516; x_wconf 73' lang='grc' dir='ltr'>τοιγαροῦν</span> <span class='ocrx_word' id='word_1_579' title='bbox 2063 1464 2250 1516; x_wconf 79' lang='grc' dir='ltr'>ἀμφότεροι</span> 
     </span>
     <span class='ocr_line' id='line_1_79' title="bbox 1215 1519 2251 1573; baseline 0.004 -17"><span class='ocrx_word' id='word_1_580' title='bbox 1215 1522 1352 1570; x_wconf 81' lang='grc' dir='ltr'>πρῶτον</span> <span class='ocrx_word' id='word_1_581' title='bbox 1371 1519 1432 1568; x_wconf 80' lang='grc' dir='ltr'>μὲν</span> <span class='ocrx_word' id='word_1_582' title='bbox 1447 1521 1510 1566; x_wconf 85' lang='grc' dir='ltr'>τὴν</span> <span class='ocrx_word' id='word_1_583' title='bbox 1531 1522 1609 1572; x_wconf 81' lang='grc' dir='ltr'>περὶ</span> <span class='ocrx_word' id='word_1_584' title='bbox 1626 1521 1746 1567; x_wconf 86' lang='grc' dir='ltr'>Λάδην</span> <span class='ocrx_word' id='word_1_585' title='bbox 1771 1522 1968 1573; x_wconf 79' lang='grc' dir='ltr'>ναυμαχίαν</span> <span class='ocrx_word' id='word_1_586' title='bbox 1989 1523 2051 1572; x_wconf 73' lang='grc' dir='ltr'>οὐχ</span> <span class='ocrx_word' id='word_1_587' title='bbox 2078 1521 2172 1567; x_wconf 77' lang='grc' dir='ltr'>ἥττω</span> <span class='ocrx_word' id='word_1_588' title='bbox 2190 1526 2251 1569; x_wconf 77' lang='grc' dir='ltr'>τῆς</span> 
     </span>
     <span class='ocr_line' id='line_1_80' title="bbox 1216 1577 2250 1631; baseline 0.003 -17"><span class='ocrx_word' id='word_1_589' title='bbox 1216 1577 1295 1628; x_wconf 82' lang='grc' dir='ltr'>περὶ</span> <span class='ocrx_word' id='word_1_590' title='bbox 1333 1578 1417 1616; x_wconf 82' lang='grc' dir='ltr'>Χίον</span> <span class='ocrx_word' id='word_1_591' title='bbox 1431 1609 1441 1628; x_wconf 81' lang='lat'>,</span> <span class='ocrx_word' id='word_1_592' title='bbox 1479 1580 1555 1616; x_wconf 86' lang='grc' dir='ltr'>ἀλλ’</span> <span class='ocrx_word' id='word_1_593' title='bbox 1588 1580 1828 1631; x_wconf 80' lang='grc' dir='ltr'>ἐνεργεστέραν</span> <span class='ocrx_word' id='word_1_594' title='bbox 1869 1580 1928 1617; x_wconf 79' lang='grc' dir='ltr'>καὶ</span> <span class='ocrx_word' id='word_1_595' title='bbox 1958 1580 2250 1631; x_wconf 61' lang='grc' dir='ltr'>παραδολωτέραν</span> 
     </span>
     <span class='ocr_line' id='line_1_81' title="bbox 1218 1636 2249 1690; baseline 0.003 -19"><span class='ocrx_word' id='word_1_596' title='bbox 1218 1636 1464 1687; x_wconf 83' lang='grc' dir='ltr'>ἀποφαίνουσι,</span> <span class='ocrx_word' id='word_1_597' title='bbox 1496 1637 1556 1673; x_wconf 76' lang='grc' dir='ltr'>καὶ</span> <span class='ocrx_word' id='word_1_598' title='bbox 1575 1640 1617 1687; x_wconf 70' lang='grc' dir='ltr'>τῇ</span> <span class='ocrx_word' id='word_1_599' title='bbox 1646 1637 1736 1674; x_wconf 82' lang='grc' dir='ltr'>κατὰ</span> <span class='ocrx_word' id='word_1_600' title='bbox 1761 1637 1861 1689; x_wconf 81' lang='grc' dir='ltr'>μέρος</span> <span class='ocrx_word' id='word_1_601' title='bbox 1882 1641 1940 1675; x_wconf 65' lang='grc' dir='ltr'>τοῦ</span> <span class='ocrx_word' id='word_1_602' title='bbox 1972 1637 2126 1675; x_wconf 84' lang='grc' dir='ltr'>κινδύνου</span> <span class='ocrx_word' id='word_1_603' title='bbox 2149 1639 2249 1690; x_wconf 73' lang='grc' dir='ltr'>χρείᾳ</span> 
     </span>
     <span class='ocr_line' id='line_1_82' title="bbox 1219 1693 2250 1748; baseline 0.003 -18"><span class='ocrx_word' id='word_1_604' title='bbox 1219 1693 1279 1730; x_wconf 76' lang='grc' dir='ltr'>καὶ</span> <span class='ocrx_word' id='word_1_605' title='bbox 1299 1695 1495 1745; x_wconf 74' lang='grc' dir='ltr'>συντελείᾳ,</span> <span class='ocrx_word' id='word_1_606' title='bbox 1517 1695 1583 1731; x_wconf 67' lang='grc' dir='ltr'>καὶ</span> <span class='ocrx_word' id='word_1_607' title='bbox 1597 1696 1742 1733; x_wconf 87' lang='grc' dir='ltr'>καθόλου</span> <span class='ocrx_word' id='word_1_608' title='bbox 1756 1727 1764 1741; x_wconf 91' lang='grc'>,</span> <span class='ocrx_word' id='word_1_609' title='bbox 1782 1696 1866 1748; x_wconf 82' lang='grc' dir='ltr'>φασὶ</span> <span class='ocrx_word' id='word_1_610' title='bbox 1879 1726 1890 1745; x_wconf 82' lang='lat'>,</span> <span class='ocrx_word' id='word_1_611' title='bbox 1914 1695 1952 1733; x_wconf 82' lang='grc' dir='ltr'>τὸ</span> <span class='ocrx_word' id='word_1_612' title='bbox 1968 1696 2099 1744; x_wconf 86' lang='grc' dir='ltr'>νίκημα</span> <span class='ocrx_word' id='word_1_613' title='bbox 2119 1696 2250 1746; x_wconf 84' lang='grc' dir='ltr'>γεγονέ-</span> 
     </span>
     <span class='ocr_line' id='line_1_83' title="bbox 1220 1751 2250 1804; baseline 0.003 -17"><span class='ocrx_word' id='word_1_614' title='bbox 1220 1767 1273 1787; x_wconf 82' lang='grc' dir='ltr'>ναι</span> <span class='ocrx_word' id='word_1_615' title='bbox 1294 1751 1384 1787; x_wconf 75' lang='grc' dir='ltr'>κατὰ</span> <span class='ocrx_word' id='word_1_616' title='bbox 1401 1752 1477 1794; x_wconf 70' lang='grc' dir='ltr'>τοὺς</span> <span class='ocrx_word' id='word_1_617' title='bbox 1497 1752 1665 1795; x_wconf 62' lang='grc' dir='ltr'>ζΡοδίους.</span> <span class='ocrx_word' id='word_1_618' title='bbox 1694 1752 1789 1803; x_wconf 86' lang='grc' dir='ltr'>Ἐγὼ</span> <span class='ocrx_word' id='word_1_619' title='bbox 1811 1753 1846 1790; x_wconf 79' lang='grc' dir='ltr'>δὲ</span> <span class='ocrx_word' id='word_1_620' title='bbox 1875 1754 1959 1790; x_wconf 88' lang='grc' dir='ltr'>διότι</span> <span class='ocrx_word' id='word_1_621' title='bbox 1981 1752 2041 1801; x_wconf 81' lang='grc' dir='ltr'>μὲν</span> <span class='ocrx_word' id='word_1_622' title='bbox 2066 1755 2115 1790; x_wconf 88' lang='grc' dir='ltr'>δεῖ</span> <span class='ocrx_word' id='word_1_623' title='bbox 2144 1753 2250 1804; x_wconf 79' lang='grc' dir='ltr'>ῥοπὰς</span> 
     </span>
     <span class='ocr_line' id='line_1_84' title="bbox 1221 1803 2251 1863; baseline 0.002 -17"><span class='ocrx_word' id='word_1_624' title='bbox 1221 1810 1350 1847; x_wconf 77' lang='grc' dir='ltr'>διδόναι</span> <span class='ocrx_word' id='word_1_625' title='bbox 1369 1816 1444 1853; x_wconf 88' lang='grc' dir='ltr'>ταῖς</span> <span class='ocrx_word' id='word_1_626' title='bbox 1461 1813 1572 1848; x_wconf 75' lang='grc' dir='ltr'>αὑτῶν</span> <span class='ocrx_word' id='word_1_627' title='bbox 1598 1811 1740 1863; x_wconf 85' lang='grc' dir='ltr'>πατρίσι</span> <span class='ocrx_word' id='word_1_628' title='bbox 1764 1810 1841 1853; x_wconf 78' lang='grc' dir='ltr'>τοὺς</span> <span class='ocrx_word' id='word_1_629' title='bbox 1871 1803 2088 1863; x_wconf 81' lang='grc' dir='ltr'>συγγραφέας</span> <span class='ocrx_word' id='word_1_630' title='bbox 2114 1826 2251 1862; x_wconf 79' lang='grc' dir='ltr'>συγχω·</span> 
     </span>
     <span class='ocr_line' id='line_1_85' title="bbox 1220 1866 2252 1918; baseline 0.001 -15"><span class='ocrx_word' id='word_1_631' title='bbox 1220 1866 1362 1918; x_wconf 79' lang='grc' dir='ltr'>ρήσαιμ’</span> <span class='ocrx_word' id='word_1_632' title='bbox 1384 1867 1446 1914; x_wconf 80' lang='grc' dir='ltr'>ἂν,</span> <span class='ocrx_word' id='word_1_633' title='bbox 1479 1870 1516 1905; x_wconf 84' lang='grc' dir='ltr'>οὐ</span> <span class='ocrx_word' id='word_1_634' title='bbox 1538 1867 1605 1917; x_wconf 84' lang='grc' dir='ltr'>μὴν</span> <span class='ocrx_word' id='word_1_635' title='bbox 1630 1867 1690 1911; x_wconf 88' lang='grc' dir='ltr'>τὰς</span> <span class='ocrx_word' id='word_1_636' title='bbox 1717 1868 1870 1911; x_wconf 80' lang='grc' dir='ltr'>ἐναντίας</span> <span class='ocrx_word' id='word_1_637' title='bbox 1898 1874 1968 1912; x_wconf 88' lang='grc' dir='ltr'>τοῖς</span> <span class='ocrx_word' id='word_1_638' title='bbox 1996 1869 2252 1918; x_wconf 65' lang='grc' dir='ltr'>συμὸεὸηκόσιν</span> 
     </span>
     <span class='ocr_line' id='line_1_86' title="bbox 1221 1926 2250 1978; baseline 0.003 -17"><span class='ocrx_word' id='word_1_639' title='bbox 1221 1926 1409 1977; x_wconf 72' lang='grc' dir='ltr'>ἀποφάσεις</span> <span class='ocrx_word' id='word_1_640' title='bbox 1434 1929 1605 1963; x_wconf 83' lang='grc' dir='ltr'>ποιεῖσθαι</span> <span class='ocrx_word' id='word_1_641' title='bbox 1625 1926 1703 1978; x_wconf 80' lang='grc' dir='ltr'>περὶ</span> <span class='ocrx_word' id='word_1_642' title='bbox 1729 1928 1856 1965; x_wconf 81' lang='grc' dir='ltr'>αὐτῶν.</span> <span class='ocrx_word' id='word_1_643' title='bbox 1879 1926 2000 1964; x_wconf 84' lang='grc' dir='ltr'>Ἱκανὰ</span> <span class='ocrx_word' id='word_1_644' title='bbox 2021 1927 2087 1978; x_wconf 87' lang='grc' dir='ltr'>γὰρ</span> <span class='ocrx_word' id='word_1_645' title='bbox 2106 1927 2149 1964; x_wconf 77' lang='grc' dir='ltr'>τὰ</span> <span class='ocrx_word' id='word_1_646' title='bbox 2173 1926 2250 1964; x_wconf 90' lang='grc' dir='ltr'>κατ’</span> 
     </span>
     <span class='ocr_line' id='line_1_87' title="bbox 1221 1983 2252 2036; baseline 0.001 -17"><span class='ocrx_word' id='word_1_647' title='bbox 1221 1983 1359 2033; x_wconf 77' lang='grc' dir='ltr'>ἄγνοιαν</span> <span class='ocrx_word' id='word_1_648' title='bbox 1380 1983 1562 2033; x_wconf 83' lang='grc' dir='ltr'>γιγνόμενα</span> <span class='ocrx_word' id='word_1_649' title='bbox 1582 1990 1651 2026; x_wconf 86' lang='grc' dir='ltr'>τοῖς</span> <span class='ocrx_word' id='word_1_650' title='bbox 1668 1984 1876 2036; x_wconf 70' lang='grc' dir='ltr'>γράφουσιν,</span> <span class='ocrx_word' id='word_1_651' title='bbox 1897 1984 1918 2020; x_wconf 82' lang='grc' dir='ltr'>ἃ</span> <span class='ocrx_word' id='word_1_652' title='bbox 1934 1985 2107 2036; x_wconf 78' lang='grc' dir='ltr'>διαφυγεῖν</span> <span class='ocrx_word' id='word_1_653' title='bbox 2125 1984 2252 2035; x_wconf 80' lang='grc' dir='ltr'>ἄνθρω-</span> 
     </span>
    </p>
   </div>
   <div class='ocr_carea' id='block_1_10' title="bbox 1218 2092 2253 3368">
    <p class='ocr_par' dir='ltr' id='par_1_11' title="bbox 1218 2092 2253 3368">
     <span class='ocr_line' id='line_1_88' title="bbox 1218 2092 1855 2133; baseline 0.005 -10"><span class='ocrx_word' id='word_1_654' title='bbox 1218 2092 1303 2131; x_wconf 80' lang='lat' dir='ltr'>digni</span> <span class='ocrx_word' id='word_1_655' title='bbox 1328 2095 1423 2133; x_wconf 85' lang='lat' dir='ltr'>atque</span> <span class='ocrx_word' id='word_1_656' title='bbox 1441 2094 1578 2125; x_wconf 86' lang='lat' dir='ltr'>illustres</span> <span class='ocrx_word' id='word_1_657' title='bbox 1603 2095 1678 2125; x_wconf 78' lang='lat' dir='ltr'>milii</span> <span class='ocrx_word' id='word_1_658' title='bbox 1696 2095 1855 2126; x_wconf 86' lang='lat' dir='ltr'>videntur.</span> 
     </span>
     <span class='ocr_line' id='line_1_89' title="bbox 1219 2145 2252 2185; baseline 0.003 -11"><span class='ocrx_word' id='word_1_659' title='bbox 1219 2145 1437 2181; x_wconf 80' lang='lat' dir='ltr'>Antisthenes,</span> <span class='ocrx_word' id='word_1_660' title='bbox 1454 2145 1565 2176; x_wconf 81' lang='lat' dir='ltr'>Rhodii</span> <span class='ocrx_word' id='word_1_661' title='bbox 1592 2158 1598 2176; x_wconf 88' lang='lat'>:</span> <span class='ocrx_word' id='word_1_662' title='bbox 1629 2155 1708 2185; x_wconf 86' lang='lat' dir='ltr'>quos</span> <span class='ocrx_word' id='word_1_663' title='bbox 1730 2146 1839 2177; x_wconf 88' lang='lat' dir='ltr'>nmltis</span> <span class='ocrx_word' id='word_1_664' title='bbox 1857 2155 1898 2177; x_wconf 88' lang='lat' dir='ltr'>ex</span> <span class='ocrx_word' id='word_1_665' title='bbox 1919 2147 2021 2177; x_wconf 88' lang='lat' dir='ltr'>causis</span> <span class='ocrx_word' id='word_1_666' title='bbox 2042 2146 2252 2177; x_wconf 83' lang='lat' dir='ltr'>nobilissimos</span> 
     </span>
     <span class='ocr_line' id='line_1_90' title="bbox 1221 2196 2252 2237; baseline 0.003 -12"><span class='ocrx_word' id='word_1_667' title='bbox 1221 2204 1287 2226; x_wconf 81' lang='lat' dir='ltr'>esse</span> <span class='ocrx_word' id='word_1_668' title='bbox 1306 2196 1463 2226; x_wconf 81' lang='lat' dir='ltr'>existimo.</span> <span class='ocrx_word' id='word_1_669' title='bbox 1509 2199 1589 2228; x_wconf 78' lang='lat' dir='ltr'>Nam</span> <span class='ocrx_word' id='word_1_670' title='bbox 1607 2199 1637 2228; x_wconf 89' lang='lat' dir='ltr'>et</span> <span class='ocrx_word' id='word_1_671' title='bbox 1653 2197 1716 2228; x_wconf 87' lang='lat' dir='ltr'>illis</span> <span class='ocrx_word' id='word_1_672' title='bbox 1731 2197 1805 2236; x_wconf 83' lang='lat' dir='ltr'>ipsis</span> <span class='ocrx_word' id='word_1_673' title='bbox 1822 2198 2017 2236; x_wconf 86' lang='lat' dir='ltr'>temporibus</span> <span class='ocrx_word' id='word_1_674' title='bbox 2033 2197 2202 2237; x_wconf 79' lang='lat' dir='ltr'>vixerunt,</span> <span class='ocrx_word' id='word_1_675' title='bbox 2219 2200 2252 2229; x_wconf 85' lang='lat' dir='ltr'>et</span> 
     </span>
     <span class='ocr_line' id='line_1_91' title="bbox 1220 2248 2252 2288; baseline 0.003 -11"><span class='ocrx_word' id='word_1_676' title='bbox 1220 2248 1446 2286; x_wconf 81' lang='lat' dir='ltr'>rempublicam</span> <span class='ocrx_word' id='word_1_677' title='bbox 1465 2248 1494 2278; x_wconf 92' lang='lat' dir='ltr'>in</span> <span class='ocrx_word' id='word_1_678' title='bbox 1510 2249 1610 2287; x_wconf 84' lang='lat' dir='ltr'>patria</span> <span class='ocrx_word' id='word_1_679' title='bbox 1623 2257 1679 2278; x_wconf 87' lang='lat' dir='ltr'>sua</span> <span class='ocrx_word' id='word_1_680' title='bbox 1692 2249 1964 2287; x_wconf 73' lang='lat' dir='ltr'>fflimiiiistrarunt,</span> <span class='ocrx_word' id='word_1_681' title='bbox 1979 2251 2076 2288; x_wconf 83' lang='lat' dir='ltr'>atque</span> <span class='ocrx_word' id='word_1_682' title='bbox 2092 2251 2252 2288; x_wconf 85' lang='lat' dir='ltr'>postremo</span> 
     </span>
     <span class='ocr_line' id='line_1_92' title="bbox 1220 2290 2252 2339; baseline 0.004 -12"><span class='ocrx_word' id='word_1_683' title='bbox 1220 2307 1280 2328; x_wconf 88' lang='lat' dir='ltr'>non</span> <span class='ocrx_word' id='word_1_684' title='bbox 1299 2299 1444 2330; x_wconf 85' lang='lat' dir='ltr'>utilitatis</span> <span class='ocrx_word' id='word_1_685' title='bbox 1459 2300 1592 2339; x_wconf 76' lang='lat' dir='ltr'>propriae</span> <span class='ocrx_word' id='word_1_686' title='bbox 1613 2308 1723 2338; x_wconf 75' lang='lat' dir='ltr'>eausa,</span> <span class='ocrx_word' id='word_1_687' title='bbox 1747 2299 1798 2330; x_wconf 87' lang='lat' dir='ltr'>sed</span> <span class='ocrx_word' id='word_1_688' title='bbox 1819 2300 1923 2338; x_wconf 72' lang='lat' dir='ltr'>glorife</span> <span class='ocrx_word' id='word_1_689' title='bbox 1943 2290 2069 2339; x_wconf 73' lang='lat' dir='ltr'>studio,</span> <span class='ocrx_word' id='word_1_690' title='bbox 2093 2308 2130 2330; x_wconf 82' lang='lat' dir='ltr'>ac</span> <span class='ocrx_word' id='word_1_691' title='bbox 2155 2303 2252 2339; x_wconf 88' lang='lat' dir='ltr'>prout</span> 
     </span>
     <span class='ocr_line' id='line_1_93' title="bbox 1220 2349 2253 2389; baseline 0.002 -10"><span class='ocrx_word' id='word_1_692' title='bbox 1220 2350 1302 2379; x_wconf 89' lang='lat' dir='ltr'>viros</span> <span class='ocrx_word' id='word_1_693' title='bbox 1316 2349 1404 2380; x_wconf 87' lang='lat' dir='ltr'>decet</span> <span class='ocrx_word' id='word_1_694' title='bbox 1418 2350 1448 2380; x_wconf 93' lang='lat' dir='ltr'>in</span> <span class='ocrx_word' id='word_1_695' title='bbox 1464 2350 1623 2389; x_wconf 82' lang='lat' dir='ltr'>republica</span> <span class='ocrx_word' id='word_1_696' title='bbox 1634 2352 1784 2389; x_wconf 85' lang='lat' dir='ltr'>versatos,</span> <span class='ocrx_word' id='word_1_697' title='bbox 1800 2350 1839 2380; x_wconf 90' lang='lat' dir='ltr'>ad</span> <span class='ocrx_word' id='word_1_698' title='bbox 1855 2350 2055 2381; x_wconf 87' lang='lat' dir='ltr'>scribendum</span> <span class='ocrx_word' id='word_1_699' title='bbox 2070 2359 2101 2381; x_wconf 86' lang='lat' dir='ltr'>se</span> <span class='ocrx_word' id='word_1_700' title='bbox 2112 2350 2253 2381; x_wconf 89' lang='lat' dir='ltr'>coutule-</span> 
     </span>
     <span class='ocr_line' id='line_1_94' title="bbox 1220 2402 2251 2441; baseline 0.001 -10"><span class='ocrx_word' id='word_1_701' title='bbox 1220 2403 1303 2432; x_wconf 86' lang='lat' dir='ltr'>runt.</span> <span class='ocrx_word' id='word_1_702' title='bbox 1318 2404 1473 2439; x_wconf 84' lang='lat' dir='ltr'>Quoniam</span> <span class='ocrx_word' id='word_1_703' title='bbox 1491 2411 1564 2433; x_wconf 85' lang='lat' dir='ltr'>vero</span> <span class='ocrx_word' id='word_1_704' title='bbox 1578 2402 1702 2434; x_wconf 76' lang='lat' dir='ltr'>easdem</span> <span class='ocrx_word' id='word_1_705' title='bbox 1726 2411 1774 2433; x_wconf 79' lang='lat' dir='ltr'>res</span> <span class='ocrx_word' id='word_1_706' title='bbox 1792 2411 1828 2433; x_wconf 82' lang='lat' dir='ltr'>ac</span> <span class='ocrx_word' id='word_1_707' title='bbox 1852 2410 1908 2432; x_wconf 83' lang='lat' dir='ltr'>nos</span> <span class='ocrx_word' id='word_1_708' title='bbox 1933 2402 1989 2441; x_wconf 88' lang='lat' dir='ltr'>ipsi</span> <span class='ocrx_word' id='word_1_709' title='bbox 2005 2402 2144 2433; x_wconf 75' lang='lat' dir='ltr'>historiae</span> <span class='ocrx_word' id='word_1_710' title='bbox 2161 2411 2251 2433; x_wconf 83' lang='lat' dir='ltr'>man-</span> 
     </span>
     <span class='ocr_line' id='line_1_95' title="bbox 1219 2453 2251 2493; baseline 0.001 -10"><span class='ocrx_word' id='word_1_711' title='bbox 1219 2453 1344 2491; x_wconf 77' lang='lat' dir='ltr'>darunt,</span> <span class='ocrx_word' id='word_1_712' title='bbox 1359 2462 1420 2483; x_wconf 88' lang='lat' dir='ltr'>uon</span> <span class='ocrx_word' id='word_1_713' title='bbox 1435 2455 1507 2483; x_wconf 89' lang='lat' dir='ltr'>sunt</span> <span class='ocrx_word' id='word_1_714' title='bbox 1521 2453 1644 2484; x_wconf 72' lang='lat' dir='ltr'>silentio</span> <span class='ocrx_word' id='word_1_715' title='bbox 1658 2453 1886 2493; x_wconf 77' lang='lat' dir='ltr'>praetereundi3</span> <span class='ocrx_word' id='word_1_716' title='bbox 1901 2462 1940 2483; x_wconf 82' lang='lat' dir='ltr'>ne</span> <span class='ocrx_word' id='word_1_717' title='bbox 1954 2453 2092 2484; x_wconf 81' lang='lat' dir='ltr'>liistorioe</span> <span class='ocrx_word' id='word_1_718' title='bbox 2105 2453 2251 2491; x_wconf 84' lang='lat' dir='ltr'>studiosi,</span> 
     </span>
     <span class='ocr_line' id='line_1_96' title="bbox 1220 2505 2252 2546; baseline 0.001 -11"><span class='ocrx_word' id='word_1_719' title='bbox 1220 2505 1329 2546; x_wconf 75' lang='lat' dir='ltr'>patriae</span> <span class='ocrx_word' id='word_1_720' title='bbox 1345 2506 1524 2537; x_wconf 80' lang='lat' dir='ltr'>celebritate</span> <span class='ocrx_word' id='word_1_721' title='bbox 1541 2514 1639 2545; x_wconf 80' lang='lat' dir='ltr'>eaque</span> <span class='ocrx_word' id='word_1_722' title='bbox 1655 2506 1802 2545; x_wconf 87' lang='lat' dir='ltr'>opinione</span> <span class='ocrx_word' id='word_1_723' title='bbox 1817 2506 1955 2544; x_wconf 87' lang='lat' dir='ltr'>inducti,</span> <span class='ocrx_word' id='word_1_724' title='bbox 1969 2505 2055 2545; x_wconf 86' lang='lat' dir='ltr'>quod</span> <span class='ocrx_word' id='word_1_725' title='bbox 2071 2506 2115 2536; x_wconf 89' lang='lat' dir='ltr'>rei</span> <span class='ocrx_word' id='word_1_726' title='bbox 2132 2505 2252 2536; x_wconf 85' lang='lat' dir='ltr'>navalis</span> 
     </span>
     <span class='ocr_line' id='line_1_97' title="bbox 1220 2552 2252 2595; baseline -0.001 -9"><span class='ocrx_word' id='word_1_727' title='bbox 1220 2557 1317 2593; x_wconf 64' lang='lat' dir='ltr'>gloria</span> <span class='ocrx_word' id='word_1_728' title='bbox 1338 2557 1531 2587; x_wconf 83' lang='lat' dir='ltr'>Rhodiorum</span> <span class='ocrx_word' id='word_1_729' title='bbox 1550 2557 1673 2595; x_wconf 89' lang='lat' dir='ltr'>propria</span> <span class='ocrx_word' id='word_1_730' title='bbox 1697 2564 1763 2587; x_wconf 85' lang='lat' dir='ltr'>esse</span> <span class='ocrx_word' id='word_1_731' title='bbox 1777 2552 1916 2593; x_wconf 74' lang='lat' dir='ltr'>videtur,</span> <span class='ocrx_word' id='word_1_732' title='bbox 1941 2555 1966 2585; x_wconf 90' lang='lat' dir='ltr'>si</span> <span class='ocrx_word' id='word_1_733' title='bbox 1982 2555 2108 2594; x_wconf 87' lang='lat' dir='ltr'>quando</span> <span class='ocrx_word' id='word_1_734' title='bbox 2127 2555 2166 2585; x_wconf 91' lang='lat' dir='ltr'>ab</span> <span class='ocrx_word' id='word_1_735' title='bbox 2191 2554 2252 2585; x_wconf 86' lang='lat' dir='ltr'>illis</span> 
     </span>
     <span class='ocr_line' id='line_1_98' title="bbox 1221 2598 2250 2646; baseline -0.002 -9"><span class='ocrx_word' id='word_1_736' title='bbox 1221 2598 1425 2646; x_wconf 56' lang='lat' dir='ltr'>scriptoribus</span> <span class='ocrx_word' id='word_1_737' title='bbox 1434 2607 1666 2644; x_wconf 81' lang='lat' dir='ltr'>dissentiamus,</span> <span class='ocrx_word' id='word_1_738' title='bbox 1681 2607 1805 2637; x_wconf 88' lang='lat' dir='ltr'>illorum</span> <span class='ocrx_word' id='word_1_739' title='bbox 1818 2606 1982 2637; x_wconf 82' lang='lat' dir='ltr'>sententiae</span> <span class='ocrx_word' id='word_1_740' title='bbox 1996 2605 2144 2636; x_wconf 88' lang='lat' dir='ltr'>libentius</span> <span class='ocrx_word' id='word_1_741' title='bbox 2154 2613 2250 2644; x_wconf 91' lang='lat' dir='ltr'>quam</span> 
     </span>
     <span class='ocr_line' id='line_1_99' title="bbox 1222 2652 2251 2698; baseline -0.002 -8"><span class='ocrx_word' id='word_1_742' title='bbox 1222 2652 1338 2691; x_wconf 61' lang='lat' dir='ltr'>nostiae</span> <span class='ocrx_word' id='word_1_743' title='bbox 1356 2659 1521 2690; x_wconf 79' lang='lat' dir='ltr'>accedant.</span> <span class='ocrx_word' id='word_1_744' title='bbox 1548 2659 1646 2698; x_wconf 73' lang='lat' dir='ltr'>Igitur</span> <span class='ocrx_word' id='word_1_745' title='bbox 1667 2658 1761 2688; x_wconf 89' lang='lat' dir='ltr'>ambo</span> <span class='ocrx_word' id='word_1_746' title='bbox 1775 2658 1817 2688; x_wconf 94' lang='lat' dir='ltr'>illi</span> <span class='ocrx_word' id='word_1_747' title='bbox 1841 2658 1977 2697; x_wconf 91' lang='lat' dir='ltr'>primum</span> <span class='ocrx_word' id='word_1_748' title='bbox 1996 2656 2121 2696; x_wconf 88' lang='lat' dir='ltr'>quidem</span> <span class='ocrx_word' id='word_1_749' title='bbox 2143 2657 2251 2696; x_wconf 87' lang='lat' dir='ltr'>aiunt,</span> 
     </span>
     <span class='ocr_line' id='line_1_100' title="bbox 1221 2710 2251 2753; baseline -0.003 -10"><span class='ocrx_word' id='word_1_750' title='bbox 1221 2713 1366 2753; x_wconf 72' lang='lat' dir='ltr'>proelium</span> <span class='ocrx_word' id='word_1_751' title='bbox 1391 2712 1501 2742; x_wconf 71' lang='lat' dir='ltr'>navate</span> <span class='ocrx_word' id='word_1_752' title='bbox 1529 2712 1568 2742; x_wconf 71' lang='lat' dir='ltr'>:ut</span> <span class='ocrx_word' id='word_1_753' title='bbox 1595 2711 1698 2742; x_wconf 84' lang='lat' dir='ltr'>Laden</span> <span class='ocrx_word' id='word_1_754' title='bbox 1724 2720 1784 2741; x_wconf 89' lang='lat' dir='ltr'>non</span> <span class='ocrx_word' id='word_1_755' title='bbox 1811 2710 1939 2740; x_wconf 77' lang='lat' dir='ltr'>inferius</span> <span class='ocrx_word' id='word_1_756' title='bbox 1967 2710 2060 2740; x_wconf 80' lang='lat' dir='ltr'>fuisse</span> <span class='ocrx_word' id='word_1_757' title='bbox 2083 2718 2187 2749; x_wconf 79' lang='lat' dir='ltr'>pugna</span> <span class='ocrx_word' id='word_1_758' title='bbox 2212 2710 2251 2740; x_wconf 87' lang='lat' dir='ltr'>ad</span> 
     </span>
     <span class='ocr_line' id='line_1_101' title="bbox 1222 2760 2252 2802; baseline -0.002 -8"><span class='ocrx_word' id='word_1_759' title='bbox 1222 2765 1336 2795; x_wconf 78' lang='lat' dir='ltr'>Chium</span> <span class='ocrx_word' id='word_1_760' title='bbox 1359 2765 1433 2802; x_wconf 79' lang='lat'>(201</span> <span class='ocrx_word' id='word_1_761' title='bbox 1456 2772 1485 2793; x_wconf 82' lang='lat' dir='ltr'>a.</span> <span class='ocrx_word' id='word_1_762' title='bbox 1514 2765 1551 2794; x_wconf 88' lang='lat' dir='ltr'>C.</span> <span class='ocrx_word' id='word_1_763' title='bbox 1578 2762 1640 2793; x_wconf 77' lang='lat' dir='ltr'>viu.</span> <span class='ocrx_word' id='word_1_764' title='bbox 1669 2762 1778 2800; x_wconf 76' lang='lat' dir='ltr'>Polyb.</span> <span class='ocrx_word' id='word_1_765' title='bbox 1803 2763 1888 2798; x_wconf 80' lang='lat' dir='ltr'>XVt,</span> <span class='ocrx_word' id='word_1_766' title='bbox 1913 2769 1939 2790; x_wconf 87' lang='lat' dir='ltr'>c.</span> <span class='ocrx_word' id='word_1_767' title='bbox 1962 2760 2057 2799; x_wconf 86' lang='grc'>1-9),</span> <span class='ocrx_word' id='word_1_768' title='bbox 2083 2760 2136 2790; x_wconf 83' lang='lat' dir='ltr'>sed</span> <span class='ocrx_word' id='word_1_769' title='bbox 2161 2760 2252 2800; x_wconf 85' lang='lat' dir='ltr'>longe</span> 
     </span>
     <span class='ocr_line' id='line_1_102' title="bbox 1221 2811 2252 2852; baseline -0.004 -5"><span class='ocrx_word' id='word_1_770' title='bbox 1221 2817 1324 2847; x_wconf 61' lang='lat' dir='ltr'>aerius</span> <span class='ocrx_word' id='word_1_771' title='bbox 1339 2825 1375 2846; x_wconf 82' lang='lat' dir='ltr'>ac</span> <span class='ocrx_word' id='word_1_772' title='bbox 1392 2815 1624 2846; x_wconf 81' lang='lat' dir='ltr'>toi-midolosius</span> <span class='ocrx_word' id='word_1_773' title='bbox 1648 2826 1654 2844; x_wconf 91' lang='lat'>:</span> <span class='ocrx_word' id='word_1_774' title='bbox 1673 2818 1703 2844; x_wconf 83' lang='lat' dir='ltr'>et</span> <span class='ocrx_word' id='word_1_775' title='bbox 1717 2822 1816 2852; x_wconf 82' lang='lat' dir='ltr'>quum</span> <span class='ocrx_word' id='word_1_776' title='bbox 1835 2812 2045 2852; x_wconf 84' lang='lat' dir='ltr'>particulatim</span> <span class='ocrx_word' id='word_1_777' title='bbox 2067 2812 2098 2842; x_wconf 89' lang='lat' dir='ltr'>in</span> <span class='ocrx_word' id='word_1_778' title='bbox 2123 2811 2252 2851; x_wconf 84' lang='lat' dir='ltr'>singulis</span> 
     </span>
     <span class='ocr_line' id='line_1_103' title="bbox 1223 2864 2252 2908; baseline -0.005 -9"><span class='ocrx_word' id='word_1_779' title='bbox 1223 2878 1334 2908; x_wconf 73' lang='lat' dir='ltr'>puguze</span> <span class='ocrx_word' id='word_1_780' title='bbox 1361 2868 1529 2899; x_wconf 87' lang='lat' dir='ltr'>momentis</span> <span class='ocrx_word' id='word_1_781' title='bbox 1557 2868 1652 2905; x_wconf 84' lang='lat' dir='ltr'>atque</span> <span class='ocrx_word' id='word_1_782' title='bbox 1671 2866 1764 2896; x_wconf 85' lang='lat' dir='ltr'>rebus</span> <span class='ocrx_word' id='word_1_783' title='bbox 1787 2865 1897 2904; x_wconf 73' lang='lat' dir='ltr'>gestis,</span> <span class='ocrx_word' id='word_1_784' title='bbox 1914 2866 1984 2894; x_wconf 84' lang='lat' dir='ltr'>tum</span> <span class='ocrx_word' id='word_1_785' title='bbox 2005 2864 2037 2894; x_wconf 91' lang='lat' dir='ltr'>in</span> <span class='ocrx_word' id='word_1_786' title='bbox 2059 2871 2183 2894; x_wconf 80' lang='lat' dir='ltr'>sumina</span> <span class='ocrx_word' id='word_1_787' title='bbox 2207 2864 2252 2894; x_wconf 84' lang='lat' dir='ltr'>rei</span> 
     </span>
     <span class='ocr_line' id='line_1_104' title="bbox 1223 2914 2250 2959; baseline -0.007 -8"><span class='ocrx_word' id='word_1_788' title='bbox 1223 2928 1316 2959; x_wconf 83' lang='lat' dir='ltr'>penes</span> <span class='ocrx_word' id='word_1_789' title='bbox 1330 2919 1467 2950; x_wconf 83' lang='lat' dir='ltr'>Rhodios</span> <span class='ocrx_word' id='word_1_790' title='bbox 1490 2918 1610 2949; x_wconf 77' lang='lat' dir='ltr'>stetisse</span> <span class='ocrx_word' id='word_1_791' title='bbox 1629 2917 1792 2947; x_wconf 86' lang='lat' dir='ltr'>victoriam</span> <span class='ocrx_word' id='word_1_792' title='bbox 1809 2915 1978 2946; x_wconf 79' lang='lat' dir='ltr'>affirmant.</span> <span class='ocrx_word' id='word_1_793' title='bbox 2001 2917 2063 2954; x_wconf 82' lang='lat' dir='ltr'>Ego</span> <span class='ocrx_word' id='word_1_794' title='bbox 2084 2922 2161 2945; x_wconf 89' lang='lat' dir='ltr'>vero</span> <span class='ocrx_word' id='word_1_795' title='bbox 2178 2914 2250 2945; x_wconf 85' lang='lat' dir='ltr'>scri-</span> 
     </span>
     <span class='ocr_line' id='line_1_105' title="bbox 1223 2964 2250 3010; baseline -0.005 -11"><span class='ocrx_word' id='word_1_796' title='bbox 1223 2973 1327 3010; x_wconf 85' lang='lat' dir='ltr'>ptores</span> <span class='ocrx_word' id='word_1_797' title='bbox 1350 2969 1514 3009; x_wconf 85' lang='lat' dir='ltr'>paululum</span> <span class='ocrx_word' id='word_1_798' title='bbox 1542 2969 1571 2999; x_wconf 92' lang='lat' dir='ltr'>in</span> <span class='ocrx_word' id='word_1_799' title='bbox 1589 2968 1699 3007; x_wconf 77' lang='lat' dir='ltr'>patriae</span> <span class='ocrx_word' id='word_1_800' title='bbox 1714 2975 1780 2998; x_wconf 85' lang='lat' dir='ltr'>suae</span> <span class='ocrx_word' id='word_1_801' title='bbox 1801 2966 1933 3005; x_wconf 80' lang='lat' dir='ltr'>gratiam</span> <span class='ocrx_word' id='word_1_802' title='bbox 1958 2965 2109 2996; x_wconf 84' lang='lat' dir='ltr'>inclinare</span> <span class='ocrx_word' id='word_1_803' title='bbox 2134 2964 2250 2995; x_wconf 85' lang='lat' dir='ltr'>debere</span> 
     </span>
     <span class='ocr_line' id='line_1_106' title="bbox 1223 3016 2250 3058; baseline -0.007 -5"><span class='ocrx_word' id='word_1_804' title='bbox 1223 3031 1284 3053; x_wconf 91' lang='lat' dir='ltr'>non</span> <span class='ocrx_word' id='word_1_805' title='bbox 1301 3022 1435 3052; x_wconf 68' lang='lat' dir='ltr'>diffitear</span> <span class='ocrx_word' id='word_1_806' title='bbox 1451 3031 1457 3051; x_wconf 93' lang='lat'><strong>:</strong></span> <span class='ocrx_word' id='word_1_807' title='bbox 1473 3021 1526 3051; x_wconf 84' lang='lat' dir='ltr'>sed</span> <span class='ocrx_word' id='word_1_808' title='bbox 1541 3021 1583 3051; x_wconf 85' lang='lat' dir='ltr'>ita</span> <span class='ocrx_word' id='word_1_809' title='bbox 1595 3021 1700 3051; x_wconf 84' lang='lat' dir='ltr'>tamen</span> <span class='ocrx_word' id='word_1_810' title='bbox 1713 3044 1721 3058; x_wconf 92' lang='lat'>‚</span> <span class='ocrx_word' id='word_1_811' title='bbox 1738 3020 1774 3050; x_wconf 89' lang='lat' dir='ltr'>ut</span> <span class='ocrx_word' id='word_1_812' title='bbox 1791 3027 1829 3049; x_wconf 88' lang='lat' dir='ltr'>ne</span> <span class='ocrx_word' id='word_1_813' title='bbox 1850 3018 1925 3049; x_wconf 85' lang='lat' dir='ltr'>talia</span> <span class='ocrx_word' id='word_1_814' title='bbox 1947 3018 1986 3048; x_wconf 90' lang='lat' dir='ltr'>de</span> <span class='ocrx_word' id='word_1_815' title='bbox 2002 3026 2039 3048; x_wconf 86' lang='lat' dir='ltr'>ea</span> <span class='ocrx_word' id='word_1_816' title='bbox 2061 3016 2250 3056; x_wconf 81' lang='lat' dir='ltr'>praedicent,</span> 
     </span>
     <span class='ocr_line' id='line_1_107' title="bbox 1223 3066 2251 3113; baseline -0.004 -12"><span class='ocrx_word' id='word_1_817' title='bbox 1223 3083 1294 3113; x_wconf 69' lang='lat' dir='ltr'>quie</span> <span class='ocrx_word' id='word_1_818' title='bbox 1308 3074 1380 3103; x_wconf 87' lang='lat' dir='ltr'>sunt</span> <span class='ocrx_word' id='word_1_819' title='bbox 1393 3072 1486 3103; x_wconf 85' lang='lat' dir='ltr'>rebus</span> <span class='ocrx_word' id='word_1_820' title='bbox 1499 3072 1592 3111; x_wconf 76' lang='lat' dir='ltr'>gestis</span> <span class='ocrx_word' id='word_1_821' title='bbox 1605 3070 1770 3102; x_wconf 84' lang='lat' dir='ltr'>contraria.</span> <span class='ocrx_word' id='word_1_822' title='bbox 1787 3069 1909 3100; x_wconf 86' lang='lat' dir='ltr'>Etenim</span> <span class='ocrx_word' id='word_1_823' title='bbox 1924 3069 1996 3098; x_wconf 86' lang='lat' dir='ltr'>sunt</span> <span class='ocrx_word' id='word_1_824' title='bbox 2013 3068 2072 3098; x_wconf 84' lang='lat' dir='ltr'>alia</span> <span class='ocrx_word' id='word_1_825' title='bbox 2089 3068 2138 3097; x_wconf 83' lang='lat' dir='ltr'>sat</span> <span class='ocrx_word' id='word_1_826' title='bbox 2152 3066 2251 3098; x_wconf 85' lang='lat' dir='ltr'>multa</span> 
     </span>
     <span class='ocr_line' id='line_1_108' title="bbox 1223 3118 2250 3164; baseline -0.005 -11"><span class='ocrx_word' id='word_1_827' title='bbox 1223 3126 1369 3164; x_wconf 82' lang='lat' dir='ltr'>peccata,</span> <span class='ocrx_word' id='word_1_828' title='bbox 1384 3124 1414 3154; x_wconf 91' lang='lat' dir='ltr'>in</span> <span class='ocrx_word' id='word_1_829' title='bbox 1436 3132 1508 3162; x_wconf 69' lang='lat' dir='ltr'>quac</span> <span class='ocrx_word' id='word_1_830' title='bbox 1522 3131 1559 3153; x_wconf 73' lang='lat' dir='ltr'>ex</span> <span class='ocrx_word' id='word_1_831' title='bbox 1579 3122 1643 3152; x_wconf 84' lang='lat' dir='ltr'>veri</span> <span class='ocrx_word' id='word_1_832' title='bbox 1661 3121 1853 3160; x_wconf 72' lang='lat' dir='ltr'>ignoratione</span> <span class='ocrx_word' id='word_1_833' title='bbox 1877 3119 2042 3158; x_wconf 88' lang='lat' dir='ltr'>scriptores</span> <span class='ocrx_word' id='word_1_834' title='bbox 2068 3118 2250 3157; x_wconf 77' lang='lat' dir='ltr'>incurrunt3</span> 
     </span>
     <span class='ocr_line' id='line_1_109' title="bbox 1223 3168 2249 3215; baseline -0.007 -10"><span class='ocrx_word' id='word_1_835' title='bbox 1223 3185 1294 3215; x_wconf 77' lang='lat' dir='ltr'>quae</span> <span class='ocrx_word' id='word_1_836' title='bbox 1308 3175 1435 3214; x_wconf 83' lang='lat' dir='ltr'>quidem</span> <span class='ocrx_word' id='word_1_837' title='bbox 1446 3198 1454 3213; x_wconf 93' lang='lat'>‚</span> <span class='ocrx_word' id='word_1_838' title='bbox 1465 3182 1564 3213; x_wconf 84' lang='lat' dir='ltr'>quum</span> <span class='ocrx_word' id='word_1_839' title='bbox 1576 3172 1717 3203; x_wconf 82' lang='lat' dir='ltr'>homines</span> <span class='ocrx_word' id='word_1_840' title='bbox 1728 3171 1793 3202; x_wconf 88' lang='lat' dir='ltr'>nati</span> <span class='ocrx_word' id='word_1_841' title='bbox 1806 3171 1920 3208; x_wconf 85' lang='lat' dir='ltr'>simus,</span> <span class='ocrx_word' id='word_1_842' title='bbox 1933 3170 2032 3200; x_wconf 88' lang='lat' dir='ltr'>vitare</span> <span class='ocrx_word' id='word_1_843' title='bbox 2048 3168 2177 3199; x_wconf 81' lang='lat' dir='ltr'>difficile</span> <span class='ocrx_word' id='word_1_844' title='bbox 2193 3170 2249 3198; x_wconf 79' lang='lat' dir='ltr'>est.</span> 
     </span>
     <span class='ocr_line' id='line_1_110' title="bbox 1224 3218 2250 3262; baseline -0.007 -6"><span class='ocrx_word' id='word_1_845' title='bbox 1224 3226 1340 3262; x_wconf 69' lang='lat' dir='ltr'>Quodsi</span> <span class='ocrx_word' id='word_1_846' title='bbox 1355 3226 1448 3256; x_wconf 76' lang='lat' dir='ltr'>etiam</span> <span class='ocrx_word' id='word_1_847' title='bbox 1462 3224 1501 3255; x_wconf 87' lang='lat' dir='ltr'>de</span> <span class='ocrx_word' id='word_1_848' title='bbox 1526 3223 1679 3254; x_wconf 85' lang='lat' dir='ltr'>industria</span> <span class='ocrx_word' id='word_1_849' title='bbox 1696 3222 1808 3253; x_wconf 81' lang='lat' dir='ltr'>salsum</span> <span class='ocrx_word' id='word_1_850' title='bbox 1825 3221 1958 3251; x_wconf 87' lang='lat' dir='ltr'>scientes</span> <span class='ocrx_word' id='word_1_851' title='bbox 1976 3219 2169 3257; x_wconf 81' lang='lat' dir='ltr'>scribamus,</span> <span class='ocrx_word' id='word_1_852' title='bbox 2184 3218 2250 3250; x_wconf 85' lang='lat' dir='ltr'>sive</span> 
     </span>
     <span class='ocr_line' id='line_1_111' title="bbox 1224 3269 2249 3316; baseline -0.008 -9"><span class='ocrx_word' id='word_1_853' title='bbox 1224 3278 1254 3307; x_wconf 91' lang='lat' dir='ltr'>in</span> <span class='ocrx_word' id='word_1_854' title='bbox 1275 3277 1399 3316; x_wconf 65' lang='lat' dir='ltr'>patriae,</span> <span class='ocrx_word' id='word_1_855' title='bbox 1416 3276 1483 3307; x_wconf 80' lang='lat' dir='ltr'>sive</span> <span class='ocrx_word' id='word_1_856' title='bbox 1501 3276 1531 3305; x_wconf 92' lang='lat' dir='ltr'>iu</span> <span class='ocrx_word' id='word_1_857' title='bbox 1551 3274 1727 3304; x_wconf 81' lang='lat' dir='ltr'>amicorum</span> <span class='ocrx_word' id='word_1_858' title='bbox 1749 3272 1898 3311; x_wconf 77' lang='lat' dir='ltr'>gratiam,</span> <span class='ocrx_word' id='word_1_859' title='bbox 1922 3270 1998 3310; x_wconf 85' lang='lat' dir='ltr'>quid</span> <span class='ocrx_word' id='word_1_860' title='bbox 2021 3270 2148 3301; x_wconf 67' lang='lat' dir='ltr'>interest</span> <span class='ocrx_word' id='word_1_861' title='bbox 2170 3269 2249 3300; x_wconf 74' lang='lat' dir='ltr'>iuter</span> 
     </span>
     <span class='ocr_line' id='line_1_112' title="bbox 1224 3322 2248 3368; baseline -0.009 -9"><span class='ocrx_word' id='word_1_862' title='bbox 1224 3339 1278 3360; x_wconf 84' lang='lat' dir='ltr'>nos</span> <span class='ocrx_word' id='word_1_863' title='bbox 1303 3331 1398 3368; x_wconf 72' lang='lat' dir='ltr'>atque</span> <span class='ocrx_word' id='word_1_864' title='bbox 1419 3337 1471 3357; x_wconf 80' lang='lat' dir='ltr'>cos</span> <span class='ocrx_word' id='word_1_865' title='bbox 1493 3327 1545 3366; x_wconf 82' lang='lat' dir='ltr'>qui</span> <span class='ocrx_word' id='word_1_866' title='bbox 1572 3325 1722 3365; x_wconf 76' lang='lat' dir='ltr'>ejusmodi</span> <span class='ocrx_word' id='word_1_867' title='bbox 1741 3324 1881 3354; x_wconf 81' lang='lat' dir='ltr'>instituto</span> <span class='ocrx_word' id='word_1_868' title='bbox 1906 3324 2023 3353; x_wconf 69' lang='lat' dir='ltr'>victum</span> <span class='ocrx_word' id='word_1_869' title='bbox 2044 3322 2101 3352; x_wconf 86' lang='lat' dir='ltr'>sibi</span> <span class='ocrx_word' id='word_1_870' title='bbox 2120 3329 2248 3359; x_wconf 74' lang='lat' dir='ltr'>compa·</span> 
     </span>
    </p>
   </div>
   <div class='ocr_carea' id='block_1_11' title="bbox 1902 2095 2252 2135">
    <p class='ocr_par' dir='ltr' id='par_1_12' title="bbox 1902 2095 2252 2135">
     <span class='ocr_line' id='line_1_113' title="bbox 1902 2095 2252 2135; baseline 0 -10"><span class='ocrx_word' id='word_1_871' title='bbox 1902 2095 1942 2126; x_wconf 86' lang='lat' dir='ltr'>Hi</span> <span class='ocrx_word' id='word_1_872' title='bbox 1964 2097 2038 2126; x_wconf 88' lang='lat' dir='ltr'>sunt</span> <span class='ocrx_word' id='word_1_873' title='bbox 2055 2098 2138 2127; x_wconf 88' lang='lat' dir='ltr'>Zeno</span> <span class='ocrx_word' id='word_1_874' title='bbox 2156 2097 2252 2135; x_wconf 82' lang='lat' dir='ltr'>atque</span> 
     </span>
    </p>
   </div>
   <div class='ocr_carea' id='block_1_12' title="bbox 2182 827 2289 865">
    <p class='ocr_par' dir='ltr' id='par_1_13' title="bbox 2182 827 2289 865">
     <span class='ocr_line' id='line_1_114' title="bbox 2182 827 2289 865; baseline 0.009 -1"><span class='ocrx_word' id='word_1_875' title='bbox 2182 827 2256 865; x_wconf 83' lang='grc' dir='ltr'>εἰσὶ·</span> <span class='ocrx_word' id='word_1_876' title='bbox 2288 830 2289 851; x_wconf 66' lang='lat' dir='ltr'>l</span> 
     </span>
    </p>
   </div>
  </div>
 </body>
</html>
