2338 3765
155 171 229 203 416

152 244 263 291 τικὸς,
281 244 338 280 καὶ
362 242 586 285 Ποσειδώνιος
607 245 624 280 ὁ
643 243 815 293 Στωικὸς,
836 246 869 281 ἐν
885 248 959 288 ταῖς
978 246 1157 298 Ἱστορίαις
1171 277 1179 293 ,

152 303 309 351 ἑκάτερος
337 301 413 343 τοὺς
442 301 546 343 Χίους
574 302 692 352 φησὶν,
722 301 1085 354 ἐξανδραποδισθέντας
1115 307 1180 343 ὑπὸ

153 358 364 409 Μιθριδάτου
384 373 440 395 του
464 359 715 404 Καππάδοκος,
734 360 969 410 παραδοθῆναι
990 367 1056 404 τοῖς
1083 362 1180 405 ἰδίοις

152 414 281 457 δούλοις
306 416 361 452 δε)
327 414 519 464 εοεμένους,
542 413 585 451 ἵν’
606 416 652 457 εἷς
676 416 737 461 τὴν
765 416 911 468 Κόλχων
936 420 998 468 γῆν
1024 434 1178 457 κατοικι-

150 475 287 512 σΟῶσιν.

631 544 692 579 80.

396 634 459 670 ΕΚ
491 632 592 670 ΤΟΥ
621 634 823 673 ΒΙΒΛΙΟΥ
853 635 937 673 ΡΔ’.

201 723 334 760 Athen.
356 725 460 768 VIII,
476 735 513 770 p.
536 723 607 758 332
622 751 631 767 ‚
650 725 677 759 F
695 737 702 758 :
721 723 891 766 Νικόλαος
907 724 934 761 δ’
951 726 967 761 ὁ
982 727 1177 773 Δαμασκη-

147 778 198 820 νὸς
213 781 246 815 ἐν
259 782 300 829 τῇ
312 779 457 829 τετάρτη
473 778 555 850 πρὸς
566 780 638 821 ταῖς
649 780 769 817 ἑκατὸν
782 783 847 817 τῶν
861 781 1046 832 Ἱστοριῶν·
1063 801 1077 814 «ι
1091 782 1177 853 Περὶ

147 835 347 885 Ἀπάμειαν,
365 851 459 885 φησι,
474 835 533 881 τὴν
552 837 755 888 Φρυγιακὴν
774 838 861 874 κατὰ
879 839 920 875 τὰ
937 840 1060 907 ΜιΟριΞ
1064 838 1176 885 ατικὰ,

147 909 297 943 σεισμον
317 909 523 944 γενομενων,
545 895 760 946 ἀνεφάνησαν
781 896 859 946 περὶ
888 895 948 941 τὴν
969 896 1085 947 χώραν
1111 898 1175 933 αὐ-

147 967 214 987 των
235 951 354 1001 λίμναι
379 967 414 988 τε
436 954 470 988 αἱ
489 951 652 1003 πρότερον
676 954 737 990 οὐκ
753 956 852 989 οὖσαι
873 969 929 990 και
950 953 1099 990 ποταμοὶ
1118 953 1176 990 καὶ

145 1008 249 1045 ἄλλαι
268 1009 377 1059 πηγαὶ
398 1009 463 1046 ὑπὸ
484 1013 544 1055 τ’ἧς
564 1009 681 1054 κινήσ;
685 1026 728 1052 ως
753 1012 978 1061 ἀνοιχθεισαι·
999 991 1158 1047 πολλαὶ
1142 1010 1175 1048 οὲ

144 1066 203 1103 καὶ
215 1067 465 1118 ἠφανίσθησαν.
484 1067 656 1105 Τοσοῧτόν
670 1083 705 1104 τε
718 1067 801 1104 ἄλλο
816 1068 1000 1105 ἀνέὸλυσεν
1017 1070 1127 1105 αὐτῶν
1141 1070 1174 1105 ἐν

143 1127 186 1174 τῇ
200 1128 242 1175 γῇ
261 1125 379 1176 πικρόν
395 1141 432 1162 τε
448 1124 506 1162 καὶ
523 1125 670 1174 γλαυκὸν
692 1125 798 1176 ὕδωρ,
818 1127 978 1163 πλεῖστον
995 1125 1072 1163 ὅσον
1090 1129 1174 1163 ἀπε-

143 1181 271 1232 χούσης
291 1185 357 1219 τῶν
379 1182 490 1220 τόπων
517 1185 578 1228 τῆς
595 1182 788 1228 θαλάσσης,
807 1182 894 1220 ὥστε
914 1184 1060 1234 ὀστρέων
1080 1186 1172 1229 πλη-

143 1242 264 1284 σθῆναι
288 1240 345 1277 τὸν
374 1240 519 1286 πλησίον
539 1239 642 1277 τόπον
662 1240 797 1278 ἅπαντα
815 1241 873 1278 καὶ
896 1242 1021 1292 ἰχθύων
1048 1244 1115 1279 τῶν
1137 1257 1173 1279 τε

143 1295 268 1343 ἄλλων,
286 1296 349 1334 ὅσα
369 1297 482 1349 τρέφει
503 1301 523 1342 ἡ
543 1297 714 1336 θάλασσα.
738 1316 752 1330 »

626 1395 686 1430 81.

380 1486 442 1523 El(
473 1486 576 1523 ΤΟΥ
605 1487 808 1524 ΒΙΒΑΙΟΥ
838 1487 931 1526 ΡΖ’.

195 1575 299 1612 Idem
312 1579 356 1621 V,
378 1591 416 1624 p.
434 1578 502 1612 261
519 1607 529 1625 ,
552 1578 580 1615 C
600 1591 608 1613 ι
627 1577 796 1620 Νικόλαος
810 1579 838 1614 δ’
852 1579 885 1615 ἐν
903 1581 944 1627 τῇ
966 1577 1095 1629 ἑῧδόμῃ
1113 1579 1171 1616 καὶ

141 1635 309 1683 ἑκατοστῇ
343 1636 410 1670 τῶν
432 1633 605 1685 Ἱστοριῶν
625 1633 763 1672 Σύλλαν
780 1635 881 1686 φησὶ,
907 1635 963 1672 τὸν
985 1636 1170 1684 Ῥωμαίων

141 1690 341 1741 στρατηγὸν,
364 1690 451 1727 οὕτω
469 1691 601 1742 χαίρειν
621 1692 736 1740 μίμοις
753 1692 811 1728 καὶ
833 1694 1092 1742 γελωτοποιοῖς,
1113 1708 1170 1744 φι-

139 1747 288 1796 λόγελων
305 1748 497 1797 γενόμενον,
515 1751 559 1791 ὡς
572 1750 631 1786 καὶ
646 1750 757 1786 πολλὰ
774 1753 835 1800 γῆς
850 1750 958 1802 μέτρα
975 1752 1090 1793 αὐτοῖς
1103 1766 1170 1801 χα-

141 1805 288 1854 ρίζεσθαι
305 1808 364 1851 τῆς
385 1805 567 1854 δημοσίας.
586 1806 835 1857 Ἔμφανίζουσι
858 1808 886 1844 δ’
906 1809 1009 1845 αὐτοῦ
1035 1807 1072 1845 τὸ
1092 1808 1169 1859 περὶ

138 1866 246 1899 ταῦτα
263 1862 378 1914 ἱλαρὸν
399 1865 432 1900 αἱ
450 1863 507 1900 ὑπ’
529 1866 629 1901 αὐτοῦ
647 1870 830 1916 γραφεῖσαι
850 1866 1030 1918 σατυρικαὶ
1045 1881 1169 1917 κωμῳ-

139 1920 207 1957 δίαι
226 1924 268 1973 τῇ
290 1920 423 1973 πατρίῳ
441 1924 549 1973 φωνῇ’.

620 2004 680 2039 82.

379 2100 443 2136 El<
472 2100 573 2137 ΤΟΥ
607 2100 808 2138 ΒΙΒΛΙΟΥ
837 2099 925 2138 PH'.

194 2192 296 2229 ldem
314 2193 397 2236 XV,
423 2205 461 2239 p.
484 2193 577 2239 682,
592 2196 648 2228 A.
670 2192 881 2235 Νικόλαοςδ
899 2195 916 2229 ὁ
938 2194 1169 2243 Δαυιασκηνὸς

136 2264 170 2286 Εν
194 2252 235 2300 τῇ
255 2262 356 2298 ΟΥΟΟΪ]
377 2264 443 2285 των
464 2248 639 2319 ‘'[UTOPUDV
646 2265 746 2309 ωπρΟς
766 2265 838 2292 ταῖς
855 2265 975 2286 ἕκατον
1005 2266 1081 2302 περὶ
1101 2268 1161 2294 τας

136 2305 272 2348 Αλπεις
286 2305 410 2355 λίμνην
427 2306 502 2343 τινά
518 2322 619 2358 φησιν
635 2311 719 2344 εἶναι
735 2309 871 2344 πολλων
887 2308 1032 2344 σταδίων
1048 2313 1165 2354 οὖσαν,

135 2362 176 2404 ῆς
194 2358 271 2408 περὶ
291 2374 347 2394 τον
364 2358 487 2395 κύκλον
507 2359 693 2410 πεφυκέναι
711 2360 752 2395 δι’
768 2359 860 2402 ἔτους
874 2359 985 2404 ἄνθη’
972 2360 1094 2405 ηδιστα
1109 2376 1167 2397 και

137 2416 396 2466 εὖχρουστατα,
417 2415 518 2465 ὅμοια
535 2418 609 2457 ταῖς
628 2415 854 2464 καλουμέναις
871 2416 1031 2467 κάλχαις.

607 2506 670 2542 83.

386 2597 450 2634 ΕΚ
480 2598 580 2635 ΤΟΥ
609 2598 810 2635 ΒΙΒΛῘΟΥ
840 2599 913 2636 PI'.

187 2689 289 2724 Idem
305 2690 395 2736 XII,
413 2702 448 2736 p.
471 2688 564 2735 543,
581 2692 611 2725 A
629 2704 636 2725 ε
658 2689 828 2731 Νικόλαος
844 2690 872 2726 δ’
888 2693 905 2727 ὁ
925 2691 1163 2740 Περιπατητι-

134 2745 190 2787 κὸς
203 2747 235 2782 ἐν
256 2748 296 2795 τῇ
313 2745 437 2795 δεκάτῃ
456 2746 513 2782 καὶ
528 2749 694 2797 ἑκατοστῇ
706 2749 772 2783 τῶν
785 2747 957 2797 Ἱστοριῶν
970 2748 1161 2785 Λεύκολλον

953 166 1153 205 NICOLAI
1184 168 1470 208 DAMASCENI

1242 263 1304 293 que
1321 256 1464 286 Historiis
1484 257 1610 286 narrant
1623 280 1631 294 ‚
1646 255 1741 287 Chios
1755 257 1784 287 in
1804 258 1987 290 servitutem
2012 260 2155 293 redactos
2178 270 2196 292 a
2213 262 2272 293 Ml-

1243 322 1379 353 tlrridate
1393 323 1580 362 Cappadoce
1593 323 1725 355 traditos
1738 332 1803 355 esse
1821 326 1953 365 propriis
1964 327 2062 359 servis
2081 329 2220 369 vinctos,
2239 331 2273 361 ut

1242 390 1272 420 in
1287 390 1444 429 regionem
1460 390 1650 422 Colchorum
1664 392 1965 431 transportarentur.

1723 556 1780 587 80.

1582 645 1610 682 Ε
1642 646 1792 684 LIBRO
1822 647 1924 686 CIV.

1279 736 1424 767 Nicolaus
1441 738 1654 769 Damascenus
1672 738 1750 769 libro
1770 741 1884 778 quarto
1908 749 1946 771 ac
1968 742 2140 774 centesimo
2164 744 2270 776 Histo-

1239 808 1357 839 riarum
1381 809 1494 847 tradit,
1523 809 1607 841 circa
1631 814 1801 850 Apameam
1828 813 1968 853 Phrygiae
1996 816 2190 855 temporibus
2210 819 2269 849 Mi-

1238 881 1395 912 thridatici
1411 882 1482 913 belli
1505 884 1574 921 post
1590 884 1682 914 terrae
1707 886 1828 915 motum
1846 885 1877 916 in
1899 895 1934 917 ea
1951 886 2076 927 regione
2098 888 2185 920 lacus
2201 899 2271 921 eru—

1239 955 1335 994 pisse,
1363 956 1415 986 ubi
1433 956 1510 987 nulli
1530 958 1623 988 antea
1649 957 1791 998 fuerant,
1818 959 1957 1000 itemque
1977 969 2085 993 amnes
2106 971 2143 993 ac
2170 963 2271 995 fontes

1238 1029 1329 1059 terrae
1342 1037 1495 1060 concussu
1513 1030 1679 1073 reclusos„
1692 1032 1811 1063 multos
1832 1034 1961 1074 contra,
1985 1037 2038 1075 qui
2057 1036 2142 1075 prius
2163 1039 2269 1069 exsta-

1238 1101 1313 1131 bant
1323 1124 1332 1140 ,
1350 1103 1532 1141 evanuisse3
1547 1104 1667 1134 tantam
1681 1112 1775 1144 porro
1788 1113 1880 1145 aquae
1893 1115 2010 1138 amarae
2028 1110 2147 1148 copiam
2166 1112 2270 1142 scatu-

1235 1168 1343 1199 rivisse
1367 1169 1477 1201 eodem
1499 1171 1529 1201 in
1552 1180 1644 1211 agro,
1668 1172 1723 1212 qui
1748 1173 1864 1204 amari
1889 1175 2058 1213 plurimum
2081 1177 2207 1218 aberat,
2235 1181 2270 1210 ut

1236 1239 1338 1269 vicina
1352 1239 1420 1270 loca
1432 1240 1541 1271 ostreis
1554 1249 1591 1271 ac
1605 1242 1717 1274 ceteris
1732 1242 1764 1273 id
1783 1251 1881 1282 genus
1902 1244 2057 1284 piscibus,
2079 1255 2163 1286 quos
2183 1256 2269 1280 mare

1237 1309 1320 1341 alere
1332 1309 1428 1349 solet,
1443 1310 1656 1350 opplerentur.

1732 1413 1787 1444 Sl.

1574 1496 1602 1533 E
1632 1496 1779 1534 LIBRO
1804 1496 1924 1534 CVII.

1273 1590 1420 1621 Nicolaus
1436 1590 1516 1621 libro
1532 1591 1664 1630 septimo
1678 1599 1715 1621 ae
1728 1591 1901 1622 centesimo
1925 1592 2132 1624 Historiarum
2154 1595 2266 1634 refert,

1236 1644 1356 1687 Sullam
1387 1658 1565 1687 Romanum
1598 1657 1820 1697 imperatorem
1846 1658 1924 1689 adeo
1949 1658 2140 1691 delectatum
2174 1662 2268 1694 fuisse

1232 1724 1336 1756 mimis
1355 1726 1386 1756 et
1404 1726 1537 1765 scurris,
1555 1735 1653 1766 quum
1673 1727 1814 1758 ridiculis
1829 1728 1956 1767 acjoeis
1969 1737 2169 1769 summopere
2187 1733 2267 1763 esset

1231 1793 1375 1834 deditus,
1395 1795 1432 1825 ut
1444 1795 1508 1834 agri
1526 1795 1642 1834 publici
1663 1796 1762 1827 multa
1783 1796 1938 1835 ejusmodi
1957 1796 2137 1829 hominibus
2156 1798 2266 1839 iugera

1231 1861 1360 1900 largitus
1372 1861 1422 1892 sit.
1439 1864 1483 1893 Ac
1502 1863 1695 1902 quantopere
1717 1862 1754 1894 iis
1772 1863 1865 1894 rebus
1887 1863 2059 1895 delectatus
2079 1864 2137 1903 sit,
2156 1867 2261 1898 osten*

1230 1927 1310 1958 dunt
1323 1927 1488 1958 comoediae
1501 1929 1644 1967 satyricae
1658 1928 1758 1968 patria
1771 1928 1812 1959 ab
1822 1937 1858 1960 eo
1872 1929 1977 1968 lingua
1987 1930 2182 1970 conscriptae.

1708 2012 1765 2043 82.

1556 2102 1585 2138 E
1616 2102 1765 2139 LlBRO
1795 2103 1931 2141 CVIII.

1270 2204 1418 2236 Nicolaus
1430 2207 1643 2236 Damascenus
1656 2204 1863 2235 Historiarum
1876 2204 1955 2235 libro
1966 2204 2137 2235 centesimo
2146 2205 2260 2236 octavo

1227 2262 1311 2293 circa
1326 2263 1417 2301 Alpes
1432 2263 1535 2293 lacum
1550 2271 1618 2293 esse
1636 2262 1744 2293 scribit
1760 2262 1791 2292 in
1804 2262 1902 2292 multa
1915 2261 2014 2293 stadia
2028 2262 2188 2301 patentem
2201 2287 2210 2301 ,
2226 2262 2257 2293 in

1226 2319 1316 2358 eujus
1328 2319 1447 2350 ambitu
1465 2320 1634 2350 nascantur
1648 2319 1814 2359 quotannis
1829 2318 1920 2350 flores
1943 2318 2048 2350 odoris
2060 2306 2257 2358 suavissimi,

1225 2376 1491 2417 pulelierrimique
1517 2377 1648 2415 coloris,
1666 2377 1781 2407 similes
1805 2384 1915 2407 eorum
1934 2385 2014 2415 quos
2034 2376 2149 2417 κάλχαις
2168 2377 2257 2415 (cal-

1227 2434 1305 2465 llzas
1320 2434 1444 2473 latine)
1459 2435 1584 2465 vocant.

1715 2519 1772 2549 83.

1577 2600 1618 2636 Ε
1636 2599 1785 2637 LIBRO
1815 2598 1897 2636 CX.

1265 2694 1412 2726 Nicolaus
1439 2695 1667 2734 Peripateticus
1685 2694 1766 2725 libro
1789 2694 2001 2726 Historiarum
2017 2693 2140 2725 decimo
2160 2702 2255 2734 supra

1222 2753 1428 2784 centesimum
1443 2753 1540 2784 tradit
1554 2753 1723 2784 Lucullum
1735 2777 1743 2792 ,
1760 2761 1859 2792 quum
1877 2753 2009 2784 Romam
2024 2760 2184 2791 reversus,
2201 2761 2253 2784 su-

175 2864 226 2891 80.
251 2862 326 2891 Haee
340 2869 469 2905 quoque
484 2861 633 2895 fluxerint
650 2871 666 2893 e
685 2863 868 2902 Posidonio,
883 2872 980 2903 quem
996 2864 1132 2894 multum
1151 2864 1243 2895 fuisse
1256 2865 1379 2895 constat
1391 2864 1430 2895 de
1447 2866 1539 2895 terr'e
1562 2864 1701 2895 motibus
1713 2873 1808 2904 ,quae
1831 2863 1944 2904 partim
1970 2871 2025 2894 sua
2050 2863 2167 2902 ipsius
2159 2864 2252 2895 {etate

133 2906 325 2937 acciderunt.
349 2909 388 2938 V.
413 2908 600 2946 Sir-,z'ibow
616 2918 645 2948 p
663 2912 836 2949 27‹3;1,p.
855 2913 892 2941 58
918 2911 1082 2948 (Posiden.
1103 2911 1138 2941 fr
1162 2915 1218 2949 08,
1234 2912 1299 2941 Get
1316 2911 1351 2941 fr.
1373 2911 1443 2949 76).
1464 2911 1578 2942 sustin.
1600 2912 1672 2949 XL,
1692 2915 1729 2941 l:

1755 2909 1820 2941 Sed
1832 2911 1921 2941 sieut
1937 2908 1979 2940 ab
2002 2908 2152 2940 lzostzbus
2173 2910 2251 2940 tuta

134 2952 337 2991 Syr-infuit,
352 2954 402 2983 ila
418 2955 519 2984 lerroe
534 2956 624 2985 viola
639 2957 776 2985 ιαςίαία
789 2958 855 2994 est,
871 2964 938 2995 quo
951 2958 1084 2987 centum
1097 2958 1319 2995 septuaqmta
1333 2956 1445 2987 millia
1460 2956 1572 2987 homin
1580 2964 1652 2993 um,
1663 2957 1694 2987 ec
1709 2956 1828 2987 multae
1841 2955 1939 2986 urbes
1951 2956 2137 2994 perierunt.
2157 2953 2252 2990 Quod

131 2999 328 3038 prodiqium
344 3001 572 3031 mulalt'onem
590 3009 705 3031 rerum
721 3001 924 3039 portendere
941 3001 1140 3041 haruspices
1155 3002 1412 3042 responderunt.
1432 3003 1591 3034 pertinent
1608 3002 1676 3033 haec
1689 3003 1727 3032 ad
1742 3003 1883 3041 tempora
1900 3000 2016 3040 quibus
2033 3008 2126 3040 penes
2142 3000 2248 3040 Tigra-

132 3054 204 3076 nem
218 3046 314 3084 Syriae
332 3045 496 3084 imperium
512 3047 578 3077 erat
594 3046 734 3084 (83—(39
746 3048 767 3084 ).

173 3095 223 3123 81.
249 3090 296 3123 Cf.
316 3092 476 3122 Plutarch.
492 3092 576 3123 Sulla
599 3100 627 3122 e.
647 3098 683 3123 30
702 3106 708 3123 ι
732 3094 826 3129 Συνῆν
844 3092 945 3132 μίμοις
961 3094 1076 3133 γυναιξὶ
1098 3094 1149 3124 καὶ
1167 3094 1352 3134 κιθαρισταῖς
1378 3094 1429 3123 καὶ
1457 3094 1626 3133 Ουμελικοῖς
1646 3093 1814 3133 ἀνθρώποις
1831 3092 1878 3122 ἐπὶ
1903 3091 2053 3122 στιὸάδων
2070 3090 2119 3130 ἀφ’
2135 3091 2247 3131 ἡμέρας

131 3137 314 3176 συμπίνων..
333 3137 398 3168 ὅθεν
421 3138 471 3167 καὶ
494 3140 547 3174 τὴν
566 3137 689 3169 νόσον...

130 3183 271 3215 attulisse
288 3183 392 3215 debet.
409 3183 542 3215 Moritur
555 3184 641 3214 Sulla
655 3192 705 3214 an.
722 3187 771 3214 78.

172 3234 219 3261 82.
243 3230 291 3261 Cf.
311 3230 461 3269 Steplian.
482 3229 572 3260 Thes.
593 3231 647 3260 Gr.
664 3239 692 3260 v.
713 3231 822 3270 κάλχη.

171 3279 220 3306 83.
245 3275 293 3307 Cf.
314 3276 502 3307 Plutarchus
519 3275 548 3306 in
565 3275 686 3306 Lueull.
704 3285 731 3307 c.
748 3279 798 3308 37.

712 3139 805 3169 πολὺν
823 3139 931 3178 χρόνον
954 3139 1055 3175 ἠγνόει
1075 3140 1139 3170 κτλ.
1159 3139 1303 3172 Nicolaus
1317 3147 1442 3178 quoque
1455 3139 1494 3170 (le
1507 3138 1673 3179 postremis
1696 3137 1792 3170 Sulla)
1815 3136 2008 3176 temporibus
2030 3136 2162 3175 loquens
2179 3135 2248 3168 liaee
