2338 3765
127 182 196 211 634

123 259 178 296 τὸν
200 258 310 309 ἕτερον
327 257 413 293 πόδα
433 256 469 291 ἐκ
490 253 653 304 Κορίνθου
671 252 808 288 πώποτε
830 249 1054 301 προὸεὸηκως
1079 250 1150 287 οὐδ

124 317 205 367 ἄχρι
228 316 425 386 Κεγχρεων
431 314 516 348 ἀποο
504 310 680 358 ἶηαησας,
697 308 767 346 οὔτι
788 323 874 358 γε...
845 307 1009 358 Συρίαν
992 325 1013 352 η
1029 308 1147 358 Ἀρμε-

123 375 194 410 νίαν
213 372 307 421 ἷδων
319 372 384 407 ὧδε
406 367 779 426 ηρξατο-μέμνημαι
784 366 850 416 γάρ
874 384 889 399 «
912 359 1009 403 Ωτα
1029 367 1150 417 ὀφθαλ-

125 433 197 480 μῶν
209 428 429 478 ἀπιστότερα·
446 427 568 478 γράφω
585 425 695 462 τοίνυν
713 424 734 460 ἃ
749 425 850 470 εἶδον,
865 425 929 474 οὐχ
943 423 964 460 ἃ
978 423 1121 469 ἥκουσα.
1137 441 1151 454 »

127 489 195 527 Ka:
210 503 313 529 ουτως
330 485 479 536 ἀκριὸως
507 484 645 521 ἅπαντα
673 481 835 533 ἑωράκει,
856 481 945 519 ὥστε
969 497 1046 524 τους
1067 481 1151 532 δρά-

125 560 275 587 κοντας
262 545 324 595 ἔφη
340 558 405 580 των
426 543 633 592 Παρθυαίων
651 542 817 590 (σημεῖον
835 539 870 577 δὲ
885 539 1033 585 πλήθους
1053 543 1152 576 τοῦτο

125 605 254 645 αὐτοῖς·
277 601 407 652 χιλίους
423 600 489 651 γὰρ
506 604 603 647 οἶμαι
623 599 790 650 ὃδροίκων
809 597 905 669 ιίίγει)3
918 600 1046 642 ζῶντας
1071 598 1150 649 δροί-

125 676 244 702 κοντας
267 658 503 730 παμμεγέθεις
531 661 619 694 εἰναι
644 655 872 706 γεννωμένους
891 657 924 692 ἐν
944 658 986 707 τῇ
1009 655 1153 706 Περσίοι

126 734 244 770 μικρον
265 733 348 769 υπερ
368 733 430 760 ττν
457 715 622 765 Ἰῧηρίαν,
659 730 799 769 τουτους
825 713 859 751 δὲ
892 713 976 756 τέως
1003 713 1042 762 μὲ
1048 729 1064 749 ν
1096 713 1154 749 ἐπι

125 778 250 813 κοντῶν
270 776 430 824 μεγάλων
455 772 692 822 ἐκδεδεμένους
707 770 856 824 ὑψηλοὺς
879 772 1077 822 αἰωρεῖσθαι
1095 771 1153 808 καὶ

125 833 298 884 πόρρωθεν
323 832 579 869 ἐπελαυνόντων
607 830 678 873 δέος
692 831 858 879 ἐμποιεῖν,
879 832 912 867 ἐν
935 831 1027 880 αὐτῷ
1056 829 1091 865 δὲ
1108 831 1154 880 τῷ

126 891 214 942 ἔργῳ
239 890 378 928 ἐπειδὰν
406 893 491 939 ὁμοῧ
520 890 620 936 ἴωσι,
639 888 803 931 λύσαντες
842 887 961 929 αὐτοὺς
989 888 1154 938 ἐπαφιᾶσι

126 955 193 991 τοῖς
223 949 416 998 πολεμίοις·
445 947 565 996 ἀμέλει
586 945 733 989 πολλοὺς
764 949 830 983 τῶν
861 945 1036 996 ἡμετέρων
1067 944 1155 981 οὕτω

126 1010 364 1050 καταποθῆναι
391 1006 451 1043 καὶ
478 1005 622 1052 ἄλλους,
660 1004 990 1056 περισπειραθέντων
1023 1004 1156 1049 αὐτοῖς,

127 1067 358 1135 ἀποπνιγῆναι
392 1064 451 1101 καὶ
485 1065 762 1113 συγκλασθῆναι·
805 1065 916 1098 ταῦτα
947 1061 981 1098 δε
1008 1061 1156 1112 ἐφεστὼς

126 1127 209 1175 ὁρᾶν
233 1122 353 1169 αὐτος,
381 1125 414 1160 ἐν
443 1124 589 1172 ἀσφαλεῖ
612 1121 728 1170 μέντοι
764 1120 832 1158 ἀπὸ
861 1121 895 1157 δε
882 1119 997 1170 ’νορου
1024 1121 1156 1170 υψηλου

127 1181 324 1230 ποιούμενος
357 1180 417 1225 τὴν
438 1178 582 1228 σκοπήν.
603 1178 672 1217 Και
703 1182 738 1215 εὐ
760 1194 797 1228 γε
818 1177 956 1223 εποίησε
983 1175 1030 1226 μὴ
1053 1176 1157 1224 ὁμόσε

127 1239 290 1289 χωρήσας
320 1244 390 1280 τοῖς
412 1238 588 1289 θηρίοις,’
574 1237 647 1274 επεὶ
665 1237 726 1274 οὐκ
743 1235 783 1273 ἂν
803 1251 901 1284 ημεις
921 1233 1009 1272 οὕτω
1024 1237 1157 1283 θαυμα-

124 1296 208 1333 στὸν
227 1296 429 1348 συγγραφέα
450 1299 505 1332 νῦν
524 1295 661 1346 εἴχομεν
682 1294 740 1331 καὶ
760 1293 826 1330 ἀπὸ
845 1292 958 1344 χειρὸς
979 1292 1079 1329 αὐτὸν
1097 1307 1156 1338 με·

129 1354 219 1403 γάλα
239 1370 298 1391 και
316 1352 461 1404 λαμπρὰ
484 1355 517 1390 ἐν
543 1369 592 1389 τι)
611 1351 754 1403 πολέμῳ
777 1350 886 1388 τούτω
905 1348 1158 1401 ἐργασαμένον·

130 1429 188 1450 και
205 1413 271 1463 γὰρ
299 1412 510 1450 ἐκινούνευσε
534 1391 648 1448 πόλλα
676 1426 736 1447 και
754 1409 882 1460 ἐτρώθη
910 1408 987 1481 περὶ
1006 1410 1157 1460 Σοῦραν,

131 1471 199 1508 ἀπὸ
219 1486 276 1508 του
296 1470 462 1521 Κρανείου
483 1471 546 1515 δῆ)
549 1485 584 1506 ον
602 1468 653 1506 ὅτι
673 1468 821 1519 βαδίζων
850 1483 905 1505 επι
926 1466 987 1512 τὴν
1009 1466 1155 1518 Λέρναν.

134 1529 204 1567 Καὶ
243 1533 352 1566 ταῦτα
382 1529 569 1580 Κορινθίων
608 1527 799 1564 ἀκουόντων
835 1524 1063 1575 ἀνεγίγνωσκε
1093 1527 1160 1561 τῶν

130 1586 280 1638 ἇκριίῗῶς
303 1586 454 1633 εἰδότων,
480 1585 530 1622 ὅτι
554 1585 642 1634 μηδὲ
667 1584 758 1621 κατὰ
774 1583 890 1634 τοίχου
919 1582 1159 1633 γεγραμμένον

130 1645 282 1693 πόλεμον
304 1643 462 1694 ἑωράκει.
521 1643 613 1681 Ἀλλ’
650 1641 727 1679 οὐδὲ
762 1639 853 1677 ὅπλα
875 1641 1000 1683 ἐκεῖνός
1020 1656 1057 1690 γε
1085 1640 1161 1691 ᾔδει

131 1701 207 1739 οὐδὲ
227 1703 466 1752 μηχανήματα
484 1695 538 1738 οἶοί
563 1703 654 1737 ἐστιν
675 1698 750 1737 οὐδὲ
771 1698 900 1742 τάξεων
920 1697 942 1744 ἢ
972 1700 1159 1749 καταλοχι-

132 1763 228 1809 σμῶν
257 1759 431 1808 ὀνόματα·
458 1759 548 1796 πάνυ
568 1752 624 1796 οὖν
656 1758 784 1806 ἤμελεν
806 1758 900 1808 αὐτῷ
920 1757 1072 1807 πλαγίαν
1100 1758 1161 1806 μὲν

132 1817 192 1863 τὴν
205 1817 380 1867 φάλαγγα,
393 1815 450 1853 ἐπὶ
465 1816 571 1866 κέρως
580 1814 614 1852 δὲ
628 1814 738 1865 λέγειν
751 1814 789 1851 τὸ
805 1814 861 1851 ἐπὶ
878 1813 1038 1863 μετώπου
1053 1813 1161 1863 ἄγειν.

797 166 904 204 SCRI
914 164 1120 202 PTORUM
1153 163 1295 201 BELLI
1328 161 1566 201 PARTHICI

1565 242 1922 284 AN'HOXIANOE.

1700 324 1759 361 13.

1265 412 1353 457 Cap.
1386 409 1431 443 30
1456 421 1464 442 ε
1490 400 1549 448 Εἷς
1570 405 1606 442 δέ
1630 420 1679 447 τις
1711 404 1884 454 βέλτιστος
1915 404 2050 441 ἅπαντα
2072 405 2105 449 ἐξ
2134 408 2241 458 ἀρχῆς

1213 469 1244 509 ἐς
1262 467 1355 508 τέλος
1371 464 1414 501 τὰ
1426 462 1668 514 πεπραγμένα,
1681 461 1744 499 ὅσα
1758 463 1793 499 ἐν
1807 461 1978 514 Ἀρμενίᾳ,
1992 461 2055 499 ὅσα
2070 465 2104 500 ἐν
2119 465 2241 515 Συρίᾳ,

1213 524 1275 562 ὅσα
1294 526 1327 562 ἐν
1348 522 1624 573 Μεσοποταμίᾳ,
1644 521 1687 558 τὰ
1705 520 1761 558 ἐπὶ
1779 523 1828 573 τῷ
1847 521 2015 571 Τίγρητι,
2036 521 2080 558 τὰ
2101 524 2134 559 ἐν
2160 525 2243 568 Μη-

1214 583 1283 634 δίᾳ,
1299 579 1533 622 πεντακοσίοις
1550 579 1619 617 οὐδ’
1636 578 1725 622 ὅλοις
1737 578 1834 616 ἔπεσι
1851 578 2046 630 περιλαὸὼν
2065 580 2242 632 συνέτριψε

1213 641 1270 678 καὶ
1288 643 1388 677 τοῦτο
1407 638 1554 683 ποιήσας
1573 637 1724 688 ἱστορίαν
1753 637 2025 688 συγγεγραφέναι
2049 638 2145 688 φησί,
2168 639 2243 684 Τὴν

1214 697 1328 747 μέντοι
1350 694 1541 747 ἐπιγραφὴν
1567 695 1683 746 ὀλίγου
1709 695 1759 732 δεῖ
1759 711 1776 732 ν
1795 696 2011 746 μακροτέραν
2031 699 2088 733 τοῦ
2112 695 2243 746 βιὸλίου

1214 756 1422 807 ene'ypotlgev·
1442 771 1457 787 α
1473 754 1650 804 Ἄντιοχ
1663 768 1780 791 ιανου
1798 757 1868 790 τοῦ
1889 753 2194 796 Ἀπόλλωνος(
2187 769 2245 791 ιε-

1215 814 1380 865 ρονίκου
1396 830 1411 845 »
1427 835 1476 839 —
1492 811 1628 862 δόλιχον
1642 811 1707 862 γάρ
1722 827 1787 848 που
1801 815 1898 860 οἶμαι
1915 812 1950 848 ἐν
1967 826 2067 848 παισι
2087 810 2243 857 νενίκηκε

1216 887 1386 908 -ιιτων
1410 871 1451 907 ἐν
1469 869 1670 920 Ἀρμενία
1687 869 1763 906 καὶ
1780 869 2106 921 Μεσοποταμία
2120 885 2190 906 και
2207 872 2245 907 ἐν

1216 930 1363 981 Μηδία
1397 932 1466 966 νῦν
1499 927 1730 977 Ἱ)ωμαίοις
1768 926 2046 978 πραχθέντων
2082 927 2245 979 ἀφήγη-

1216 1002 1297 1029 σις.
1323 1006 1336 1019 »

1585 1072 1879 1110 ANQNYMOE.

1708 1159 1764 1196 14.

1271 1239 1357 1285 Cap.
1381 1237 1422 1272 31
1448 1250 1456 1271 2
1478 1233 1574 1280 Ἤδη
1594 1235 1622 1271 δ’
1643 1232 1710 1282 ἐγώ
1729 1248 1816 1275 τινος
1833 1233 1891 1269 καὶ
1911 1231 1953 1268 τὰ
1971 1232 2140 1280 μέλλοντα
2164 1248 2250 1283 συγ-

1219 1294 1425 1346 γεγραφότος
1452 1292 1603 1339 ἤκουσα,
1634 1291 1693 1329 καὶ
1722 1290 1783 1336 τὴν
1815 1292 1919 1342 λῆψιν
1940 1293 1997 1327 τοῦ
2033 1290 2250 1341 Οὐολογέσου

1220 1352 1279 1390 καὶ
1313 1351 1376 1396 τὴν
1406 1350 1553 1401 Ὀσρόου
1595 1348 1748 1401 σφαγὴν,
1787 1350 1832 1391 ὡς
1861 1348 2172 1399 παραῧληθήσεται
2204 1351 2252 1399 τῷ

1219 1409 1351 1455 λέοντι,
1373 1408 1433 1445 καὶ
1459 1406 1516 1444 ἐπὶ
1540 1413 1626 1444 πᾶσι
1651 1406 1708 1444 τὸν
1735 1405 1938 1458 τριπόθητον
1958 1408 2041 1456 ἡμῖν
2068 1405 2250 1458 θρίαμὸον.

1220 1466 1322 1505 Οὕτω
1342 1468 1514 1514 μαντικῶς
1532 1464 1605 1514 ἅμα
1626 1464 1714 1515 ἔχων
1737 1463 1898 1501 ἔσπευδεν
1918 1464 1984 1510 ἤδη
2003 1463 2086 1516 πρὸς
2102 1463 2140 1501 τὸ
2160 1463 2254 1506 τέλος

1220 1528 1280 1570 τῆς
1296 1527 1441 1576 γραφῆς.
1464 1523 1567 1561 Ἀλλὰ
1589 1523 1648 1560 καὶ
1667 1522 1766 1559 πόλιν
1784 1522 1851 1568 ἤδη
1882 1523 1915 1558 ε’ν
1935 1525 1978 1573 τῇ
1996 1522 2254 1573 Μεσοποταμίᾳ

1220 1582 1324 1633 ᾤκισε
1342 1582 1475 1632 μεγέθει
1500 1597 1535 1619 τε
1563 1581 1728 1631 μεγίστην
1745 1580 1804 1617 καὶ
1829 1579 1950 1617 κάλλει
1970 1579 2176 1625 καλλίστην·
2205 1579 2256 1617 ἔτι
2292 1577 2316 1587 ”

1222 1640 1337 1690 μέντοι
1352 1642 1531 1678 ἐπισκοπεῖ
1548 1639 1606 1676 καὶ
1624 1638 1883 1676 διαιῧουλεύεται
1897 1638 1964 1675 εἴτε
1980 1637 2131 1676 Νίκαιαν
2149 1637 2255 1684 αὐτὴν

1223 1698 1291 1735 ἀπὸ
1318 1701 1379 1744 τῆς
1406 1698 1500 1744 νίκης
1529 1696 1597 1748 χρὴ
1623 1696 1851 1745 ὀνομάζεσθαι
1877 1695 1944 1733 εἴτε
1966 1695 2155 1746 εΟμόνοιαν
2189 1695 2256 1733 εἴτε

1224 1756 1400 1809 Εἰρηνίαν.
1418 1756 1488 1794 Καὶ
1501 1759 1601 1793 τοῦτο
1615 1754 1676 1804 μὲν
1688 1754 1738 1792 ἔτι
1754 1754 1892 1806 ἄκριτον
1906 1753 1964 1791 καὶ
1982 1753 2156 1803 ἀνώνυμος
2172 1757 2255 1804 ἡμῖν

1223 1817 1244 1860 ἡ
1263 1814 1352 1860 καλὴ
1369 1814 1465 1856 πόλις
1477 1813 1586 1860 ἐκείνη
1596 1843 1605 1860 ,
1615 1814 1723 1864 λήρου
1738 1814 1865 1850 πολλοῦ
1880 1812 1939 1850 καὶ
1952 1811 2096 1863 κορύζης
2109 1828 2258 1863 συγγρα-

133 1928 210 1968 pede
227 1936 366 1967 unquam
386 1927 540 1958 corintho
559 1926 744 1958 excessisset
760 1933 862 1965 neque
875 1925 1052 1957 Cenchreas
1065 1933 1166 1964 usque

133 1980 192 2011 iter
207 1981 346 2018 fecisset,
364 1979 480 2010 nedum
503 1979 624 2018 Syriam
638 1979 695 2009 aut
709 1977 889 2009 Armeniam
903 1977 1004 2008 oculis
1019 1985 1165 2017 usurpas-

133 2033 198 2070 set,
214 2032 273 2062 hoc
293 2031 442 2070 (memini
457 2030 559 2069 enim)
574 2030 699 2060 initium
717 2029 853 2060 fecerat:
876 2029 1059 2060 Oculorum
1077 2030 1167 2059 teste·-

133 2084 284 2113 monium
309 2083 537 2122 proeslantz'us
561 2082 698 2118 aurum
720 2079 827 2111 scribo
843 2081 951 2119 iyitur
970 2087 1049 2120 quoe
1071 2078 1141 2110 vidi
1155 2099 1164 2113 ‚

134 2143 200 2165 non
216 2143 293 2174 quw
310 2133 442 2165 audivi.
458 2136 599 2172 Tamque
615 2133 764 2163 accurate
777 2131 900 2162 viderat
915 2131 1039 2170 omnia,
1051 2132 1087 2161 ut
1098 2131 1168 2160 dra-

135 2194 228 2216 cones
243 2185 430 2216 Parthorum
446 2183 590 2223 (numeri
615 2183 646 2213 id
660 2182 744 2222 apud
766 2182 836 2213 illos
858 2182 1000 2220 signum3
1026 2182 1169 2212 millenos

135 2236 238 2275 enirn,
262 2238 356 2275 puto,
375 2235 470 2265 draeo
493 2234 599 2273 ducit)
617 2234 707 2264 vivos
722 2241 788 2264 esse
813 2232 964 2264 dracones
979 2232 1096 2263 diceret
1119 2232 1167 2262 in-

136 2289 260 2325 gentes,
284 2287 336 2326 qui
357 2287 561 2317 nascerentur
578 2285 610 2316 in
628 2283 751 2316 Perside
773 2283 880 2323 paullo
896 2292 989 2323 supra
1013 2282 1144 2314 Iberiani
1160 2293 1167 2321 ;

136 2347 252 2377 eosque
268 2338 404 2377 primum
425 2336 553 2376 quidem
571 2335 609 2366 ad
628 2343 758 2375 magnos
774 2335 884 2365 contos
905 2334 1046 2374 alligatos
1071 2333 1169 2364 subli-

137 2398 203 2421 mes
222 2390 289 2420 tolli
312 2389 538 2428 hostibusque,
563 2388 639 2418 dum
661 2386 934 2427 appropinquant,
961 2394 978 2417 e
1000 2385 1170 2425 longinquo

139 2443 290 2471 terrorem
314 2440 458 2478 injicere,
476 2439 589 2469 deinde
605 2438 715 2478 prsnlio
740 2437 925 2475 commisso,
946 2436 1070 2475 quando
1093 2445 1170 2466 cou-

139 2492 286 2530 cunitur,
308 2491 431 2521 laxatos
453 2490 601 2528 immitti;
623 2498 688 2529 quo
704 2490 797 2528 pacto
813 2488 928 2527 oppido
948 2488 1066 2518 multos
1079 2496 1096 2518 e
1118 2496 1171 2518 no-

139 2542 211 2572 stris
226 2542 392 2573 devoratos
408 2541 548 2580 aliosque
561 2564 569 2579 ‚
591 2549 672 2579 quos
696 2540 878 2570 circumfusi
904 2539 994 2578 spiris
1015 2538 1078 2569 suis
1097 2539 1171 2569 irre.-

141 2593 248 2623 tissent
259 2617 267 2631 ‚
283 2602 316 2623 su
323 2593 453 2623 sl'ocatos
470 2600 535 2622 csse
549 2593 644 2630 atque
658 2590 760 2621 elisos.
776 2591 852 2620 Ilaec
867 2591 972 2621 autem
987 2598 1094 2620 coram
1105 2598 1172 2620 sese

141 2644 271 2683 vidisse,
288 2652 470 2684 quanquam
492 2652 509 2674 e
524 2643 593 2673 loco
607 2644 677 2673 tuto
693 2642 733 2673 ab
755 2642 906 2673 altissima
921 2641 1034 2672 arbore
1057 2650 1169 2681 specu-

141 2697 270 2727 lantem.
290 2697 418 2735 sapiens
429 2704 504 2726 vcro
526 2695 596 2733 ille,
611 2694 665 2734 qui
688 2703 750 2725 non
768 2694 912 2725 cominus
931 2702 1115 2732 congressus
1133 2694 1171 2724 sit

142 2756 214 2777 cum
239 2747 349 2778 belluis
364 2746 441 2783 illis;
458 2746 595 2785 alioquin
610 2745 692 2775 enim
710 2747 774 2776 tam
795 2744 978 2775 admirando
992 2745 1082 2775 nobis
1100 2745 1171 2776 scri·

142 2801 232 2838 ptore
243 2797 414 2828 carendum
429 2798 520 2835 esset,
532 2796 584 2835 qui
599 2796 677 2827 adeo
690 2805 746 2827 sua
759 2796 823 2836 ipse
836 2804 931 2826 manu
948 2796 1112 2835 praeclaras
1126 2804 1174 2827 res

142 2849 262 2880 multas
279 2848 339 2879 hoc
355 2848 386 2878 in
403 2847 486 2878 hello
506 2847 617 2885 gessit;
632 2848 746 2878 etenim
765 2847 903 2886 pericula
918 2847 1015 2878 subiit
1037 2847 1172 2886 plurima

144 2901 323 2940 vulnusque
345 2900 466 2940 accepit
488 2900 570 2930 circa
584 2902 714 2938 Suram,
737 2900 855 2931 seilicet
877 2899 953 2930 dum
976 2899 1014 2930 ad
1040 2901 1172 2930 Lernam

144 2952 423 2984 tenditacarneo.
446 2952 485 2982 Et
507 2951 575 2981 hzec
589 2951 792 2981 audientibus
816 2951 987 2982 Corinthiis
1012 2950 1172 2989 recitavit,

145 3003 197 3043 qui
212 3004 359 3034 accurate
376 3004 502 3034 nossent
512 3026 520 3041 ‚
535 3011 574 3033 ne
586 3003 702 3041 pictum
713 3003 840 3042 quidem
856 3003 885 3033 in
900 3003 1018 3042 pariete
1033 3011 1173 3041 unquam

146 3056 264 3087 bellum
282 3055 322 3086 ab
338 3055 389 3086 illo
406 3055 519 3085 visum.
538 3054 598 3085 Sed
615 3063 654 3085 ne
677 3063 837 3085 armorum
854 3055 982 3094 quidem
1003 3054 1091 3085 novit
1112 3056 1175 3085 tor-

147 3109 392 3146 mentorumque
406 3106 522 3146 species
533 3129 541 3144 ‚
556 3114 658 3144 neque
681 3106 856 3136 cohortium
879 3105 1175 3136 distributionumve

147 3167 200 3197 per
224 3157 348 3187 ordines
371 3157 497 3187 nomina
519 3156 644 3196 cognita
667 3156 794 3194 habuit3
820 3157 873 3195 qui
897 3157 1031 3187 multum
1056 3156 1175 3187 scilicet

147 3208 289 3245 curavit,
320 3216 452 3247 ecquam
476 3209 685 3238 transversam
718 3207 835 3238 diceret
855 3216 927 3246 quae
950 3207 1068 3238 directa
1096 3209 1176 3238 esset

148 3259 248 3296 acies,
264 3259 312 3289 vcl
331 3268 360 3289 in
377 3267 473 3288 cornu
489 3258 602 3288 ducere
620 3258 787 3297 appellaret
807 3258 889 3296 quod
914 3258 974 3288 (lici
996 3258 1024 3288 iu
1041 3259 1174 3288 frontem

149 3311 318 3349 oporteret.

1542 1926 1935 1965 ANTIOCHIANUS.

1715 2026 1769 2057 13.

1267 2100 1356 2129 Unus
1376 2099 1482 2129 autem
1504 2097 1636 2137 aliquis,
1654 2098 1796 2128 omnium
1816 2096 2111 2136 praestantissimus,
2131 2096 2259 2127 univer·

1226 2159 1274 2181 sas
1288 2160 1336 2182 res
1361 2152 1461 2189 gestas
1476 2159 1494 2181 a
1514 2150 1666 2190 principio
1688 2158 1787 2189 usque
1803 2149 1842 2180 ad
1866 2150 1979 2187 tinem,
2003 2150 2161 2188 quotquot
2176 2151 2208 2180 et
2229 2149 2261 2180 in

1227 2204 1373 2234 Armenia
1389 2204 1421 2233 et
1439 2203 1469 2233 in
1489 2203 1578 2242 Syria
1600 2204 1631 2233 et
1648 2202 1679 2233 in
1693 2202 1921 2242 Mesopotamia
1943 2204 1975 2233 et
1996 2201 2035 2232 ad
2051 2200 2157 2241 Tigrin
2180 2200 2257 2232 etin

1227 2255 1329 2286 Media
1353 2256 1438 2294 gesta
1464 2255 1555 2292 sunt,
1585 2253 1770 2294 conscripsit
1788 2253 1832 2284 ita
1851 2254 1887 2284 ut
1906 2252 2084 2292 quingentis
2105 2254 2138 2283 et
2160 2261 2199 2283 ne
2224 2251 2261 2283 iis

1228 2305 1355 2345 quidem
1376 2305 1503 2345 integris
1522 2305 1664 2336 versibus
1679 2304 1786 2336 omnia
1802 2305 2087 2343 complecteretur;
2102 2312 2164 2342 quo
2179 2303 2260 2334 sacto

1228 2357 1391 2388 historiam
1417 2366 1450 2388 se
1474 2357 1693 2395 conscripsisse
1709 2356 1870 2395 praedicat.
1891 2356 1996 2386 Titulo
2012 2357 2117 2386 tamen
2146 2355 2261 2386 librum

1229 2409 1384 2448 inscripsit
1411 2409 1476 2448 ipso
1503 2409 1565 2438 scre
1588 2407 1749 2437 volumine
1774 2407 1910 2437 vastiore
1932 2416 1939 2436 :
1967 2406 2199 2443 Antiochiam,
2225 2408 2260 2437 in

1230 2468 1328 2490 sacro
1343 2461 1528 2490 certamine
1551 2458 1743 2497 Apollinari
1768 2459 1900 2489 victoris
1925 2457 2024 2496 (puer
2039 2457 2144 2494 enim,
2165 2459 2260 2496 puto,

1223 2510 1385 2550 quondam
1403 2510 1520 2539 vicerat
1533 2509 1659 2539 dolieho
1672 2511 1694 2547 ),
1710 2516 1827 2538 rernm
1842 2509 1877 2536 in
1898 2507 2057 2536 Armenia
2072 2506 2104 2535 et
2120 2506 2262 2543 Mesopo-

1223 2569 1333 2598 lamia
1352 2566 1535 2606 Mediaque
1551 2566 1648 2597 morlo
1665 2566 1707 2597 ab
1727 2565 1883 2597 Romanis
1897 2565 2073 2602 qeslarum
2091 2563 2261 2593 narratio.

1601 2640 1891 2680 ANONYMUS.

1720 2726 1774 2756 14.

1273 2793 1408 2831 Jamque
1423 2790 1550 2828 audivi,
1572 2790 1624 2829 qui
1640 2790 1747 2820 sutura
1763 2797 1890 2828 quoque
1915 2786 2180 2826 conscripsisset:
2201 2786 2262 2816 Vo-

1233 2844 1281 2874 10Π
1265 2844 1326 2883 ‚gesi
1340 2843 1553 2883 captivitatem
1567 2842 1749 2882 eaedemque
1770 2841 1895 2879 Osrois‚
1909 2839 2070 2880 quomodo
2083 2837 2164 2870 leoni
2180 2837 2261 2877 obji-

1232 2897 1342 2935 cietur,
1367 2896 1574 2936 omniumque
1596 2897 1775 2927 extremum
1793 2895 1842 2925 ter
1859 2894 2032 2932 quaterque
2050 2890 2261 2922 desideratum

1233 2947 1323 2978 nobis
1352 2947 1571 2986 triumphum3
1598 2945 1676 2977 adeo
1701 2945 1753 2976 ille
1780 2942 1972 2975 vaticinandi
1996 2942 2090 2973 simul
2116 2941 2262 2972 facultate
2291 2950 2296 2956 ·

1234 3008 1325 3038 usus,
1343 2998 1382 3029 ad
1406 2998 1500 3028 tinem
1522 2997 1608 3037 operi
1629 2995 1854 3036 imponendum
1882 2993 2051 3025 festinavit.
2070 2992 2153 3029 Quid
2179 2989 2260 3030 quod

1234 3050 1343 3080 urbem
1369 3058 1498 3089 quoque
1515 3048 1581 3088 jam
1598 3047 1740 3079 condidit
1756 3047 1788 3078 in
1805 3043 2030 3084 Mesopotamia
2052 3044 2083 3075 et
2106 3042 2261 3082 magnitu-

1234 3101 1306 3132 dine
1331 3101 1362 3131 et
1375 3098 1612 3140 pulchritudine
1630 3098 1850 3138 conspicuam3
1864 3103 2048 3136 quanquam
2068 3093 2171 3125 adhuc
2183 3092 2261 3124 deli-

1235 3153 1323 3183 berat
1334 3152 1497 3190 haeretque
1510 3150 1650 3181 incertus
1660 3172 1668 3186 ‚
1683 3149 1821 3180 Nicaeam
1837 3147 1923 3177 illam
1938 3154 1955 3177 a
1968 3145 2101 3176 victoria
2114 3141 2262 3184 appellari

1234 3206 1395 3244 oporteat,
1411 3212 1449 3234 au
1465 3205 1669 3234 [lomonmam
1680 3226 1689 3240 ‚
1705 3200 1893 3232 ireniamve.
1909 3200 1948 3230 Et
1962 3198 2020 3231 bac
2036 3196 2164 3237 quidem
2178 3195 2218 3226 'de
2230 3202 2262 3225 re

1236 3256 1376 3286 nondum
1393 3255 1554 3285 decretum
1569 3254 1615 3284 est
1629 3251 1796 3291 adhucque
1812 3249 1985 3281 carendum
2003 3248 2093 3279 nobis
2112 3249 2175 3278 tam
2192 3245 2261 3286 pul-

1237 3309 1320 3338 rlirze
1339 3307 1423 3338 urbis
1449 3306 1594 3344 nomine,
1620 3304 1706 3336 omni
1729 3311 1882 3343 nugarum
1910 3300 2168 3339 stoliditatisque,
2190 3304 2261 3338 quae
