2338 3765
971 150 1299 189 FRAGMENTA.

80 244 146 280 τοῖς
166 238 315 288 θεάτροις
334 237 376 286 (2)
403 236 461 272 καὶ
487 236 520 272 ἐν
540 234 671 280 πότοις,
692 235 777 283 ὁρῶν
805 249 840 270 τε
862 232 1105 283 φιλανθριῖ)πως

81 297 191 346 ἑαυτῷ
223 294 459 343 διαλεγόμενον
482 287 536 329 οἶα
561 292 686 344 τέκνῳ,
707 292 766 328 καὶ
794 290 914 341 μικρὸν
943 289 1020 326 ὅσον
1040 290 1105 336 ἤδη

81 351 315 403 τεθαρρηκὼς,
343 352 479 389 πολλῶν
505 352 607 387 αὐτοῦ
636 349 802 398 δεομένων
832 348 890 385 καὶ
909 347 1020 406 ἒίλων
1050 348 1108 385 καὶ

80 412 225 448 πολιτῶν
256 411 422 446 αἰτεῖσθαι
443 407 536 460 σφίσι
563 406 658 458 παρὰ
682 406 875 457 Καίσαρος,
905 408 951 442 ὧν
972 405 1108 443 ἕκαστοι

81 469 114 505 ἐν
130 467 229 519 χρείᾳ
255 462 355 513 ἦσαν,
375 468 544 516 ἐπιτηρῶν
565 464 737 516 εὐκαιρίας
758 463 845 513 μετὰ
867 462 980 508 πάσης
997 464 1110 505 αἰδοῦς

81 526 194 575 ᾐτεῖτό
211 540 246 561 τε
266 523 324 561 καὶ
343 522 538 576 κατώρθου,
552 521 713 559 πλείστου
730 537 765 558 τε
782 520 870 564 ἄξιος
889 521 1028 562 πολλοῖς
1043 523 1110 557 τῶν

82 581 279 632 ἀναγκαίων
316 580 467 631 ἐγένετο,
499 579 750 631 φυλαττόμενος
780 578 817 615 τὸ
849 577 936 628 μήτε
965 576 1111 629 ἀκαίρως

80 641 309 690 παρακαλεῖν,
329 638 408 689 μήτ’
426 637 543 689 ἐκείνῳ
559 636 758 688 προσάντως
777 636 833 687 (3).
853 634 924 674 Καὶ
940 636 957 671 ὃ
973 635 1032 684 μὲν
1050 636 1111 672 οὐκ

82 697 180 748 ὀλίγα
212 697 352 747 ζώπυρα
377 695 437 734 καὶ
462 694 716 748 φιλανθρωπίας
747 694 820 744 ἅμα
843 693 901 732 καὶ
921 693 1112 744 φρονήσεως

81 757 225 806 φυσικῆς
244 754 476 792 ἀπεδείκνυτο.

134 814 200 851 ΙΧ.
225 812 436 862 Βουλόμενος
463 811 492 848 δ’
521 811 621 854 αὐτὸς
647 813 663 849 ὃ
692 811 832 862 Καῖσαρ
859 810 917 848 καὶ
951 810 1111 860 ἔμπειρον

81 873 140 909 τοῦ
161 871 379 922 ἀγωνοθετεῒν
404 870 445 922 (1)
475 871 508 907 ἐν
526 871 599 912 ταῖς
618 869 790 912 τοιαύταις
809 869 988 921 χορηγίαις
1006 861 1110 913 εἶναι,

82 929 171 967 δυοῖν
190 928 298 967 ὄντοιν
317 928 481 980 θεάτροιν,
503 932 560 966 τοῦ
585 928 646 978 μὲν
670 927 888 977 εΡωμαϊκοῦ,
913 930 946 965 ἐν
965 921 993 978 ᾧ
1014 925 1113 968 αὐτὸς

81 985 202 1037 παρὼν
232 986 294 1032 τὴν
326 986 487 1038 φροντίδα
523 980 613 1036 εἶχε,
646 985 786 1036 θατέρου
818 984 852 1021 δὲ
885 984 1112 1031 Ἑλληνικοῦ,

81 1043 200 1081 τούτου
214 1043 397 1096 ἐπέτρεψεν
407 1043 524 1095 ἐκείνῳ
538 1044 581 1094 (2)
592 1043 653 1088 τὴν
670 1042 912 1093 ἀγωνοθεσίαν.
933 1043 1003 1080 Καὶ
1020 1044 1037 1079 ὃ
1053 1041 1111 1090 μὲν

82 1101 282 1146 σπουδάζων
300 1101 497 1151 ἐπιμέλειάν
515 1117 550 1138 τε
573 1101 631 1138 καὶ
651 1100 907 1155 φιλανθρωπίαν
928 1100 1113 1144 ἀποδείξα-

82 1163 160 1197 σθαι
177 1161 209 1196 ἐν
227 1159 471 1208 καυματώδεσι
491 1159 548 1196 καὶ
566 1159 799 1210 μακροτάταις
824 1158 991 1209 ἡμέραις,
1013 1159 1113 1196 οὖδα-

83 1220 150 1266 μοῧ
170 1232 208 1254 τε
227 1210 352 1263 ἀπιὼν,
376 1217 458 1268 ἄχρι
477 1217 590 1254 λύσειε
609 1216 671 1262 τὴν
689 1217 780 1266 θέαν,
802 1217 847 1258 εἷς
862 1216 958 1254 νόσον
982 1216 1112 1262 πίπτει,

81 1268 141 1325 οἶα
165 1274 236 1317 νέος
258 1274 317 1312 καὶ
337 1274 448 1312 πόνων
469 1274 664 1327 ἀπείρατος.
685 1276 866 1317 ι’Χαλεπῶς
885 1273 919 1311 δὲ
941 1274 1113 1323 διακειμέ-

81 1347 139 1370 νου
152 1362 162 1382 ‚
180 1332 305 1375 πάντες
324 1332 384 1382 μὲν
404 1334 438 1370 ἐν
459 1333 554 1385 φόὸῳ
573 1328 674 1379 ἦσαν,
699 1334 908 1382 ἀγωνιῶντες
928 1332 960 1369 εἴ
986 1347 1018 1369 τι
1040 1331 1115 1369 πεί-

83 1405 180 1428 σεται
198 1390 337 1440 τοιαύτη
359 1389 479 1442 φόσις,
506 1390 658 1439 μάλιστα
679 1389 714 1427 δὲ
733 1389 871 1427 πάντων
893 1389 934 1441 (3)
958 1392 1111 1440 Καῖσαρ.

83 1449 145 1485 Διὸ
165 1454 280 1486 πᾶσαν
298 1448 432 1499 ἡμέραν
449 1447 470 1494 ἢ
492 1447 592 1490 αὐτὸς
608 1447 728 1499 παρὼν
746 1449 838 1499 αὐτῷ
860 1447 1022 1495 εὐθυμίαν
1044 1463 1116 1484 ποι-

85 1500 254 1558 ρεῗχεν,ἢ
285 1505 400 1558 φίλους
428 1505 590 1555 πέμπων,
613 1506 747 1558 ἰατρούς
765 1521 801 1543 τε
837 1506 878 1555 (4)
911 1509 1116 1543 ἀποστατεῖν

84 1565 146 1601 οὐκ
163 1565 237 1602 ἐῶν.
260 1564 332 1602 Καί
348 1579 431 1601 ποτε
457 1565 647 1617 δειπνοῦντι
666 1563 804 1614 ἤγγειλέ
821 1580 890 1610 τις,
910 1565 954 1606 ὡς
981 1563 1118 1605 ἔκλυτος

85 1621 137 1665 εἴη
168 1621 226 1658 καὶ
256 1623 417 1671 χαλεπῶς
445 1620 538 1672 ἔχοι·
565 1623 582 1657 ὃ
612 1620 647 1658 δὲ
678 1621 876 1667 ἐκπηδήσας
911 1621 1119 1666 ἀνυπόδητος

86 1674 181 1728 ἧκεν,
197 1678 275 1715 ἔνθα
290 1678 526 1725 ἐνοσηλεύετο,
542 1679 600 1715 καὶ
617 1682 683 1716 τῶν
700 1681 824 1730 ἰατρῶν
840 1680 946 1716 ἐδεῖτο
965 1679 1118 1728 ἐμπαθέ-

87 1754 197 1775 στατα
226 1737 348 1787 μεστὸς
380 1736 426 1774 ὢν
459 1737 624 1787 ἀγωνίας,
656 1736 714 1774 καὶ
753 1736 851 1780 αὐτὸς
882 1736 1118 1787 παρεκάθητο·

89 1797 364 1845 ἀνακτησάμενος
381 1798 410 1832 δ’
429 1795 529 1833 αὐτὸν
551 1794 693 1844 εὔθυμος
710 1794 854 1844 ἐγένετο.

138 1856 187 1892 Χ.
218 1853 318 1892 Ἐπεὶ
347 1855 375 1891 δ’
396 1854 583 1905 ἀνέσφηλεν
607 1854 644 1889 ἐκ
663 1855 723 1897 τῆς
742 1852 863 1897 νόσου,
887 1851 1120 1903 διαπεφευγὼς

89 1911 150 1961 μὲν
168 1911 223 1949 τὸν
241 1912 405 1959 κίνδυνον,
429 1913 576 1953 ἀσθενῶς
596 1910 625 1948 δ’
641 1909 690 1947 ἔτι
710 1909 920 1958 διακείμενος
939 1909 976 1946 τὸ
997 1912 1118 1959 σῶμα,

90 1970 284 2021 στρατεύειν
307 1969 367 2019 μὲν
386 1970 452 2007 ἔδει
473 1967 637 2020 Καίσαρα
649 1998 659 2016 ,
676 1967 752 2004 ἔνθα
769 1968 925 2004 διενοεῖτο
943 1966 981 2027 τιὸ
998 1967 1122 2019 πρότε-

91 2043 145 2075 ρον
165 2028 352 2079 ἐπάγεσθαι
383 2028 441 2065 καὶ
469 2028 525 2064 τὸν
551 2028 677 2064 παῖδα·
699 2026 773 2063 τότε
795 2027 823 2063 δ’
848 2027 912 2076 οὐχ
934 2026 1000 2069 οἷός
1020 2028 1051 2062 τ’
1081 2021 1122 2071 ἦν

91 2080 147 2118 διὰ
166 2084 226 2127 τὴν
245 2088 506 2136 προσπεσοῦσαν
527 2084 638 2122 νόσον.
659 2082 871 2121 Καταλιπὼν
894 2082 922 2119 δ’
942 2077 998 2119 οὖν
1021 2084 1121 2120 αὐτοῦ

98 2138 239 2181 πολλοὺς
268 2141 498 2191 ἐπιμελητὰς,
520 2144 565 2185 ὡς
594 2141 637 2178 δι’
663 2140 823 2191 ἀκριὸοῧς
845 2141 974 2186 διαίτης
994 2140 1122 2192 φυλάτ-

91 2206 198 2238 τοιτο,
214 2191 272 2228 καὶ
288 2193 422 2237 ἐντολὰς
439 2194 532 2239 δοὺς,
552 2196 579 2231 εἷ
598 2194 741 2244 ῥωσθείη
755 2222 765 2241 ,
784 2192 924 2229 ἕπεσθαί
941 2194 969 2229 οἱ
983 2223 993 2240 ,
1012 2192 1124 2244 ᾤχετο

92 2248 149 2286 ἐπὶ
173 2249 230 2286 τὸν
258 2249 422 2300 πόλεμον.
445 2252 490 2290 ‘O
509 2251 575 2303 γὰρ
596 2251 738 2299 Μάγνου
762 2250 950 2300 Πομπηίου
972 2249 1125 2301 meo—66-

91 2321 190 2350 τατος
209 2313 307 2354 παῖς,
329 2309 417 2359 με’γα
435 2310 633 2361 στράτευμα
651 2308 810 2360 ἀθροίσας
835 2310 868 2345 ἐν
889 2308 993 2359 ὀλίγῳ
1012 2307 1124 2359 χρόνῳ

92 2364 186 2415 παρὰ
205 2364 267 2410 τὴν
294 2366 432 2403 πάντων
460 2367 604 2416 ἐλπίδα,
633 2367 790 2404 διενοεῖτο
821 2368 996 2415 ἐπαμῦναι
1016 2367 1056 2415 (ι)
1077 2367 1125 2416 τῷ

92 2421 218 2472 πατρὶ,
239 2422 298 2459 καὶ
322 2421 384 2468 τὴν
405 2425 533 2462 ἐκείνου
552 2420 659 2471 ἧτταν
687 2423 995 2474 ἀναμαχέσασθαι,
1016 2424 1045 2459 εἰ
1065 2422 1124 2459 δύ-

93 2494 199 2518 ναιτο.
219 2478 456 2529 (Υπολειφθεὶς
485 2482 513 2518 δ’
534 2484 567 2518 ἐν
586 2485 628 2533 τῇ
649 2481 772 2531 Ῥώμῃ
796 2483 936 2531 Καῖσαρ
950 2509 959 2525 ,
992 2482 1126 2530 πρῶτον

94 2535 155 2585 μὲν
171 2538 210 2587 (2)
227 2540 287 2574 τοῦ
302 2537 461 2587 σώματος
474 2539 728 2590 ἐγκρατέστατα
744 2538 951 2587 ἐπεμελήθη,
964 2539 1020 2574 καὶ
1038 2537 1126 2587 ταχὺ

94 2595 301 2647 ἀνερρώσθη·
316 2595 434 2632 ἔπειτα
447 2595 482 2633 δὲ
496 2596 557 2642 τὴν
567 2596 678 2640 ἔξοδον
690 2598 728 2633 ἐκ
739 2599 797 2641 τῆς
811 2596 972 2647 πατρίδος
984 2597 1128 2632 ἐποιεῖτο

94 2652 150 2689 ἐπὶ
183 2652 241 2698 τὴν
271 2653 434 2705 στρατιὰν
457 2654 547 2691 κατὰ
579 2654 639 2696 τὰς
657 2658 715 2691 τοῦ
735 2654 823 2691 θείου
852 2653 1008 2695 ἐντολάς·
1039 2652 1128 2689 οὕτω

94 2709 158 2761 γὰρ
177 2710 277 2748 αὐτὸν
298 2712 424 2751 ἐκάλει.
444 2713 590 2750 Πολλῶν
606 2714 635 2749 δ’
658 2714 750 2763 αὐτῷ
773 2712 996 2759 συνεκδημεῗν
1019 2725 1128 2747 σπου-

95 2768 276 2815 δαζόντων,
299 2768 354 2806 διὰ
371 2769 410 2806 τὸ
431 2769 568 2819 μέγεθος
584 2773 644 2815 τ’ἧς
661 2772 694 2808 ἐν
717 2771 810 2821 αὐτῷ
828 2769 982 2815 ἐλπίδος,
998 2768 1129 2810 πάντας

95 2827 344 2877 παρωσάμενος
365 2827 423 2865 καὶ
443 2827 502 2873 τὴν
526 2827 659 2878 μητέρα
689 2827 808 2873 αὐτὴν,
836 2826 910 2869 τοὺς
935 2825 1129 2868 ὠκυτάτους

97 2885 163 2921 τῶν
175 2886 314 2922 οἰκετῶν
325 2885 384 2922 καὶ
393 2886 708 2936 ἐρρωμενεστάτους
720 2883 951 2932 ἐκλεξάμενος,
964 2883 1129 2920 συνέτεινε

97 2941 159 2987 τὴν
189 2942 342 2993 πορείαν,
369 2942 428 2980 καὶ
447 2943 581 2995 ἀπίστῳ
600 2942 700 2994 τάχει
727 2942 941 2994 χρησάμενος
970 2942 1128 2993 διέδραμε

2117 163 2182 192 431

1167 241 1195 270 in
1213 242 1366 271 romiviis
1384 243 1526 273 assiduus
1543 243 1625 274 illins
1638 253 1742 275 eomes
1755 269 1762 283 ,
1778 254 1876 284 quum
1894 245 1982 276 illum
1996 254 2122 285 prorsus
2139 256 2192 286 pa—

1165 300 1253 328 terna
1270 299 1484 331 lieiwvolentia
1499 310 1605 332 secum
1626 303 1762 342 colloqui
1782 303 1918 342 videret,
1939 305 2004 343 jam
2024 305 2193 344 paullisper

1166 356 1271 386 animo
1290 358 1423 387 erectior
1436 368 1472 388 ac
1487 360 1712 399 c‹mlirmati0r,
1730 362 1855 401 captata
1873 363 2023 401 temporis
2041 364 2193 403 opportu-

1167 414 1281 453 nitate,
1298 417 1475 447 verecunde
1489 419 1570 457 apud
1586 421 1778 451 avunculum
1795 422 2005 453 intercedebat
2019 431 2074 462 pro
2087 423 2195 453 amicis

1167 480 1203 502 ac
1219 472 1357 511 civibus,
1373 474 1427 513 qui
1441 475 1507 513 ejus
1523 477 1670 515 suffragio
1685 479 1846 519 quidpiam
1870 480 2011 511 obtinere
2035 490 2053 511 a
2072 483 2196 512 caesare

1169 530 1336 569 volebant,
1352 539 1410 561 nec
1429 532 1555 563 difficile
1570 534 1774 574 impetrabat3
1801 538 1972 577 multisque
1994 537 2072 568 adeo
2089 546 2195 569 neces-

1168 588 1320 618 sariorum
1339 589 1476 619 maximo
1491 591 1559 620 usui
1577 591 1651 629 fuit,
1674 602 1772 631 quum
1791 595 1920 626 sollicite
1938 595 2135 633 observaret,
2159 604 2198 626 nc

1169 645 1348 685 importune
1361 655 1440 677 neve.
1454 647 1585 679 moleste
1596 651 1789 681 avunculum
1804 652 2026 691 interpellaret.
2044 655 2119 684 llaec
2129 654 2197 684 tum

1169 704 1200 734 et
1217 704 1419 735 humanitatis
1434 706 1465 736 et
1481 705 1582 736 insitae
1597 707 1772 746 prudentiae
1789 718 1851 740 non
1872 711 2004 741 obscura
2023 720 2081 742 nec
2098 719 2199 750 pauca

1169 762 1340 801 specimina
1357 762 1479 793 edebat.

1212 822 1265 851 IX.
1277 820 1335 851 Sed
1351 829 1449 860 quum
1460 823 1493 852 C.
1510 823 1615 852 Caesar
1625 823 1862 861 praebitionibus
1878 825 2024 855 ludorum
2037 827 2132 865 atque
2146 826 2198 855 liu-

1167 871 1341 909 jnscemodi
1361 871 1550 903 editionibus
1566 872 1766 904 adsuefacere
1779 875 1866 905 illum
1880 877 1992 914 vellet,
2010 876 2136 915 duoque
2155 885 2199 906 es-

1170 925 1238 954 sent
1252 924 1392 962 theatra,
1416 925 1550 955 alterum
1573 927 1768 964 Romanum,
1790 929 1936 958 Graecum
1960 929 2093 959 alterum
2115 941 2121 958 :
2142 930 2201 959 Ro-

1172 975 1254 1005 mani
1272 976 1401 1014 quidem
1416 976 1479 1015 ipse
1496 985 1604 1006 curam
1624 978 1774 1016 sumpsit,
1790 980 1891 1008 Graeci
1910 987 1984 1009 vero
2008 980 2202 1009 curationem

1171 1026 1303 1055 Octavio
1335 1026 1500 1064 delegavit.
1529 1028 1588 1063 Qui
1616 1036 1716 1066 quum
1745 1037 1872 1067 operam
1902 1029 1990 1060 daret
2017 1030 2204 1069 impensiuS,

1170 1087 1259 1108 suam
1282 1079 1317 1108 ut
1336 1077 1522 1108 industriam
1548 1087 1584 1108 ac
1607 1078 1786 1109 comitatem
1817 1080 2048 1119 testificaretur,
2069 1083 2202 1121 perside·

1172 1130 1282 1168 retque
1298 1129 1421 1160 assidue
1448 1138 1545 1168 usque
1565 1129 1603 1159 ad
1621 1129 1714 1159 finem
1738 1131 1927 1170 spectaculi,
1947 1131 2039 1171 idque
2058 1134 2195 1164 maximo

1172 1182 1251 1211 aestu
1266 1188 1302 1210 ac
1315 1180 1425 1211 diebus
1436 1180 1623 1218 longissimis
1632 1205 1639 1218 ,
1653 1181 1781 1211 tandem
1793 1206 1803 1222 ,
1816 1184 1926 1220 utpote
1939 1183 2118 1215 adolescens
2131 1193 2206 1214 non-

1173 1231 1250 1262 dum
1280 1233 1424 1262 assuetus
1447 1231 1565 1270 labori,
1590 1232 1620 1262 in
1649 1232 1796 1262 morbum
1822 1233 1950 1271 incidit,
1975 1243 2038 1272 quo
2064 1235 2206 1274 ingrave-

1174 1284 1278 1314 scente
1291 1283 1396 1313 cuncti
1418 1283 1532 1314 timore
1546 1283 1720 1322 pallebant,
1736 1284 1877 1321 solliciti,
1897 1293 1935 1315 ne
1958 1286 2032 1324 quid
2055 1285 2207 1324 ejusmodi

1174 1335 1294 1365 indoles
1308 1334 1428 1365 tristius
1441 1336 1602 1373 pateretur
1622 1347 1627 1364 :
1644 1334 1781 1365 maxime
1792 1337 1898 1365 autem
1916 1337 2058 1367 omnium
2080 1339 2114 1368 C.
2137 1340 2207 1369 Cae-

1175 1396 1225 1418 sar
1247 1387 1398 1418 sollicitus
1413 1389 1490 1418 erat.
1513 1387 1647 1418 Proinde
1673 1388 1813 1427 quotidie
1841 1390 1896 1419 aut
1920 1390 2048 1428 ipsemet
2074 1400 2210 1429 praesens

1176 1440 1364 1471 adolescenti
1381 1440 1521 1473 animum
1536 1449 1686 1480 spemque
1711 1441 1866 1480 addebat,
1883 1445 1937 1473 aut
1953 1443 2070 1474 amieos
2092 1444 2210 1475 visendi

1177 1501 1271 1522 eausa
1288 1493 1450 1530 mittebat,
1466 1492 1666 1532 medicosque
1686 1493 1725 1523 ab
1739 1502 1775 1523 eo
1790 1494 1916 1524 vetabat
1929 1494 2098 1525 discedere.
2118 1497 2210 1526 Forte

1178 1544 1314 1583 quadam
1334 1544 1383 1575 die
1398 1545 1534 1575 coenanti
1556 1545 1739 1575 nunciatum
1754 1554 1771 1575 a
1788 1546 1936 1585 quopiam
1954 1549 2017 1585 est,
2035 1547 2210 1578 adolescen-

1177 1598 1242 1627 tem
1267 1597 1440 1637 deliquium
1456 1598 1520 1637 pati
1541 1607 1577 1628 ac
1605 1598 1737 1637 pessime
1754 1607 1785 1629 se
1811 1598 1942 1637 liabere3
1968 1600 2156 1638 statimque,
2176 1601 2212 1630 ut

1179 1651 1246 1680 erat
1267 1650 1491 1689 discalceatus,
1507 1660 1523 1681 e
1538 1651 1619 1681 lecto
1633 1651 1796 1689 exsiliens,
1817 1651 1855 1681 ad
1874 1651 2078 1690 cubiculum,
2100 1652 2130 1682 in
2148 1661 2211 1691 quo

1179 1709 1260 1740 aeger
1276 1702 1457 1739 curabatur,
1476 1702 1648 1740 contendit,
1671 1703 1702 1731 et
1716 1710 1831 1740 pavens
1849 1710 1885 1731 ac
1907 1702 2058 1733 sollicitus
2074 1703 2212 1733 medicos

1180 1752 1355 1783 enixissime
1370 1752 1506 1790 rogavit,
1519 1753 1583 1791 ipse
1598 1752 1678 1782 lecto
1694 1752 1825 1791 adsedit,
1840 1761 1876 1783 ac
1887 1753 2013 1784 tandem
2029 1756 2211 1792 recuperato

1180 1812 1277 1842 puero
1294 1812 1482 1842 magnopere
1497 1805 1543 1833 est
1556 1803 1690 1842 gavisus.

1222 1863 1261 1892 X.
1287 1863 1382 1891 Porro
1395 1870 1494 1900 quum
1513 1862 1663 1892 Octavius
1677 1861 1778 1891 morbi
1795 1860 1923 1900 quidem
1940 1861 2119 1892 discrimine
2133 1861 2212 1892 libe-

1182 1925 1268 1955 ratus
1280 1948 1288 1963 ,
1302 1924 1405 1954 adhuc
1418 1925 1524 1954 tamen
1540 1923 1666 1954 infirmo
1681 1931 1811 1962 corpore
1824 1924 1921 1959 esset,
1937 1924 2043 1953 Caesar
2058 1923 2212 1962 proticisci

1182 1987 1221 2018 ad
1240 1987 1358 2018 bellum
1384 1987 1416 2017 in
1434 1987 1613 2026 Hispaniam
1636 1985 1787 2026 parabat,
1802 1994 1865 2025 quo
1881 1985 2006 2025 quidem
2033 1995 2163 2025 puerum
2183 1987 2214 2017 in

1183 2050 1389 2081 contubernio
1406 2058 1463 2080 suo
1477 2050 1634 2080 deducere
1647 2050 1719 2079 ante
1735 2050 1906 2087 statuerat,
1922 2049 1976 2079 sed
1989 2049 2030 2079 ob
2047 2048 2214 2079 conflatam

1183 2113 1399 2152 aegritudinem
1413 2112 1661 2151 haudquaquam
1681 2112 1815 2151 poterat.
1834 2112 1932 2150 igitur
1954 2111 2102 2150 appositis
2118 2120 2215 2150 puero

1184 2177 1385 2215 custodibus,
1397 2177 1451 2216 qni
1465 2176 1613 2206 accurata
1629 2176 1731 2206 victus
1745 2176 1864 2205 ratione
1879 2175 1970 2205 illum
1983 2174 2143 2213 regerent,
2158 2173 2214 2204 da-

1183 2241 1287 2279 tisque
1300 2239 1455 2270 mandatis
1465 2262 1473 2277 ‚
1486 2247 1584 2278 quum
1598 2238 1680 2268 vires
1696 2237 1872 2276 collegisset
1884 2261 1893 2275 ,
1919 2245 1950 2267 se
1968 2237 2004 2267 ut
2019 2236 2216 2275 sequeretur,

1185 2303 1223 2333 ad
1250 2302 1368 2333 bellum
1385 2301 1534 2341 perrexit.
1562 2302 1704 2339 Namque
1730 2302 1787 2331 Cn.
1816 2298 1982 2338 Pompeius
2008 2297 2109 2337 Magni
2135 2297 2218 2327 filius

1185 2368 1285 2406 major
1304 2367 1399 2404 natu,
1422 2365 1507 2396 brevi
1526 2363 1676 2403 temporis
1700 2363 1801 2402 spatio
1825 2363 1939 2401 praeter
1965 2361 2106 2391 omnium
2130 2368 2217 2399 spem

1186 2425 1306 2464 magnis
1320 2424 1416 2463 copiis
1434 2422 1638 2462 comparatis,
1654 2421 1814 2451 vindicare
1827 2420 1926 2459 patris
1942 2427 2050 2449 necem
2065 2419 2096 2448 in
2110 2418 2216 2448 animo

1188 2483 1324 2514 habebat
1336 2507 1344 2522 ,
1362 2482 1547 2520 clademque
1563 2480 1632 2519 ejus
1645 2504 1652 2517 ‚
1672 2480 1828 2518 quantum
1848 2477 1879 2507 in
1902 2485 1934 2507 se
1947 2477 2048 2514 esset,
2061 2475 2218 2506 resarcire.

1188 2541 1248 2572 Sed
1265 2542 1373 2571 Romae
1399 2540 1525 2570 relictus
1551 2538 1703 2569 Octavius
1728 2536 1865 2576 primum
1890 2534 2019 2574 quidem
2042 2533 2127 2564 omni
2150 2532 2220 2563 dili-

1188 2598 1291 2636 gentia
1308 2605 1423 2636 corpus
1439 2596 1582 2633 curavit,
1600 2595 1745 2633 viresque
1764 2593 1852 2624 brevi
1876 2592 2093 2631 recuperavit3
2111 2592 2220 2631 postea

1190 2663 1264 2685 vero
1277 2655 1383 2685 statim
1404 2653 1443 2684 ad
1462 2654 1521 2684 iter
1538 2662 1570 2683 se
1592 2651 1731 2683 accinxit
1753 2659 1791 2681 ex
1815 2649 1971 2681 mandatis
1993 2648 2139 2680 avunculi
2156 2648 2220 2686 (sic

1189 2713 1272 2743 enim
1307 2721 1378 2743 eum
1407 2710 1571 2748 vocabat).
1598 2712 1768 2748 Quumque
1793 2708 1921 2747 plurimi
1946 2715 2013 2737 sese
2038 2706 2065 2737 ei
2091 2705 2221 2736 comites

1189 2770 1353 2801 ambitiose
1376 2769 1526 2800 offerrent
1544 2768 1585 2798 ob
1604 2766 1775 2797 maximam
1792 2774 1878 2805 spem
1904 2773 1999 2804 quam
2018 2764 2048 2797 in
2068 2772 2101 2794 se
2112 2764 2218 2794 osten-

1190 2829 1305 2867 debat,
1323 2827 1445 2866 rejectis
1457 2826 1604 2857 omnibns
1619 2826 1714 2864 atque
1728 2825 1759 2854 in
1773 2824 1820 2855 his
1837 2824 1937 2854 matre
1950 2823 2015 2862 ipsa
2027 2845 2035 2858 ‚
2053 2821 2167 2852 selecto
2181 2828 2220 2850 ex

1191 2887 1316 2919 famulis
1330 2885 1545 2916 robustissimo
1563 2892 1690 2923 quoque
1708 2891 1745 2913 ac
1758 2881 1974 2919 velocissimo,
1990 2880 2048 2910 iter
2067 2878 2220 2909 accelera·

1190 2946 1256 2984 vit,
1270 2946 1366 2984 atque
1382 2942 1555 2974 incredibili
1569 2941 1730 2972 celeritate
1752 2939 1933 2979 longissima
1954 2937 2054 2978 spatia
2073 2944 2218 2976 permen-

107 3020 2217 3039 Μ

101 3063 153 3102 μὲν
167 3062 219 3094 οὖν
231 3064 283 3094 καὶ
297 3063 440 3104 πρότερον
453 3065 548 3095 παῖδα
562 3064 734 3101 ἀποδεῖξαι,
750 3064 934 3098 δεδιὼςδὲ...
949 3064 1116 3102 συνέκρυψε
1132 3063 1186 3099 τὴν
1198 3061 1334 3100 γνώμην.
1356 3059 1407 3089 Ἐν
1422 3058 1453 3088 δὲ
1469 3061 1534 3093 ταῖς
1548 3057 1707 3092 διαθήκαις
1719 3055 1810 3085 αὐτὸν
1823 3056 1953 3084 υἱοῦται.
1967 3069 2007 3075 -—
2022 3056 2048 3082 2.
2064 3050 2163 3104 (wyd’
2174 3061 2214 3078 ν..

101 3109 296 3150 θεάτροις]
320 3112 470 3149 Corayus.
491 3110 596 3142 Codex
621 3122 628 3141 ι
646 3112 697 3141 καὶ
722 3111 752 3140 ἐν
776 3110 910 3150 θεάτροις
933 3111 1031 3140 συνὼν
1054 3110 1084 3140 δὲ
1107 3110 1123 3139 ὁ
1138 3111 1220 3143 παῖς.
1235 3120 1274 3126 -
1288 3109 1317 3138 3.
1338 3103 1603 3144 προσάντως]
1626 3102 1710 3133 Citat
1729 3101 1834 3131 locum
1853 3098 1965 3130 Suidas
1990 3110 1996 3128 :
2016 3099 2215 3136 Προσαντως·

102 3154 266 3195 ἐπίρρημα·
292 3168 307 3182 r<
330 3156 415 3192 Μήτε
434 3156 567 3196 ἀκαίρως
583 3157 769 3196 παρακαλεῖν
784 3157 857 3195 μήτε
874 3156 1062 3195 προσάντως.
1084 3168 1098 3182 n

144 3201 201 3238 lX,
226 3203 251 3231 1.
269 3200 544 3241 ἆγωνοθετεῖν]
560 3201 665 3232 ValeS.
681 3213 689 3239 ;
707 3202 896 3239 ἀγωνοθέτην
918 3201 1027 3232 codex.
1047 3218 1087 3222 -
1101 3205 1130 3231 2.
1145 3200 1318 3230 τούτου...
1335 3197 1434 3228 ἐκείν
1450 3196 1496 3236 ῳ]
1514 3196 1632 3232 vales.;
1646 3194 1768 3233 τούτῳ..
1786 3192 1900 3223 ἐκείνου
1914 3190 2024 3221 codex.
2038 3207 2076 3214 —
2091 3192 2118 3216 23.
2134 3187 2217 3216 Καῖ-

103 3245 194 3286 σαρ]
207 3247 224 3276 ὁ
241 3248 279 3277 K.
295 3246 385 3278 editt.
404 3249 512 3278 contra
528 3247 644 3278 codicis
658 3248 890 3278 auctoritatem.
905 3264 946 3269 ——
959 3249 987 3277 4.
1009 3246 1066 3286 τε]
1086 3246 1130 3277 sic
1143 3245 1243 3276 codex
1255 3268 1264 3283 ‚
1281 3245 1312 3275 δὲ
1329 3244 1417 3275 editt.
1432 3245 1507 3274 Mox
1524 3242 1623 3273 codex
1643 3254 1650 3272 ι
1668 3240 1828 3271 δείπνοντι.
2074 3277 2080 3283 ·

144 3292 191 3329 Χ,
216 3295 243 3323 1.
262 3292 472 3333 ἐπαμῦναι]
491 3295 601 3332 Coray.
614 3317 622 3331 ‚
646 3293 759 3325 ἐπεῖναι
777 3293 887 3324 codex.
907 3292 1025 3324 Deinde
1041 3293 1066 3322 εἰ
1083 3292 1202 3323 δύναιτο
1220 3289 1361 3321 Valesius
1378 3298 1433 3328 pro
1452 3290 1471 3325 ἡ
1490 3288 1599 3319 δύνατο
1616 3285 1744 3317 codicis.
1764 3304 1803 3311 --
1820 3288 1849 3313 2.
1871 3279 1963 3322 μὲν]
1980 3287 1997 3310 e
2012 3277 2118 3309 codiee
2140 3284 2215 3314 supe
