2338 3765
158 145 230 176 352

155 222 237 273 δρίῳ
257 223 295 270 (c)
316 221 612 265 κατεδικάσθησαν
633 222 661 257 οἳ
682 221 873 275 νεανίσκοις
897 222 999 272 [καὶ]
1019 224 1181 275 παρωξυ-

153 279 274 327 σμένος
294 271 332 314 εῧ
357 277 451 326 μάλα
473 280 489 313 6
517 277 631 328 πατὴρ
651 277 791 333 ἔμελλεν
815 279 936 322 αὐτοὺς
967 276 1180 333 ἀναιρήσειν·

150 334 429 372 καταπλεύσαντι
455 334 489 371 δὲ
516 335 682 386 Νικολάῳ
713 337 754 385 (7)
788 336 868 387 περὶ
903 332 1180 388 τῶνγεγονότων

151 393 370 442 ἀπήγγελλε,
391 393 450 429 καὶ
475 392 670 442 σύμὸουλον
697 394 856 432 ἐποιεῖτο.
881 394 926 433 ‘O
947 395 981 433 δὲ
1002 398 1094 449 αὐτῷ
1113 412 1181 433 πα·

152 450 291 503 ρήνεσεν
309 449 496 487 ἀποθέσθαι
513 449 634 492 αὐτοὺς
654 450 688 487 ἔν
708 467 773 488 τινι
789 454 855 490 τῶν
872 453 1065 505 ἐρυμάτιον,
1084 445 1182 505 ἄγῖρις

149 508 188 544 ἂν
210 509 243 544 ἐν
260 510 308 559 τῷ
333 507 451 557 πλέονι
470 508 582 559 χρόνῳ
605 508 827 559 βουλεύσαιτο
845 512 923 561 περὶ
943 512 1054 548 αὐτῶν
1078 512 1181 561 ἄμει-

146 581 212 611 νον,
237 565 285 614 μὴ
313 565 429 612 δοκοίη
455 569 513 603 ὑπ’
532 568 634 617 ὀργῆς
660 567 843 619 προαχθεὶς
868 568 1053 615 ἀνήκεστόν
1080 571 1122 620 (*)
1148 586 1179 606 τι

146 625 273 672 γνῶναι
307 623 386 674 περὶ
415 626 482 660 τῶν
516 623 728 674 ἀναγκαίων.
769 625 980 675 ΑἷσΟόμενος
1016 626 1050 663 δὲ
1081 630 1180 664 τοῦτο

147 681 367 732 Ἀντίπατρος
382 681 439 718 τόν
460 697 496 718 τε
518 681 691 720 Νικόλαον
710 682 884 720 ὑπέὸλεπε
906 685 966 721 καὶ
987 684 1109 727 ἄλλους
1128 684 1181 721 ἐπ’

145 737 261 781 ἄλλοις
294 738 394 782 αὐτὸς
419 739 548 782 καθιεὶς
577 739 635 777 τὸν
662 739 796 791 πατέρα
825 740 963 792 ἐφόὸει,
993 744 1038 784 ὡς
1057 741 1178 779 αὐτίκα

146 794 240 844 μάλα
252 796 557 847 ἀναιρεθησόμενον
572 797 638 834 ὑπὸ
649 799 716 834 τῶν
727 797 914 835 νεανίσκων
926 798 1178 850 διεφθαρκότων

143 852 203 889 καὶ
223 853 261 890 τὸ
282 853 527 901 στρατιωτικὲν
549 852 658 903 ἅπαν,
676 857 720 895 ὡς
738 853 822 906 ἔφη,
843 855 901 892 καὶ
930 854 1006 898 τοὺς
1030 855 1099 892 ἀπὸ
1118 858 1178 900 τ’ἧς

144 911 341 962 θεραπείας,
356 913 383 948 εἰ
400 910 447 961 μὴ
463 912 655 964 διαταχέων
672 912 826 950 ἐκποδὼν
842 912 964 955 αὐτοὺς
978 913 1176 965 ποιήσαιτο.

145 968 219 1006 Καὶ
245 969 277 1011 ὃς
299 969 412 1012 δείσας
431 969 509 1021 περὶ
530 973 632 1007 αὑτοῦ
659 973 781 1008 θᾶττον
800 968 822 1014 ἢ
846 971 986 1008 κάλλιον
1014 971 1179 1008 ἐῧουλεύ-

144 1042 229 1077 σατο
244 1056 254 1076 ,
287 1027 382 1064 οὐδὲν
413 1027 462 1080 έτι
494 1027 661 1077 μεταδοὺς
694 1029 735 1078 (8)
775 1028 938 1080 Νικολάῳ
951 1058 960 1074 ,
1004 1028 1093 1066 ἀλλὰ
1116 1026 1182 1064 νύ-

144 1100 236 1136 κτωρ
253 1084 329 1129 τοὺς
343 1080 590 1137 ἀναιρήσοντας
606 1087 822 1137 ὑποπέμψας.
839 1086 909 1124 Καὶ
925 1089 954 1123 οἱ
974 1086 1035 1135 μὲν
1051 1086 1178 1123 ἀπέθα-

145 1157 214 1189 νον,
237 1142 377 1194 ‘Uet-'³333
394 1144 441 1193 (9)
464 1143 498 1180 δὲ
518 1146 585 1180 τῶν
602 1144 812 1192 συμπάντων
833 1144 898 1189 ἤδη
915 1144 1044 1195 γίνεται
1059 1146 1179 1181 κακῶν

146 1200 253 1251 ἀρχὴ,
266 1201 309 1238 τὰ
318 1201 385 1253 πρὸ
401 1201 528 1238 τούτων
544 1196 580 1255 εξ
594 1201 751 1241 ἑστώτων
767 1203 858 1253 αὐτῷ
866 1204 932 1238 τῶν
946 1196 1176 1253 πραγμάτων.

202 1258 350 1311 Ἐχθρον
380 1260 408 1296 δ’
441 1260 556 1311 ᾑγεῗτο
582 1259 803 1311 Ἀντίπατρος
831 1259 1018 1309 Νικρὶιαον,
1050 1259 1177 1297 ἀνελὼν

148 1312 225 1360 τοὺς
252 1317 435 1370 ἀδελφοὺς,
465 1312 617 1367 ἔμισεῗτό
644 1333 682 1367 γε
709 1317 775 1365 μὴν
803 1317 908 1354 δεινόν
939 1333 970 1355 τι
1001 1320 1098 1366 μῖσος
1114 1313 1179 1369 οὐχ

144 1375 210 1412 ὑπὸ
229 1378 290 1421 τῆς
310 1370 605 1426 βασιλείαςγμόνον
627 1375 715 1411 ἀλλὰ
733 1374 790 1412 καὶ
811 1377 870 1420 τῆς
890 1375 1018 1427 Συρίας
1035 1375 1173 1413 καὶτῶν

143 1432 254 1486 πέραν
275 1433 473 1473 οἰκούντων.
498 1432 650 1485 Ἐχώρει
671 1432 704 1470 δὲ
724 1436 740 1470 6
760 1433 858 1486 λόγος
874 1433 933 1470 καὶ
954 1435 999 1476 εἷς
1015 1433 1174 1483 ‘Pom-qv,

143 1491 202 1528 καὶ
222 1490 328 1534 οὐδεὶς
348 1486 402 1538 ἦν,
424 1490 499 1528 οὔτε
517 1486 637 1540 μέγας
657 1489 734 1528 οὔτε
758 1490 899 1540 μικρὸς,
921 1490 953 1532 ὃς
976 1493 1037 1528 οὐκ
1066 1492 1176 1542 ἐμίσει

144 1548 201 1585 τὸν
223 1548 402 1600 ἄνθρωπον
431 1549 472 1586 δι”
498 1549 696 1600 ἀμφότερα,
720 1548 779 1585 καὶ
809 1548 860 1586 ὅτι
887 1548 973 1586 πολὺ
1006 1549 1176 1601 κρείττους

145 1607 247 1643 αὐτοῦ
272 1606 436 1656 ἀδελφοὺς
456 1606 649 1652 ἀπέκτεινε,
667 1605 726 1643 καὶ
744 1605 795 1643 ὅτι
821 1606 876 1643 τὸν
904 1607 1040 1659 πατέρα
1064 1607 1177 1645 ἔπεισε

144 1663 297 1701 τοιούτου
314 1663 558 1715 προσάψασθαι
580 1663 707 1713 μύσους
723 1664 781 1700 καὶ
797 1663 857 1709 τὴν
873 1669 1096 1715 προϋποῧσαν
1118 1667 1176 1716 (io)

146 1721 277 1758 εὔνοιαν
310 1724 484 1772 αἰσχῦναι.
521 1721 621 1759 Ἐπεὶ
656 1722 684 1757 δ’
719 1715 776 1757 οὖν
813 1721 854 1758 τὰ
891 1721 1061 1772 ἀκόλουθα
1093 1724 1179 1774 δρῶν

146 1784 214 1821 τοῖς
241 1778 416 1830 προτέροις
433 1778 521 1830 ἒίνὴρ
544 1774 607 1828 111)
625 1779 683 1816 καὶ
704 1778 759 1815 ἐπὶ
783 1778 840 1816 τὸν
865 1779 999 1831 πατέρα
1020 1779 1177 1831 ὥρμησε,

146 1840 266 1874 Θᾶττον
285 1837 504 1887 ἐπειγόμενος
523 1836 583 1882 τὴν
603 1835 780 1889 βασιλείαν
801 1837 938 1886 λαὸεῖν,
957 1837 1068 1875 καὶτὸ
1089 1839 1179 1891 φάρ-

147 1910 256 1944 μακον
275 1895 402 1942 ἐώνητο
419 1894 452 1939 ἐξ
467 1893 643 1945 Αἰγύπτου
661 1895 719 1945 (12)
734 1924 743 1940 ,
762 1894 845 1946 ὅπερ
860 1895 1029 1943 ἐμήνυσεν
1048 1890 1094 1939 εἷς
1112 1899 1179 1933 τῶν

151 1952 404 1990 κοινωνούντων
419 1955 478 1999 τῆς
491 1953 655 2004 πράξεως,
671 1952 852 2005 ἐδασάνιζέ
861 1951 903 1990 τε
913 1950 983 2004 (13)
1002 1952 1078 1996 τοὺς
1092 1954 1181 1991 οἰκέ-

148 2028 210 2054 τας
224 2013 328 2049 αὐτοῦ
347 2014 364 2048 6
375 2010 507 2062 πατὴρ,
527 2010 558 2048 οἳ
573 2011 613 2057 δὴ
630 2011 668 2048 τὸ
684 2010 823 2063 σύμπαν
839 2011 983 2065 φανερὸν
1002 2012 1181 2060 ἐποίησαν,

149 2072 194 2112 ὡς
209 2069 268 2106 καὶ
284 2068 345 2115 τὴν
366 2070 487 2115 τηθίδα
503 2068 644 2118 ἔμελλεν
658 2069 869 2120 ἀναιρήσειν,
887 2070 946 2107 καὶ
964 2069 1039 2112 τοὺς
1060 2070 1183 2113 ἄλλους

147 2126 311 2179 ἀδελφοὺς
331 2126 429 2170 ὄντας
457 2121 532 2169 τοῦς
552 2142 587 2164 τε
613 2129 680 2164 τῶν
713 2126 936 2179 ἀνῃρημένων
967 2129 1116 2173 παῖδας,
1138 2130 1183 2178 ὡς

147 2185 264 2233 μηδεὶς
280 2185 430 2222 λείποιτο
445 2185 666 2237 κληρονόμος.
686 2185 871 2237 Ἐτύρευσε
888 2185 924 2223 δέ
939 2201 970 2223 τι
983 2185 1105 2238 μιαρὸν
1124 2186 1182 2236 (14)

146 2242 203 2278 καὶ
232 2244 277 2285 εἰς
296 2242 352 2279 τὸν
373 2236 462 2280 οἷκον
495 2242 687 2294 Καίσαρος,
708 2243 794 2293 πολὺ
829 2246 942 2294 μεῖζον
975 2246 1041 2280 τῶν
1070 2246 1116 2286 εἷς
1145 2244 1184 2281 τὸ

147 2299 240 2350 γένος
257 2300 581 2351 παρανομημάτων.
598 2295 689 2353 itys
705 2301 766 2351 μὲν
780 2305 797 2339 6
811 2304 871 2347 τῆς
891 2301 1018 2353 Συρίας
1032 2317 1182 2355 στρατη-

147 2358 203 2407 γὸς
220 2357 355 2410 Οὔαρος
376 2359 434 2395 καὶ
454 2361 484 2396 οἱ
506 2359 603 2396 ἄλλοι
620 2360 845 2408 ἐπιμεληταί·
869 2354 998 2403 καθίζει
1027 2354 1061 2396 δὲ
1078 2354 1182 2410 συνέ-

149 2418 239 2469 δριον
257 2419 274 2454 6
293 2417 408 2467 πατὴρ
429 2419 551 2454 αὐτοῦ·
573 2417 773 2468 παρηνέχθη
794 2417 828 2455 δὲ
846 2419 892 2460 εἷς
913 2417 1016 2467 μέσον
1036 2417 1075 2454 ’τὸ
1095 2416 1185 2470 φάρ-

150 2489 275 2523 μακον,
297 2474 358 2511 καὶ
383 2476 417 2510 αἱ
439 2477 506 2511 τῶν
534 2475 672 2511 οἰκετῶν
695 2474 838 2525 βάσανοι
860 2474 901 2511 τά
923 2489 960 2512 τε
977 2475 1016 2511 ἐκ
1045 2473 1185 2523 Ῥώμης

149 2531 339 2584 γράμματα
376 2532 433 2580 (15)
449 2543 456 2551 ·

495 2526 660 2583 Νικολάῳ
692 2531 726 2569 δὲ
764 2531 821 2569 τὸν
849 2534 965 2582 ἀγῶνα
1000 2531 1184 2583 ἐπέτρεψεν

150 2592 167 2626 ὁ
190 2588 349 2640 βασιλεύς
376 2589 450 2638 (16).
481 2590 675 2641 Κατηγόρει
705 2590 765 2636 μὲν
785 2584 896 2637 οὗτος,
930 2592 1129 2639 ἀπελογεῖτο
1149 2588 1183 2626 δὲ

964 138 1167 177 NICOLAI
1200 140 1488 180 DAMASCENJ

1244 241 1339 263 venes
1353 233 1382 263 in
1397 233 1530 263 concilio
1544 232 1768 263 condemnatos
1781 233 1868 272 pater
1890 233 1944 265 irae
1962 234 2127 274 impatiens
2148 235 2273 266 occisu—

1243 300 1297 322 rus
1307 292 1385 322 erat.
1400 293 1474 322 Mox
1486 291 1633 321 reducem
1647 291 1809 322 Nicolaum
1821 291 1960 323 Herodes
1970 292 2008 323 de
2017 292 2096 323 actis
2107 293 2274 325 certiorem

1243 349 1332 387 fecit,
1351 351 1382 380 et
1396 348 1434 379 de
1448 348 1541 379 rebus
1558 348 1706 379 faciendis
1723 349 1892 380 consuluit.
1913 350 1969 381 llle
1989 359 2063 381 vero
2076 360 2181 391 regem
2198 351 2275 382 hor-

1242 409 1329 438 tatus
1350 408 1416 444 est,
1439 408 1475 437 ut
1488 406 1620 445 juvenes
1643 406 1675 437 in
1692 407 1821 438 castello
1849 407 1955 447 aliquo
1977 407 2150 447 detineret,
2174 417 2274 449 usque

1242 463 1318 494 dum
1332 466 1473 503 tempore
1485 463 1598 496 doctus
1610 464 1738 495 meliora
1751 464 1918 496 decernere
1932 467 2055 504 posset,
2069 474 2170 505 eoque
2182 468 2274 506 pacto

1242 522 1386 558 caveret,
1403 529 1443 552 ne
1458 521 1503 551 ira
1519 521 1667 563 abreptus
1680 522 1912 554 immedicabile
1928 523 2047 562 aliquid
2070 523 2109 554 de
2128 532 2272 555 necessa-

1242 580 1294 610 riis
1309 580 1453 610 statuisse
1469 579 1640 611 videretur.
1660 579 1753 617 Quod
1771 580 1826 611 ubi
1849 581 2002 620 comperit
2025 582 2200 622 Antipater,
2218 583 2273 613 Ni-

1241 643 1366 674 colaum
1380 643 1597 682 suspectabat,
1614 644 1646 674 et
1666 643 1853 675 subornatos
1865 644 1944 675 alios
1959 653 2053 684 super
2075 645 2144 676 aliis
2157 645 2270 677 immit-

1240 707 1321 745 tens,
1331 707 1451 737 metum
1462 705 1542 745 patri
1553 705 1722 744 inJIciebat,
1734 706 1822 746 quasi
1832 706 1963 746 Jamjam
1973 707 2113 747 perituro
2121 708 2274 747 juvenum

1241 768 1360 798 insidiis
1370 791 1378 806 ,
1394 777 1475 807 quos
1488 768 1663 800 exercitum
1676 769 1857 800 universum
1870 772 1902 801 et
1914 771 2021 810 palatii
2035 771 2196 802 ministros
2208 780 2274 802 cor-

1241 830 1361 869 rupisse
1376 830 1520 870 dicebat,
1537 830 1594 862 nisi
1608 840 1704 870 quam
1717 832 1879 864 celerrime
1894 832 1934 863 de
1949 832 2051 864 medio
2065 841 2118 864 eos
2135 832 2272 864 tolleret.

1241 893 1351 931 Itaque
1374 892 1531 932 Herodes,
1555 901 1621 932 prae
1642 894 1730 924 metu
1746 893 1840 925 citius
1863 902 1957 934 agens
1975 903 2071 934 quam
2085 895 2272 934 consultius,

1240 962 1344 993 neque
1362 954 1492 985 consilia
1511 955 1647 994 amplius
1664 963 1738 986 cum
1758 955 1887 987 Nicolao
1903 956 2162 995 communicans,
2175 958 2272 988 noctu

1239 1018 1384 1050 submisit
1398 1018 1451 1058 qui
1463 1018 1830 1057 Juvenesinterficerent.
1849 1021 1894 1050 Ac
1907 1019 1951 1050 illi
1967 1019 2095 1059 quidem
2113 1019 2274 1051 occubue-

1240 1082 1333 1119 runt,
1349 1079 1464 1110 Herodi
1482 1081 1588 1111 autem
1609 1079 1712 1111 caedes
1724 1080 1793 1111 haec
1805 1080 1947 1111 omnium
1957 1081 2023 1120 Jam
2039 1080 2197 1112 malorum
2214 1090 2272 1112 ex-

1239 1142 1318 1173 stitit
1334 1139 1459 1173 initium
1477 1151 1484 1172 :
1503 1150 1576 1173 nam
1591 1141 1749 1181 huJ'usque
1762 1141 1837 1173 satis
1858 1142 1938 1174 bene
1954 1150 2004 1174 res
2025 1141 2093 1181 ejus
2108 1150 2141 1174 se
2154 1142 2275 1174 habue-

1240 1207 1322 1236 rant.

1279 1266 1445 1298 Nicolaum
1460 1266 1552 1306 igitur
1568 1266 1686 1298 inimici
1712 1267 1782 1298 loco
1808 1267 1970 1307 Antipater
1994 1267 2150 1307 habebat,
2174 1276 2274 1307 quum

1239 1324 1341 1365 ipsum
1353 1325 1529 1356 satricidam
1540 1325 1647 1356 nonin
1661 1327 1679 1356 J
1684 1325 1774 1356 udaea
1787 1325 1882 1356 modo
1892 1349 1901 1365 ,
1916 1325 1969 1356 sed
1983 1325 2014 1356 in
2030 1325 2120 1365 Syria
2132 1325 2227 1356 etiam
2241 1328 2276 1357 et

1241 1384 1273 1414 in
1294 1383 1440 1415 ulteriore
1454 1384 1579 1423 regione
1593 1383 1867 1414 vehementissimo
1887 1383 1960 1414 odio
1974 1392 2083 1415 omnes
2101 1392 2275 1423 proseque-

1241 1443 1358 1473 rentur.
1366 1444 1499 1473 Romam
1508 1451 1637 1482 quoque
1648 1442 1731 1473 fama
1744 1442 1888 1474 facinoris
1898 1442 2053 1482 pervenit,
2063 1442 2169 1482 ibique
2179 1451 2274 1473 nemo

1240 1500 1324 1530 ullus
1336 1509 1399 1531 non
1412 1490 1633 1532 exsecrabatur
1647 1500 1806 1531 hominem
1816 1524 1824 1538 ‚
1836 1500 1968 1540 quitum
1981 1501 2091 1531 fratres
2102 1500 2168 1539 ipso
2182 1500 2275 1540 longe

1240 1558 1384 1590 meliores
1401 1559 1560 1597 necasset,
1583 1560 1651 1589 tum
1668 1559 1790 1598 patrem
1809 1558 1984 1590 induxisset
2003 1559 2039 1589 ut
2060 1558 2274 1589 abominando

1240 1617 1299 1647 1510
1310 1625 1342 1648 se
1355 1617 1480 1657 piaculo
1490 1617 1657 1656 pollueret,
1666 1617 1870 1656 pristinaeque
1883 1616 2110 1648 benevolentiae
2122 1616 2274 1656 pudorem

1240 1674 1313 1713 ipsis
1330 1675 1453 1706 faceret.
1475 1678 1580 1712 Quum
1596 1683 1673 1705 vero
1695 1674 1799 1714 prouti
1822 1675 1960 1714 coeperat
1976 1674 2021 1705 sie
2033 1674 2129 1705 etiam
2146 1682 2278 1714 pergens

1241 1733 1406 1772 Antipater
1421 1734 1544 1772 patrem
1561 1741 1689 1772 quoque
1706 1733 1885 1772 appeteret,
1899 1741 1962 1771 quo
1979 1732 2072 1763 citius
2085 1733 2112 1763 ei
2136 1731 2166 1763 in
2180 1740 2276 1771 regno

1240 1790 1439 1830 succederet,
1469 1792 1500 1821 et
1519 1790 1585 1830 Jam
1608 1798 1766 1821 venenum
1787 1798 1825 1821 ex
1850 1791 1984 1830 AEgypto
2008 1789 2153 1827 emisset,
2180 1789 2276 1829 idque

1241 1858 1323 1880 unus
1341 1858 1381 1880 ex
1397 1849 1490 1880 sociis
1513 1848 1741 1888 conjurationis
1754 1848 1916 1880 detulisset
1943 1861 1950 1879 :
1972 1849 2059 1888 pater
2085 1856 2192 1880 servos
2210 1847 2278 1886 ejus

1242 1907 1273 1937 in
1287 1906 1495 1946 quaestionem
1507 1906 1611 1944 dedit,
1625 1906 1678 1946 qui
1692 1907 1793 1937 totam
1810 1915 1876 1937 rem
1888 1907 2099 1946 aperuerunt,
2113 1905 2276 1946 quomodo

1242 1965 1361 1996 scilicet
1379 1966 1410 1996 et
1426 1965 1558 2004 amitam
1577 1966 1608 1996 et
1624 1965 1735 1996 fratres
1758 1965 1942 2004 superstites
1960 1965 1992 1996 et
2014 1964 2096 1995 tilios
2120 1972 2275 1996 caesorum

1242 2023 1398 2055 demedio
1418 2024 1531 2055 tollere
1547 2010 1755 2062 instituisset,
1771 2024 1808 2054 ut
1823 2023 1925 2054 haeres
1938 2022 2022 2062 regni
2046 2022 2154 2053 nullus
2178 2021 2277 2053 relin-

1242 2091 1403 2127 queretur.
1423 2087 1506 2126 Quid
1518 2111 1527 2127 ,
1542 2087 1628 2127 quod
1639 2087 1735 2119 etiam
1749 2087 1782 2118 in
1793 2087 1925 2119 Caesaris
1939 2086 2090 2117 familiam
2105 2084 2276 2117 nefandum

1242 2151 1369 2191 aliquod
1386 2151 1495 2191 ‚iisque
1518 2160 1590 2191 quae
1613 2151 1645 2182 in
1665 2159 1756 2182 suam
1782 2153 1906 2190 gentem
1932 2149 2127 2190 perpatravit
2149 2149 2278 2188 gravius

1243 2216 1441 2247 machinatus
1456 2216 1536 2247 erat.
1555 2214 1717 2246 Advenere
1735 2214 1829 2253 igitur
1845 2213 1945 2253 Syriae
1965 2212 2132 2252 praefectus
2145 2212 2156 2251 (
2169 2212 2275 2248 Quin-

1246 2279 1365 2319 tilius)
1381 2281 1482 2311 Varus
1504 2278 1666 2318 ceterique
1685 2277 1923 2317 procuratores,
1941 2284 2021 2315 quos
2033 2274 2171 2306 Herodes
2188 2274 2278 2314 pater

1244 2343 1275 2373 in
1292 2342 1462 2373 concilium
1480 2340 1678 2372 convocavit.
1693 2341 1730 2370 In
1743 2338 1882 2370 medium
1897 2337 2102 2377 proferuntur
2117 2343 2277 2367 venenum

1243 2406 1275 2436 et
1289 2404 1467 2437 testimonia
1482 2411 1645 2435 servorum
1659 2425 1667 2440 ,
1688 2401 1743 2441 qui
1761 2399 1928 2432 tormentis
1941 2399 2074 2439 subjecti
2088 2397 2230 2436 fuerant,
2245 2398 2277 2428 et

1244 2468 1343 2499 literae
1356 2475 1434 2507 quas
1448 2468 1548 2497 Roma
1564 2464 1729 2504 Antipater
1742 2463 1881 2494 miserat.
1901 2462 2030 2493 Nicolao
2041 2469 2098 2491 rex
2111 2460 2278 2491 accusato-

1244 2530 1286 2560 ris
1303 2528 1406 2568 ‘partes
1421 2526 1545 2558 detulit.
1575 2525 1632 2557 Hic
1648 2524 1743 2564 igitur
1765 2523 1957 2562 accusabat,
1977 2521 2140 2561 Antipater
2166 2519 2276 2551 defen-

1243 2592 1363 2624 sionem
1386 2589 1532 2628 (licebat,
1547 2587 1647 2628 judex
1671 2586 1801 2617 sedebat
1819 2588 1922 2616 Varus
1949 2593 2021 2615 eum
2043 2582 2165 2614 amicis.
2193 2583 2277 2613 Con-

470 2650 2275 2673 *ffl—

153 2698 252 2732 Ἤκτο
269 2700 299 2729 δὲ
313 2700 364 2729 καὶ
379 2699 521 2739 πρότερον
539 2699 729 2738 (antequam
746 2699 914 2730 Alexandri
934 2700 1029 2730 filiam
1040 2723 1047 2736 ,
1069 2697 1237 2730 Aristobuli
1254 2696 1332 2735 regis
1347 2694 1506 2734 neptidem
1517 2716 1525 2729 ‚
1539 2692 1688 2731 duceret)
1705 2692 1836 2730 γυναῖκα
1852 2689 1988 2729 δημότιν,
2001 2688 2092 2744 ῥορὶν
2109 2694 2226 2724 ονομα,
2244 2683 2278 2714 ἐκ

151 2750 206 2778 τοῦ
219 2747 319 2781 ἔθνους
329 2770 337 2784 ,
352 2746 381 2780 ἐξ
393 2745 427 2783 ἧς
443 2746 527 2784 αὐτῷ
541 2746 746 2784 πρεσῧύτατος
760 2746 873 2784 γίνεται
886 2749 957 2781 παῖς
972 2745 1173 2785 Ἀντίπατρος.
1187 2761 1227 2766 -—
1239 2748 1268 2775 (3.
1285 2755 1303 2774 σ
1316 2754 1355 2773 υν
1366 2752 1378 2772 ε
1388 2742 1425 2781 δρ
1435 2741 1443 2770 ί
1453 2739 1499 2780 ῳ]
1513 2740 1543 2769 111
1558 2740 1670 2777 Beryto
1685 2738 1774 2768 urbe.
1789 2738 1827 2767 V.
1843 2735 1970 2791 Joseplr.
1985 2735 2057 2790 {Vl
2069 2755 2077 2770 ,
2095 2735 2144 2787 tt,
2155 2735 2185 2788 1‘.
2203 2731 2277 2786 Mox

152 2793 191 2824 de
208 2800 277 2824 meo
287 2791 391 2822 addidi
403 2800 512 2822 vocem
523 2793 574 2822 καὶ
589 2792 678 2822 uncis
691 2792 856 2824 inclusam.
870 2809 911 2814 -
924 2795 953 2822 7.
974 2793 1142 2831 Postquam
1158 2791 1260 2830 Beryti
1277 2789 1459 2830 synedrium
1473 2786 1584 2826 capitis
1594 2794 1707 2825 pueros
1717 2784 1940 2821 damnaverat,
1953 2781 2066 2812 εκειθεν
2079 2779 2163 2834 ευθυς
2185 2779 2278 2831 Ηρω-

153 2841 205 2876 em
218 2839 290 2877 ἧκεν
305 2839 387 2878 ἄγων
402 2839 511 2874 αὐτοὺς
526 2840 567 2874 εἰς
582 2839 692 2879 Τύρον,
708 2840 758 2869 καὶ
769 2842 823 2869 τοῦ
834 2850 868 2878 γε
882 2838 1036 2870 Νικολάου
1053 2839 1240 2872 πλεύσαντος
1255 2840 1295 2872 ὡς
1317 2836 1410 2866 αὐτὸν
1424 2835 1458 2865 ἐκ
1471 2838 1523 2871 τῆς
1536 2833 1657 2872 Ῥώμης
1680 2831 1864 2862 ἐπυνθάνετο
1877 2854 1886 2869 ,
1900 2828 2233 2884 προδιηγησαμενοςξα
2248 2823 2278 2878 ἐξ

153 2887 280 2926 Βηρυτῷ
291 2909 299 2923 ,
313 2886 419 2921 ἥντινα
433 2885 531 2924 ἔχοιεν
545 2886 670 2923 γνώμην
690 2886 757 2924 περὶ
772 2888 831 2915 τῶν
851 2885 970 2915 παίδων
991 2885 1083 2914 αὑτοῦ
1097 2885 1149 2914 καὶ
1166 2886 1194 2914 οἱ
1211 2884 1241 2913 ἐν
1257 2887 1294 2922 τῇ
1308 2883 1412 2921 Ῥώμῃ
1433 2881 1527 2910 αὐτοῦ
1544 2879 1635 2918 φίλοι.
1657 2877 1804 2912 Κάκεῖνος
1824 2877 1906 2907 εἶπεν
1920 2885 1965 2906 οτι
1983 2886 1999 2928 «f
2012 2883 2094 2903 οοκει
2109 2881 2162 2910 μεν
2182 2869 2278 2924 ασεὸη

155 2932 232 2963 εἶναι
249 2932 287 2962 τὰ
301 2931 426 2965 ἐκείνοις
449 2932 514 2970 περὶ
533 2931 568 2960 σὲ
585 2931 763 2969 ἐγνωσμένα
774 2955 781 2968 ,
798 2934 905 2970 χρῆναι
922 2931 1023 2970 μέντοι
1041 2930 1149 2965 αὐτοὺς
1172 2930 1371 2969 καθείρξαντα
1388 2927 1547 2966 δεσμώτας
1562 2925 1734 2965 φυλάττειν.
1754 2924 1814 2955 Καὶ
1829 2925 1854 2954 εἰ
1872 2923 1925 2962 μὲν
1947 2923 2057 2975 ἑτερως
2079 2928 2130 2949 σοι
2150 2917 2278 2972 δοκοιηο,

154 2978 290 3013 κολάζειν
307 2977 414 3011 αὐτοὺς
428 3000 436 3014 ,
459 2978 499 3015 μὴ
514 2976 631 3015 φαίνοιο
645 2977 719 3016 ὀργῇ
733 2977 767 3007 τὸ
793 2978 883 3007 πλέον
900 2978 918 3013 ἢ
939 2977 1046 3016 γνώμῃ
1061 2977 1246 3016 κεχρῆσθαι·
1263 2977 1288 3006 εἰ
1313 2976 1344 3006 δὲ
1358 2973 1502 3005 τάναντία
1515 2996 1523 3011 ,
1538 2972 1694 3010 ἀπολύειν,
1712 2971 1753 3010 μὴ
1770 2969 2018 3009 ἀνεπανόρθωτον
2032 2975 2082 3020 ειη
2093 2975 2143 2996 σοι
2156 2974 2191 3019 το
2210 2962 2276 3015 ἐτυ-

154 3035 253 3064 χημα.
271 3024 318 3054 Τὰ
335 3023 413 3053 αὐτὰ
430 3024 461 3053 δὲ
475 3024 559 3053 δοκεῖ
577 3024 628 3052 καὶ
644 3023 673 3053 ἐν
687 3023 795 3062 Ῥώμῃ
809 3026 870 3058 τοῖς
884 3024 1038 3058 πλείστοις
1051 3026 1111 3053 τῶν
1128 3027 1191 3054 σῶν
1205 3023 1309 3061 φίλων.
1331 3036 1345 3049 »
1365 3022 1425 3052 Καὶ
1442 3021 1474 3055 ὂς
1489 3019 1651 3055 σιωπήσας
1668 3018 1698 3048 ἐν
1715 3017 1813 3056 πολλῇ
1836 3016 1956 3055 ἐγένετο
1979 3015 2276 3069 συννοιᾳικακεινον

156 3071 294 3100 ἐκέλευσε
305 3070 452 3108 συμπλεῖν
466 3071 559 3107 αὐτῷ.
574 3069 678 3107 (XVI,
694 3072 741 3107 11,
754 3070 796 3107 3).
808 3069 869 3093 -—-*
880 3068 1084 3105 ὰνηκέστατὸν
1097 3069 1208 3100 codex.
1220 3086 1259 3091 —
1272 3075 1300 3101 8.
1318 3080 1339 3108 μ
1349 3080 1362 3099 ε
1373 3068 1439 3098 ταὸ
1448 3077 1463 3097 ο
1473 3066 1490 3096 {a
1499 3065 1530 3106 ς]
1543 3065 1618 3105 μετὰ
1629 3064 1660 3095 δὲ
1671 3063 1780 3094 codex.
1796 3062 1844 3094 Cf.
1856 3060 1983 3099 Josepb.
1996 3059 2069 3090 XVI
2078 3077 2086 3092 ‚
2098 3058 2131 3108 ,2‘
2141 3076 2149 3092 2
2162 3056 2178 3085 7
2191 3064 2197 3083 Ξ
2210 3053 2278 3083 Ποῖν

157 3116 334 3156 ἐξῃρημένος
355 3117 390 3146 τὸ
410 3115 573 3154 δυνάμενον
595 3115 678 3154 αὐτῷ
697 3115 844 3145 ὑπόνοιαν
867 3115 1031 3154 ἀμεὶμονος
1055 3116 1206 3155 λογισμοῦ
1230 3117 1413 3155 παρασχεῖν,
1429 3113 1577 3143 ἔσπευσεν
1590 3111 1648 3147 ἥδη
1660 3110 1744 3144 τέλος
1763 3109 1909 3139 ἐπιθεῖναι
1923 3109 1958 3161 τῇ
1979 3110 2166 3158 προαιρεσὶει.
2186 3115 2227 3121 -
2245 3100 2276 3129 9·

157 3164 191 3194 ‘fl
201 3163 273 3202 ρώδ
283 3161 319 3201 ῃ]
332 3162 465 3201 Ἡρώδης
476 3161 587 3191 codex.
597 3180 636 3186 --
653 3165 698 3191 10.
712 3172 733 3190 π
742 3172 757 3200 ρ
768 3172 784 3191 ο
795 3166 840 3192 ϋπ
850 3164 891 3191 οῦ
902 3161 992 3201 σαν]
1008 3162 1137 3192 sortasse
1149 3162 1260 3193 scribae
1272 3159 1468 3199 negligentia,
1483 3167 1538 3198 pro
1548 3156 1816 3197 προϋπάρχουσαν.
1828 3172 1869 3178 -
1882 3156 1929 3183 11.
1944 3161 1986 3180 αν
1998 3161 2016 3186 η
2025 3147 2061 3188 ρ]
2077 3157 2152 3186 ανηρ
2163 3144 2273 3198 chex-

159 3229 198 3236 -
219 3214 263 3240 12.
284 3210 319 3244 ἐξ
337 3212 356 3239 Α
370 3210 399 3247 ἰ]
411 3208 547 3247 ύπτου]
564 3216 658 3247 opera
675 3207 823 3246 Antiphili
847 3207 1023 3245 cujusdam.
1041 3209 1076 3237 V.
1090 3208 1219 3246 Josepli.
1237 3212 1270 3240 Α.
1283 3210 1311 3238 ,1.
1326 3209 1411 3238 xvii
1424 3229 1431 3243 ‚
1448 3208 1464 3236 4
1478 3229 1486 3243 ‚
1508 3209 1524 3236 2
1539 3216 1547 3243 ;
1563 3207 1597 3236 B.
1611 3205 1641 3234 J.
1659 3205 1669 3233 l
1684 3228 1693 3242 ,
1708 3205 1767 3239 30,
1780 3205 1809 3232 5.
1824 3203 1881 3238 32,
1898 3203 1927 3230 6.
1942 3214 1982 3220 -
2002 3200 2047 3227 13.
2062 3193 2107 3246 τε]
2125 3191 2278 3243 parmula

160 3256 228 3286 baec
242 3255 382 3286 abuudat
403 3254 612 3293 excerptoris,
629 3256 718 3293 puto,
734 3254 842 3293 culpa,
858 3253 912 3292 qui
930 3253 960 3283 111
973 3253 1175 3292 sequentibus
1188 3253 1304 3292 aliquid
1319 3252 1432 3283 omisit.
1446 3268 1485 3274 —
1506 3254 1550 3281 14.
1567 3261 1588 3289 μ
1599 3249 1705 3289 ιαρόν
1719 3247 1759 3287 τι]
1775 3245 1941 3282 Quodnam
1960 3243 2052 3273 suerit
2064 3239 2145 3271 istud
2160 3248 2279 3290 μιαρον,

161 3302 263 3334 dicere
280 3311 342 3333 11011
356 3301 466 3333 liabeo.
485 3319 523 3322 —
551 3306 597 3332 15.
616 3302 649 3332 ἐκ
665 3302 785 3340 Ῥώμης
802 3300 977 3339 γράμματα]
993 3302 1031 3331 V.
1054 3300 1180 3339 Josepli.
1199 3302 1304 3338 XVH,
1322 3301 1336 3329 sn
1350 3323 1358 3338 ,
1380 3302 1407 3329 3.
1425 3317 1458 3323 --
1481 3301 1528 3328 16.
1542 3295 1722 3328 Secundum
1735 3292 1907 3332 Joseplium
1932 3291 2017 3322 xvn
2031 3312 2039 3327 ,
2056 3291 2090 3326 5,
2105 3289 2122 3317 4
2138 3291 2276 3325 primum
