2338 3765
920 127 1241 164 FRAGMENTA.

483 246 543 293 63).

53 341 258 388 Geoponic.
280 340 360 385 XV,
383 351 420 384 2,
441 351 479 384 p.
504 337 599 383 1069
630 336 690 372 ed
715 331 1016 372 meh-1662<
999 332 1027 366 ο

6 401 23 434 ὃ
44 395 201 448 βασιλευς
215 394 383 433 Λιὸύων
370 409 403 430 εν
421 393 566 444 λάρνακι
586 391 700 440 ξυλίνη
721 389 804 441 φησὶ
837 390 902 426 δεῖν
921 388 1023 424 ποιεῖ-

5 457 82 490 σθαι
103 452 279 501 μελίσσας.
305 454 470 488 Ὲοιωεεε
501 451 596 486 Juba
619 451 727 484 ctinn
748 451 802 483 Dc
833 460 873 483 lc
897 447 1029 482 rustim

3 512 155 559 sclipsit.

31 620 150 660 ΠΕΡΙ
181 618 436 657 ΓΡΑΦΙΚΗΣ
465 617 551 656 ΚΑΙ
575 616 690 653 ΠΕΡΙ
722 613 1005 652 ΖΩΓΡΑΦΩΝ.

492 739 550 771 70.

301 819 444 854 LIBER
474 817 740 854 SECUNDUS.

57 912 208 947 Photius
221 910 306 947 cod.
329 923 342 944 1
352 910 412 957 61,
428 922 465 957 p.
488 909 556 944 103
566 938 575 954 ,
591 921 624 956 a,
638 909 685 943 30
698 907 825 951 Bekk„
837 908 1032 954 Sopatrum

6 971 92 1005 dicit
120 970 260 1004 librum
286 970 450 1015 primum
476 969 699 1015 Eclogarum
725 966 960 1001 concinnasse
991 977 1035 999 ex

6 1027 230 1076 Apollodori
250 1024 335 1076 Περὶ
352 1026 434 1061 θεῶν
455 1037 579 1073 opere,
593 1037 638 1060 ex
659 1025 834 1059 Athenaeo
851 1021 910 1058 καὶ
930 1023 967 1058 ἐκ
978 1023 1035 1058 τοῦ

7 1085 161 1134 δευτέρου
181 1083 281 1132 λόγου
291 1084 358 1119 τῶν
371 1081 457 1132 Περὶ
476 1083 645 1132 γραφικῆς
663 1079 772 1118 Ἰόὸα.

494 1187 553 1219 71.

61 1269 308 1316 Harpocratio
340 1280 376 1300 v.
420 1263 661 1314 Πολύγνωτος.
693 1263 780 1314 Περὶ
811 1262 1037 1311 Πολυγνώτου

9 1328 65 1362 τοῦ
86 1324 285 1376 ζωγράφου,
302 1323 436 1362 Θασίου
457 1322 518 1372 μὲν
535 1322 573 1359 τὸ
589 1322 703 1372 γένος,
729 1323 800 1358 υἱοῦ
828 1320 863 1358 δὲ
891 1321 949 1358 καὶ
970 1335 1037 1369 μα-

10 1385 113 1428 θητοῦ
131 1381 401 1432 Ἀγλαοφῶντος,
418 1379 576 1430 τυχόντος
598 1379 632 1416 δὲ
654 1382 712 1425 τῆς
733 1377 916 1424 Ἀθηναίων
937 1379 1038 1414 πολι-

10 1440 102 1483 τείας
120 1439 196 1485 ἤτοι
224 1438 297 1476 ἐπεὶ
316 1437 377 1484 τὴν
414 1437 581 1483 Ποικίλην
614 1437 717 1475 στοὰν
739 1436 865 1488 ἔγραψε
886 1441 1035 1487 προῖκα,

11 1497 56 1548 ἢ,
92 1500 136 1540 ὡς
159 1496 292 1548 ἕτεροι,
331 1496 390 1539 τὰς
421 1497 455 1533 ἐν
475 1497 523 1548 τῷ
544 1498 704 1546 θησαυρῷ
725 1494 782 1532 καὶ
807 1496 855 1545 τῷ
875 1493 1039 1544 Ἀνακείῳ

12 1554 162 1607 γραφὰς,
175 1554 396 1606 ἱστορήκασιν
413 1553 510 1591 ἄλλοι
525 1568 562 1590 τε
579 1552 638 1590 καὶ
655 1552 828 1604 Ἀρτέμων
843 1552 876 1589 ἐν
894 1553 941 1603 τῷ
954 1551 1040 1602 Περὶ

14 1613 199 1665 ζωγράφων
219 1612 278 1650 καὶ
298 1611 413 1654 Ἰάδας
433 1613 467 1648 ἐν
484 1612 552 1654 τοῖς
572 1611 659 1662 Περὶ
675 1613 855 1662 γραφικῆς.

498 1719 558 1751 72.

314 1801 342 1834 Ε
370 1800 515 1834 LIBRO
544 1799 744 1834 OCTAVO.

69 1890 342 1938 Harpocratio:
358 1887 567 1939 Παρράσιος.
580 1887 736 1936 ζΌτιμὲν
752 1885 924 1937 ζωγράφος
944 1888 1038 1937 Παρ-

18 1948 148 1997 ράσιος,
173 1946 411 1991 παντὶδῆλον.
431 1944 597 1987 Ἰόὸαςδὲ
617 1946 650 1981 ἐν
678 1943 711 1990 η’
748 1942 835 1994 Περι
856 1943 1040 1994 ζωγράφων

18 2004 224 2056 διεξέρχεται
259 2003 301 2040 τὰ
329 2003 408 2054 περι
438 2018 494 2039 τον
515 2002 642 2052 ἄνδρα,
666 2016 748 2053 φησι
767 2002 794 2038 δ’
830 2001 930 2038 αὐτὸν
958 2005 1041 2037 εἰναι

17 2063 86 2101 υἱον
105 2078 162 2099 και
183 2061 338 2111 μαθητὴν
361 2060 555 2112 Εὐήνορος,
574 2059 768 2111 Ἐφέσιον
750 2058 784 2096 οε
803 2058 841 2096 τὸ
858 2058 962 2109 γένος.

412 2230 650 2247 ψ

502 2541 560 2574 69.

63 2593 147 2627 Juha
160 2602 213 2625 rex
228 2593 335 2633 Libyae
354 2602 428 2633 apes
446 2594 547 2626 faeere
557 2594 589 2625 in
605 2603 677 2625 arca
690 2595 791 2633 lignea
803 2594 904 2633 jubet.

179 2685 244 2722 DE
264 2685 480 2724 PICTURA
498 2686 559 2723 ET
581 2684 889 2723 PICTORIBUS.

507 2774 563 2804 71.

65 2826 111 2855 De
137 2824 309 2864 Polygnoto
328 2825 458 2865 pictore,
472 2826 585 2857 Thasio
607 2834 729 2865 genere,
745 2825 966 2865 Aglaopliontis
988 2825 1051 2855 filio

26 2876 57 2906 et
70 2875 221 2916 discipulo
231 2899 238 2913 ‚
250 2877 353 2915 quial)
364 2876 606 2908 Atheniensibus
618 2877 744 2907 civitate
756 2877 889 2907 donatus
899 2877 956 2913 est,
966 2875 1052 2915 quod

24 2925 117 2965 gratis
141 2926 270 2965 picturis
288 2928 414 2958 ornavit
439 2928 572 2958 Poecilen
596 2928 770 2967 porticum,
790 2927 855 2958 sive
880 2927 1051 2957 secundum

25 2976 115 3015 alios,
139 2977 333 3008 Thesaurum
356 2979 388 3009 et
406 2981 583 3016 Anaceum‚
602 2980 715 3017 praeter
740 2978 816 3008 alios
841 2979 1053 3016 exposuerunt

27 3028 174 3058 Artemon
191 3028 317 3059 inlibris
328 3031 372 3060 De
385 3029 557 3068 pictoribus
570 3030 600 3060 et
612 3031 628 3060 J
634 3029 696 3060 uba
709 3029 740 3059 in
754 3037 847 3068 opere
858 3030 903 3059 De
915 3027 1051 3067 pictura.

506 3107 563 3138 72.

71 3164 251 3194 Parrhasius
266 3162 365 3201 pictor
374 3161 443 3199 suit,
462 3161 508 3191 uti
523 3161 601 3192 inter
617 3168 726 3191 omnes
739 3161 871 3190 constat.
888 3159 982 3196 Juba,
1000 3159 1052 3198 qui

0 3243 1 3262 γ
29 3213 107 3244 libro
117 3215 228 3245 octavo
244 3215 290 3244 De
311 3211 481 3251 pictoribus
501 3211 609 3242 dehoc
626 3211 692 3241 viro
702 3211 849 3249 exponit,
865 3219 937 3241 eum
962 3210 1054 3241 fuisse

29 3265 105 3298 dicit
122 3266 218 3297 lilium
236 3266 267 3296 et
279 3263 464 3303 discipulum
479 3263 648 3302 Euenoris,
663 3263 830 3302 Ephesium
850 3271 971 3301 genere.

203 3338 388 3360 FRAGMENTA
409 3337 525 3359 lllsTon.
547 3337 597 3358 Gn.
621 3345 647 3350 ·-
672 3337 738 3359 wll„
762 3336 804 3357 ΙΙΙ.

2038 129 2106 160 481

1352 226 1607 263 oissssi‘nffl
1642 225 1850 262 iz‘i‘opm.

1569 324 1631 368 73.

1381 418 1408 450 κ]
1437 416 1581 453 Lumo
1610 417 1822 462 QUAR'ro.

1145 508 1337 542 Athenaeus
1353 510 1414 551 IV,
1433 521 1471 553 p,
1492 521 1502 541 1
1515 508 1559 552 75
1575 537 1585 554 ,
1605 511 1663 542 D:
1683 507 1751 544 Και
1767 507 1804 543 τὸ
1823 506 1984 558 τρίγωνον
2001 505 2034 542 δὲ
2055 520 2117 542 κα-

1092 562 1254 612 λούμενον
1280 562 1421 613 ὄργανον
1439 562 1586 605 Ἰόῧας
1571 579 1605 600 εν
1608 566 1787 635 ’,τετάρτῳ
1807 567 1857 601 (-ε)
1843 566 2000 632 εατρικῆς
2027 578 2118 600 ιστο-

1094 620 1166 672 ρίας
1188 620 1307 671 Σύρων
1330 619 1463 670 εύρημά
1481 635 1581 670 φησιν
1598 624 1695 666 εἶναι,
1711 624 1755 663 ὡς
1769 621 1827 658 καὶ
1842 622 1897 658 τὸν
1911 619 2118 669 καλούμενον

1092 677 1310 729 λυροφοίνικα
1328 677 1523 726 σαμδύκην.
1543 679 1600 716 Cf.
1617 680 1844 726 Hesychius.
1869 677 2061 726 Σαμὸύκη,
2081 678 2119 714 οὐ

1096 735 1195 784 μόνον
1213 734 1250 772 τὸ
1271 749 1432 783 μουσικον
1449 734 1604 784 ὄργανον,
1623 739 1659 771 οὑ
1685 734 1857 784 μέμνηται
1877 736 2008 781 Ἰόὸας,
2032 735 2120 771 ἀλλὰ

1095 809 1152 830 και
1163 791 1440 844 πολιορκητικον,
1462 808 1500 829 ου
1515 791 1639 829 Βίτων

1147 852 1252 887 Idem
1268 851 1317 885 ib.
1342 848 1488 891 ,Ἰάδας
1508 848 1569 897 μὲν
1586 847 1650 920 γὰρ
1669 849 1702 885 ἐν
1720 851 1766 884 τῶ
1783 864 1863 900 προε
1871 848 2018 900 ιρημένι)
2038 864 2120 898 συγ-

1096 906 1500 966 γράμματιΑἷγυπτίους
1517 906 1600 958 φησὶ
1627 906 1677 942 λε
1668 921 1717 954 γε.
1721 922 1735 942 ν
1762 906 1818 944 τὸν
1843 907 2009 955 μόναυλον
2028 906 2122 944 Οσί-

1098 966 1179 1016 ριδις
1193 968 1277 1001 εἶναι
1298 963 1451 1015 εύρημα,
1476 963 1609 1000 καθάπε
1596 978 1631 1014 ερ
1652 963 1709 1000 καὶ
1729 979 1785 999 τον
1816 964 2024 1012 καλούμενον
2050 963 2121 1015 (ρι’)-

1095 1037 1195 1072 τιγγα
1217 1021 1440 1072 πλαγίαυλον
1462 1023 1518 1060 Cf.
1537 1023 1718 1058 Neanlhes
1732 1023 1773 1058 fr.
1794 1023 1828 1061 5,

1581 1121 1640 1160 74-

1152 1211 1308 1257 Hesych.
1336 1221 1344 1246 t
1367 1208 1530 1246 Κλώπεια
1544 1237 1553 1254 ,
1574 1207 1715 1258 ὄρχησίς
1734 1223 1805 1255 τις,
1827 1208 1871 1249 ὡς
1893 1207 2003 1249 Ἰόῆας
2022 1208 2054 1244 ἐν
2070 1222 2126 1246 τε·

1097 1265 1211 1317 τάρτῳ
1230 1266 1444 1315 Θεατρικῶν.

1582 1357 1640 1402 75.

1265 1457 1420 1507 'LIBER
1450 1455 1661 1491 DECIMUS
1697 1456 1940 1495 SEPTIMUS.

1153 1556 1302 1590 Photius
1319 1555 1404 1589 cod.
1434 1554 1515 1598 161,
1534 1567 1572 1601 p.
1600 1559 1685 1598 104,
1704 1555 1740 1598 b,
1762 1554 1807 1589 35
1830 1567 1838 1589 ε
1859 1555 2013 1601 Sopater
2027 1555 2128 1590 Eclo-

1101 1625 1233 1660 garum
1269 1613 1406 1646 librum
1433 1611 1673 1646 undecimum
1708 1612 1856 1659 collegit
1883 1618 1960 1646 tum
1989 1624 2032 1647 ex
2053 1612 2130 1646 aliis

1102 1670 1277 1717 operibus
1293 1676 1371 1704 tum
1397 1669 1436 1704 ἐκ
1454 1669 1514 1712 τῆς
1540 1667 1636 1705 Ἰόὸα
1662 1671 1720 1706 τοῦ
1743 1667 1910 1717 βασιλέως
1931 1669 2125 1719 Θεατρικῆς

1100 1726 1250 1777 ἱστορίας
1269 1725 1561 1762 ἑπτακαιδεκάτου
1582 1725 1697 1774 λόγου.

1587 1819 1646 1863 76.

1154 1912 1277 1948 Schol.
1299 1913 1487 1959 Aristoph.
1513 1911 1734 1957 Thesmoph.
1770 1923 1782 1944 1
1797 1909 1864 1954 175
1887 1922 1895 1944 ε
1916 1907 2131 1958 Βαρὸαρικὸν

1103 1967 1160 2004 καὶ
1176 1966 1345 2018 Περσικὸν
1363 1967 1501 2018 ὄρχημα
1517 1966 1678 2015 ὄκλασμα
1689 1965 1861 2011 καλεῖται,
1876 1965 1953 2016 περὶ
1965 1959 2002 2002 οἷ
2018 1965 2131 2005 Ἰάδας

1105 2024 1235 2075 μακρὸν
1261 2024 1446 2069 πεποίηται
1466 2024 1565 2072 λόγον
1593 2025 1627 2062 ἐν
1663 2024 1730 2066 τοῖς
1746 2022 1832 2073 Περὶ
1863 2025 1922 2068 τῆς
1956 2025 2132 2072 Οεατρικῆς

1104 2081 1251 2132 ἱστορίας
1263 2111 1272 2129 ,
1286 2081 1374 2118 ὥστε
1390 2080 1553 2119 λελύσθαι
1573 2080 1633 2126 τὴν
1652 2080 1822 2119 Σελεύκου
1840 2080 2018 2131 πρότασιν.
2039 2082 2127 2130 Προ-

1103 2140 1202 2176 τείνει
1229 2138 1295 2189 γὰρ
1325 2140 1358 2175 ἐν
1381 2141 1430 2176 τῶ
1449 2138 1532 2190 πρὸς
1552 2138 1695 2184 Ζήνωνα
1724 2140 1920 2189 προτατικῷ
1940 2136 1977 2174 το
2000 2140 2125 2188 Περσι-

1104 2213 1161 2234 κον
1179 2197 1329 2247 ὄρχημα.

1159 2254 1377 2305 ι(Βοίρὸαρον
1399 2254 1457 2290 καὶ
1477 2270 1615 2306 φυσικον
1640 2269 1748 2301 ασαα.
1791 2253 1861 2291 Και
1884 2252 2051 2304 Περσικὸν
2077 2253 2133 2302 ὄρ-

1105 2328 1223 2363 χηαα,
1259 2314 1389 2349 Suidas
1414 2314 1556 2360 leliqua
1583 2314 1710 2348 scholii
1731 2319 1834 2359 parte
1861 2312 2004 2347 omissa.
2036 2311 2132 2349 Cod.

1107 2374 1199 2409 Rav.
1220 2384 1227 2406 ε
1250 2385 1309 2407 και
1330 2369 1498 2420 Περσικὸν
1516 2385 1553 2406 το
1569 2368 1709 2417 κλάσμα
1730 2370 1886 2405 καλεῖται
1902 2383 1961 2404 και
1983 2384 2021 2405 το
2038 2370 2134 2417 Περ-

1108 2428 1202 2465 σικὸν
1224 2427 1376 2478 ὅρχημα.
1394 2431 1449 2464 De
1460 2441 1552 2463 voce
1570 2426 1730 2474 ὅκλασμα
1750 2427 1796 2464 cf.
1814 2428 1945 2462 Pollux
1962 2428 2021 2469 IV,
2049 2438 2135 2471 100,

1378 2536 1617 2574 HISTORIA
1645 2535 1868 2573 SCENlCA.

1595 2618 1651 2649 73.

1149 2690 1353 2729 Triangulum
1372 2697 1499 2728 quoque
1522 2688 1603 2720 „Iuba
1619 2689 1731 2727 quarto
1747 2687 1826 2718 libro
1844 2687 1988 2718 Historiae
2007 2687 2138 2717 scenicae

1108 2742 1258 2778 Syrorum
1271 2740 1434 2771 inventum
1448 2748 1513 2770 esse
1523 2739 1578 2777 ait,
1592 2738 1860 2777 quemadmodum
1882 2737 1976 2768 etiam
1996 2737 2137 2768 Samba-

1108 2799 1182 2822 cam
1198 2790 1253 2829 qui
1263 2790 1491 2830 Lyroplzoenix
1505 2790 1646 2819 vocatur.

1152 2842 1234 2873 Juba
1256 2841 1289 2872 in
1316 2842 1398 2873 libro
1426 2841 1520 2872 modo
1540 2841 1667 2872 laudato
1692 2840 1734 2871 ait
1762 2840 1921 2879 AEgyplios
1947 2840 2050 2871 dicere
2075 2848 2140 2871 esse

1109 2892 1313 2923 monaulum
1329 2892 1460 2922 Osiridis
1472 2892 1635 2923 inventum
1646 2914 1654 2929 ‚
1672 2891 1850 2930 pariterque
1865 2891 2070 2930 plzote‘nqem,
2085 2889 2138 2929 qui

1110 2946 1251 2981 vocatur,
1265 2952 1337 2984 quae
1347 2943 1476 2982 obliqua
1487 2943 1563 2974 tibia
1573 2944 1630 2974 est.

1591 2997 1651 3028 74.

1153 3052 1293 3091 Clupea,
1307 3052 1430 3082 saltatio
1446 3051 1590 3090 quaedam
1601 3074 1610 3089 ,
1627 3052 1707 3082 teste.
1720 3050 1803 3082 Juha
1816 3050 1847 3081 in
1861 3050 1974 3090 quarto
1990 3050 2035 3080 De
2049 3048 2139 3079 rebus

1110 3103 1249 3134 scenicis.

1600 3156 1656 3188 76.

1154 3211 1310 3241 Oclasma
1341 3209 1504 3240 barbarica
1522 3211 1687 3240 Persarum
1710 3208 1832 3239 saltatio
1856 3207 1998 3242 vocatur,
2019 3204 2057 3234 ‹lc
2077 3212 2140 3243 qua

1114 3262 1233 3291 inultus
1246 3261 1293 3291 est
1313 3260 1394 3291 Juba
1408 3260 1439 3291 in
1456 3259 1542 3290 libris
1556 3260 1699 3291 Historiae
1712 3258 1852 3289 scenicae.

1915 3340 1941 3361 251
