2289 3728
965 99 1294 138 FRAGMENTA.
2125 106 2161 137 15

40 189 73 225 ἓν
93 189 133 237 τῇ
155 186 311 224 Ξανθίων
331 185 428 237 χώρα
446 183 501 222 καί
526 186 592 236 ζῷα
608 182 664 220 καὶ
682 183 833 234 καρποὺς
854 183 1068 232 λυμαινόμε-

39 261 92 282 νον
106 243 231 281 ἀνελὼν
252 246 268 280 ὁ
287 244 558 294 Βελλεροφόντης
571 271 581 289 ‚
597 241 756 289 οὐδεμιᾶς
774 240 959 290 ἐτύγχανεν
973 242 1071 288 οἶμοι-

40 303 121 348 ὅῆς·
140 300 424 353 καταρασαμένου
449 300 484 337 δὲ
511 302 579 336 τῶν
603 298 762 336 Ξανθίων
782 300 883 335 αὐτοῦ
905 297 988 345 πρὸς
1016 297 1071 334 τὸν

42 361 260 405 ΙΙοσειδωνα,
283 375 351 395 παν
371 359 410 395 τὸ
438 357 553 395 πεδίον
585 358 616 393 ἐ
604 356 746 402 ζηνθησε
751 373 766 393 ν
788 356 980 406 ἁλμυρίδα,
1015 371 1072 392 και

39 418 216 470 διέφθαρτο
228 416 431 453 παντάπασι
441 418 594 465 ,τῆςγῆς
606 421 728 467 πικρᾶς
740 414 940 464 γενομένης
954 413 1073 464 μέχρις

38 471 74 513 οῧ
91 477 150 518 τὰς
168 480 330 546 γυναῖκας
349 473 514 516 αἰδεσθεὶς
535 473 713 522 δεομενοις,
734 472 852 516 εὔξατο
870 488 919 508 τω
943 474 1072 510 Ποσει-

38 535 117 571 δωνι
146 532 207 577 τὴν
240 531 343 583 ὀργὴν
365 532 511 583 ἀφεῖναι.
536 532 598 569 Διὸ
618 531 676 568 καὶ
705 530 805 580 νόμος
826 534 865 575 ἠν
886 532 955 571 τοῖς
972 531 1071 566 Ξαν-

38 591 133 637 θίοις,
151 590 199 639 μὴ
217 589 397 640 πατρόθεν,
418 590 493 625 ἀλλ’
515 590 582 626 ἀπὸ
603 591 740 639 μητρῶν
758 587 1000 638 χρηματίζειν.
1018 589 1072 622 De

38 647 300 700 γυναικοκρατία
315 649 416 696 apud
432 650 566 695 Lycios
579 649 625 683 cf.
646 647 831 683 Herodot.
848 649 883 690 1,
904 646 972 691 173
985 674 993 689 ,
1011 647 1072 680 Ni-

38 709 160 744 colaus
169 709 336 743 Damasc.
349 707 395 741 fr.
416 719 505 753 1293
519 706 705 741 NVelcker.
725 707 849 753 'I'rilog
872 718 911 752 p.
929 704 999 749 387
1016 717 1070 750 sq.

37 769 124 812 Quae
142 766 268 813 paullo
295 773 379 812 post
397 765 615 799 Plutarchus
632 764 678 799 de
698 765 860 799 castitate
888 764 1071 810 virginum

38 825 237 860 Cmnarum
264 824 441 870 exponit,
479 836 523 858 ex
556 822 688 857 eodem
723 822 933 869 Nymphide
962 822 1073 868 petita

36 895 110 917 esse
127 883 306 929 suspicor.

358 975 384 1008 E
412 974 557 1009 LIBRO
587 973 756 1008 SEXTO.

528 1063 585 1100 14.

87 1153 210 1189 Schol.
234 1153 356 1199 Apoll.
381 1153 455 1188 Rh.
485 1153 554 1196 IV,
581 1156 683 1197 2472
706 1150 872 1210 Νύμφις’
858 1166 891 1187 εν
923 1151 1075 1186 τωὲκτιι)

36 1210 123 1261 Περὶ
134 1208 366 1261 <Ηρακλείαςε
374 1208 507 1255 [αατης
518 1224 619 1260 φησιν
634 1224 721 1260 ιερον
735 1224 819 1246 ειναι
834 1225 867 1246 εν
879 1224 919 1260 τῃ
936 1188 1075 1260 Παφλοί-

36 1267 151 1319 γονία,
171 1266 582 1318 Μηδείαςὶδρυσααένης.

524 1359 536 1379 1
547 1344 582 1381 5.

89 1434 282 1469 Athenaeus
292 1434 380 1476 XII,
390 1445 431 1480 p.
447 1431 534 1477 536,
546 1434 577 1467 A
590 1444 598 1469 :
612 1429 753 1482 Νύμφις
764 1429 796 1466 δὲ
807 1432 824 1467 ὃ
833 1429 1077 1482 Ἡρακλεώτης

35 1491 68 1531 ἐν
88 1489 175 1542 ἕκτῳ
194 1491 260 1526 τῶν
280 1489 366 1539 Περὶ
386 1492 447 1534 τῆς
471 1488 649 1539 πατρίδος,
674 1506 687 1521 τι
708 1487 910 1530 Παυσανίας
929 1487 1074 1539 (φησὶν)

36 1550 54 1585 ὁ
72 1547 150 1598 περὶ
177 1546 360 1589 Πλαταιὰς
384 1546 526 1591 νικήσας
547 1546 754 1598 Μαρδόνιον,
775 1545 817 1582 τὰ
833 1549 894 1591 τῆς
914 1548 1078 1597 Σπάρτης

36 1604 175 1649 ἐξελθὼν
205 1604 355 1653 νόμιμα,
389 1604 448 1641 καὶ
480 1605 525 1647 εἷς
553 1604 789 1656 ὑπερηφανίαν
812 1603 965 1649 ἐπιδοὺς,
998 1604 1077 1655 περὶ

38 1663 223 1707 Βυζάντιον
242 1662 601 1714 διατρίὸων,χαλκοῧν
613 1662 670 1698 τὸν
685 1661 905 1711 ἀνακείμενον
921 1665 1076 1713 κρατῆρα

38 1727 105 1763 τοῖς
124 1724 209 1763 θεοῖς
225 1726 293 1762 τοῖς
311 1720 366 1757 ἐπὶ
383 1724 443 1758 τοῦ
465 1720 636 1769 στόματος
652 1719 864 1772 ἱδρυμένοις,
883 1719 918 1756 ὃν
936 1719 985 1756 ἔτι
1015 1720 1074 1757 καὶ

37 1782 93 1815 νῦν
115 1772 201 1815 εἶναι
224 1778 434 1825 ἰτυμῧαίνει,
464 1778 653 1826 ἐτόλμησεν
676 1778 807 1829 »ἐπιγραι
832 1793 884 1823 αι,
905 1780 950 1819 ὡς
979 1778 1077 1820 αὐτὸς

37 1836 194 1885 ἀναθεὶς,
224 1836 358 1878 ὑποθεὶς
377 1837 453 1873 τόδε
472 1836 511 1873 τὸ
529 1836 753 1888 ἐπίγραμμα,
776 1835 831 1872 διὰ
858 1834 920 1881 τὴν
946 1835 1076 1887 τρυφὴν

37 1895 95 1932 καὶ
114 1894 349 1946 ὑπερηφανίαν
367 1894 612 1944 ἐπιλαθόμενος
627 1897 730 1931 αὑτοῦ
743 1909 751 1916 ·

125 1986 228 2025 Μνᾶμ’
245 1987 352 2026 ἀρετᾶς
367 1986 495 2023 ἀνέθηκε
510 1986 704 2017 Ποσειδάωνι
719 1986 826 2016 ἄνακτι

161 2031 341 2066 Παυσανίας
353 2055 360 2069 ,
375 2032 477 2073 ἅρχων
491 2033 636 2068 Ἑλλάδος
653 2033 821 2073 εὐρυχόρου
832 2058 839 2069 ,

117 2080 228 2110 πόντου
246 2078 292 2108 ἐπ’
306 2078 446 2114 Εὐξείνου
458 2103 466 2118 ,
485 2079 727 2118 Λακεδαιμόνιος
741 2082 837 2118 γένος,
852 2081 914 2114 υἱὸς

164 2125 393 2166 Κλευμῧρότου,
405 2126 535 2166 ἀρχαίας
551 2127 714 2165 Ἡρακλέος
725 2130 839 2164 γενεᾶς.
858 2140 870 2151 »

1380 184 1404 215 F.
1435 183 1477 215 Li
1487 182 1579 216 BRO
1610 181 1917 216 DUODEClMO.

1622 272 1680 307 16.

1187 366 1382 399 Athenaeus
1399 368 1491 409 XII,
1510 380 1547 414 p.
1573 367 1662 414 549,
1684 371 1711 403 Λ
1738 379 1746 404 :
1770 366 1905 416 Νύμφις
1924 368 2004 415 γοῧν
2020 367 2038 402 ὁ
2056 365 2165 416 Ἡρα-

1135 421 1310 466 κλεώτης
1296 437 1329 457 εν
1346 437 1394 457 τω
1410 421 1453 458 ιδ’
1475 423 1580 474 ΙΙερὶ“
1586 425 1706 474 ΙΙρακλ
1700 423 1791 469 είας,
1807 442 1820 455 τι
1836 423 2008 466 Διονύσιος
2026 424 2164 475 (φησὶν)

1134 481 1151 515 ὁ
1157 479 1358 550 Κλεάρχου
1377 495 1434 516 του
1463 496 1599 531 πρωτου
1620 496 1890 532 τυραννησαντος
1922 498 1955 519 εν
1976 482 2165 533 ΙΙρακλεία

1135 536 1225 586 υἷος,
1243 538 1301 574 καὶ
1322 537 1422 579 αὐτὸς
1451 540 1509 582 τ7·ς
1528 539 1685 589 πατρίδος
1704 540 1937 589 τυραννήσας,
1956 541 2020 577 ὑπὸ
2040 544 2166 592 τρυφῆς

1135 609 1193 631 και
1211 596 1271 639 τῆς
1288 596 1363 630 καθ
1387 593 1518 645 ἡμεραν
1536 596 1727 645 ἀδηφαγίας
1745 597 1861 633 ἔλαθεν
1888 598 2166 649 υπερσαρκήσας,

1134 651 1223 689 ι’)στε
1240 651 1296 688 διὰ
1322 651 1360 688 τὸ
1384 651 1494 702 πάχος
1522 654 1555 689 ἐν
1573 653 1735 689 δυσπνοία
1753 669 1852 691 αυτον
1878 660 2084 706 συσχεθῆναι
2108 658 2167 694 καὶ

1136 724 1289 760 πνιγμω.
1314 709 1375 746 Διὸ
1404 709 1588 753 συνεταξαν
1612 713 1641 746 οἱ
1663 711 1771 761 ἰατροὶ
1792 713 2047 751 κατασκευάσαι
2069 714 2166 765 βελό-

1134 783 1192 809 νας
1209 766 1354 811 λεπτὰς,
1377 769 1425 803 τῶ
1446 766 1548 815 μήκει
1563 768 1808 820 διαφερούσας,
1825 773 1877 811 αἱς
1896 770 1949 806 διὰ
1969 775 2035 808 τῶν
2059 774 2166 809 πλευ-

1137 840 1202 875 ρων
1224 823 1359 870 καὶτῆς
1381 825 1510 866 κοιλίας
1534 825 1706 870 διυ)θεῖν,(
1695 840 1775 861 οταν
1808 827 1854 868 εἷς
1876 826 1979 864 ὕπνον
1996 828 2084 880 τύχη
2104 833 2166 880 βα-

1135 881 1302 951 θύτερον’
1288 884 1462 931 εμπεσ(ι’.)ν
1480 881 1596 953 Μέχρι
1615 883 1655 931 μὲ
1643 898 1675 919 ν
1693 885 1750 919 οὖν
1782 898 1869 925 τινος
1886 884 1950 921 ὑπο
1966 888 2025 930 τῆς
2050 903 2168 924 πεπω-

1137 940 1289 991 ρωμένης
1301 941 1339 977 ἐκ
1356 944 1415 977 του
1430 955 1570 982 στεατος
1586 956 1712 992 σαρκος
1731 956 1792 978 ουκ
1812 941 1955 978 ενεποίει
1967 942 2026 988 τὴν
2046 944 2169 990 αἴσθη-

1137 1013 1207 1035 σιν·
1240 1000 1267 1035 εἷ
1297 998 1331 1035 δὲ
1357 998 1440 1049 πρὸς
1466 998 1614 1046 καθαρὸν
1646 999 1748 1035 τόπον
1780 1001 1800 1044 ἡ
1836 998 1956 1049 βελόνη
1989 1001 2167 1039 διελθοῦσα

1137 1056 1224 1106 ἔθιγε
1237 1086 1246 1101 ,
1267 1056 1342 1093 τότε
1369 1056 1564 1108 διεγείρετο.
1584 1056 1673 1099 Τοὺς
1692 1055 1726 1093 δὲ
1749 1056 2012 1107 χρηματισμοὺς
2026 1060 2171 1095 ἐποιεῖτο

1136 1115 1203 1157 τοῖς
1226 1114 1441 1165 βουλομένοις
1459 1114 1698 1165 προτιθέμενος
1727 1114 1873 1152 κιῗιωτὸν
1900 1119 1958 1152 τοῦ
1989 1115 2169 1165 σώματος,

1136 1170 1191 1209 ἵνα
1206 1172 1247 1209 τὰ
1269 1172 1330 1221 μὲν
1355 1173 1459 1210 λοιπὰ
1478 1172 1565 1224 μέρη
1584 1173 1739 1223 κρύπτῃ,
1756 1173 1795 1210 τὸ
1816 1172 1851 1209 δὲ
1867 1172 2050 1223 πρόσωπον
2066 1174 2165 1223 μόνον

1137 1230 1314 1282 ὑπερέχων
1353 1230 1544 1280 διαλέγοιτο
1578 1237 1645 1273 τοῖς
1678 1233 1870 1269 ἀπαντῶσι.
1906 1250 1919 1263 ν
1953 1233 2172 1280 Μνημονεύει

1137 1289 1165 1326 δ’
1179 1290 1280 1326 αὐτοῦ
1296 1304 1355 1326 και
1370 1288 1566 1385 θΙένανδρος
1582 1291 1640 1337 (v.
1657 1291 1787 1338 fragm.
1804 1291 2002 1327 Melnuindi
2017 1304 2056 1338 p.
2073 1291 2092 1326 3
2109 1292 2168 1327 ed.

1136 1349 1305 1385 Diibnei.
1318 1355 1360 1396 ).

1137 1419 1351 1449 Τεντηκοντα
1362 1434 1371 1450 ‚
1388 1420 1434 1441 ων
1450 1420 1656 1456 Εῒυραννησε
1671 1419 1748 1456 'epm‘
1769 1420 1828 1441 >tou
1845 1420 2052 1456 τριακοντα,
2067 1405 2172 1443 ἁπαψ·

1402 1347 1562 1384 Ἀπέθανε
1584 1347 1618 1384 δὲ
1648 1346 1811 1398 βιώσας”
1793 1363 1852 1393 ετη
1880 1362 1921 1384 πε
1927 1362 1982 1383 ντε
2001 1363 2085 1399 προς
2102 1354 2173 1390 τοῖς

1136 1479 1202 1500 των
1219 1479 1285 1500 των
1305 1463 1371 1515 πρὸ
1393 1465 1496 1501 αὐτου
1523 1464 1697 1515 τυράννων
1723 1464 1892 1516 πρᾳότητι
1914 1464 1974 1501 καὶ
2004 1465 2171 1502 ἐπιεικείοε

1137 1520 1352 1572 διενηνοχιί.)ς

1189 1582 1288 1617 Pro'
1275 1596 1308 1616 εν
1322 1596 1371 1617 τω
1385 1580 1428 1631 β’,
1444 1582 1547 1629 quod
1560 1582 1645 1616 libri
1657 1583 1848 1630 exhibent,
1862 1584 1988 1630 scripsi
2007 1583 2040 1619 ἐν
2051 1584 2099 1633 τῷ
2115 1582 2172 1628 ιδ’,

1137 1640 1241 1687 quod
1262 1639 1402 1687 flagitat
1419 1639 1514 1675 ordo
1533 1647 1756 1688 temporum.
1786 1643 1842 1676 De
1873 1649 1977 1677 aetate
2006 1643 2174 1689 Dionysii

1137 1698 1182 1732 ef.
1199 1700 1377 1733 Memnon
1393 1712 1425 1733 c.
1450 1704 1484 1743 4,
1503 1712 1526 1746 9
1539 1727 1549 1747 ,
1568 1700 1632 1746 qui
1647 1699 1693 1734 de
1707 1699 1873 1746 Dionysii
1887 1701 2038 1735 historia
2058 1702 2173 1746 Nym-

1135 1756 1289 1803 phidem
1309 1757 1441 1791 ducem
1456 1765 1600 1792 secutus
1611 1764 1676 1793 est.
1694 1757 1865 1794 Ceterum
1879 1758 1989 1793 verba
2007 1759 2024 1793 ὁ
2037 1756 2173 1807 Κλεάρ-

1135 1827 1248 1862 χου...
1260 1812 1472 1863 τυραννήσας
1484 1827 1561 1849 non
1576 1823 1658 1850 sunt
1673 1815 1904 1862 Nymplffllis,
1918 1815 1983 1850 sed
1996 1816 2042 1850 ab
2054 1816 2172 1850 Athe-

1136 1884 1216 1905 naeo
1249 1871 1402 1916 adjecta.
1421 1893 1469 1897 —
1487 1873 1656 1921 Eundem
1678 1873 1803 1907 locum
1834 1873 2023 1920 exscripsit
2037 1873 2171 1910 AElian.

1136 1931 1177 1966 V.
1197 1931 1245 1965 H.
1265 1931 1335 1974 IX,
1365 1930 1407 1964 13
1436 1943 1443 1964 :
1474 1928 1649 1966 Διονύσιον
1672 1928 1727 1965 τὸν
1750 1928 2010 1981 ζἩρακλεώτην,
2033 1927 2169 1978 Κλεάρ-

1135 1999 1199 2035 χου
1213 1989 1272 2022 τοῦ
1290 1985 1455 2036 τυράννου
1476 1986 1563 2035 υἱὸν,
1587 1986 1701 2023 ἀκούω
1719 1988 1756 2023 ἐκ
1772 1990 1832 2032 τῆς
1850 1989 1927 2024 καθ’
1951 1986 2086 2036 ἡμέραν
2107 1988 2167 2023 ἆδ·

1136 2043 1305 2095 δηφαγίας
1324 2043 1381 2080 καὶ
1398 2047 1524 2096 τρυφῆς
1538 2044 1652 2081 λαθεῖν
1671 2045 1771 2081 αὑτὸν
1787 2044 2096 2097 ὑπερσαρκήσαντα
2112 2046 2172 2081 καὶ

1105 2099 1107 2107 ’
1136 2102 1429 2142 καταπιανθέντα.
1450 2103 1506 2141 Τὰ
1525 2103 1681 2154 ἐπίχειρα
1701 2107 1780 2153 γοῦν
1813 2107 1871 2141 τοῦ
1901 2103 1991 2141 κατὰ
2011 2104 2048 2140 τὸ
2070 2106 2170 2152 σῶμα

1137 2161 1297 2210 μεγέθους
1317 2161 1375 2198 καὶ
1395 2164 1451 2198 τοῦ
1474 2161 1552 2212 περὶ
1583 2162 1642 2204 τὰς
1662 2161 1790 2211 σάρκας
1814 2162 1916 2211 ὄγκου
1943 2162 2174 2212 ἐκαρπώσατο

41 2277 58 2299 a
82 2269 340 2310 Bellerophonte,
356 2279 458 2310 neque
475 2269 502 2300 ei
526 2269 624 2299 ullam
650 2269 783 2299 relatam
796 2270 941 2308 gratiam.
960 2271 1073 2308 ltaque
1101 2282 1107 2305 1

41 2329 112 2352 eum
123 2323 274 2354 Xanthios
284 2331 352 2353 esse
363 2324 561 2353 exsecratum
575 2346 583 2362 ,
599 2323 630 2352 et
646 2331 664 2352 a
678 2323 825 2361 Neptuno
841 2322 1023 2361 impetrasse
1042 2322 1076 2351 ut

43 2374 141 2404 totum
155 2374 258 2405 solum
269 2374 456 2413 salsuginem
468 2373 637 2410 emitteret,
650 2374 806 2412 terrmque
817 2381 960 2403 amarore
975 2372 1075 2403 indito

43 2433 150 2456 omnes
166 2425 268 2464 fruges
284 2426 566 2464 corrumperentur
584 2433 591 2455 :
614 2424 710 2464 idque
726 2425 855 2455 durasse
868 2448 876 2463 ,
892 2424 992 2454 donec
1010 2433 1076 2454 mu-

42 2475 152 2506 lierum
167 2476 272 2507 victus
289 2476 467 2507 reverentia
490 2475 729 2515 deprecantium
741 2499 749 2514 ,
764 2476 946 2515 Neptunum
963 2484 1075 2505 exora-

43 2527 121 2558 verit
136 2529 171 2559 ut
184 2527 278 2559 finem
292 2528 347 2559 irae
364 2528 493 2559 faceret.
513 2528 594 2559 Hinc
610 2528 709 2566 legem
723 2536 790 2558 esse
802 2527 885 2567 apud
899 2527 1055 2558 Xanthios
1065 2553 1073 2566 ‚

45 2579 155 2610 utnon
175 2588 193 2610 a
217 2580 376 2619 patribus,
403 2579 457 2609 sed
474 2587 490 2609 a
506 2579 661 2610 matribus
683 2580 812 2609 nomina
834 2581 971 2609 sumant.

528 2645 582 2675 14.

90 2708 239 2747 Nymphis
255 2709 345 2738 sexto
368 2710 414 2738 De
439 2708 589 2738 Heraclea
609 2707 689 2737 lihro
713 2708 845 2738 Hecates
870 2706 948 2738 dicit
971 2707 1076 2737 fanum

47 2766 109 2788 esse
121 2758 150 2788 in
170 2758 380 2798 Paphlagonia
392 2766 410 2788 a
427 2758 536 2789 Medea
547 2759 780 2788 consecratum.

535 2825 587 2856 15.

87 2888 235 2927 Nymphis
250 2888 456 2927 Heracleota,
483 2889 573 2919 sexto
594 2888 673 2918 libro
688 2887 833 2918 Historiae
850 2887 979 2926 pati-iae,
998 2887 1075 2917 scri-

47 2938 92 2970 bit
117 2949 125 2970 :
155 2952 169 2966 α
197 2941 382 2978 Pausanias,
404 2940 430 2971 is
447 2940 503 2980 qui
525 2940 563 2971 ad
588 2940 720 2971 Plataeas
743 2938 942 2970 Mardonium
967 2938 1077 2977 proelio

49 2991 225 3030 superavit,
242 2992 345 3023 missis
356 2992 447 3023 sactis
464 2994 586 3032 Spartae
602 2992 722 3031 legibus
735 2993 767 3022 et
784 2991 936 3021 institutis
949 3014 957 3029 ,
971 2992 1076 3021 totum

48 3049 81 3071 se
101 3043 270 3074 insolentiae
285 3044 412 3074 tradens
425 3068 433 3083 ,
449 3053 552 3083 quum
574 3044 657 3074 circa
674 3042 860 3082 Byzantium
885 3044 1076 3081 versaretur,

49 3101 168 3125 :cneum
190 3097 342 3127 craterem
367 3096 425 3127 diis
443 3085 679 3134 consecratum,
696 3103 833 3135 quorum
857 3094 1011 3133 templum
1038 3094 1076 3124 ad

51 3143 118 3175 freti
131 3147 177 3176 est
202 3146 365 3178 introitum
376 3171 384 3186 ‚
398 3147 453 3186 qui
468 3149 570 3178 crater
585 3146 740 3185 hodieque
753 3146 872 3183 exstat,
887 3153 960 3175 eum
984 3153 1078 3175 ausus

51 3197 95 3226 est
111 3197 152 3227 ita
166 3198 333 3230 inscribere
346 3199 434 3239 quasi
464 3200 527 3239 ipse
544 3198 734 3235 dedicasset,
752 3197 793 3228 oh
810 3196 970 3227 luxuriam
996 3197 1078 3227 inso-

52 3245 238 3288 lentiamque
253 3250 299 3280 sui
316 3259 442 3289 prorsus
458 3250 572 3281 oblitus
584 3273 592 3288 ‚
610 3250 668 3280 hac
679 3249 774 3279 incisa
793 3247 946 3287 scriptura
967 3261 973 3277 ;

1207 2270 1330 2297 Virtutis
1345 2272 1574 2297 monumentum
1589 2270 1689 2304 posuit
1702 2270 1762 2303 regi
1775 2271 1910 2305 Neptuno

1241 2315 1407 2347 Pausanias,
1424 2315 1544 2342 Graecise
1557 2315 1694 2350 princeps
1709 2315 1764 2342 late
1780 2315 1916 2349 patentiS,

1207 2363 1335 2387 Pontum
1350 2360 1384 2387 ad
1400 2361 1555 2394 Euxinum,
1571 2363 1728 2395 Spartanus
1739 2368 1857 2394 genere,
1869 2361 1944 2388 filius
2037 2383 2051 2395 „

1244 2406 1437 2439 Cleombroti,
1454 2407 1573 2441 antiqua
1587 2406 1623 2434 de
1637 2406 1771 2434 Herculis
1790 2406 1929 2441 prosapia.
1945 2416 1960 2429 υ

1625 2499 1678 2530 16.

1178 2579 1332 2618 Nymphis
1349 2579 1533 2610 Heracleota
1544 2579 1683 2609 secundo
1699 2581 1744 2609 De
1761 2578 1912 2609 Heraclea
1925 2577 2004 2608 libro
2019 2577 2086 2608 haec
2097 2577 2169 2607 scri·-

1137 2630 1182 2661 hit
1199 2643 1205 2661 :
1224 2644 1238 2657 «
1252 2631 1428 2670 Dionysius,
1441 2631 1583 2663 Clearchi
1599 2630 1689 2670 primi
1702 2631 1859 2662 Heraclere
1870 2630 1994 2670 tyranni
2010 2629 2103 2667 silius,
2115 2630 2171 2669 qui

1136 2684 1166 2711 et
1179 2681 1242 2721 ipse
1252 2682 1451 2721 tyrannidem
1465 2683 1574 2721 patriae
1587 2682 1766 2722 occupavit,
1780 2691 1835 2721 per
1848 2681 2007 2712 luxuriam
2021 2682 2052 2711 et
2064 2681 2171 2720 quoti-v

1136 2732 1262 2762 dianam
1282 2733 1445 2772 crapulam
1469 2734 1620 2772 paulatim
1647 2733 1690 2763 ita
1711 2733 1827 2763 obesus
1851 2733 1967 2768 evasit,
1987 2733 2022 2762 ut
2041 2733 2165 2771 propter

1136 2783 1309 2814 crassitiem
1334 2783 1520 2815 difficultate
1549 2784 1676 2823 spiritus
1703 2784 1734 2815 et
1758 2783 1965 2814 suffocatione
1999 2782 2166 2813 laboraret.

1137 2838 1242 2871 Quare
1264 2838 1483 2875 prmceperunt
1505 2836 1636 2875 medici,
1665 2838 1701 2867 ut
1711 2836 1940 2866 conficerentur
1956 2843 2030 2866 acus
2057 2836 2170 2865 tenues

1137 2888 1306 2927 praelongae
1317 2912 1325 2926 ,
1348 2897 1419 2928 quae
1430 2897 1485 2928 per
1495 2889 1594 2919 latera
1606 2889 1637 2919 et
1651 2890 1793 2919 ventrem
1812 2887 2023 2927 adigerentur,
2043 2885 2172 2926 quando

1139 2939 1191 2969 ille
1221 2939 1253 2969 in
1281 2939 1517 2978 profundiorem
1543 2948 1689 2969 somnum
1715 2938 1884 2969 incidisset.
1939 2937 2170 2977 Aliquantisper

1136 2991 1230 3030 igitur
1245 2993 1372 3031 propter
1396 2992 1543 3022 callosam
1572 3000 1612 3022 ex
1631 2991 1721 3030 adipe
1746 2999 1873 3021 carnem
1903 2989 2027 3020 nullum
2043 2997 2168 3019 sensum

1136 3042 1163 3072 ei
1177 3042 1328 3072 afferebat
1353 3042 1465 3072 adacta
1489 3051 1565 3073 acus
1581 3055 1587 3073 :
1606 3041 1733 3081 quando
1752 3050 1828 3072 vero
1844 3041 1881 3071 ad
1902 3049 2013 3080 puram
2042 3047 2167 3069 carnem

1138 3093 1359 3132 perveniebat,
1377 3093 1529 3132 illamque
1541 3094 1706 3131 tangebat,
1723 3094 1801 3123 tune
1813 3092 1866 3122 ille
1882 3089 2166 3130 expergiscebatur.

1137 3146 1292 3183 Responsa
1304 3154 1377 3175 vero
1388 3145 1566 3184 petentibus
1584 3145 1679 3174 dabat
1702 3143 1899 3183 prmtendens
1909 3151 2012 3172 arcam
2027 3139 2166 3178 corpori,

1138 3196 1173 3225 ut
1185 3197 1269 3225 tecto
1281 3196 1402 3233 reliquo
1414 3204 1545 3234 corpore
1558 3196 1622 3225 sola
1639 3195 1716 3225 facie
1730 3203 1869 3224 eminens
1882 3202 1954 3222 cum
1974 3192 2019 3221 his
2029 3191 2082 3229 qui
2094 3198 2166 3220 euin

1137 3247 1258 3277 adirent
1275 3247 1466 3285 loqueretur.
1485 3260 1498 3273 »
1521 3248 1525 3252 '
