2338 3765
984 156 1306 193 FRAGMENTA.

63 254 118 282 τος
135 238 194 289 (2),
215 237 271 274 ὑπ’
292 237 392 288 ὀργῆς
414 235 455 286 (3)
475 234 646 286 καθεῖρξεν
671 237 716 277 εἷς
742 234 872 284 οἴκημα
900 235 1005 280 δήσας
1030 234 1090 272 σὺν

61 295 178 348 ἵππῳ,
201 295 259 332 καὶ
285 293 412 346 τροφὴν
438 293 603 344 οὐδετέρῳ
631 294 670 341 (4)
702 292 902 340 εἰσέπεμπε.
936 291 1091 333 Πιεσθεὶς

60 349 117 391 οὖν
133 354 225 404 λιμῷ
245 355 262 389 ὁ
278 351 382 394 ἵππος
395 381 404 398 ,
433 350 630 402 ἐφορμήσας
649 352 690 401 τῇ
711 350 830 398 παιδὶ,
858 349 1039 391 ἀναλώσας
1055 363 1091 385 τε

61 411 178 456 αὐτὴν,
201 409 260 447 καὶ
278 408 378 449 αὐτὸς
405 408 542 459 ὕστερον
568 407 730 446 ἀπέθανε.
760 406 859 445 Μετὰ
883 410 992 444 ταῦτα
1018 408 1092 444 ε’πι·

61 467 247 520 σκαφείσης
275 467 387 509 αὐτοῖς
405 469 464 511 τῆς
490 465 671 511 οἰκήσεως,
702 465 760 501 ἀπ’
778 464 907 502 ἐκείνου
937 467 954 501 ὃ
982 466 1092 515 χῶρος

61 525 215 562 ἐκαλεῖτο
235 524 362 562 Ἵππου
382 523 440 560 καὶ
462 522 587 574 Κόρης.

545 615 607 653 52.

114 705 201 740 Exc.
223 705 279 738 De
308 703 417 737 insid.
452 715 460 737 :
489 699 574 739 εὈτι
600 701 804 752 Κυρηναίοις
834 699 876 750 (1)
906 701 937 736 οἳ
957 699 1091 738 Βάττου

20 791 23 796 .
62 761 180 801 παῖδες
198 759 413 811 Ἀρκεσίλαος
427 759 466 778 *⁴²
482 758 565 809 πρὸς
579 759 748 804 ἀλλήλους
762 757 1010 800 στασιάσαντες
1026 757 1091 806 μά·

61 834 128 869 χην
144 817 284 869 ἤγειραν
300 816 429 859 Λίὸυας
443 816 497 853 ἐπ’
513 815 633 858 αὐτοὺς
650 815 851 867 ἐνεγκόντες.
881 815 950 853 Καὶ
964 817 1092 861 ἡττῶν·

61 891 118 912 ται
152 875 359 926 Κυρηναῖοι·
398 873 651 924 ἑπτακισχίλιοι
681 875 747 925 γὰρ
780 872 949 910 ἀπέθανον
980 874 1014 909 ἐν
1043 873 1092 923 τῷ

63 931 218 984 πολέμῳ.
241 931 458 983 Ἀρκεσίλαος
485 931 516 968 δ’
543 930 599 968 ἐπὶ
626 931 756 973 τούτοις
774 930 956 983 φάρμακον
983 929 1093 967 πίνει·

63 991 311 1035 δυσθνητοῦντα
332 989 360 1026 δ’
389 988 490 1026 αὐτὸν
522 990 540 1025 ὁ
568 988 710 1040 ἀδελφὸς
739 982 820 1037 ἧγξε
850 987 894 1038 (2)
920 986 1089 1039 Λέαρχος.

63 1048 133 1086 Τὸν
154 1048 189 1085 δὲ
209 1045 367 1099 Λέαρχον
385 1049 406 1092 ἡ
423 1049 482 1083 τοῦ
501 1045 703 1097 Ἀρκεσίλεω
728 1045 812 1096 γυνὴ
837 1045 959 1082 κτείνει
984 1045 1092 1096 Ἐρυ-

63 1105 108 1149 ξώ
130 1107 181 1155 (a).
203 1104 278 1150 Τὴν
294 1105 327 1142 δὲ
350 1103 460 1156 ἀρχὴν
481 1106 498 1141 ὁ
516 1107 574 1141 τοῦ
595 1103 797 1156 Ἀρκεσίλεω
813 1108 893 1146 παῖς
916 1101 1094 1154 ἐκδέχεται

63 1161 192 1205 Βάττος
206 1161 317 1213 χωλὸς
335 1160 397 1200 ὤν.

547 1229 608 1267 53.

115 1324 211 1360 Ibid.
233 1337 241 1359 ε
256 1320 340 1361 “on
355 1321 473 1364 Ἴωνες
484 1323 516 1358 ἐν
531 1323 580 1372 τῷ
592 1321 677 1372 πρὸς
690 1320 935 1372 Ὀρχομενίους
952 1322 1094 1374 πολέμῳ

65 1381 343 1432 καταδραμόντες
362 1378 402 1431 (1)
424 1381 535 1416 αὐτῶν
551 1379 611 1422 τὰς
631 1379 769 1427 κώμας,
784 1381 946 1429 γυναῖκας
964 1381 1094 1431 αἰχμα-

63 1437 189 1481 λώτους
204 1437 335 1480 πολλὰς
348 1437 519 1487 ἠγάγοντο
531 1452 538 1460 ·
556 1437 919 1479 καταπαλλακεύοντες
934 1438 963 1474 δ’
980 1438 1094 1485 αὐτὰς,

63 1496 190 1539 παῖδας
227 1495 463 1545 ἔξεγέννησαν.
503 1494 782 1547 εΥποτραςρείσης
818 1494 852 1531 δὲ
885 1498 953 1532 τῶν
987 1495 1092 1533 νόθων

63 1552 216 1600 νεότητος
240 1554 301 1590 οὐκ
321 1551 456 1603 ὀλίγης,
473 1551 643 1595 δείσαντες
655 1554 686 1589 οἱ
703 1551 833 1602 γνήσιοι
849 1554 887 1589 ἐκ
903 1555 962 1597 τῆς
981 1551 1096 1603 χώρας

63 1610 184 1653 αὐτοὺς
213 1609 451 1657 ἐξανέστησαν.
481 1611 526 1648 Οἱ
553 1610 581 1647 δ’
613 1611 659 1652 εἷς
679 1609 826 1659 Θορικὸν
854 1612 916 1655 τῆς
940 1609 1096 1654 Ἀττικῆς

65 1667 372 1719 ἀποχωρήσαντες,
390 1667 561 1717 ἡγεμόνας
579 1668 690 1703 αὑτῶν
706 1666 996 1717 προστησάμενοι,
1010 1669 1096 1715 ὁμοῦ

64 1728 133 1768 τοῖς
151 1723 268 1762 Ἴωσιν
289 1724 494 1768 ἐξέπλευσαν
516 1726 571 1774 (2).
591 1723 771 1774 Συνῄεσαν
789 1723 824 1760 δὲ
842 1725 955 1766 αὐτοῖς
971 1723 1092 1761 πολλοὶ

66 1783 354 1828 Πελοποννήσιοι·
373 1782 512 1833 σχόντες
537 1781 572 1819 δὲ
591 1781 674 1833 πρὸς
690 1785 737 1833 τῷ
757 1781 884 1833 εἘρμῳ
908 1782 982 1824 ταῖς
997 1782 1097 1819 ναυσὶ

68 1841 127 1878 καί
146 1857 222 1878 τινα
242 1841 366 1886 νησῖδα
388 1839 665 1889 καταλαὸόμενοι
681 1841 746 1891 οὐχ
762 1839 839 1882 ἑκὰς
854 1843 915 1885 τῆς
934 1839 1076 1889 ἠπείρου
1088 1868 1097 1886 ,

67 1900 204 1936 πολλῶν
226 1899 340 1941 αὐτοῖς
360 1897 543 1949 βαρὸάρων
562 1897 739 1944 ἐπιόντων,
761 1899 914 1947 ἀντεῖχον
935 1900 1097 1947 κρατοῦν-

65 1971 139 2003 τες,
155 1956 215 1993 καὶ
234 1956 291 1994 ε’πί
307 1972 383 1993 τινα
399 1956 502 2008 λόφον
522 1958 582 2001 τ’ἧς
594 1955 737 2007 ἠπείρου
751 1954 962 2005 περάσαντες
975 1954 1013 1992 τὸ
1027 1954 1095 2005 [δὲ]

67 2013 193 2063 μεταξὺ
214 2020 283 2051 πᾶν
303 2013 474 2065 χωννύναι
503 2016 701 2051 διενοοῦντο.
733 2014 919 2050 Κάνταῦθα
945 2013 1098 2062 τειχοδο-

67 2077 142 2121 μεῖν
168 2071 357 2114 κωλύοντος
383 2070 503 2114 αὖτοὺς
525 2070 665 2109 Μέννεω
689 2073 750 2108 τοῦ
774 2070 898 2119 Κύμης
919 2070 1098 2121 τυράννου,

67 2129 102 2172 ὃς
120 2129 195 2167 τότε
216 2132 282 2166 τῶν
305 2128 414 2177 ταύτῃ
436 2127 572 2180 χωρίων
592 2128 747 2181 ἐκράτει,
769 2128 941 2173 Οὖατίας,
959 2127 1100 2179 ἀδελφὸς

68 2189 191 2232 αὐτοῦ,
217 2186 332 2238 φιλίαν
361 2188 420 2224 καὶ
440 2185 628 2236 ἐπιγαμίαν
647 2185 837 2223 συντίθεται
867 2185 951 2235 πρὸς
979 2184 1099 2227 αὐτοὺς

68 2245 123 2282 ἐπὶ
148 2247 197 2296 τῷ
225 2245 334 2281 κεῖνον
364 2244 578 2289 καταλῦσαι,
608 2243 667 2280 καὶ
695 2245 808 2285 αὐτοῖς
839 2243 957 2294 χώραν
985 2243 1100 2279 δοῦναι

2100 166 2168 195 387

1155 244 1284 281 angusta
1301 244 1379 274 cella
1398 244 1568 282 conclusit,
1590 245 1693 275 nentri
1719 246 1904 277 alimentum
1925 245 2176 277 subministrans.

1154 311 1285 341 Proinde
1310 313 1439 350 urgente
1465 313 1545 344 same
1567 322 1685 352 equus,
1712 315 1742 345 in
1766 315 1903 354 puellam
1930 316 2049 355 impetu
2076 318 2176 355 sacto,

1152 391 1221 413 eam
1237 382 1449 421 consumpsit,
1462 391 1563 422 neque
1577 383 1677 414 secius
1693 385 1755 423 ipse
1767 385 1968 424 postmodum
1982 387 2062 417 same
2076 388 2176 426 periit.

1155 451 1271 483 Deinde
1296 459 1394 490 quum
1418 450 1531 481 domus
1547 452 1613 482 solo
1639 456 1764 491 aequata
1788 454 1912 492 suisset,
1940 456 2025 485 locus
2045 456 2120 495 Equi
2143 465 2179 487 ac

1155 519 1269 550 Puellae
1291 527 1329 549 ex
1347 527 1379 549 re
1393 518 1564 557 appellatus
1577 521 1633 549 est.

1658 619 1711 649 52.

1196 701 1357 742 cyrenoeis
1372 701 1454 733 Batti
1472 703 1500 732 11
1519 701 1593 739 filii,
1612 703 1786 733 Arcesilaus
1806 704 2103 743 ejusquesvutres,
2121 706 2179 735 dis·

1153 760 1288 790 sidentes
1306 760 1386 790 inter
1407 768 1457 798 se,
1476 768 1613 799 pugnam
1638 760 1833 798 excitarunt,
1858 762 1938 792 Afris
1956 763 1995 793 ab
2019 763 2116 793 altera
2133 764 2178 794 fa-

1153 819 1256 849 ctione
1269 821 1378 848 contra
1394 826 1446 848 eos
1466 817 1625 848 immissis.
1651 821 1693 847 Ac
1708 817 1798 848 clade
1820 818 2000 850 afficiuntur
2017 821 2160 859 Cyrenaei
2171 845 2179 858 ‚

1153 884 1288 915 quorum
1303 876 1420 914 septem
1435 875 1533 906 millia
1550 875 1579 905 in
1597 883 1633 905 eo
1651 874 1733 905 bello
1748 876 1899 906 interlecti
1917 879 1999 907 sunt.
2019 879 2089 913 Quo
2106 887 2179 908 casu

1153 933 1287 964 afflictus
1318 932 1494 964 Arcesilaus
1518 934 1628 972 potum
1656 933 1846 963 venenatum
1872 933 1985 964 hausit.
2017 935 2054 965 Et
2082 943 2181 973 quum

1155 991 1299 1030 prompta
1310 999 1394 1021 mors
1407 999 1471 1021 non
1480 990 1657 1027 afferretur,
1672 989 1830 1021 Learchus
1843 991 1937 1020 frater
1950 999 2022 1021 eum
2036 992 2179 1030 strangu-

1156 1049 1241 1080 lavit.
1256 1049 1432 1080 Learchum
1447 1057 1522 1079 vero
1533 1057 1612 1078 uxor
1625 1048 1770 1079 Arcesilai
1783 1050 1887 1087 Eryxo
1898 1048 2030 1079 necavit.
2044 1050 2181 1088 Regnum

1155 1105 1265 1136 deinde
1278 1105 1413 1145 suscepit
1427 1104 1509 1135 tilius
1523 1105 1682 1142 Arcesilai,
1702 1106 1810 1135 Battus
1825 1106 1882 1142 lll,
1898 1105 1949 1143 qui
1962 1105 2039 1144 pede
2054 1105 2184 1136 claudus

1155 1164 1232 1194 erat.

1646 1224 1703 1254 53.

1199 1322 1289 1352 lone-3
1305 1321 1413 1351 contra
1432 1319 1660 1351 Orchomenios
1676 1318 1793 1351 bellum
1807 1321 1965 1359 gerentes,
1985 1320 2014 1350 in
2033 1320 2116 1350 vicos
2132 1330 2185 1351 eo-

1159 1390 1228 1411 rum
1248 1379 1425 1410 incursione
1450 1379 1552 1417 sacta,
1575 1378 1692 1409 multas
1714 1377 1862 1408 mulieres
1886 1378 2025 1417 captivas
2044 1378 2186 1409 abduxe-

1157 1440 1248 1477 runt,
1260 1438 1377 1478 quibus
1393 1446 1449 1477 pro
1465 1435 1629 1476 pellicibus
1642 1437 1767 1466 utentes
1781 1437 1956 1475 genuerunt
1974 1436 2094 1467 liberos.
2110 1438 2185 1475 Spu-

1159 1497 1277 1527 riorum
1308 1496 1378 1526 haec
1405 1495 1556 1534 juventus
1583 1495 1631 1525 sat
1661 1502 1829 1525 numerosa
1853 1503 1953 1533 quum
1983 1494 2186 1531 adolevisset,

1157 1555 1335 1585 metuentes
1353 1553 1412 1584 sibi
1434 1552 1560 1592 genuini
1576 1561 1593 1583 e
1611 1552 1738 1591 regione
1763 1560 1832 1583 eam
1857 1552 2057 1592 expulerunt.
2085 1552 2131 1583 llli
2158 1553 2187 1583 in

1157 1612 1327 1643 Thoricum
1342 1610 1453 1642 Atticae
1468 1618 1582 1650 pagum
1599 1609 1744 1648 digressi,
1759 1610 1871 1640 creatis
1887 1609 1943 1640 sibi
1958 1609 2090 1649 ducibus
2102 1635 2110 1648 ‚
2125 1619 2188 1640 una

1158 1679 1231 1700 cum
1246 1669 1372 1700 Ionibus
1388 1669 1419 1699 in
1435 1669 1538 1699 Asiam
1556 1668 1753 1707 navigarunt.
1778 1667 1917 1698 Admixti
1939 1668 1975 1698 iis
1988 1670 2075 1698 erant
2095 1668 2186 1698 multi

1159 1726 1384 1766 Peloponnesii.
1408 1726 1606 1765 Appellentes
1627 1725 1666 1755 ad
1694 1726 1847 1756 Hermum
1883 1724 2015 1755 fluvium
2052 1726 2186 1756 insulam

1157 1785 1316 1825 quandam
1337 1784 1420 1814 haud
1436 1784 1544 1823 procul
1569 1792 1587 1814 a
1601 1783 1783 1813 continente
1801 1782 1893 1813 sitam
1916 1784 2129 1822 occuparunt,
2153 1792 2189 1813 ac

1159 1843 1340 1882 propulsata
1353 1841 1576 1879 barbarorum,
1592 1841 1646 1880 qui
1663 1840 1768 1871 hostili
1791 1840 1910 1880 impetu
1925 1840 2007 1880 ipsos
2028 1840 2187 1880 aggredie—

1159 1901 1285 1937 bantur,
1300 1899 1516 1937 multitudine,
1532 1898 1563 1928 in
1578 1899 1689 1929 collem
1706 1898 1866 1938 quendam
1880 1898 2068 1929 continentis
2085 1899 2187 1929 trans-

1158 1958 1271 1998 gressi,
1285 1957 1421 1997 spatium
1435 1956 1658 1988 intermedium
1668 1964 1778 1995 aggere
1797 1956 1927 1995 jungere
1942 1956 2186 1987 constituebant.

1161 2016 1205 2047 lbi
1219 2025 1317 2055 quum
1335 2024 1462 2045 murum
1487 2014 1603 2045 ducere
1619 2014 1847 2053 impedirentur
1869 2022 1887 2043 a
1908 2014 2021 2044 Menne
2038 2015 2187 2045 Cumaeo—

1159 2083 1230 2105 rnm
1248 2076 1399 2113 tyranno,
1416 2073 1505 2111 cujus
1518 2072 1549 2102 in
1572 2073 1725 2111 potestate
1742 2072 1809 2102 haec
1832 2071 1917 2110 regio
1936 2073 2021 2109 erat,
2070 2070 2188 2108 Uatias,

1161 2132 1256 2162 frater
1280 2131 1363 2170 ejus,
1381 2130 1528 2160 amicitiae
1548 2128 1650 2160 foedus
1677 2130 1708 2159 et
1729 2128 1959 2159 connubiorum
1975 2129 2026 2167 jus
2054 2128 2089 2159 iis
2114 2137 2187 2167 pro-

1160 2189 1282 2229 posuit,
1304 2197 1340 2219 ea
1357 2187 1535 2218 conditione
1558 2188 1594 2217 ut
1610 2186 1731 2217 Mennis
1755 2186 1922 2225 imperium
1947 2185 2073 2216 illorum
2094 2194 2189 2224 opera

1160 2247 1315 2278 everteret
1330 2247 1426 2284 atque
1439 2253 1549 2284 agrum
1562 2244 1598 2274 iis
1610 2244 1697 2274 daret
1711 2243 1928 2274 sufficientem.
1947 2243 1995 2274 llli
2009 2243 2102 2282 igitur
2115 2251 2188 2273 cum

68 2356 117 2386 ed.
136 2355 233 2387 Wolf.
250 2357 295 2386 De
312 2363 344 2385 re
357 2355 397 2385 ct.
412 2355 476 2385 not.
494 2354 532 2384 ad
550 2353 706 2385 Heraclid.
723 2354 789 2384 Pol.
820 2357 847 2384 1.
862 2372 902 2378 --
919 2358 945 2384 1.
960 2351 1112 2392 ἀστῶν]
1127 2351 1255 2390 Suidas,
1270 2351 1370 2381 αὐτῶν
1385 2349 1454 2380 cod.
1469 2367 1510 2372 —
1524 2353 1553 2380 2.
1568 2350 1651 2389 αἰσχ.
1673 2348 1788 2388 λάθρα]
1802 2348 1894 2388 λάθρα
1908 2349 1994 2388 αἰσχ.
2013 2347 2134 2379 Suidas.
2150 2364 2191 2369 —

71 2407 98 2433 3.
115 2401 172 2432 ὑπ’
185 2402 274 2441 ὀργῆ
285 2400 319 2440 ς]
336 2401 395 2431 ὑπὸ
409 2403 463 2439 γῆς
476 2400 574 2431 schol.
590 2400 699 2431 Liban.
714 2417 755 2422 —
769 2402 796 2430 4.
815 2398 981 2439 οὐδετέρῳ]
996 2398 1084 2430 Suid.
1097 2422 1105 2437 ,
1120 2398 1276 2437 οὐδετέρου
1291 2397 1401 2427 codex.

111 2452 160 2480 52.
189 2447 266 2479 God.
287 2449 404 2478 Escor.
418 2446 487 2485 fol.
507 2451 563 2484 82,
581 2448 670 2477 18-24
683 2455 760 2477 r.-
777 2450 803 2476 1.
818 2444 1075 2484 Κυρηναίοις]
1089 2447 1243 2484 κυρηναῖοι
1260 2442 1369 2473 codex.
1385 2443 1457 2472 Post
1471 2449 1580 2471 vocem
1597 2440 1786 2479 Ἀρκεσίλαος
1804 2440 1949 2470 lacunam
1963 2437 2080 2469 notavi.
2098 2438 2190 2467 Exci-

69 2493 150 2525 derit
164 2503 171 2524 z
186 2495 238 2524 καὶ
261 2495 289 2524 οἱ
307 2493 426 2532 ἀδελφοὶ
443 2493 555 2530 αὐτοῦ;
578 2492 635 2522 nisi
651 2491 730 2522 sorte
743 2491 944 2522 scribendum
958 2492 1004 2521 est
1017 2490 1064 2520 ἐπ’
1085 2490 1275 2530 Ἀρκεσίλεω.
1293 2492 1337 2520 De
1352 2498 1384 2519 re
1397 2489 1520 2518 constat
1533 2496 1572 2517 ex
1593 2486 1753 2518 Herodoto
1770 2488 1831 2524 lV,
1850 2490 1906 2516 160
1920 2485 2010 2524 (coll.
2031 2484 2190 2514 Plutarch.

71 2542 115 2571 De
129 2541 208 2571 mul.
224 2540 298 2570 virt.
317 2548 348 2579 p.
370 2543 428 2570 260
440 2563 449 2578 ,
469 2539 606 2578 Polyaen.
627 2539 760 2576 Strateg.
777 2539 848 2568 Vlll
861 2561 869 2573 ,
887 2540 922 2568 41
938 2538 957 2576 ).
979 2536 1126 2568 Arcelaus
1145 2538 1173 2567 11
1197 2537 1213 2566 ὁ
1235 2536 1366 2575 χαλεπὸς
1384 2533 1465 2565 Batti
1484 2533 1612 2564 secundi
1629 2536 1683 2563 τοῦ
1708 2532 1883 2572 εὐδαίμονος
1909 2531 2009 2567 filius,
2024 2529 2193 2560 discordias

71 2586 236 2617 exercebat
248 2594 320 2616 cum
332 2585 489 2616 tratribus.
506 2584 545 2616 Hi
557 2585 717 2623 (Perseus,
728 2583 906 2623 Zacynthus
915 2606 923 2621 ‚
935 2583 1152 2614 Aristomedon
1164 2584 1195 2613 et
1204 2584 1305 2621 Lycus
1314 2590 1375 2612 sec.
1388 2580 1495 2619 Steph.
1507 2581 1581 2619 Byz.
1595 2588 1614 2609 v
1638 2578 1778 2619 Βάρκη),
1792 2578 1908 2608 relictis
1918 2576 2063 2616 Cyrenis,
2076 2577 2193 2606 Barcen

71 2632 181 2663 urbem
198 2631 356 2670 condunt,
373 2631 516 2670 Afrisque.
536 2630 741 2670 persuadent,
760 2632 795 2661 ut
808 2639 827 2661 a
842 2630 999 2669 Cyrenaeis
1020 2629 1178 2661 deficiant.
1199 2630 1316 2660 Contra
1339 2627 1471 2658 rebelles
1487 2625 1661 2656 Arcesilaus
1678 2625 1853 2656 exercitum
1876 2623 1998 2660 educit,
2018 2621 2193 2662 proelioque

72 2678 111 2709 ad
129 2681 303 2710 Leuconem
327 2677 478 2716 oppidum
503 2676 689 2715 commisso,
712 2678 830 2715 septem
857 2675 954 2706 millia
981 2677 1207 2714 Cyrenaeorum
1226 2674 1433 2705 trucidantur.
1452 2672 1538 2702 Μετὰ
1561 2672 1592 2701 δὲ
1608 2674 1714 2711 τρῶμα
1735 2674 1824 2701 τοῦτο
1846 2670 2038 2710 Ἀρκεσίλεων
2067 2669 2119 2707 μὲν
2135 2667 2192 2697 κά-

73 2724 185 2764 μνοντά
196 2735 228 2755 τε
244 2725 296 2754 καὶ
312 2723 470 2764 φάρμακον
486 2722 654 2753 πεπωκότα
671 2723 688 2752 ὁ
704 2722 846 2762 ἀδελφεὸς
860 2722 998 2761 Λέαρχος
1015 2722 1192 2760 ἀποπνίγει,
1206 2721 1345 2760 Λέαρχον
1367 2720 1398 2750 δὲ
1420 2720 1439 2755 ἡ
1455 2719 1531 2756 γυνὴ
1551 2719 1570 2753 ἡ
1589 2718 1766 2757 Ἀρκεσίλεω
1780 2717 1859 2757 δόλῳ
1878 2716 2004 2752 κτείνει,
2026 2718 2062 2754 τῇ
2078 2715 2194 2752 οὕνομα

72 2771 108 2808 ἦν
121 2770 247 2808 Ἐρυξώ.
274 2770 433 2804 Διεδέξατο
447 2769 478 2799 δὲ
500 2770 553 2804 τὴν
569 2768 730 2807 βασιληίην
749 2771 804 2798 τοῦ
813 2766 996 2807 Ἀρκεσίλεω
1021 2768 1038 2797 ὁ
1052 2770 1124 2803 παῖς
1146 2766 1277 2805 Βάττος,
1292 2766 1391 2805 χωλὸς
1410 2765 1467 2795 ἐὼν
1484 2765 1534 2794 καὶ
1552 2764 1609 2794 οὐκ
1627 2763 1780 2803 ἀρτίπους.
1797 2764 1871 2794 Haec
1885 2761 2078 2797 Herodotus,
2096 2767 2192 2798 quem

72 2816 219 2847 Nicolaus
234 2815 266 2847 h.
282 2815 303 2846 l.
322 2814 514 2846 consuluisse
532 2813 672 2845 videtur.
689 2813 867 2844 Arcesilaus
886 2815 915 2844 11
929 2813 1070 2852 regnavit
1085 2822 1134 2844 an.
1160 2815 1298 2844 550-540
1312 2820 1373 2842 see.
1393 2811 1490 2842 Reitz.
1503 2832 1512 2848 ‚
1530 2811 1662 2840 554-544
1682 2818 1745 2840 see.
1773 2809 1918 2840 Larcher.
1945 2809 1994 2846 (v.
2020 2804 2131 2844 Thrige
2150 2808 2194 2835 De

74 2862 138 2892 reb.
159 2864 274 2900 Cyren.
292 2870 320 2899 p.
344 2864 399 2892 173
416 2862 481 2891 not.
498 2863 535 2891 73
546 2860 567 2898 ).
585 2861 664 2896 Quae
679 2860 822 2898 tempora
832 2868 933 2898 quum
950 2868 1014 2890 non
1029 2859 1143 2890 cadant
1156 2860 1187 2889 in
1210 2858 1284 2889 illud
1301 2857 1435 2897 spatium
1447 2880 1455 2893 ‚
1471 2855 1556 2895 quod
1572 2856 1652 2886 libro
1675 2858 1733 2886 Vll
1754 2855 1900 2887 Nicolaus
1915 2853 2117 2884 tractandum
2134 2851 2191 2882 sibi

73 2907 202 2950 sumsit,
219 2909 250 2938 et
265 2916 363 2946 quum
378 2907 409 2937 in
428 2905 630 2945 sequentibus
643 2905 772 2936 demum
788 2907 898 2935 tonum
914 2905 1060 2944 'migratio
1073 2906 1261 2943 exponatur,
1279 2905 1388 2942 sponte
1405 2901 1599 2940 intelligitur,
1616 2901 1780 2933 Nicolaum
1798 2902 1828 2931 in
1842 2898 2102 2930 antecedentibus
2119 2906 2192 2927 nar-

74 2962 176 2993 rasse,
194 2954 356 2993 quomodo
370 2954 439 2993 post
452 2952 589 2983 reditum
604 2951 839 2983 Heraclidarum
855 2952 969 2990 Minyae
983 2959 1157 2990 eorumque
1172 2949 1247 2980 socii
1265 2949 1402 2988 primum
1425 2949 1457 2978 in
1475 2947 1610 2978 Theram
1621 2971 1628 2984 ‚
1648 2947 1760 2978 deinde
1775 2947 1805 2977 in
1824 2946 1956 2985 Libyam
1973 2944 2192 2989 nugi-agerint,

75 3008 173 3040 eaque
185 3000 348 3031 occasione
359 3007 486 3030 omnem
502 2998 715 3030 Battiadarum
731 2998 892 3028 historiam
906 2998 1114 3029 subtexuisse.
1130 2997 1277 3027 Similiter
1291 3005 1356 3026 rem
1371 2994 1526 3025 Diodorus
1539 2993 1673 3025 instituit
1682 2992 1770 3029 Vlll,
1781 2998 1818 3024 29
1833 2994 1863 3023 et
1880 2996 1928 3024 30.
1950 2993 2089 3030 Uterque
2103 2992 2134 3020 in
2148 2991 2194 3020 his

75 3048 201 3077 secutus
219 3047 313 3077 suerit
334 3046 508 3085 Ephorum.
525 3063 560 3070 -
577 3049 606 3074 2.
623 3044 781 3082 ἀδελφὸς
803 3042 910 3082 ἦγξε]
923 3043 1101 3082 ἀδελφοήγξε
1115 3042 1224 3073 codex.
1240 3045 1276 3073 ln
1289 3044 1409 3072 antece.
1425 3041 1500 3071 nota
1515 3049 1623 3071 vocem
1636 3042 1859 3076 δυσθνητοῡντα
1873 3047 1928 3077 pro
1946 3037 2066 3076 vulgari
2086 3037 2192 3066 δυσθα-

75 3096 231 3123 νατοῦντα.
255 3094 314 3123 Pro
326 3093 463 3131 Λέαρχος
479 3091 560 3129 apud
578 3090 782 3121 Plutarchum
804 3092 835 3120 et
853 3090 1037 3128 Polyaenum
1055 3090 1075 3120 1,
1092 3089 1112 3119 l.
1131 3090 1178 3119 est
1194 3088 1354 3128 Λάαρχος,
1379 3086 1472 3125 idque
1496 3086 1629 3125 genuina
1652 3086 1753 3116 forma
1778 3084 1951 3124 Cyrenaica
1968 3083 2078 3120 suerit,
2094 3090 2193 3119 eaque

76 3139 170 3168 etiam
188 3138 345 3169 Herodoto
358 3137 534 3174 reddenda,
551 3137 604 3167 ubi
620 3137 692 3167 libri
713 3136 855 3175 plerique
871 3135 1013 3175 ἁλίαρχος
1024 3159 1032 3172 ,
1047 3136 1076 3165 id
1098 3135 1182 3174 quod
1196 3143 1235 3165 ex
1249 3134 1397 3173 ἅλαρχος,
1426 3133 1485 3162 hoc
1509 3140 1583 3162 vero
1600 3140 1639 3162 ex
1657 3131 1789 3171 λάαρχος
1808 3131 2015 3169 depravatum
2035 3137 2101 3159 esse
2118 3135 2191 3156 cum

79 3183 282 3215 Valckenario
305 3185 393 3223 puto.
418 3185 566 3214 Ceterum
592 3183 778 3213 Plutarchus
800 3181 974 3212 Learchum
995 3190 1058 3212 non
1082 3182 1208 3212 fratrem
1233 3179 1398 3217 Arcesilai,
1421 3177 1473 3209 sed
1490 3178 1574 3217 φίλον
1590 3178 1720 3217 πονηρὸν
1739 3176 1824 3206 dicit.
1842 3192 1880 3196 —
1898 3179 1927 3204 3.
1943 3172 2077 3213 Ἐρυξώ]
2099 3172 2192 3211 ἐρυζώ

78 3231 188 3262 codex.

120 3279 167 3307 53.
194 3276 270 3308 Cod.
289 3279 401 3307 Escor.
414 3275 480 3312 sol.
498 3278 534 3306 82
545 3299 553 3313 ,
568 3279 606 3305 25
623 3283 652 3305 r.
665 3292 703 3296 —
720 3278 757 3306 82
769 3298 777 3312 ,
795 3277 830 3305 15
847 3283 913 3305 vso.
929 3276 973 3304 De
987 3282 1020 3304 re
1033 3273 1159 3304 aliunde
1173 3281 1234 3303 non
1249 3272 1381 3302 constat.
1399 3290 1437 3295 —
1455 3274 1479 3300 1.
1497 3280 1569 3299 κατ
1580 3269 1623 3299 αδ
1634 3279 1649 3307 ρ
1660 3265 1842 3307 αμόντες]
1858 3265 2106 3303 καταδραμῶντες
2120 3262 2188 3311 cod.

78 3338 117 3347 -x
133 3326 161 3353 2.
181 3323 408 3354 Orchomenios
422 3321 546 3352 Ionibus
558 3321 715 3351 admixtos
728 3321 822 3351 fuisse
834 3319 1009 3351 Herodotus
1022 3328 1147 3359 quoqne
1158 3320 1290 3350 testatur
1306 3319 1332 3354 l,
1352 3319 1404 3346 146
1422 3329 1426 3346 z
1445 3316 1554 3346 Μινύαι
1571 3314 1602 3344 δὲ
1621 3313 1810 3353 Ὀρχομένιοι
1826 3310 2048 3349 ἀναμεμίχαται
2061 3309 2124 3337 κτλ.
2142 3308 2189 3339 Ct.

2008 3367 2051 3393 25.
