2289 3728
109 212 180 243 226

106 289 202 340 παρὰ
234 290 384 339 χρηστοῦ
408 269 527 336 ἀνδρὸς
551 284 608 321 καὶ
639 285 672 321 δε
677 283 929 333 δοκιμασμένου
952 283 1018 320 ὑπὸ
1042 285 1139 329 τηὶι-

107 348 228 385 κούτου
257 349 346 383 θεοῦ.
377 344 464 394 Περι
493 342 527 380 δὲ
548 359 593 379 ων
617 341 723 393 γράφε
710 357 754 384 ις
778 357 835 390 μοι
862 357 940 393 περι
968 357 1035 378 των
1053 340 1142 378 κατὰ

106 421 182 447 τους
207 403 310 445 λαους
336 418 412 444 τους
440 401 523 452 παρ’
544 403 669 474 ημξν,
669 399 872 438 ἀπέσταλκά
894 416 946 437 σοι
974 399 1142 450 μυριάδας

107 462 215 508 ὀκτὼ,
237 465 283 498 ὡν
304 476 362 497 και
381 461 424 497 τὰ
443 462 490 496 πλ
493 459 571 504 ηθη,
592 458 625 502 ἐξ
644 462 690 495 ὧν
709 459 796 508 εἶσι,
815 460 910 495 διασε
897 457 1055 510 σάφηκά
1076 471 1139 493 σοι

107 520 172 557 Ἐκ
189 518 249 568 μὲν
264 521 322 555 τοῦ
342 520 388 555 Σε
393 517 542 568 ὅριθίτου
557 520 676 565 νομοῦ,
696 516 850 568 μυρίους·
866 518 903 553 ἐκ
921 515 955 553 δὲ
971 519 1029 552 τοῦ
1049 518 1142 552 Μεν-

108 578 225 623 δησίου
241 576 299 613 καὶ
320 574 550 621 Σεὸεννύτου,
569 574 785 624 δισμυρίους·
809 576 874 620 [ἐκ
896 574 929 611 δὲ·
945 576 1003 610 τοῦ
1019 573 1032 622 ]
1049 575 1141 609 Βου-

108 634 259 684 σιρίτου,
289 632 557 672 Λεοντοπολίτου
589 631 647 670 καὶ
680 625 885 683 Βαθριθίτου
919 629 1141 680 (Ἄθριὲίτου

110 693 277 729 llolsten.
301 693 348 727 ad
365 694 416 727 St.
440 693 480 729 B.
502 704 542 739 p.
570 690 662 740 12),
682 689 747 726 ἀνὰ
771 689 921 740 μυρίους.
951 687 1142 738 Φρόντισον

110 749 144 785 δὲ
159 748 275 786 καὶτὰ
295 748 412 785 δέοντα
424 750 538 791 αὐτοῖς
549 746 665 784 καὶτὰ
679 747 767 784 ἄλλα
780 778 788 793 ,
804 747 894 788 ὅπως
909 747 1070 794 εὐτακτῇ,
1085 743 1143 780 καὶ

108 806 165 843 ἵνα
195 808 530 843 ἀποκατασταθῶσιν
563 807 610 846 εἷς
632 806 694 851 τὴν
722 806 826 853 ἰδίαν,
849 807 893 846 ὡς
916 803 956 840 ἂν
985 802 1053 839 ἀπὸ
1081 805 1141 847 τῆς

108 864 225 916 χρείας
241 864 423 914 γενομένης
442 865 516 914 (sic
532 865 558 913 ).
574 865 710 900 Eadem
731 866 846 912 tangit
865 863 1040 899 Clu-onie.
1060 861 1143 896 Alc-

109 924 281 960 xand‘riu.
305 936 343 970 p.
369 928 456 964 214.

113 1002 204 1049 Cap.
241 1001 286 1036 33
322 1015 328 1035 :

165 1057 499 1108 βασιλεῖΤύρου
515 1057 586 1094 καὶ
607 1055 888 1097 Σιδῶνοςκαὶ
906 1053 1144 1098 Φοινίκης,

364 999 572 1041 Βασιλεὺς
607 1000 818 1046 Σαλομῶν
855 995 1052 1046 Σούρωνι
1088 997 1144 1045 τῷ

163 1114 274 1167 φίλῳ
298 1117 511 1166 πατρικῷ,
535 1114 729 1166 χαίρειν.

167 1200 319 1239 Γίνωσκέ
340 1216 381 1249 με
402 1200 638 1251 παρειληφότα
659 1198 721 1245 τὴν
743 1197 925 1249 βασιλείαν
954 1197 1050 1247 παρὰ
1071 1199 1145 1234 Δα-

116 1258 171 1295 ίὶδ
187 1263 245 1296 τοῦ
263 1257 392 1309 πατρὸς
408 1256 462 1294 διὰ
478 1261 534 1294 τοῦ
554 1260 645 1295 Θεοῦ
665 1260 723 1294 τοῦ
745 1255 906 1306 μεγίστου
918 1285 927 1302 ,
951 1254 1149 1305 ἐπιτεταχό-

115 1332 171 1359 τος
191 1332 249 1366 μοι
269 1317 494 1364 οἰκοδομῆσαι
508 1315 596 1367 ἱερὸν
615 1318 664 1367 τῷ
681 1317 782 1366 Θεῷ,
798 1313 831 1356 ὃς
852 1314 909 1350 τὸν
929 1312 1071 1365 οὐρανὸν
1090 1312 1146 1349 καὶ

114 1374 177 1419 τὴν
198 1377 261 1424 γῆν
283 1374 433 1411 ἔκτισεν·
456 1372 529 1419 ἅμα
551 1371 585 1410 δὲ
606 1372 664 1410 καί
695 1387 748 1409 σοι
776 1371 924 1422 γράψαι,
946 1369 1149 1407 ἀποστεῖλαί

116 1447 176 1481 μοι
195 1435 262 1469 τῶν
283 1431 377 1483 παρά
408 1446 468 1468 σου
491 1432 597 1477 λαῶν,
618 1429 650 1467 οἳ
682 1428 1037 1480 συμπαραστήσονται
1067 1427 1148 1476 ἡμῖν

117 1489 219 1540 μέχρι
232 1492 291 1526 τοῦ
309 1488 503 1526 ἐπιτελέσαι
522 1487 584 1533 τὴν
604 1491 662 1525 τοῦ
683 1488 774 1525 Θεοῦ
794 1486 929 1536 χρείαν,
951 1485 1071 1522 καθότι
1093 1499 1150 1525 μοι

114 1547 350 1585 ἐπιτέτακται.
380 1546 543 1598 Γέγραφα
565 1545 677 1583 δὲκαὶ
707 1547 752 1587 εἷς
783 1544 845 1590 τὴν
870 1543 1062 1582 Γαλιλαίαν
1092 1545 1151 1581 καὶ

115 1606 328 1657 Σαμαρεῖτιν
348 1605 407 1642 καὶ
427 1605 612 1643 Μωαὸῒτιν
646 1604 704 1642 καὶ
728 1603 930 1653 Ἀμμανῖτιν
950 1601 1009 1639 καὶ
1030 1603 1150 1640 Γαλα·

115 1664 199 1700 &im
217 1664 440 1715 χορηγεῖσθαι
460 1664 573 1705 αὐτοῖς
591 1661 634 1699 τὰ
655 1662 773 1699 δέοντα
792 1663 830 1698 ἐκ
849 1664 909 1706 τῆς
927 1660 1043 1711 χώρας
1063 1658 1152 1696 κατὰ

116 1723 226 1769 μῆνα,
240 1721 357 1770 κόρους
377 1721 470 1758 σίτου
494 1720 649 1771 μυρίους·
670 1722 687 1756 ὃ
704 1719 739 1757 δὲ
760 1719 857 1770 κόρος
877 1718 969 1755 ἐστὶν
990 1717 1151 1768 ἀρταὸῶν

116 1778 169 1822 ἕξ·
187 1779 245 1816 καὶ
265 1779 354 1815 οἴνου
375 1780 494 1829 κόρους
510 1778 665 1829 μυρίους·
686 1780 703 1814 ὃ
724 1776 757 1814 δὲ
777 1777 874 1828 κόρος
887 1780 946 1813 τοῦ
967 1775 1055 1812 οἴνου
1080 1775 1152 1812 ἐστὶ

118 1836 226 1887 μέτρα
248 1837 344 1875 δέκα.
366 1837 418 1874 Τὸ
435 1836 469 1872 δὲ
491 1835 604 1873 ἔλαιον
621 1835 680 1872 καὶ
700 1834 743 1872 τὰ
765 1834 854 1872 ἄλλα
871 1834 1151 1885 χορηγηθήσεται

118 1896 231 1937 αὐτοῖς
250 1896 286 1931 ἐκ
305 1897 367 1941 τῆς
400 1893 593 1943 Ἰουδαίας,
622 1896 729 1945 ἱερεῖα
750 1893 785 1931 δὲ
811 1894 857 1935 εἷς
885 1892 1094 1944 κρεοφαγίαν
1116 1894 1154 1930 ἐκ

117 1955 177 1998 τῆς
193 1951 367 2003 Ἂραὲίας.

118 2063 193 2094 mihi
209 2072 335 2103 operam
350 2064 478 2102 navent,
493 2063 607 2100 donee,
625 2063 671 2094 uti
685 2072 740 2103 par
754 2064 801 2094 est
810 2086 818 2102 ,
833 2064 966 2101 cuncta,
979 2063 1073 2102 prout
1086 2063 1154 2101 Jus-
1185 2062 1190 2065 ”

118 2124 171 2145 sus
184 2124 240 2154 ego
254 2124 324 2145 sum
335 2139 343 2153 ,
361 2116 508 2146 accurate
522 2115 693 2154 perfecero.

238 2189 465 2229 Unplzresyeoe
480 2189 651 2221 Salomoni
663 2191 735 2229 νοοῖ
749 2197 871 2229 maqno
883 2189 1044 2220 salutem.

162 2258 282 2289 Literas
299 2259 370 2289 tuas
391 2258 583 2296 simulatque
599 2257 735 2296 perlegi,
752 2265 854 2296 quum
877 2257 1035 2296 ingentem
1052 2257 1159 2289 animo

121 2309 187 2348 cepi
203 2309 363 2348 laetitiam,
378 2310 447 2339 tum
462 2308 615 2347 genialem
629 2316 703 2338 cum
715 2307 861 2338 universo
872 2308 1011 2338 exercitu
1028 2309 1156 2347 populo-

122 2369 184 2398 que
206 2368 277 2390 meo
293 2359 377 2390 diem
404 2359 469 2398 egi,
490 2359 575 2398 quod
595 2368 613 2389 a
634 2360 701 2389 viro
718 2359 839 2397 optimo
860 2359 1015 2398 tantoque
1038 2359 1158 2390 numini

126 2411 344 2450 probatissimo
354 2420 482 2449 regnum
492 2411 659 2450 acceperis.
672 2410 764 2447 Quod
777 2413 883 2442 autem
893 2411 1008 2442 anobis
1018 2411 1161 2443 homines

124 2462 292 2501 tabi-osque
306 2463 446 2501 postulas
456 2486 464 2501 ,
476 2470 586 2492 eorum
600 2462 759 2500 octoginta
770 2462 808 2492 ad
823 2464 855 2493 te
872 2463 969 2493 millia
986 2463 1072 2501 misi,
1088 2472 1160 2502 quo-

126 2522 193 2543 rum
212 2513 306 2543 etiam
330 2513 432 2543 natale
449 2513 506 2543 tibi
523 2513 627 2543 solum
640 2513 780 2544 indicare
797 2513 896 2552 juvat.
941 2515 965 2544 E
983 2514 1161 2545 Sebrithide

126 2565 314 2603 praefectura
324 2563 433 2594 decem
447 2564 556 2602 millia,
570 2572 610 2594 ex
621 2563 779 2595 Mendesia
790 2566 821 2595 et
832 2564 1042 2604 Sebennytide
1052 2565 1161 2604 viginti

126 2616 244 2653 millia,
264 2625 281 2646 c
304 2616 489 2654 Busiritide,
518 2616 770 2655 Leontopolitide
783 2618 815 2647 et
835 2617 1024 2648 Anu-ibitide
1039 2617 1163 2648 circiter

126 2667 254 2705 triginta
285 2666 383 2697 millia
410 2669 628 2698 numerantur.
659 2669 807 2707 Superest
838 2669 873 2698 ut
900 2668 937 2698 iis
964 2677 1163 2707 quaecunque

126 2726 205 2757 opus
216 2718 342 2756 suerint,
351 2717 475 2748 abunde
487 2717 679 2757 suppeditari
693 2727 796 2757 eures,
811 2720 924 2758 partim
939 2728 978 2749 ne
990 2718 1066 2759 quid
1082 2719 1163 2750 inter

127 2776 181 2799 eos
203 2768 368 2799 turbarum
393 2768 563 2806 excitetur,
590 2769 706 2808 partim
728 2771 765 2800 ut
784 2769 992 2801 aedificatione
1008 2770 1162 2809 perfecta,

128 2818 206 2849 salvi
217 2818 256 2849 ad
272 2828 345 2849 suos
356 2819 591 2859 incolumesque
603 2821 814 2851 revertantur.

130 2892 286 2924 Salomon
304 2901 368 2924 rex
386 2895 511 2924 Sui-oni
533 2895 632 2933 Tyri,
657 2893 791 2925 Sidonis
812 2903 852 2926 ac
871 2895 1053 2927 Plzoenicicc
1072 2898 1161 2935 reqi,

419 2946 529 2975 amico
541 2947 704 2984 paterno,
719 2945 879 2977 salutem.

172 3007 302 3038 Noveris
318 3015 368 3038 me
393 3007 507 3038 summi
529 3008 668 3039 numinis
683 3009 833 3039 beneficio
859 3018 987 3048 regnum
1004 3018 1021 3040 a
1049 3010 1166 3041 Davide

132 3060 222 3097 patre
231 3057 404 3097 accepisse,
419 3067 437 3088 a
453 3067 516 3097 quo
532 3060 686 3098 templum
703 3063 767 3091 Deo
780 3060 851 3091 roeli
866 3064 1082 3101 terrarumque
1096 3071 1164 3092 mo-

133 3108 217 3139 litori
240 3108 397 3138 afditicnre
410 3108 514 3147 jussus
534 3110 646 3140 fuerim
659 3133 667 3147 ,
688 3111 845 3150 simulque
867 3111 922 3142 abs
941 3114 973 3142 tc
988 3121 1042 3151 per
1062 3113 1166 3143 literas

132 3161 254 3198 petere,
272 3161 306 3189 ut
318 3159 356 3189 ad
378 3168 428 3189 me
450 3168 490 3189 ex
511 3161 593 3199 regni
612 3161 657 3191 tui
673 3161 852 3193 bominibus
868 3162 1025 3201 sabrisquc
1042 3163 1165 3202 mittas,

133 3210 188 3250 qui
203 3218 292 3240 suam
307 3210 396 3240 nobis
413 3218 541 3249 operam
556 3213 692 3251 navent,
707 3212 806 3243 donec
820 3213 962 3244 divinum
976 3213 1055 3244 illud
1069 3223 1165 3254 opus,

135 3261 230 3299 prout
237 3260 342 3299 jussus
353 3268 437 3298 sum,
447 3262 593 3291 accurate
603 3262 773 3300 perfecero.
786 3264 935 3294 Ceterum
946 3263 977 3294 in
988 3264 1166 3304 Galilaeam,

134 3313 320 3350 Samariam,
333 3311 549 3350 Moabitidem,
561 3313 769 3345 Amanitidem
781 3315 812 3346 et
825 3315 1033 3347 Galaditidem
1046 3317 1167 3356 scripsi,

135 3365 168 3393 ut
190 3372 230 3393 ex
247 3363 424 3403 regionibus
443 3363 504 3394 illis
524 3372 724 3404 quaecunque
740 3374 820 3405 opus
840 3366 977 3404 fuerint,
995 3367 1031 3397 iis
1045 3367 1167 3398 affatim

816 198 1105 236 ALEXANDRI
1142 197 1394 235 POLYHIST
1404 195 1516 233 ORIS

1203 302 1289 348 Cap.
1314 301 1357 342 34
1379 314 1385 334 :
1407 298 1581 348 Σούρων
1603 297 1835 344 Σαλομῶνι
1859 297 2031 345 βασιλεῖ
2053 296 2235 347 μεγάλῳ

1615 353 1811 405 χαίρειν.

1258 448 1455 497 Εὐλογητὸς
1472 449 1489 483 ὅ
1509 445 1615 491 Θεὸς,
1630 445 1664 487 ὃς
1683 444 1739 481 τὸν
1757 443 1898 495 οὐρανὸν
1916 443 1975 480 καὶ
1989 442 2050 488 τὴν
2070 446 2134 493 γ’ῆν
2150 443 2238 480 ἔκτι-

1203 521 1276 555 σεν,
1300 505 1335 547 ὃς
1355 504 1463 541 εἵλετο
1495 503 1663 553 ἄνθρωπον
1686 501 1836 552 χρηστὸν
1869 502 1906 537 ἐκ
1925 505 2078 552 χρηστοῦ
2102 503 2255 552 ἀνδρός(

1201 560 1297 611 Αμα
1319 578 1368 598 τι)
1400 563 1592 610 ἀναγνωναι
1611 559 1673 605 τὴν
1702 559 1798 610 παρά
1821 574 1878 595 σου
1901 557 2083 603 ἐπιστολὴν
2105 559 2236 611 σφόδρα

1204 620 1350 671 ἐχάρην,
1372 619 1430 656 καὶ
1450 618 1621 668 εὐλόγησα
1646 617 1703 654 τὸν
1725 616 1813 656 Οεον
1836 616 1891 654 ἐπὶ
1922 632 1971 653 τι)
1991 617 2239 669 παρειληφέναι

1204 693 1242 715 σε
1269 676 1330 722 τὴν
1354 676 1488 727 βασιλε’
1460 691 1543 712 ε.ιαν
1575 675 1664 726 Περι
1692 674 1726 711 δὲ
1749 677 1795 710 ὧν
1816 675 1956 725 γράφεις
1986 689 2043 723 μοι
2071 675 2150 726 περὶ
2173 678 2240 713 τῶν

1203 734 1293 772 κατὰ
1307 750 1383 776 τους
1394 733 1494 776 λκου,
1514 748 1590 775 τους
1605 733 1687 784 παρ
1705 735 1806 781 ἡμῖν,
1823 731 2028 769 ἀπέσταλκά
2043 733 2240 784 σοιΤυρίων

1203 793 1261 830 καὶ
1295 792 1468 830 Φοινίκων
1499 790 1802 840 ὀκτακισμυρίους,
1833 789 1892 826 καὶ
1929 788 2153 839 ἀρχιτέκτονά
2188 806 2241 829 σοι

1205 850 1408 887 ἀπέσταλκα
1430 848 1607 898 ἄνθρωπον
1639 846 1779 896 Τύριον,
1801 847 1840 882 ἐκ
1868 847 1997 897 μητρὸς
2017 846 2185 892 Ἰουδαίας
2204 851 2242 887 ἐκ

1204 911 1265 953 τῆς
1285 909 1394 957 φυλῆς
1423 909 1483 951 τῆς
1513 905 1637 943 Amet&
1667 903 1777 955 Ἱ”πὲρ
1800 898 1847 941 ὧν
1875 903 1915 940 ἂν
1940 904 2042 941 αὐτὸν
2067 906 2243 957 ἐρωτήσῃς

1205 969 1274 1002 τῶν
1295 964 1361 1002 ὑπὸ
1388 964 1444 1001 τὸν
1465 963 1605 1015 οὐρανὸν
1622 962 1761 999 πάντων
1791 962 1882 1012 [τῶν
1906 962 2016 1008 κατὰ]
2039 964 2243 1015 ἀρχιτεκτο-

1206 1024 1293 1069 νίαν,
1314 1021 1530 1074 ὑφηγήσεταί
1545 1036 1597 1058 σοι
1613 1021 1672 1058 καὶ
1686 1020 1837 1064 ποιήσει.
1863 1020 1950 1071 Περὶ
1965 1021 1999 1057 δὲ
2016 1023 2082 1057 τῶν
2101 1022 2243 1060 δεόντων

1207 1082 1265 1119 καὶ
1290 1079 1600 1129 ἀποστελλομένιονι
1623 1094 1674 1116 σοι
1694 1078 1827 1115 παίδων
1849 1080 1962 1121 καλῶς
1987 1079 2142 1125 ποιήσεις
2169 1082 2244 1118 ε’πι-

1208 1139 1343 1181 στείλας
1370 1143 1438 1180 τοῖς
1453 1137 1544 1174 κατὰ
1562 1136 1664 1174 τόπον
1686 1136 1864 1188 ἐπάρχοις,
1878 1135 1970 1179 ὅπως
1988 1140 2181 1188 χορηγῆται
2201 1138 2244 1176 τὰ

1209 1199 1341 1234 δέοντα.
1363 1197 1525 1246 (Harum
1542 1197 1782 1243 epistolarum
1799 1208 1844 1230 ex
1862 1196 2076 1231 Alexandro
2091 1198 2242 1244 Polyhi-

1212 1264 1311 1292 store
1332 1257 1454 1291 obiter
1467 1255 1635 1290 meminit
1655 1255 1764 1289 etiam
1784 1253 1899 1290 Clem.
1915 1255 2018 1290 Alex.
2039 1267 2077 1301 p.
2105 1255 2244 1300 143,Λὸ

1210 1316 1233 1351 S
1260 1314 1334 1361 lb.)

1236 1328 1411 1409 ΥΔιελθὼν
1429 1370 1464 1408 δὲ
1485 1371 1671 1418 Σαλομῶν,
1694 1368 1784 1419 ἔχων
1802 1367 1878 1410 τοὺς
1892 1368 2080 1420 πατρικοὺς
2103 1369 2221 1422 φίλους
2234 1399 2244 1417 ,

1212 1428 1268 1466 ἐπὶ
1288 1428 1326 1465 τὸ
1343 1427 1417 1479 ὅρος
1437 1431 1494 1465 τοῦ
1515 1426 1670 1465 Λιὸάνου
1682 1457 1691 1473 ,
1709 1425 1796 1476 μετὰ
1816 1429 1884 1463 τῶν
1902 1426 2076 1464 Σιδωνίων
2096 1427 2154 1464 καὶ
2172 1429 2247 1466 Τυ-

1214 1485 1305 1538 ρίων,
1342 1485 1528 1535 μετήνεγκε
1553 1485 1597 1522 τὰ
1617 1484 1701 1528 ξύλα
1727 1483 1770 1521 τὰ
1799 1484 2068 1535 προκεκομμένα
2100 1485 2167 1522 ὑπὸ
2189 1490 2247 1524 τοῦ

1213 1543 1342 1595 πατρὸς
1362 1545 1465 1580 αὐτοῦ
1484 1543 1540 1580 διὰ
1555 1545 1617 1588 τῆς
1633 1542 1805 1588 θαλάττης
1826 1543 1871 1584 εἷς
1891 1541 2050 1588 Ἰόππην,
2070 1544 2196 1580 ἐκεῖθεν
2213 1543 2249 1581 δὲ

1213 1605 1298 1653 πεζῇ
1336 1604 1381 1644 εἷς
1411 1601 1650 1653 Ἱεροσόλυμα.
1686 1600 1759 1639 Καὶ
1793 1600 1959 1652 ἄρξασθαι
1988 1602 2178 1650 οἰκοδομεῖν
2211 1599 2250 1637 τὸ

1212 1661 1301 1711 ἱερὸν
1326 1664 1383 1696 τοῦ
1400 1661 1513 1706 Θεοῦ,
1536 1658 1616 1696 ὄντα
1637 1661 1721 1696 ἐτῶν
1746 1659 1806 1707 ιγ’·
1834 1659 2036 1708 ἐργάζεσθαι
2056 1658 2150 1696 δὲτὰ
2172 1659 2248 1704 ἔθνη

1213 1718 1257 1755 τὰ
1273 1717 1504 1768 προειρημένα
1522 1714 1581 1753 καὶ
1599 1716 1707 1768 φυλὰς
1728 1716 1770 1753 25'
1791 1718 1858 1752 τῶν
1884 1716 2077 1766 Ἰουδαίων,
2106 1716 2165 1754 καὶ
2181 1732 2251 1753 πα-

1215 1775 1323 1827 ρέχειν
1343 1776 1416 1817 ταῖς
1443 1775 1627 1812 ἑκκαίδεκα
1657 1773 1799 1826 μυριάσι
1819 1774 1863 1811 τὰ
1883 1774 2002 1811 δέοντα
2022 1775 2137 1812 πάντα
2160 1775 2250 1812 κατὰ

1215 1836 1306 1883 μῆνα
1328 1832 1436 1885 φυλὴν
1456 1833 1553 1882 μίαν,
1582 1831 1788 1881 θεμελιῶσαί
1814 1847 1851 1869 τε
1871 1831 1927 1869 τὸν
1955 1831 2035 1869 ναὸν
2056 1837 2115 1871 τοῦ
2135 1835 2250 1882 Θεοῦ,

1216 1895 1325 1941 μῆκος
1344 1893 1467 1941 πηχῶν
1490 1890 1530 1935 ξ’,
1555 1890 1684 1932 πλάτος
1709 1892 1831 1940 πηχῶν
1861 1888 1906 1939 ξ’,
1927 1889 1965 1926 τὸ
1991 1889 2025 1927 δὲ
2047 1891 2175 1934 πλάτος
2193 1893 2254 1934 τῆς

1216 1950 1394 1998 οἰκοδομῆς
1411 1948 1551 1986 καὶτῶν
1571 1947 1748 1997 θεμελίων,
1764 1950 1888 1998 πηχῶν
1909 1947 1938 1984 ί·
1958 1946 2048 1986 οὕτω
2072 1948 2138 2000 γὰρ
2159 1950 2252 1999 αὐτῷ

1217 2062 1405 2100 suppetant;
1420 2069 1534 2100 nempe
1550 2060 1582 2091 in
1598 2059 1736 2099 singulos
1755 2068 1895 2098 menses,
1913 2068 2060 2091 eororum
2079 2060 2175 2091 tritici
2197 2060 2254 2091 de-

1218 2122 1288 2143 cem
1306 2114 1421 2151 millia,
1435 2114 1490 2153 qui
1507 2113 1620 2152 singuli
1637 2113 1761 2144 attabas
1783 2121 1838 2144 sex
1852 2113 2032 2152 continent3
2050 2112 2189 2152 itemque
2201 2121 2255 2143 co·

1219 2173 1326 2195 rorum
1342 2164 1406 2194 vini
1423 2164 1530 2195 decem
1546 2164 1660 2202 millia,
1674 2164 1728 2204 qui
1743 2164 1855 2203 singuli
1869 2165 1970 2195 metra
1980 2163 2090 2195 decem
2103 2164 2255 2201 efficiunt,

1218 2216 1324 2246 oleum
1351 2217 1459 2246 autem
1478 2217 1508 2246 et
1527 2217 1631 2246 cetera
1656 2224 1695 2246 ex
1717 2215 1845 2253 Judaea,
1864 2215 1981 2245 hostias
2003 2223 2097 2255 vero,
2118 2224 2255 2255 quarum

1219 2267 1364 2298 carnibus
1379 2268 1557 2305 vescantur,
1573 2275 1611 2297 ex
1628 2266 1742 2297 Arabia
1753 2265 1949 2305 suppeditari
1959 2265 2058 2307 jussi.»

1392 2335 1501 2364 Saron
1519 2334 1689 2364 Salomoni
1704 2335 1774 2372 reqz'
1790 2342 1910 2373 mayno
1925 2334 2084 2365 salutem.

1261 2397 1450 2428 Benedictus
1465 2399 1545 2428 Dens
1555 2422 1562 2436 ‚
1577 2398 1670 2428 terrae
1684 2406 1718 2428 ac
1737 2398 1806 2428 coeli
1821 2397 1977 2437 conditor,
1994 2398 2049 2437 qui
2064 2397 2166 2430 virum
2181 2399 2256 2438 opti-

1220 2457 1308 2479 mum
1326 2458 1363 2479 ac
1379 2449 1516 2488 parentis
1528 2448 1637 2487 optimi
1655 2448 1756 2479 tilium
1769 2448 1907 2488 elegerit.
1926 2449 2045 2480 Literas
2056 2451 2126 2480 tuas
2144 2450 2256 2481 simul-

1221 2503 1317 2539 atque
1340 2500 1473 2539 perlegi,
1495 2509 1654 2531 summam
1677 2501 1784 2531 animo
1801 2501 1997 2541 voluptatem
2015 2502 2102 2541 cepi,
2122 2504 2256 2542 Deoque

1221 2551 1335 2590 gratias
1351 2551 1398 2589 ogi
1409 2575 1416 2589 ‚
1441 2550 1527 2589 qnod
1544 2560 1674 2589 rognum
1691 2553 1884 2591 capessisses.
1902 2552 1992 2590 Quod
2009 2555 2117 2584 autem
2133 2561 2152 2584 a
2167 2554 2258 2586 nobis

1222 2602 1365 2633 homines
1378 2611 1551 2641 operasque
1565 2602 1723 2641 postulas,
1737 2603 1904 2642 Tyriorum
1918 2612 1954 2634 ac
1971 2603 2156 2635 Phoenicum
2171 2607 2256 2636 octo-

1223 2654 1308 2693 ginta
1322 2654 1420 2684 millia
1434 2654 1472 2684 ad
1486 2656 1518 2684 te
1535 2654 1622 2692 misi,
1637 2657 1669 2685 et
1686 2655 1766 2686 inter
1781 2657 1901 2687 ceteros
1911 2655 2122 2687 architectum
2133 2680 2141 2695 ‚
2157 2657 2258 2696 patria

1224 2704 1354 2743 Tyrium
1366 2728 1373 2742 ,
1392 2704 1445 2735 sed
1468 2707 1568 2735 matre
1587 2705 1698 2737 Judaea
1715 2707 1890 2746 eademque
1906 2715 1943 2738 ex
1959 2707 2086 2738 Davidis
2098 2708 2183 2738 tribu
2199 2717 2257 2740 na-

1222 2759 1309 2795 tum,
1328 2757 1382 2797 qui
1399 2757 1454 2787 tibi
1470 2765 1672 2798 quaecunque
1692 2767 1733 2789 ex
1748 2768 1786 2790 eo
1802 2759 1981 2799 quaesieris,
1995 2767 2068 2798 quae
2083 2760 2150 2790 coeli
2166 2759 2258 2799 hujus

1223 2808 1344 2839 ambitu
1366 2808 1580 2845 continentur,
1597 2809 1622 2839 si
1642 2810 1738 2840 modo
1759 2810 1797 2840 ad
1814 2810 2059 2841 architecturam
2081 2810 2256 2850 pertinent,

1226 2869 1262 2890 ea
1275 2860 1409 2891 scienter
1422 2860 1572 2891 edisseret
1588 2861 1694 2891 omnia
1711 2861 1864 2901 facileque
1879 2861 2030 2901 perficiet.
2046 2861 2139 2899 Quod
2152 2870 2254 2901 super·

1224 2912 1290 2950 cst,
1304 2911 1443 2950 partium
1459 2913 1586 2941 tuarum
1610 2912 1686 2950 erit,
1707 2912 1747 2942 ad
1764 2912 1907 2943 locorum
1926 2912 2092 2952 praefectos
2103 2912 2257 2952 scribere,

1224 2963 1259 2992 ut
1279 2961 1351 2992 huic
1368 2962 1466 2992 tantae
1481 2962 1647 2992 hominnm
1664 2963 1861 2994 multitudini
1877 2972 2076 3003 quaecunque
2085 2964 2259 2995 necessaria

1232 3013 1346 3043 suerint
1357 3035 1365 3050 ,
1379 3012 1543 3052 diligenter
1558 3015 1589 3044 et
1602 3013 1802 3045 abundanter
1815 3014 2012 3054 provideant.

1265 3063 1414 3094 Salomon
1430 3063 1535 3103 igitur,
1547 3064 1594 3094 bis
1612 3064 1719 3103 lectis,
1735 3066 1938 3104 paternorum
1954 3065 2129 3096 amicorum
2140 3065 2259 3096 auxilio

1226 3116 1324 3146 fretus
1340 3117 1371 3146 et
1387 3116 1554 3155 Tyriorum
1579 3118 1611 3147 et
1626 3117 1826 3148 Sidoniorum
1843 3125 1940 3148 manu
1956 3117 2108 3156 stipatus,
2125 3118 2258 3149 lustrato

1227 3167 1333 3197 monte
1358 3166 1494 3205 Libano,
1517 3167 1672 3206 quidquid
1694 3168 1851 3206 lignorum
1867 3176 1886 3198 a
1902 3169 2030 3207 parente
2048 3176 2166 3199 caesum
2184 3169 2258 3199 olim

1228 3217 1341 3254 suerat,
1355 3225 1409 3256 per
1423 3225 1510 3249 mare
1519 3219 1642 3257 Joppen
1655 3227 1755 3258 usque
1767 3219 1954 3256 transvexit,
1975 3218 2111 3259 indeque
2123 3219 2259 3258 pedestri

1227 3267 1324 3298 ductu
1341 3267 1559 3307 Hierosolyma
1578 3269 1801 3308 comportavit.
1846 3270 1993 3301 Protinus
2006 3269 2046 3300 ad
2066 3271 2173 3310 templi
2191 3272 2256 3302 Deo

1227 3318 1293 3349 voti
1310 3326 1343 3349 se
1358 3318 1597 3350 aedificationem
1614 3320 1768 3359 accingit,
1790 3329 1874 3351 anno
1889 3321 1993 3352 aetatis
2009 3320 2133 3352 decimo
2150 3321 2270 3364 tertias

1228 3369 1321 3406 Quod
1333 3370 1363 3400 in
1373 3378 1452 3409 opus
1462 3369 1539 3402 dum
1548 3372 1693 3403 universa
1706 3371 1758 3403 illa
1772 3371 1968 3404 diversorum
1978 3373 2166 3413 populorum
2178 3372 2265 3405 mul-⁴
