2338 3765
507 187 832 225 SCRlPTORUM
864 186 1008 223 BELLI
1042 187 1281 226 PARTfflcl
1314 190 1644 229 FRAGMENTA.

8 277 97 312 liciis
116 276 229 323 egerit
261 274 360 322 (Jul.
394 277 480 321 Cap.
512 276 584 311 vit.
616 277 659 311 L.
681 275 765 309 Veri
782 287 815 310 c.
840 286 857 318 7
883 273 909 322 ),
941 274 1036 309 adeo

10 344 127 370 tamen
146 346 214 380 per
235 334 372 381 legatos
387 332 462 378 ejus
481 340 629 367 strenue
648 333 787 367 bellum
802 332 1036 367 administra—

10 402 84 427 tum
102 399 172 435 est,
196 398 235 424 ut
256 391 383 437 fugato
404 391 450 425 ad
472 392 662 438 Europum
693 390 913 424 Parthorum
931 402 1036 424 exer-

8 452 80 486 citu
92 477 101 493 ,
117 449 270 484 Avidius
287 448 425 483 Cassius
442 449 666 495 Vologesum
686 460 705 482 a
731 448 838 482 sociis
856 446 1038 481 desertum

8 509 189 542 insecutus
205 505 431 551 Babylonem
447 517 562 551 usque
576 506 798 552 perveniret,
810 517 896 538 mox
910 504 1039 539 Seleu-

8 567 59 600 cia
75 592 84 609 ,
117 565 202 611 quia
234 563 346 598 iidem
382 565 559 598 Romanis
588 564 710 598 datam
734 576 811 597 non
845 569 1038 605 servasset,

8 623 153 669 direpta
173 629 208 656 et
233 623 377 656 incensa
391 650 400 665 ,
425 623 463 655 in
482 621 638 656 Mediam
660 634 811 667 quoque
831 627 1040 667 penetraret

8 688 43 715 et
78 680 351 726 Ctesiphontem
381 680 551 727 Vologesi
582 681 722 727 regiam
753 680 832 713 solo
857 686 1038 725 aequaret,

9 739 142 773 Statius
162 739 305 772 Priscus
325 744 447 772 autem
469 739 584 784 captis
618 739 802 772 Artaxatis
829 738 1042 772 Armeniam

7 795 214 830 vindicaret
239 794 248 842 (
271 796 346 832 Jul.
376 796 467 842 Cap.
490 797 540 831 M.
569 797 708 830 Anton.
737 808 770 832 c,
804 808 826 843 9
848 793 872 843 J.
901 797 1042 842 Regem

9 854 175 889 Armenis
192 853 319 888 datum
336 855 439 887 numi
461 860 639 889 testantur
657 854 667 901 (
683 855 801 891 Patin.
820 855 911 900 Imp.
927 854 1040 889 Rom.

8 913 117 948 Num.
153 924 190 958 p.
227 915 299 953 204
318 925 327 955 3
350 913 480 958 Beger.
517 925 556 958 p.
590 924 633 957 77
657 911 688 959 );
718 924 829 958 quem
859 913 1043 946 Soaemum

9 969 115 1004 fuisse
132 969 250 1003 videri
268 969 384 1002 modo
404 968 580 1005 indicavi.
598 971 642 1005 L.
662 971 780 1004 Verus
796 972 889 1016 Aug.
914 970 1042 1003 trium·

7 1029 124 1075 phans
158 1029 317 1062 Romam
355 1027 479 1062 rediit.
519 1029 795 1074 Imperatorum
830 1028 981 1073 utrIque
1011 1034 1045 1061 et

11 1086 217 1122 Armeniaci
234 1093 269 1120 et
285 1086 445 1120 Parthici
460 1098 599 1120 nomen
615 1086 662 1119 ob
675 1085 712 1119 id
725 1086 863 1119 bellum
880 1086 1045 1119 delatum

11 1152 73 1179 est.
101 1143 213 1189 Quod
234 1156 348 1190 quum
361 1144 483 1177 statim
504 1144 550 1178 ab
567 1144 673 1178 initio
694 1144 838 1189 imperii
858 1144 908 1179 M.
928 1145 1046 1177 Anto-

10 1202 87 1237 nini
113 1204 154 1237 L.
174 1202 260 1237 Veri
274 1204 395 1249 Augg.
414 1214 482 1248 per
503 1202 792 1248 quadriennium
819 1208 961 1248 gestum
975 1202 1020 1235 sit
1035 1228 1043 1244 ,

10 1261 169 1307 integros
188 1272 304 1294 annos
333 1259 506 1294 162—165
530 1272 727 1306 occupasse
747 1259 920 1302 videtur,
941 1259 1045 1305 quod

11 1319 38 1352 si
60 1325 231 1352 nostrum
250 1317 417 1351 libellum
442 1318 508 1351 sub
527 1318 648 1364 ipsum
675 1317 765 1351 belli
794 1317 934 1351 exitum
954 1317 1047 1350 scri-

11 1384 115 1423 ptum
132 1388 203 1411 esse
214 1387 323 1422 supra
344 1373 386 1423 (*)
400 1376 739 1422 comprobavimus,
753 1376 832 1422 ipso
848 1387 882 1411 a.
901 1387 938 1422 p.
954 1375 1041 1410 Chr.

22 1434 104 1479 165,
134 1436 181 1471 U.
200 1447 232 1469 c.
253 1433 328 1480 918
361 1434 539 1480 scriptum
561 1440 850 1468 consentaneum
878 1440 952 1480 est,
970 1445 1045 1478 quo

15 1499 184 1539 tempore
203 1493 406 1535 Lucianus,
429 1492 457 1526 si
473 1492 622 1526 circiter
645 1504 678 1528 a.
699 1504 739 1538 p.
763 1492 851 1528 Chr.
887 1503 958 1525 120
976 1504 1045 1526 na-

13 1557 90 1585 tum
104 1562 177 1585 esse
185 1551 389 1593 statuimus,
406 1549 730 1597 quadragesimum
747 1551 919 1596 quintum
937 1550 1049 1584 aetatis

12 1620 150 1643 annum
167 1609 325 1643 maxime
352 1608 497 1655 agebat.
524 1624 537 1639 »

64 1665 154 1712 Cap.
169 1679 182 1700 1
191 1687 208 1691 —
219 1679 229 1699 1
241 1666 261 1700 3
275 1667 460 1700 Lucianus
474 1666 511 1699 in
522 1666 735 1700 universum
747 1666 823 1713 agit
831 1665 876 1700 dc
883 1665 1048 1700 historiae

15 1723 290 1758 conscribendae
310 1722 383 1758 fine
415 1730 451 1758 et
472 1724 650 1767 consiIIO,
679 1723 783 1770 quod
815 1735 834 1757 a
861 1723 1049 1769 plerisque

14 1782 109 1815 illius
122 1782 189 1816 aevi
203 1782 592 1828 historicisperperam
605 1781 832 1816 considerari
847 1781 1048 1816 intellexis-

56 1900 96 1939 (*)
122 1900 247 1930 Scilicet
276 1908 344 1939 pag.
369 1909 420 1930 xm
439 1902 637 1930 Hei-mannus
663 1901 771 1930 monet
794 1899 1049 1938 LucianumJam

14 1947 136 1977 novisse
146 1947 272 1986 quidem
285 1947 357 1977 belli
374 1946 638 1977 Parthiciexitum
652 1946 817 1985 victosque
832 1946 861 1975 in
871 1945 934 1984 ipsa
948 1944 1051 1976 Media

17 1993 118 2024 hostes
135 1994 144 2031 (
161 2002 189 2023 c.
209 1995 284 2032 30),
302 1992 442 2023 nondum
462 1994 587 2030 tamen,
605 2001 669 2031 quo
684 1994 825 2030 tempore
842 1992 960 2022 lihrum
975 1991 1050 2021 scri-

16 2039 122 2076 beret,
142 2039 268 2070 rediisse
282 2039 419 2078 legiones
433 2048 491 2069 nec
505 2039 702 2078 triumphum
717 2040 825 2068 actum
839 2047 905 2068 esse
921 2039 930 2076 (
949 2048 978 2068 c.
996 2041 1047 2075 31,

15 2085 51 2116 sr.
68 2087 103 2116 14
115 2087 139 2124 ).
153 2085 271 2116 Ibidem
283 2088 450 2124 postquam
459 2085 687 2115 demonstravit
697 2085 871 2116 Lucianum
883 2094 949 2115 rem
961 2093 1050 2114 suam

16 2140 78 2162 non
101 2131 144 2162 ita
176 2140 404 2171 usquequaque
428 2132 654 2170 pertractasse,
683 2140 741 2161 nec
764 2133 829 2161 tam
860 2131 1049 2170 perpolitum

16 2177 157 2208 libellum
176 2186 260 2216 esse,
276 2179 311 2208 ut
329 2177 549 2216 elegantissimi
568 2177 626 2208 viri
642 2178 802 2217 ingenium
826 2178 944 2217 ubique
957 2186 1053 2216 agno-

16 2234 100 2263 scas,
115 2225 203 2256 addit
222 2225 290 2255 ha¹c
306 2235 313 2255 .·
330 2238 343 2252 «
364 2227 428 2256 Nec
444 2224 521 2255 mihi
536 2224 663 2263 quidem
677 2224 809 2254 dubium
824 2226 889 2262 est,
901 2224 979 2263 quin
999 2224 1049 2254 ali-

17 2273 137 2310 quanto
153 2271 280 2310 majoris
293 2271 396 2310 operis
406 2271 471 2311 ipse
488 2271 527 2301 ab
542 2270 630 2301 initio
645 2271 810 2301 consilium
824 2271 930 2301 animo
943 2279 1050 2301 susce-

17 2317 113 2356 perit,
133 2326 209 2348 mox
236 2318 301 2348 sive
324 2317 499 2348 amicorum
521 2317 719 2355 impatientia
742 2317 864 2355 victus,
895 2317 1049 2347 aflectum

17 2363 152 2402 librum,
176 2373 239 2394 non
264 2365 456 2403 perpolitum
479 2364 511 2394 in
531 2363 646 2402 vulgus
660 2363 813 2402 ediderit3
835 2363 895 2394 nisi
919 2364 1050 2393 fortasse

18 2419 86 2441 eam
105 2411 312 2441 festinationis
337 2419 465 2441 causam
485 2410 579 2441 fuisse
595 2411 775 2449 existimas,
791 2410 874 2449 quod
889 2410 1049 2448 metuerit,

18 2465 56 2487 ne
76 2459 99 2487 si
114 2457 234 2488 diutius
248 2458 279 2487 in
305 2457 357 2488 illo
382 2457 507 2496 negotio
530 2457 715 2494 desudaret,
736 2466 866 2494 eorum,
885 2457 1002 2494 quihus
1020 2457 1050 2486 in

17 2503 111 2541 priori
134 2503 276 2542 opusculi
295 2506 382 2542 parte
402 2503 644 2542 perstringendis
658 2504 746 2534 tanto
762 2512 835 2533 cum
861 2503 966 2533 studio
991 2504 1050 2533 im·

18 2550 160 2580 moratus
178 2551 258 2580 esset
271 2574 279 2587 ,
298 2549 457 2587 historiae,
471 2558 543 2588 quau
565 2558 674 2579 earum
689 2549 888 2580 imbecillitas
903 2551 1002 2588 esset,
1017 2551 1052 2580 ut

20 2593 112 2625 tiores
127 2604 200 2625 vere
212 2595 276 2625 nati
287 2619 295 2634 ,
313 2599 483 2634 antequam
498 2595 590 2626 edere
601 2595 718 2625 librum
730 2604 824 2627 suum
838 2597 957 2635 posset,
975 2605 1051 2627 eva-

19 2643 189 2672 nescerent.
204 2654 218 2668 υ

250 2751 534 2789 ANONYMUS
564 2752 819 2790 MILESIUS.

521 2858 553 2889 1.

61 2946 130 2975 Jam
149 2944 296 2983 equidem
321 2945 455 2976 narrabo
472 2954 545 2985 quae
562 2945 690 2976 memini
712 2946 892 2985 nuperrime
914 2946 946 2978 in
970 2947 1057 2979 Ionia

22 3004 59 3026 ex
75 2997 230 3027 historicis
245 2997 455 3036 quibusdam,
481 2999 512 3028 et
530 2998 710 3029 mehercule
727 2999 759 3029 in
778 2999 893 3029 Achaia
908 3008 1036 3039 quoque
1047 3024 1056 3038 ,

24 3057 85 3080 non
101 3050 144 3079 ita
160 3049 280 3088 pridem
298 3050 408 3081 audire
427 3050 511 3081 idem
528 3051 590 3081 hoc
612 3051 731 3081 bellum
756 3051 937 3082 narratione
953 3060 1057 3091 perse-

24 3100 203 3139 quentibus.
220 3102 257 3131 Et
271 3110 325 3140 per
343 3110 399 3140 ego
420 3110 477 3132 vos
491 3102 615 3133 Gratias
628 3102 778 3139 obsecro,
801 3111 894 3133 nemo
918 3102 966 3133 his
985 3111 1058 3142 quae

25 3150 167 3182 dicentur
186 3151 281 3182 fidem
295 3151 423 3192 deroget
439 3164 445 3183 :
461 3161 535 3183 vera
548 3153 633 3183 enim
646 3161 712 3184 esse
725 3153 865 3192 dejerare
878 3152 970 3184 etiam
988 3162 1058 3192 pos-

26 3201 83 3231 sim
97 3226 105 3240 ,
128 3202 153 3232 si
175 3202 332 3233 urbanum
358 3204 438 3234 esset
462 3203 686 3242 jusjurandum
708 3204 824 3243 scripto
848 3205 1056 3243 interponere.

27 3253 114 3283 Unus
129 3252 257 3291 quidem
276 3253 402 3284 illorum
423 3254 536 3293 aliquis
549 3263 566 3284 a
588 3255 684 3286 Musis
707 3255 800 3285 etiam
817 3255 941 3286 initium
968 3256 1058 3293 tecit,

28 3304 172 3340 precatus
188 3303 273 3341 deas,
293 3305 327 3335 nt
344 3313 474 3335 manum
488 3305 650 3344 scriptioni
667 3314 774 3336 secum
788 3306 990 3337 admoveant.
1004 3307 1059 3337 Vi-

30 3353 99 3383 dcn'
116 3362 210 3392 quam
224 3355 413 3386 concinnum
429 3356 615 3396 principium
632 3358 661 3388 et
676 3358 748 3396 apte
762 3357 950 3388 conveniens
970 3358 1060 3389 histo-

2059 197 2131 229 617

1098 285 1164 314 set.
1187 280 1328 324 Quibus
1340 280 1528 323 absolutis,
1545 280 1591 315 ad
1606 287 1752 326 peccata
1771 279 1807 313 in
1829 280 1902 326 ipsa
1924 280 1975 314 rei
1998 287 2134 314 tracta-

1102 337 1197 370 tione.
1213 336 1286 371 scre.
1305 339 1495 386 commissa
1512 338 1758 385 singularibus
1773 337 1994 383 quibusdam
2013 350 2134 372 exem-

1100 395 1170 440 plis
1189 395 1402 429 illustranda
1423 397 1568 439 transit,
1588 402 1623 429 ct
1643 396 1691 429 ita
1712 395 1874 441 quidem,
1904 402 1946 428 ut
1973 396 2136 441 primum

1101 459 1183 499 agat
1205 452 1250 486 de
1266 466 1377 499 prava
1396 460 1431 487 et
1447 454 1566 488 servili
1589 460 1750 487 veterum
1776 454 1998 499 scriptorum
2017 466 2133 487 aemu—

1102 512 1238 545 latione
1255 511 1508 557 doctrinaeque
1526 511 1751 545 ostentandae
1768 511 1891 545 studio
1909 512 1953 556 (c.
1985 524 1995 544 1
2008 511 2138 559 !,-19)‚

1103 569 1236 603 deinde
1261 569 1307 603 de
1332 570 1493 615 propriis
1521 568 1759 615 quorundam
1792 569 1887 602 vitiis
1913 570 1950 602 in
1976 568 2139 603 dictione

1105 627 1160 660 vel
1193 626 1434 672 dispositione
1455 628 1663 673 csmspicuis
1688 626 1838 660 disserat
1873 626 1880 674 (
1907 640 1939 660 c.
1968 625 2090 660 ‘zo-23
2110 627 2138 673 )‚

1103 691 1291 730 postremo
1313 686 1479 719 omnium
1504 686 1713 732 gravissime
1738 686 1963 731 perstringat
1988 696 2049 718 cos
2076 685 2139 730 qui

1104 743 1142 775 in
1163 743 1237 788 ipsa
1260 743 1473 777 inventione
1493 756 1692 789 rerumque
1712 751 1893 789 gestarum
1909 743 2141 788 expositione

1104 800 1160 833 vel
1185 801 1406 847 negligentia
1433 803 1490 835 vel
1524 803 1651 847 inepto
1673 802 1818 836 delectu
1838 802 1894 835 vel
1926 800 2066 835 tumida
2088 799 2142 846 ja·

1105 859 1263 893 ctatione
1286 859 1560 905 mendaciisque
1581 860 1842 905 peccavissent.

1334 978 1616 1015 ΑΝΩΝΥΜΟΣ
1650 978 1913 1015 ΜΙΛΙΙΣΙΟΣ.

1615 1085 1647 1109 1.

1160 1173 1343 1207 Lucianus
1357 1173 1491 1217 Quom.
1506 1172 1590 1205 hist.
1609 1170 1791 1205 conscrib.
1809 1182 1841 1206 c,
1865 1174 1923 1213 14,
1937 1182 1974 1216 p.
1992 1170 2065 1204 260
2083 1169 2142 1204 ed.

1108 1231 1238 1266 Didot.
1260 1242 1268 1266 :
1286 1228 1381 1277 Ἐγὼ
1403 1228 1430 1265 δ’
1452 1222 1508 1264 οὖν
1525 1227 1583 1263 καὶ
1604 1226 1814 1276 διηγήσομαι
1838 1225 1946 1262 ὁπόσα
1967 1224 2148 1274 μέμνημαι

1109 1287 1254 1337 ἔναγχος
1280 1289 1313 1324 ἐν
1335 1286 1448 1337 Ἰωνίᾳ
1477 1284 1700 1336 συγγραφέων
1720 1286 1835 1330 τινῶν,
1868 1283 1927 1320 καὶ
1959 1284 1998 1327 νὴ
2028 1284 2093 1321 Δία
2115 1286 2147 1320 ἕν

1110 1342 1233 1396 Ἀχαίᾳ
1255 1344 1375 1396 πρῴην
1398 1344 1546 1386 ἀκούσας
1564 1344 1619 1380 τὸν
1638 1343 1738 1380 αὐτὸν
1759 1346 1876 1379 τοῦτον
1903 1341 2052 1390 πόλεμον
2075 1343 2148 1387 διη-

1110 1402 1305 1452 γουμένων·
1328 1402 1385 1439 καὶ
1415 1401 1498 1452 πρὸς
1527 1401 1688 1452 Χαρίτων
1725 1400 1843 1450 μηδεὶς
1870 1400 2046 1449 ἀπιστήσῃ
2080 1404 2150 1444 τοῖς

1109 1461 1391 1512 λεχθησομένοις·
1415 1461 1463 1497 Ξι’τι
1483 1459 1547 1511 γὰρ
1578 1462 1688 1506 ἀληθῆ
1715 1462 1787 1496 ἐστι
1810 1458 1872 1496 κᾶν
1898 1458 2150 1509 ἐπωμοσάμην,

1113 1522 1141 1557 εἷ
1160 1521 1294 1556 ἀστεῖον
1314 1514 1354 1564 ἦν
1377 1518 1476 1569 ὅρκον
1510 1517 1674 1555 ἐντιθέναι
1700 1517 1962 1568 συγγράμματι.
1997 1510 2057 1559 Εἷς
2089 1516 2151 1566 μέν

1110 1594 1159 1619 τις
1181 1579 1290 1615 αὐτῶν
1310 1577 1378 1614 ἀπὸ
1400 1579 1549 1615 Μουσῶν
1583 1575 1676 1618 εὐθὺς
1702 1575 1831 1627 ἤρξατο
1850 1577 2064 1626 παρακαλῶν
2090 1574 2151 1616 τὰς

1112 1635 1188 1678 Θεὰς
1218 1635 1479 1687 συνεφάψασθαι
1498 1638 1555 1671 τοῦ
1581 1633 1863 1685 συγγράμματος.
1891 1632 1999 1684 <Ορᾷς
2018 1635 2064 1675 ὡς
2085 1634 2150 1680 ἐμ-

1113 1693 1218 1742 μελὴς
1235 1696 1256 1739 ἥ
1274 1693 1364 1744 ἀρχὴ
1383 1692 1443 1729 καὶ
1461 1692 1539 1744 περὶ
1557 1692 1646 1729 πόδα
1660 1695 1702 1738 τῇ
1715 1690 1849 1742 ἱστορίᾳ
1866 1690 1923 1727 καὶ
1940 1694 1989 1742 τῷ
2007 1692 2150 1742 τοιούτῳ

1113 1751 1193 1788 εἴδει
1209 1754 1275 1788 τῶν
1290 1752 1400 1801 λόγων
1421 1750 1627 1802 πρέπουσα;
1647 1743 1734 1786 Εἶτα
1750 1748 1870 1800 μικρὸν
1888 1747 2018 1791 ὑποὸὰς
2036 1748 2151 1798 Ἀχιλ-

1112 1811 1164 1847 λεῖ
1188 1810 1249 1859 μὲν
1270 1810 1325 1847 τὸν
1347 1808 1514 1859 ἡμέτερον
1537 1807 1687 1858 ἄρχοντα
1708 1806 1819 1850 εἴκαζε
1833 1836 1841 1852 ,
1861 1806 2016 1857 Θερσίτῃ
2043 1806 2076 1843 δὲ
2094 1806 2150 1843 τὸν

1113 1872 1180 1906 τῶν
1201 1871 1348 1919 Περσῶν
1371 1866 1534 1918 βασιλέα,
1550 1867 1611 1902 οὐκ
1629 1864 1725 1907 εἰδὼς
1744 1864 1795 1901 ὅτι
1815 1867 1832 1901 ὁ
1853 1863 2027 1915 Ἀχιλλεὺς
2050 1864 2150 1913 ἀμεί-

1113 1943 1177 1963 νων
1194 1921 1234 1972 ἦν
1254 1927 1346 1976 αὐτῷ
1359 1956 1368 1974 ,
1385 1927 1412 1962 εἷ
1428 1924 1585 1975 Ἕκτορα
1602 1924 1732 1973 μᾶλλον
1748 1921 1769 1968 ἢ
1797 1923 1970 1974 Θερσίτην
1991 1922 2148 1974 καθῄρει,

1113 1985 1171 2022 καὶ
1189 1987 1216 2021 εἰ
1234 1984 1379 2035 πρόσθεν
1398 1983 1459 2033 μὲν
1481 1982 1618 2035 ἔφευγεν
1639 1981 1753 2025 ἐσθλός
1772 1997 1842 2029 τις,

1399 2076 1508 2107 ἐδίωκε
1522 2076 1553 2106 δέ
1577 2086 1626 2115 μιν
1642 2075 1708 2115 μέγ’
1727 2074 1871 2114 ἀμείνων.

1113 2160 1188 2203 Εἶτ’
1209 2166 1334 2215 ἐπῆγεν
1354 2163 1441 2215 ὑπὲρ
1460 2165 1564 2200 αὐτοῦ
1585 2178 1616 2200 τι
1635 2160 1816 2212 ἐγκώμιον,
1837 2160 1894 2198 καὶ
1923 2163 1968 2203 ὡς
1988 2160 2077 2204 ἄξιος
2097 2160 2150 2206 εἴη

2056 2217 2149 2263 ’Ήδη

1114 2281 1147 2318 δὲ
1170 2283 1297 2318 κατιὼν
1319 2279 1436 2330 ἐπῄνει
1460 2279 1518 2316 καὶ
1535 2278 1597 2324 τὴν
1608 2278 1756 2330 πατρίδα
1776 2276 1838 2322 τὴν
1860 2277 2026 2322 Μίλητον,
2044 2292 2152 2327 προσ-

1113 2224 1310 2274 συγγράψαι
1339 2222 1399 2264 τὰς
1423 2220 1562 2273 πράξεις
1590 2220 1678 2257 οὕτω
1699 2219 1862 2270 λαμπρὰς
1885 2218 1999 2262 οὔσας.

1115 2340 1215 2381 τιθεὶς
1233 2342 1276 2381 ὡς
1297 2338 1435 2387 ἄμεινον
1454 2338 1548 2374 ποιοῖ
1566 2341 1664 2374 τοῦτο
1680 2340 1739 2373 τοῦ
1762 2335 1919 2386 Ὁμήρου
1938 2334 2043 2384 μηδὲν
2062 2351 2152 2384 μνη-

1119 2398 1251 2441 σθέντος
1272 2401 1332 2442 τῆς
1352 2396 1529 2448 πατρίδος.
1566 2390 1641 2434 Εἶτ’
1676 2394 1731 2431 ἐπὶ
1763 2393 1854 2430 τέλει
1887 2397 1946 2429 τοῦ
1973 2392 2151 2444 προοιμίου

1115 2459 1313 2507 ὑπισχνεῖτο
1328 2455 1515 2506 διαρρήδην
1533 2454 1591 2491 καὶ
1613 2455 1746 2504 σαφῶς,
1770 2451 1826 2488 ἐπὶ
1843 2454 1955 2500 μεῖζον
1977 2451 2038 2500 μὲν
2059 2453 2152 2500 ἀρεῖν

1114 2513 1156 2550 τὰ
1167 2514 1332 2563 ἡμέτερα,
1346 2511 1423 2554 τοὺς
1442 2511 1636 2563 βαρὸάρους
1650 2512 1684 2548 δὲ
1699 2510 2000 2558 καταπολεμήσειν
2019 2509 2076 2545 καὶ
2091 2511 2152 2545 αὐ·

1114 2572 1191 2621 τὸς,
1213 2574 1257 2614 ὡς
1272 2571 1313 2608 ἂν
1335 2571 1476 2616 δύνηται
1489 2586 1497 2593 ·
1517 2570 1576 2607 καὶ
1596 2569 1721 2621 ἤρξατό
1741 2584 1779 2619 γε
1796 2572 1855 2614 τῆς
1871 2569 2022 2619 ἱστορίας
2036 2566 2153 2612 οὕτως,

1117 2629 1211 2666 αἴτια
1235 2628 1309 2678 ἅμα
1335 2631 1394 2674 τ’ἧς
1410 2632 1468 2665 τοῦ
1490 2627 1643 2677 πολέμου
1674 2629 1784 2678 ἀρχῆς
1817 2625 1958 2669 διεξιών·
1979 2644 1991 2658 «
2015 2625 2057 2663 Ὁ
2086 2622 2154 2673 γὰρ

1117 2741 1171 2771 τίπτ’
1187 2765 1194 2778 ,
1211 2741 1359 2780 quodque
1381 2740 1444 2770 tale
1457 2739 1606 2770 orationis
1620 2747 1718 2778 genus
1733 2737 1859 2768 deceret
1870 2738 1883 2766 ἱ)
1909 2738 1989 2766 Tum
2013 2736 2153 2775 paullum

1117 2800 1296 2831 progressus
1310 2791 1423 2822 Achilli
1441 2790 1569 2830 quidem
1586 2793 1726 2820 nostrum
1741 2789 1912 2828 principem
1929 2788 1981 2826 (L.
2011 2788 2152 2825 Verum)

1116 2844 1331 2882 comparabat,
1343 2841 1495 2873 Thersitae
1505 2842 1612 2872 autem
1624 2849 1726 2879 regem
1739 2843 1916 2876 Persarum,
1930 2839 2054 2878 ignarus
2066 2840 2154 2868 tanto

1116 2895 1173 2925 sihi
1197 2895 1449 2934 praestantiorem
1470 2894 1611 2924 futurum
1635 2893 1728 2923 fuisse
1748 2892 1919 2929 Achillem,
1945 2892 1969 2922 si
1986 2893 2153 2922 {lectorem

1118 2946 1222 2985 potius
1240 2954 1335 2984 quam
1356 2945 1519 2975 Tliersiten
1538 2944 1763 2982 interemisset,
1778 2945 1810 2974 et
1827 2944 1851 2974 si
1868 2943 1941 2973 ante
1959 2942 2085 2981 quidem
2107 2943 2154 2972 su-

1118 2998 1209 3037 gissrt
1224 2997 1311 3028 sortis
1329 2997 1442 3036 aliquis
1455 3021 1463 3035 ,
1491 2997 1575 3027 hunc
1591 3000 1697 3027 autem
1716 3009 1729 3021 u
1755 2997 1875 3035 essisset
1893 2995 2041 3025 ἠηιῐίιιηι
2062 3002 2153 3033 prce-

1118 3051 1269 3080 slancior
1294 3049 1397 3079 aller.
1417 3060 1431 3074 »
1452 3048 1570 3079 Deinde
1591 3047 1754 3086 subjunxit
1776 3046 1814 3076 dc
1830 3054 1863 3076 se
1888 3046 1953 3084 ipso
1974 3044 2153 3075 encomium

1119 3100 1298 3140 quoddam,
1327 3109 1488 3140 quamque
1506 3101 1627 3140 dignus
1645 3101 1684 3131 sit
1705 3099 1838 3138 scriptor
1855 3098 1946 3128 claris
1959 3097 2036 3127 adeo
2061 3097 2154 3127 rebus

1119 3152 1220 3192 gestIs.
1248 3154 1319 3183 Jam
1346 3162 1421 3183 vero
1450 3161 1628 3192 progressus
1656 3151 1800 3183 Miletum
1837 3149 1984 3180 laudabat
2018 3148 2151 3187 patriam

1119 3213 1220 3242 suam,
1233 3204 1402 3242 subjiciens
1415 3204 1527 3235 melitis
1539 3204 1597 3235 hac
1608 3204 1639 3234 in
1654 3212 1686 3234 re
1701 3204 1801 3233 facere
1815 3209 1949 3240 sequani
1966 3202 2151 3237 llinucrum,

1119 3256 1172 3294 qui
1202 3257 1393 3285 mentionem
1414 3256 1522 3294 patriae
1545 3264 1701 3294 nusquam
1722 3253 1873 3292 injecerit.
1896 3251 2014 3283 Deinde
2038 3250 2067 3281 in
2091 3252 2152 3280 tine

1122 3306 1263 3346 prowmii
1282 3306 1445 3345 pollicetur
1462 3306 1583 3337 disertis
1601 3306 1703 3336 verbis
1720 3306 1750 3335 et
1772 3304 1872 3341 clarc,
1890 3312 1922 3333 se
1946 3302 2103 3332 elaturum
2121 3302 2152 3332 in

1122 3358 1225 3397 majus
1244 3367 1290 3388 res
1306 3360 1444 3397 nostras,
1464 3357 1612 3388 harluiros
1634 3358 1760 3394 autem,
1780 3357 1935 3394 quantum
1960 3354 1989 3384 in
2007 3363 2038 3384 se
2051 3356 2128 3384 esset
2144 3375 2151 3389 ‚
