2338 3765
186 187 261 220 486

184 271 225 303 t).
249 268 349 302 Idem
371 267 641 300 Alea-ambimus·
659 265 794 299 dicitur
810 278 869 311 ap.
888 265 1046 302 Cedren.
1065 280 1102 313 p.
1132 280 1213 311 172.

184 325 293 360 Mich.
327 325 457 371 Glycas
487 326 584 360 Ann.
611 324 687 366 III,
714 323 800 358 206.
830 324 1007 359 Manasses
1026 338 1062 361 v,
1095 325 1211 369 1872,

184 382 270 418 coll.
295 380 403 417 1881.
422 385 528 427 1904.
548 380 1022 428 (DistinguendusaNostro
1034 389 1087 417 est
1099 384 1214 418 Athe—

183 439 369 482 nodorus,
392 441 455 486 qui
470 446 678 486 praece1)tor
694 440 752 473 vel
772 439 959 474 familiaris
978 447 1056 475 erat
1072 441 1211 475 Tiberii

183 496 504 543 Claudiijuvenis,
527 496 573 530 de
594 509 669 542 quo
686 496 771 531 vide
788 498 941 544 Augusti
961 498 1107 532 Caesaris
1129 500 1211 545 epi—

180 555 311 589 stolam
328 567 385 601 ap.
403 555 669 589 Suetoniumin
689 554 843 590 Claudio
864 568 896 591 c,
919 553 970 603 4.)
989 556 1044 592 Cf.
1064 557 1212 591 Perizo—

181 612 262 645 nius
280 612 327 646 ad
342 613 473 648 AElian.
488 614 575 647 Var.
599 612 690 648 Hist.
709 613 804 655 XII,
829 612 889 657 25,
907 613 971 647 ubi
991 627 998 647 :
1022 612 1091 648 Καὶ
1111 615 1128 649 ὁ
1147 614 1210 649 Σε-

183 665 308 709 ὅαστὸς
334 667 564 716 Ἀθηνοδώρου
590 670 646 716 (τι
679 666 827 711 ὤνατο).
857 672 928 706 Dio
959 670 1207 718 Chrysostom.

180 727 281 761 Orat.
303 728 448 762 Tarsica
469 728 589 774 prior,
611 740 650 774 p.
681 728 754 769 408
776 742 783 763 :
807 727 1032 777 Ἀθηνόδωρος
1053 730 1068 764 ὁ
1090 727 1209 779 πρῴην

180 781 377 831 γενόμενος,
406 783 441 820 ὃν
468 784 583 834 ᾐδεῖτο
602 786 619 820 ὃ
643 784 831 827 Σεὸαστός.
856 787 1024 822 Consiliis
1042 787 1209 822 Atheno-

180 840 264 876 dori
279 843 548 890 obtemperasse
566 846 769 890 Augustum
789 845 901 880 refert
919 846 1026 879 eliam
1044 846 1210 880 Zosimus

179 900 216 933 in
241 901 332 937 Hist.
354 902 390 945 Ι,
412 900 455 943 5,
484 901 506 936 6
532 901 653 948 (unde
679 914 742 937 sua
761 903 872 937 habet
902 903 1031 937 Suidas
1049 916 1084 939 v,
1106 901 1208 947 Ἀθη-

178 956 338 1007 νόδωρος,
356 972 392 996 v.
413 960 464 994 ibi
481 960 696 1007 Bernhardy
711 961 737 1008 ).
760 960 917 996 Pertinet
931 961 1004 995 huc
1025 974 1105 1007 quae
1122 975 1205 996 nar-

178 1024 235 1051 rat
250 1018 488 1062 Plutarchus,
522 1019 797 1066 Apophthegm.
819 1021 937 1067 Regg.
960 1032 997 1066 p.
1029 1032 1117 1063 207,
1142 1022 1173 1055 D
1198 1033 1204 1054 :

179 1072 400 1124 Ἀθηνοδώρῳ
421 1073 455 1111 δὲ
477 1077 523 1125 τῷ
544 1074 717 1126 φιλοσόφῳ
736 1073 790 1111 διὰ
811 1078 917 1124 γῆρας
944 1076 989 1117 εἰς
1015 1069 1104 1112 οἷκον
1127 1077 1208 1126 ἀφε-

177 1135 276 1178 θῆναι
298 1131 450 1177 δεηθέντι
467 1132 718 1193 συνεχώρησεν.
778 1132 880 1170 Ἐπεὶ
900 1132 934 1169 δὲ
964 1133 1208 1182 ἀσπασάμενος

179 1189 281 1227 αὐτὸν
302 1192 319 1227 ὁ
340 1188 567 1240 Ἀθηνόδωρος
587 1194 693 1236 εἶπεν,
714 1189 827 1230 ‘'Omv
848 1192 1026 1242 ὀργισθῇς,
1049 1193 1206 1244 Καῖσαρ,

178 1247 284 1294 μηδὲν
306 1247 402 1297 εἴπῃς
432 1247 519 1296 μηδὲ
540 1248 686 1298 ποιήσῃς
706 1249 867 1300 πρότερον
897 1246 918 1294 ἢ
951 1248 992 1285 τὰ
1023 1249 1130 1286 εἴκοσι
1149 1251 1207 1288 καὶ

177 1303 324 1356 τέτταρα
340 1305 532 1356 γράμματα
549 1306 690 1343 διελθεῖν
710 1305 791 1356 πρὸς
808 1306 944 1355 ἑαυτὸν,
961 1305 1208 1354 ἐπιλαῧόμενος

177 1364 277 1400 αὐτοῦ
293 1366 354 1408 τῆς
371 1362 494 1414 χειρὸς,
513 1362 591 1401 ”Eri
606 1367 665 1401 σοῦ
683 1363 867 1414 παρόντος,
885 1364 963 1416 ἔφη,
980 1365 1097 1416 χρείαν
1116 1365 1185 1416 ἔχω
1198 1381 1205 1388 ·

175 1421 233 1457 καὶ
252 1420 420 1471 κατέσχεν
442 1422 542 1458 αὐτὸν
561 1420 638 1458 ὅλον
656 1422 820 1468 ἐνιαυτὸν,
837 1422 940 1459 εἰπὼν
957 1423 1008 1460 ὅτι
1025 1425 1128 1461 ’Ἐστι
1149 1426 1207 1463 καὶ

175 1482 272 1528 σιγῆς
290 1479 464 1516 ἀκίνδυνον
482 1479 594 1530 γέρας.
619 1481 777 1531 (Eadem
797 1483 836 1516 in
852 1484 1013 1518 Crameri
1034 1485 1202 1523 Anecdd.

175 1538 329 1574 Parisin.
351 1540 410 1581 ΙΙ,
432 1551 471 1585 p.
490 1538 577 1582 276.
599 1537 608 1587 )
630 1539 748 1574 Porro
766 1541 837 1575 Dio
855 1540 993 1576 Cassius
1011 1543 1107 1589 LVI,
1129 1543 1175 1584 43
1195 1556 1203 1580 :

175 1593 405 1645 Ἀθηνοδώρου
426 1596 459 1630 ἐν
481 1594 587 1646 δίφρῳ
607 1594 809 1646 καταστέγῳ
833 1597 864 1638 ἐς
884 1596 921 1633 τὸ
949 1597 1120 1646 δωμάτιον
1145 1601 1206 1635 αὐ-

174 1654 231 1689 τοῦ
254 1653 262 1702 (
277 1655 430 1701 Augusti
445 1653 455 1701 )
469 1682 478 1698 ,
493 1655 538 1694 ὡς
558 1653 616 1689 καὶ
632 1652 790 1702 γυναικός
804 1669 913 1702 τινος,
931 1655 1205 1703 ἐσκομισθέντος,

174 1708 232 1746 καὶ
252 1709 285 1752 ἐξ
303 1711 407 1747 αὐτοῦ
430 1710 586 1762 ξιφήρους
606 1711 862 1757 ἐκπηδήσαντος
879 1711 937 1748 καὶ
954 1716 1205 1764 προσεπειπόν-

173 1782 227 1809 τος
248 1786 259 1800 c
282 1769 334 1806 Οὐ
352 1768 441 1820 φοὸᾕ
454 1798 464 1817 ,
484 1769 532 1818 μή
553 1785 601 1811 τις
617 1768 652 1806 σὲ
670 1768 776 1811 οὕτως
791 1769 936 1806 ἐσελθὼν
959 1772 1167 1819 ἀποκτείνη;
1189 1793 1204 1807 »

173 1827 237 1875 οὐχ
250 1826 341 1867 ὅπως
354 1826 504 1876 ὠργίσθη
516 1856 525 1872 ,
544 1825 632 1863 ἀλλὰ
653 1826 710 1863 καὶ
730 1826 830 1878 χάριν
845 1829 937 1879 αὐτῷ
950 1827 1046 1878 ἔγνω.
1067 1818 1206 1881 (Fusius

171 1884 247 1920 haec
259 1887 410 1932 exponit
426 1888 586 1921 Zonaras
596 1899 633 1933 p.
654 1885 740 1931 544,
758 1889 803 1931 133
820 1900 853 1922 V.
870 1889 990 1925 Sturz.
1011 1889 1057 1924 ad
1076 1892 1097 1924 l.
1116 1892 1205 1926 Dio-

172 1940 258 1991 nis.)
272 1944 375 1978 Idem
392 1944 461 1980 Dio
474 1946 558 1992 LII,
574 1945 635 1989 37,
650 1946 688 1978 in
700 1946 867 1980 oratione
882 1947 1050 1981 Maeceuae
1065 1948 1112 1982 ad
1129 1952 1202 1984 Au-

171 2008 316 2047 gustum
335 2001 429 2049 (725
451 2015 484 2039 a.
505 2016 542 2036 u.
563 2000 615 2051 c.)
635 2015 643 2037 :
667 2000 738 2039 Καὶ
755 2001 900 2043 ἐκείνους
922 2003 996 2053 (sc.
1015 2003 1091 2046 τοὺς
1107 2007 1202 2056 φιλορ

172 2058 286 2108 σοφεῒν
301 2058 632 2108 προσποιουμένους)
654 2059 888 2111 φυλάσσεσθαι
903 2076 939 2097 σε
958 2066 1115 2113 παραινῶ
1129 2079 1136 2086 ·
1155 2064 1202 2113 μὴ

171 2114 237 2166 γὰρ
255 2114 310 2152 ὅτε
330 2115 388 2152 καὶ
410 2116 539 2167 Ἀρείου
568 2118 626 2153 καὶ
646 2116 876 2168 Ἀθηνοδώρου
901 2120 1015 2156 καλῶν
1035 2121 1092 2157 καὶ
1112 2123 1202 2172 ἀγα-

171 2175 236 2209 θῶν
250 2174 379 2224 ἀνδρῶν
392 2174 598 2225 πεπείρασαι
610 2204 619 2224 ,
631 2175 769 2212 πίστευε
782 2175 927 2219 καὶτοὺς
940 2177 1062 2221 ἄλλους
1073 2179 1203 2223 πάντας

170 2231 247 2273 τοὺς
263 2234 456 2284 φιλοσοφεῖν
472 2232 633 2282 λέγοντας
652 2234 786 2282 ὁμοίους
810 2236 921 2278 αὐτοῖς
944 2230 1041 2274 εἶναι.
1060 2242 1200 2275 Memo-

170 2298 273 2326 ratur
298 2291 459 2338 denique
491 2293 756 2328 Athenodorus
783 2294 881 2340 apud
914 2293 1099 2331 Plutarch.
1130 2300 1201 2343 Qu.

170 2349 284 2384 Conv.
300 2350 350 2393 ΙΙ,
372 2362 402 2394 1,
421 2349 479 2393 13,
493 2362 533 2396 p.
552 2350 640 2393 634,
652 2352 678 2385 F
691 2379 700 2397 ,
721 2351 785 2385 ubi
802 2352 1016 2399 Timagenes
1032 2365 1076 2388 cx
1093 2356 1200 2391 Athe·

170 2406 320 2441 nodoro
348 2408 551 2453 quaesivisse
578 2407 715 2442 dicitur
736 2408 764 2443 εἶ
786 2407 910 2459 φυσικὴ
932 2411 952 2452 ἡ
974 2409 1056 2460 πρὸς
1083 2410 1125 2447 τὰ
1144 2411 1201 2448 s&-

171 2477 254 2511 γονα
288 2463 526 2514 φιλοστοργία,
548 2472 583 2499 et
604 2466 703 2512 apud
729 2465 820 2500 alios
842 2469 996 2513 passim,
1025 2482 1104 2516 quae
1125 2472 1201 2517 jam

171 2534 247 2555 non
268 2524 414 2556 excutio
440 2522 498 2570 (⁴²).
520 2524 680 2558 Omnino
702 2525 799 2558 enim
818 2538 950 2571 parum
972 2526 1088 2574 liquet
1112 2543 1200 2565 num

170 2587 270 2614 recte
290 2581 536 2615 Athenodoro
565 2582 659 2615 inter
679 2582 874 2617 historicos
899 2585 1021 2618 locum
1039 2588 1199 2635 assigna—

171 2638 344 2673 verimus.
363 2639 486 2672 Exstat
505 2651 588 2673 sane
610 2640 711 2673 locus
737 2641 912 2687 Stephani
930 2643 1114 2690 Byzantii,
1133 2646 1198 2680 ubi

171 2694 218 2728 de
231 2695 530 2740 Anchialesurhis
547 2697 741 2731 conditore
753 2698 924 2733 laudatur
938 2700 1201 2738 Athenodorus

171 2750 320 2800 περὶτῆς
336 2749 608 2801 αὐτοῦ’πατρίδος
622 2753 629 2803 (
643 2755 687 2789 fr.
707 2769 718 2789 1
736 2754 764 2804 );
782 2757 883 2802 quod
897 2764 935 2791 ut
949 2770 1023 2792 non
1037 2759 1200 2795 dubitavi

172 2809 216 2843 ad
238 2810 446 2844 Tarsensem
462 2812 742 2848 Athenodorum
756 2816 902 2859 referre,
919 2816 989 2851 hoc
1005 2823 1123 2853 tamen
1147 2820 1199 2853 in-

172 2874 331 2910 certum,
354 2875 479 2902 utrum
500 2870 676 2916 Cordylio
691 2873 735 2905 sit
755 2885 800 2906 an
821 2874 1004 2909 Sandonis
1021 2874 1133 2920 lilius,
1154 2890 1200 2911 an

172 2924 332 2971 denique
346 2928 473 2960 tertius
487 2928 618 2974 aliquis
636 2930 907 2977 intelligendus.
928 2933 1109 2967 Sandonis
1123 2934 1199 2970 filio

214 3034 253 3072 (*)
267 3035 458 3065 l‘eculiarem
471 3034 608 3066 libellum
620 3036 657 3067 ‹le
671 3038 868 3069 Athenodoro
878 3041 976 3070 stoico
984 3043 1106 3081 scripsit
1117 3046 1146 3073 J.
1162 3045 1198 3073 ll.

173 3081 351 3112 Hoffmann.
380 3081 461 3119 Lips.
489 3085 581 3119 1732,
610 3086 638 3114 4.
669 3084 801 3115 Seviims
827 3086 857 3116 in
882 3088 1197 3127 Me'nz.ciel·.1‹·ad,

172 3130 248 3157 lotn—
264 3129 346 3158 Xlll.

442 3229 506 3265 1)Ιί
537 3229 697 3266 TAnSO
730 3231 929 3268 I'ATRIA.

670 3309 698 3338 1.

213 3360 359 3390 Anchiale
381 3360 506 3391 condita
530 3362 574 3392 est
598 3362 636 3391 ah
658 3363 805 3392 Anrlualv
835 3365 928 3403 Iapeti
954 3365 1031 3402 filia,
1051 3368 1081 3395 ul
1102 3366 1201 3404 prodit

927 177 1258 216 ATHENODORI
1287 179 1559 217 TARSENSIS

1275 268 1451 313 expressis
1469 267 1589 300 verbis
1609 266 1817 300 xindicatur
1833 266 1925 300 liber
1946 266 1992 301 ad
2013 268 2200 304 Octaviam
2224 272 2301 306 Au-

1274 325 1367 369 gusti
1382 336 1549 358 sororem
1565 324 1733 369 seriptuS,
1747 335 1791 357 ex
1803 335 1878 369 quo
1891 325 1999 357 Mucii
2010 325 2302 374 Scaevolaequod·

1275 379 1359 416 dam
1386 388 1672 428 cognomentum
1698 389 1966 415 commemorat
1993 382 2223 422 Plutarchus.
2255 390 2301 422 At

1274 450 1383 472 nemo
1407 438 1493 471 hinc
1514 443 1655 471 certum
1678 444 1936 484 argumentum
1956 446 2081 485 petere
2100 442 2192 475 ausit
2212 444 2304 477 scri-

1273 503 1378 541 ptum
1387 494 1482 530 istud
1492 494 1598 529 fuisse
1606 495 1812 541 argumenti
1820 495 1984 530 historici
1995 509 2003 537 3
2016 498 2139 542 potuit
2149 506 2303 535 tractare

1273 553 1396 587 locum
1409 565 1452 587 ex
1467 552 1703 599 philosophia
1719 553 1850 586 morali
1864 554 2035 600 petitum,
2053 567 2162 600 quem
2179 568 2303 591 exem-

1272 611 1341 656 plis
1355 617 1484 645 auctor
1499 610 1752 656 illustraverit3
1764 611 1869 644 sicuti
1881 611 1917 644 in
1928 623 2038 657 opere
2053 611 2141 661 Περὶ
2155 613 2303 659 σπουδῆς

1272 666 1330 702 καὶ
1355 667 1508 711 παιδιᾶς,
1531 667 1634 712 cujus
1656 667 1901 713 fragmentum
1927 669 2060 715 legitur
2079 671 2302 717 apudAthe—

1271 737 1389 759 naeum
1402 725 1491 767 XII,
1504 738 1544 773 p.
1563 724 1648 770 519·
1665 726 1690 758 B
1708 736 1716 760 z
1737 724 1804 760 Καὶ
1818 722 2046 775 Ἀθηνόδωρος
2062 726 2072 774 <
2087 729 2209 763 nescio
2225 730 2302 775 qui)

1273 782 1306 817 ἐν
1320 784 1368 832 τῷ
1400 781 1485 831 Περὶ
1515 782 1665 826 σπουδῆς
1689 780 1747 817 καὶ
1775 782 1912 823 παιδιᾶς
1939 782 2107 833 Ἀρχύταν
2137 784 2219 836 φησὶ
2247 785 2304 822 τὸν

1271 839 1497 889 Ταραντῖνον,
1527 838 1701 875 πολιτικὸν
1730 837 1803 887 ἅμα
1827 839 1885 874 καὶ
1905 839 2087 891 φιλόσοφον
2110 841 2302 889 γενόμενον,

1270 896 1448 939 πλείστους
1463 895 1595 938 οἰκέτας
1618 895 1757 946 ἔχοντα,
1773 895 1824 932 ἀεὶ
1841 896 1969 938 τούτοις
1982 896 2077 947 παρὰ
2094 897 2155 942 τὴν
2170 898 2302 935 δίαιταν

1272 955 1462 1006 ἀφιεμένοις
1478 955 1522 996 εἷς
1536 953 1573 990 τὸ
1589 953 1778 1002 συμπόσιον
1793 953 1947 998 ἥδεσθαι.
1964 954 2055 991 Ἀλλ’
2070 957 2098 992 οἱ
2111 955 2302 1008 Συίῗαρῒται

1271 1011 1408 1062 ἔχαιρον
1435 1017 1504 1055 τοῖς
1533 1011 1731 1054 Μελιταίοις
1753 1010 1930 1061 κυνιδίοις,
1954 1012 2012 1049 καὶ
2036 1012 2224 1064 ἀνθρώποις
2241 1015 2303 1051 οὐκ

1271 1069 1468 1119 ἀνθρώποις.

1324 1129 1433 1164 Haud
1452 1130 1573 1163 minus
1592 1126 1781 1163 infirmum
1794 1126 1975 1173 judicium
2008 1128 2054 1162 de
2082 1129 2124 1162 iis
2143 1141 2223 1175 quae
2256 1130 2303 1165 de

1269 1187 1445 1234 Sarapide
1463 1200 1505 1222 ex
1524 1185 1769 1222 Athenodoro
1791 1185 1999 1220 asseruntur
2015 1186 2076 1232 (fr.
2103 1190 2121 1227 l}
2136 1186 2170 1234 );
2189 1199 2303 1234 quan-

1270 1257 1381 1291 quam
1395 1258 1509 1291 quum
1524 1246 1615 1280 alius
1628 1242 1778 1279 accedat
1793 1244 1895 1278 locus
1911 1243 1956 1278 dc
1968 1244 2147 1279 Nabataeis
2159 1246 2302 1280 Arabiae

1268 1303 1417 1348 Felicis,
1437 1303 1537 1337 haud
1559 1304 1659 1337 omni
1683 1301 2014 1336 verisimilitudinis
2037 1303 2157 1349 specie
2177 1303 2302 1348 conje-

1269 1366 1371 1395 ctura
1391 1367 1489 1395 earet
1512 1372 1586 1395 esse
1610 1361 1686 1394 haec
1712 1361 1834 1394 omnia
1852 1360 2020 1406 profecta
2039 1372 2083 1394 ex
2107 1372 2220 1406 opere
2244 1362 2301 1396 vel

1267 1420 1517 1466 geographico
1534 1420 1588 1453 vel
1601 1419 1792 1454 historico.
1804 1420 1858 1455 De
1870 1419 2018 1453 Oceano
2034 1418 2185 1464 ejusque
2198 1417 2301 1453 fluxu

1268 1485 1304 1512 et
1329 1476 1475 1512 refluxu
1496 1476 1564 1525 (fr.
1589 1476 1634 1524 5)
1659 1477 1900 1523 disputaverit
1921 1477 1957 1511 in
1984 1477 2122 1524 scripto
2149 1477 2302 1524 physio-

1267 1535 1390 1583 lOgieo
1413 1533 1484 1583 Γ).

1465 1614 1584 1651 ΠΕΡΙ
1612 1612 1811 1650 ΤΑΡΣΟΥ
1842 1613 2106 1651 ΠΑΤΡΙΔΟΣ.

1770 1689 1800 1711 1.

1320 1746 1446 1792 steph.
1469 1746 1552 1792 Byz.
1578 1756 1586 1781 :
1608 1743 1772 1794 Ἀγχιάλη
1788 1772 1797 1788 ,
1819 1742 1916 1785 πόλις
1935 1742 2113 1793 Κιλικίας,
2139 1748 2300 1796 παραθα-

1307 1843 1347 1880 (*>
1364 1844 1409 1872 Ex
1430 1841 1552 1880 scriptis
1574 1840 1795 1880 philosophicis
1819 1842 1969 1880 pra-terea
1987 1840 2134 1871 laudatur
2149 1849 2227 1880 opus
2244 1843 2300 1872 Πε·

1266 1888 1385 1927 ρίπατοι
1404 1888 1605 1927 inscriptum,
1620 1887 1704 1927 quod
1729 1888 1839 1926 quater
1853 1887 1929 1917 citat
1955 1887 2042 1926 Diog.
2062 1888 2203 1918 Laertius
2217 1889 2276 1925 (lll
2291 1913 2300 1927 ,

1266 1938 1296 1972 3,
1317 1935 1356 1965 de
1374 1934 1504 1965 Platone
1519 1943 1525 1962 :
1546 1932 1631 1964 Ἀλλὰ
1646 1935 1697 1964 καὶ
1715 1934 1900 1973 ἐχορήγησεν
1919 1934 2054 1970 Ἀθήνησι
2067 1933 2180 1969 Δίωνος
2198 1934 2300 1964 ἀναλί-

1265 1992 1408 2018 σκοντος,
1424 1981 1464 2015 ὥς
1477 1991 1566 2019 φησιν
1584 1980 1788 2016 Ἀθηνόδωφος
1804 1980 1833 2010 ἐν
1848 1980 1948 2019 ὀγδόῳ
1965 1979 2156 2020 Περιπάτων.
2174 1982 2214 2018 V,
2231 1985 2269 2011 36
2290 1993 2296 2011 :

1265 2028 1455 2068 Θεόφραστος
1469 2026 1603 2066 Ἐρέσιος
1613 2052 1622 2065 ,
1638 2027 1777 2057 Μελάντα
1799 2027 1934 2066 κναφέως
1947 2027 2010 2062 υἱὸς
2022 2051 2030 2065 ,
2052 2027 2092 2061 ὥς
2116 2038 2205 2065 φησιν
2219 2027 2300 2063 Ἀθη-

1264 2074 1393 2113 νοδωρος
1408 2074 1437 2104 ἐν
1454 2073 1546 2112 ὀγδόῃ
1576 2073 1765 2113 Περιπάτων.
1790 2075 1852 2111 vl,
1872 2076 1923 2110 81,
1945 2072 1983 2103 de
2003 2072 2137 2111 Diogene
2155 2082 2162 2103 :
2183 2074 2243 2104 Τὸν
2263 2075 2299 2111 δὴ

1263 2121 1424 2161 φιλόσοφον
1437 2120 1634 2160 Ἀθηνόδωρός
1648 2131 1736 2159 φησιν
1748 2121 1777 2150 ἐν
1788 2120 1881 2159 ὀγδόῃ
1897 2119 2075 2159 Περιπάτων
2097 2119 2144 2150 ἀεὶ
2159 2121 2301 2151 στιλπνὸν
2337 2111 2338 2122 ¹

1263 2167 1420 2204 φαίνεσθαι
1435 2167 1484 2196 διὰ
1500 2167 1534 2197 τὸ
1549 2166 1732 2206 ἀλείφεσθαι.
1751 2168 1792 2196 lx
1805 2190 1813 2203 ‚
1829 2168 1863 2197 41
1884 2178 1890 2196 ε
1909 2166 1992 2201 Φησὶ
2008 2166 2039 2196 δὲ
2053 2166 2251 2206 Ἀθηνόδωρος
2268 2166 2299 2197 ἐν

1263 2211 1289 2249 η’
1304 2213 1498 2253 Περιπάτων,
1513 2213 1646 2248 ἐλθόντος
1661 2212 1879 2252 Ἱπποκράτους
1889 2212 1961 2252 πρὸς
1972 2212 2062 2243 αὐτὸν
2074 2212 2084 2251 (
2096 2212 2298 2252 Δημόκριτον)

1263 2261 1403 2290 κελεῦσαι
1420 2261 1601 2298 κομισθῆναι
1620 2259 1716 2298 γάλα,
1734 2260 1785 2289 καὶ
1804 2259 1990 2297 θεασάμενον
2003 2259 2037 2289 τὸ
2052 2259 2130 2297 γάλα
2147 2260 2241 2289 εἰπεῖν
2257 2259 2300 2290 εἷ-

1263 2317 1312 2336 ναι
1327 2307 1412 2345 αἰγὸς
1423 2306 1621 2345 πρωτοτόκου
1632 2306 1683 2336 καὶ
1695 2305 1859 2343 μελαίνης..
1871 2305 1961 2335 ’Ὀθεν
1972 2305 2025 2341 τὴν
2036 2305 2191 2345 ἀκρίὸειαν
2205 2306 2299 2337 αὐτοῦ

1262 2352 1417 2391 θαυμάσαι
1431 2353 1482 2383 τὸν
1498 2351 1701 2391 Ἱπποκράτην
1718 2352 1739 2388 ).

1302 2399 1388 2429 Idem
1409 2399 1586 2429 Stoicorum
1604 2398 1718 2437 placita
1737 2405 1924 2428 enumerans
1949 2397 2139 2428 Athenodori
2156 2397 2300 2429 meminit

1263 2447 1319 2476 Vll
1332 2469 1339 2482 ‚
1357 2450 1407 2476 (38.
1430 2449 1495 2475 121.
1518 2446 1584 2475 149.
1598 2461 1639 2466 —
1653 2444 1850 2482 Ἀθηνόδωρος
1865 2444 1895 2473 ἐν
1908 2446 1951 2482 τῷ
1963 2442 2182 2482 Ἀριστοτέλους
2198 2446 2299 2480 Κατη-

1261 2491 1359 2531 γορίαι
1383 2492 1613 2531 ἐπιγραφομένῳ
1637 2490 1744 2530 βιῧλίῳ
1763 2498 1813 2529 ap.
1833 2490 1971 2528 simplic.
1996 2491 2026 2520 in
2045 2489 2172 2520 Aristot.
2191 2492 2297 2528 Caleg.

1262 2547 1291 2577 p.
1315 2542 1349 2568 15
1368 2538 1396 2568 ἰ).
1417 2543 1445 2567 5.
1462 2542 1499 2568 23
1522 2538 1550 2567 Ι).
1575 2540 1625 2567 41.
1644 2540 1680 2567 47
1702 2537 1730 2567 b.
1754 2537 1902 2576 l'orphyr.
1921 2536 1952 2566 in
1970 2538 2075 2574 Catog.
2099 2545 2128 2576 p.
2156 2542 2171 2567 2
2191 2539 2222 2568 et
2242 2542 2296 2575 lt),

1262 2584 1313 2613 uhi
1340 2584 1377 2613 ad
1399 2583 1633 2614 Athenodorum
1651 2583 1820 2613 rhetoricas
1836 2591 1907 2613 suas
1929 2584 2011 2613 artes
2036 2584 2196 2615 Cornutus
2219 2583 2297 2614 scri-

1263 2630 1356 2669 psisse
1372 2628 1497 2660 dieitur.
1517 2648 1554 2651 -—
1573 2630 1620 2660 Ct'.
1649 2632 1767 2660 Seneca
1781 2629 1857 2668 phil.
1878 2631 1908 2665 1,
1930 2637 1948 2668 p
1978 2631 2048 2659 224.
2069 2633 2138 2660 305.
2153 2631 2222 2661 307.
2239 2632 2293 2660 311

1261 2677 1310 2707 ed.
1328 2677 1458 2707 Amstel.
1480 2680 1566 2706 1619.

1304 2722 1492 2753 Athenodori
1513 2721 1694 2752 tironiensis
1708 2721 1900 2752 mentionem
1915 2720 2063 2751 faciemus
2076 2720 2104 2751 in
2117 2721 2298 2759 fragmentis

1260 2770 1425 2798 auctorum
1440 2768 1542 2799 a¹tatis
1559 2770 1696 2798 incertae.
1717 2768 1801 2799 Alios
1819 2766 2036 2798 Atlwnodoros
2049 2767 2177 2805 colligas
2193 2776 2210 2797 e
2225 2768 2297 2798 Vita

1263 2815 1347 2844 Arati
1367 2817 1375 2845 l
1395 2817 1424 2844 et
1442 2816 1484 2851 ll;
1501 2814 1703 2850 Quinctilian.
1722 2816 1747 2844 ll
1762 2837 1770 2851 ‚
1793 2816 1825 2844 17
1840 2837 1847 2850 ,
1867 2818 1919 2850 15;
1939 2813 2117 2844 Philostrat.
2135 2814 2173 2844 V.
2194 2815 2227 2843 L.
2251 2815 2295 2850 tl,

1267 2863 1298 2891 14
1321 2870 1349 2899 p.
1371 2864 1440 2892 59'1.
1458 2861 1569 2891 suidas
1586 2869 1614 2892 v.
1643 2861 1851 2899 Ἀθηνόδωρος.
1875 2859 1990 2890 Eudoe.
2017 2868 2046 2898 p.
2068 2863 2116 2890 51.
2136 2859 2292 2890 Plutarch.

1263 2909 1308 2937 De
1325 2908 1440 2939 {ln-lim.
1463 2908 1549 2937 Alex.
1568 2916 1614 2938 or.
1637 2909 1660 2937 ll
1674 2931 1681 2943 ,
1697 2911 1713 2937 ἱ).
1733 2908 1784 2945 (p.
1807 2909 1866 2936 410
1884 2905 1987 2935 Didot.
2004 2906 2031 2942 ),
2044 2907 2089 2935 De.
2104 2905 2173 2935 frat.
2189 2913 2295 2934 amore

1261 2962 1288 2983 e.
1311 2958 1339 2984 11
1359 2955 1409 2992 (p.
1431 2958 1489 2985 586
1504 2954 1552 2984 ed.
1571 2953 1794 2989 1.)i‹l.)St‹›boei
1814 2952 1916 2983 Floril.
1937 2955 1973 2981 33
1987 2974 1995 2989 ,
2014 2956 2041 2981 5.
2064 2951 2176 2981 AElian.
2197 2953 2233 2981 V.
2255 2952 2291 2981 ll.

1265 3001 1293 3034 Ι,
1309 3004 1358 3035 ¹25»,
1373 3002 1403 3030 et
1417 3000 1573 3030 Plutarch.
1594 3000 1624 3029 ln
1639 2999 1803 3029 Phocione.
1823 2997 1980 3028 Plutarch.
2000 2999 2143 3035 Sympos.
2159 2997 2245 3032 Vlll‚
2261 2999 2290 3027 9.

1264 3046 1340 3076 Plin.
1366 3047 1454 3085 epist.
1480 3048 1556 3083 vll,
1576 3047 1623 3076 27.
1646 3045 1810 3081 Antholog.
1830 3046 1894 3080 lll,
1912 3053 1940 3082 p.
1961 3047 2029 3074 ³09.
2052 3043 2138 3079 Diog.
2161 3044 2196 3073 L.
2218 3044 2294 3079 vll,

1262 3094 1310 3122 38.
1334 3092 1500 3122 Pausanias
1520 3094 1544 3122 X
1558 3115 1565 3129 ‚
1584 3098 1619 3128 9,
1646 3095 1674 3121 8.
1695 3090 1807 3122 liuseh.
1830 3090 1859 3119 in
1879 3090 1994 3120 Chron.
2016 3088 2225 3127 olympionic.
2242 3088 2291 3118 Ol.

1263 3141 1332 3168 2u7.
1351 3143 1420 3168 ¹203.
1442 3144 1510 3169 ¹210.
1531 3139 1647 3168 Plinius
1667 3139 1702 3168 ll,
1723 3139 1757 3168 N.
1781 3138 1921 3173 XXXlV,
1941 3138 1975 3171 8,
1999 3139 2045 3165 19.

1262 3264 1481 3294 Athenodorus
1495 3265 1523 3294 ln
1542 3264 1622 3294 libro
1640 3266 1683 3294 De
1698 3263 1796 3302 patria
1811 3262 1989 3292 suatestem
2005 3269 2163 3300 apponens
2179 3260 2292 3290 Diodo-

1263 3326 1336 3358 rum
1355 3319 1363 3351 (
1379 3319 1570 3347 Tarsensem
1587 3317 1621 3353 .·³)
1645 3315 1886 3353 grannmaticum
1902 3337 1909 3350 ,
1931 3314 1984 3352 qui
2005 3315 2069 3352 ipse
2085 3321 2157 3343 cum
2187 3312 2290 3343 Ptole,-

1263 3376 1343 3397 mwu
1364 3371 1371 3404 ς
1391 3370 1448 3398 l'll
1467 3367 1768 3405 l*l1y.s‹·o›1e?›=·‹=go
1785 3364 1948 3395 ‹onwnlit
1970 3378 1981 3390 α
2003 3363 2098 3402 lapeli
2123 3363 2203 3401 filia,
2223 3363 2263 3391 ait
2279 3386 2286 3399 ,
