2338 3765
109 200 183 231 438

108 279 182 327 ἅμα
204 280 377 327 ἑωρακυῖα
396 275 558 327 Καίσαρα
578 275 633 312 τὸν
655 276 777 320 ἑαυτῆς
793 276 879 313 θεῖον
896 270 951 313 οἷα
971 276 1086 323 ποίθοι,
1102 277 1140 313 οὐ

107 335 196 372 πάνυ
215 333 374 385 προσίετο
391 332 511 369 πάλιν·
533 331 632 383 ἐῴκει
653 331 688 369 δὲ
709 332 835 381 μεταξὺ
860 334 1063 385 ἀμφοτέρων
1087 328 1139 370 ε’ἷ-

107 409 162 429 ναι
181 395 248 430 τῶν
267 393 426 441 γνωμῶν,
447 393 507 435 τ’ἧς
523 405 558 426 τε
578 393 637 426 τοῦ
659 389 778 442 ἀνδρὸς
798 390 977 429 Φιλίππου
997 391 1056 427 καὶ
1082 395 1141 428 τοῦ

108 450 208 493 υἱέος.
232 451 301 488 Καὶ
319 452 339 494 ἦ
357 448 419 498 μὲν.
433 447 488 484 διὰ
506 450 604 484 τοῦτο
623 448 656 483 ἓν
671 447 823 498 φροντίσι
841 448 977 498 μυρίαις
993 444 1048 495 ἦν,
1064 448 1140 486 τοτὲ

108 508 169 557 μὲν
187 507 378 555 ἀνιωμένη,
394 504 530 542 ἐπειδὰν
547 504 624 547 τοὺς
640 505 850 556 ἠρτημένους
868 508 1052 557 ἀριθμῆται
1073 521 1142 542 κιν-

108 565 222 608 δύνους
241 567 308 602 τῶν
334 563 543 612 συμπάντων
567 563 685 614 ἄρχειν
707 562 876 612 ἀξιοῦντι,
897 565 972 601 τοτὲ
993 564 1020 600 δ’
1043 565 1142 600 ε’παι-

109 623 235 674 ρομένη
251 653 261 671 ,
282 622 420 660 ἐπειδὰν
439 621 478 659 τὸ
499 621 638 671 μέγεθος
658 624 718 667 τῆς
735 620 886 664 ἐξουσίας
910 637 946 658 τε
963 620 1022 658 καὶ
1041 624 1143 670 τιμῆς

108 681 298 731 λογίζηται.
319 679 380 717 Διὸ
404 679 610 730 ἀποτρέπειν
635 679 696 728 μὲν
721 678 777 716 τὸν
798 679 906 716 παῖδα
924 680 985 716 οὐκ
1013 678 1142 727 ἐτόλμα

110 739 272 788 μεγάλοις
303 739 523 788 ἐγχειρουντα
549 736 608 774 καὶ
637 737 694 774 ἐπι
715 736 893 774 tanaim*
872 753 1005 786 αμυναν
1022 739 1144 788 ὡρμη-

110 795 295 844 μένον,οὖ
314 793 380 844 μὴν
399 794 438 840 δὴ
460 794 536 832 οὐδὲ
556 800 810 845 συμπαρορμαν
826 794 881 831 διὰ
896 809 933 831 το
947 794 987 831 ἅο
975 795 1034 840 ηλ
1037 810 1071 831 ον
1085 798 1143 831 τοῦ

110 854 279 902 δαίμονος·
300 852 486 904 συνεχώρει
509 853 537 889 δ’
558 868 650 901 ομως
668 852 819 901 τοῦνομα
840 852 932 902 ἔχειν
950 868 988 889 το
1006 852 1145 890 Καίσα-

111 928 182 964 ρος,
200 927 259 949 και
282 910 368 956 αὐτη
388 910 507 960 πρώτη
529 909 728 952 συνέπαινος
746 914 802 956 ἠν.
853 910 1039 948 Πάντων
1022 909 1056 946 οὲ
1076 924 1143 946 των

109 969 216 1021 φίλων
235 969 294 1006 καὶ
313 969 391 1021 περὶ
410 982 506 1005 τουοε
522 970 539 1005 ὃ
564 970 703 1037 Καῖσαρ
720 967 943 1017 πυθόμενος
925 981 945 1004 α
967 967 1143 1018 ἐφρόνουν,

110 1026 206 1064 ουδὲν
222 1025 495 1077 μελλησαςτύχΓ,
513 1027 623 1077 ἀγαθῆ
641 1026 700 1062 καὶ
715 1025 767 1062 ἐπ’
780 1025 926 1077 εὖφήμι)
940 1024 1130 1069 κληοόνιδε

110 1100 150 1135 χε
138 1100 211 1122 ται
227 1083 378 1133 τουνομοί
396 1100 432 1121 τε
448 1083 506 1121 καὶ
520 1099 581 1129 την
599 1083 810 1129 υἱοθεσίαν,
799 1083 821 1128 Γ,
838 1083 896 1119 καὶ
912 1083 975 1118 αὐτ
977 1099 1004 1119 ιι)
1026 1084 1065 1133 (7)
1088 1097 1145 1119 και

111 1149 215 1180 πᾶσιν
236 1142 425 1192 ἀνθρώποις
446 1141 536 1193 ἀρχὴ
553 1143 688 1192 ἀγαθῶν
705 1135 759 1190 ἦν,
776 1142 862 1177 πολὺ
881 1139 915 1177 δὲ
933 1140 1085 1188 μάλιστα
1104 1144 1145 1192 τῇ

930 1195 1094 1250 ’Έπεμψε
1113 1199 1146 1235 δὲ

111 1262 330 1311 παραχρῆμα
348 1258 407 1296 καὶ
425 1259 481 1295 ἐπὶ
495 1257 553 1300 τὰς
567 1260 600 1295 ἐν
619 1260 660 1308 τῇ
682 1257 778 1308 Ἀσία
796 1255 1017 1308 παρασκευὰς
1033 1256 1148 1293 καὶτὰ

111 1202 251 1254 πατρίδι
267 1201 325 1239 καὶ
342 1200 519 1250 σύμπαντι
535 1203 583 1252 τῷ
601 1200 787 1248 Ῥωμαίων
807 1198 911 1248 γένει.

111 1318 280 1369 χρήματα
302 1316 322 1353 ἃ
337 1316 543 1368 προῦπεμψε
562 1318 701 1366 Καῖσαρ
721 1315 884 1366 πρότερον
906 1314 962 1351 ἐπὶ
979 1314 1034 1351 τὸν
1056 1317 1149 1366 Παρ-

113 1376 205 1414 θικὸν
225 1376 388 1424 πόλεμον.
421 1375 491 1412 Καὶ
519 1374 634 1419 ἐπειδὴ
657 1373 840 1421 ἐκομίσθη,
861 1373 920 1409 καὶ
946 1371 1004 1409 σὺν
1036 1373 1150 1415 αὐτοῖς

113 1437 130 1470 ὁ
145 1433 278 1478 ἐτήσιος
292 1433 390 1484 φόρος
403 1435 470 1468 τῶν
490 1433 522 1468 ἐν
538 1430 634 1482 Ἀσία
653 1432 766 1476 ἐθνῶν,
786 1431 994 1482 ἀρκούμενος
1013 1433 1149 1482 Καῖσαρ

114 1491 182 1533 τοῖς
201 1490 390 1542 πατρῴοις,
411 1489 453 1526 τὰ
474 1488 622 1537 δημόσια
641 1490 686 1530 εἷς
704 1488 742 1525 τὸ
767 1494 920 1536 ταμιεῖον
940 1491 1000 1533 τῆς
1021 1489 1150 1530 πόλεως

116 1548 317 1598 ἀπέπεμψε.
378 1546 558 1596 Παρῄνουν
582 1546 615 1582 δὲ
647 1546 706 1583 καὶ
735 1546 811 1582 τότε
835 1547 928 1597 αὐτῷ
947 1549 1015 1583 τῶν
1044 1546 1150 1598 φίλων

115 1604 196 1642 ἔνιοι
215 1605 236 1641 ἃ
258 1606 299 1656 (8)
319 1604 377 1641 καὶ
398 1605 432 1640 ἐν
448 1602 679 1655 Ἀπολλωνίᾳ,
699 1605 824 1654 χωρεῖν
844 1603 900 1639 ἐπὶ
920 1605 980 1646 τὰς
995 1603 1152 1646 ἀποικίας

114 1679 174 1700 του
193 1663 322 1713 πατρὸς
342 1678 400 1699 και
417 1661 459 1698 τὰ
480 1676 724 1711 στρατευαατα
745 1664 956 1712 συγκροτεῖν,
977 1661 1152 1703 κάκείνους

116 1723 196 1763 εἷς
180 1736 242 1766 την
274 1720 359 1771 ὑπὲρ
380 1721 483 1756 αυτοῦ
503 1718 614 1761 ἔξοδον
641 1720 670 1768 (9
653 1721 682 1767 9)
711 1718 822 1760 ἄλλως
850 1734 887 1755 τε
906 1719 965 1756 καὶ
990 1722 1048 1756 τοῦ
1074 1719 1153 1756 ὀνό-

118 1792 225 1827 ματος
244 1794 286 1827 με
289 1778 440 1828 γα’λου“ί
498 1775 652 1814 Ἵίδιστα
680 1775 745 1828 γὰρ
766 1776 825 1814 καὶ
845 1775 922 1819 τοὺς
942 1776 1154 1829 στρατιώτας

116 1835 305 1885 ἡγουμένου
340 1838 397 1872 τοῦ
431 1834 608 1885 Καίσαρος
636 1850 685 1871 υιε
678 1833 723 1877 ὀς
755 1834 998 1879 ἀκολουθησειν
1027 1850 1064 1872 τε
1095 1835 1154 1872 καὶ

116 1894 231 1931 πάντα
252 1893 399 1944 δράσειν·
419 1892 601 1942 θαυμαστὴ
622 1892 688 1942 γάρ
708 1908 758 1935 τις
776 1894 890 1935 αυτοῖς
913 1893 1026 1935 πίστις
1041 1909 1078 1930 τε
1095 1893 1154 1930 καὶ

118 1951 230 1989 εὔνοια
251 1966 385 2001 υπηρχε
403 1951 485 2001 πρὸς
503 1951 628 1987 ἐκεῖνον
654 1965 714 1987 και
735 1949 854 1999 μνήμη
878 1966 924 1987 ιον
949 1965 988 1987 συ
993 1965 1155 2000 (κατειρ-

117 2010 268 2059 γάσαντο
288 2011 348 2059 (ιο)
371 2011 490 2056 ζωντι,
512 2007 613 2050 πόθος
633 2023 669 2044 τε
688 2024 743 2045 επι
762 2023 822 2045 του
844 2007 972 2045 ἐκείνου
989 2008 1156 2057 ὀνόματος

119 2066 358 2116 συναγωνίζειν
379 2079 420 2110 Γ,ν
443 2080 538 2101 αυτοι
556 2064 675 2102 ἐκείνω
699 2065 863 2117 πρότερον
881 2067 1079 2116 περιέθεσαν
1099 2066 1155 2125 (ιι)

120 2141 189 2175 αργ
191 2124 248 2169 ήν.
268 2123 371 2161 Αλλὰ
388 2124 494 2159 τιονδε
512 2123 573 2172 μὲν
599 2124 673 2160 οὐδε
661 2123 766 2160 ἕπωὸ
789 2139 942 2176 καιρος-
928 2123 1083 2176 ἐφαίνετο
1106 2127 1157 2160 εἰ-

120 2197 190 2218 ναι·
209 2181 396 2224 ἐσπουοαζε
418 2180 452 2217 δὲ
473 2180 529 2231 (12)
551 2180 704 2230 νομίμως
719 2180 778 2224 τὰς
794 2183 958 2232 πατρίους
973 2181 1080 2233 ἀρχὰς
1095 2197 1157 2231 με-

119 2240 200 2277 τιὼν
226 2239 346 2290 γνώμῃ
369 2238 564 2288 συγκλήτου
583 2237 631 2287 μὴ
650 2239 767 2276 Mastia
788 2239 885 2283 δόξαν
908 2240 1157 2291 φιλοτιμουμέ-

121 2313 177 2335 νου
194 2297 324 2346 μᾶλλόν
342 2313 405 2348 περ
420 2296 441 2342 ἢ
457 2296 616 2346 νομίμου.
636 2297 697 2335 Διὸ
716 2300 782 2334 τῶν
801 2298 907 2349 φίλων
926 2303 993 2340 τοῖς
1007 2298 1157 2349 xps-060-

120 2355 233 2397 τάτοις
245 2370 280 2391 τε
296 2354 354 2391 καὶ
366 2354 529 2406 ἐμπειρία
541 2353 730 2406 προῦχουσι
745 2355 897 2402 μάλιστα
910 2354 1061 2391 ἐπείθετο
1079 2355 1155 2405 (ι3),

122 2413 191 2450 ἀπό
206 2429 242 2449 τε
260 2412 460 2464 Βρεντεσίου
480 2412 642 2462 ὥρμησεν
661 2412 717 2449 ἐπὶ
735 2411 890 2460 <Ρώμης,

174 2473 282 2509 XIX.
316 2470 324 2482 ³

124 2543 218 2565 σειαν
234 2526 296 2573 τὴν
321 2527 507 2572 ἐπιῧουλὴν
528 2530 558 2564 οἱ
579 2528 719 2579 σφαγεῖς
739 2527 795 2564 ἐπὶ
814 2526 976 2578 Καίσαρα
992 2557 1001 2575 ,
1032 2528 1090 2564 καὶ
1113 2531 1158 2570 ὡς

332 2472 496 2515 Ιὶπιζητεῖ
510 2470 544 2506 δὲ
564 2471 758 2507 τούντεῦθεν
773 2472 790 2506 ὁ
807 2470 904 2518 λόγος
921 2469 1013 2512 ὅπως
1030 2470 1152 2515 συστή·

123 2586 161 2622 τὸ
179 2586 319 2635 σύμπαν
340 2585 627 2636 κατειργάσαντο,
647 2585 690 2621 τά
712 2600 749 2622 τε
771 2584 858 2634 μετὰ
878 2586 919 2634 (ι)
941 2588 1049 2621 ταῦτα
1068 2600 1159 2636 πρα-

123 2643 267 2695 χθέντα,
284 2643 484 2688 κινηθέντων
504 2645 570 2679 τῶν
591 2642 693 2683 ὅλων.
751 2642 903 2691 Διεξειμι
917 2659 974 2680 ουν
994 2658 1099 2687 αυτην
1119 2659 1155 2680 τε

124 2704 258 2752 πρῶτον
285 2701 360 2738 καθ’
377 2700 396 2738 ὅ
414 2717 445 2737 τι
469 2701 511 2752 (2)
535 2701 665 2751 ἐγένετο
692 2717 751 2738 και
777 2701 892 2749 ὅπως,
915 2700 975 2742 τάς
992 2715 1029 2737 τε
1050 2700 1160 2743 αἰτίας

125 2759 179 2810 ὑφ’
198 2754 244 2796 ὧν
264 2764 419 2795 συστᾶσα
440 2758 576 2795 τοσόνδε
594 2759 775 2805 ἐπεξῆλθεν
789 2775 796 2782 ·
810 2758 930 2796 ἔπειτα
950 2758 984 2795 δὲ
1002 2758 1080 2809 περὶ
1101 2761 1158 2795 τοῦ

126 2816 241 2867 ἑτέρου
264 2816 456 2867 Καίσαρος,
474 2811 511 2853 οἷ
530 2815 627 2853 ἕνεκα
645 2816 700 2853 ὅδε
718 2819 734 2853 ὁ
755 2816 852 2865 λόγος
872 2815 1052 2867 ὥρμηται,
1069 2815 1160 2858 ὅπως

126 2889 161 2910 τε
179 2876 351 2924 παρηλθεν
369 2876 414 2917 εἷς
433 2873 493 2919 τὴν
514 2876 581 2925 ἀρχ
583 2891 637 2920 ην,
657 2891 714 2911 και
732 2891 848 2920 επειοΓ,
865 2875 936 2911 ἀντ’
954 2875 1081 2912 ἐκείνου
1096 2890 1158 2910 κα·

125 2931 248 2978 τέστη,
277 2930 367 3003 ὁπρ>ς
398 2932 480 2983 ἔργα
511 2932 663 2981 πολέμου
691 2950 749 2970 και
780 2935 913 2985 εἰρήνης
942 2932 1155 2976 ἀπεδείξατο.

126 2983 262 3039 Ηρξαν
292 3006 353 3039 μεν
374 3006 431 3027 ουν
451 3006 510 3035 της
527 2991 692 3028 ἐπιδουλ
663 3008 710 3037 ιης
739 2991 839 3062 ἄνδρε
845 3008 858 3034 ς
877 2992 915 3028 τὸ
936 3007 977 3040 με
964 3008 997 3028 ν
1025 2994 1159 3059 πρῶτον

127 3047 251 3098 ὀλίγοι,
270 3047 357 3096 μετὰ
377 3046 410 3084 δε
426 3063 535 3084 ταυτα
562 3049 682 3085 πολλοι
713 3048 772 3085 καὶ
796 3049 870 3086 ὅσοι
893 3048 967 3086 οὔτε
997 3049 1159 3100 πρότερον

928 189 1135 229 NICOLAI
1168 190 1455 229 DAMASCENI

1200 284 1318 323 spicata
1331 308 1339 323 ,
1360 294 1469 316 rursus
1489 284 1572 315 haud
1597 285 1730 317 libenter
1749 286 1922 319 admodum
1939 288 2001 320 hoc
2026 288 2236 331 admittebat,

1201 348 1233 377 et
1257 347 1422 378 videbatur
1448 348 1528 379 inter
1552 348 1720 388 utramque
1746 347 1900 380 fluctuare
1920 350 2109 382 sententiam
2132 351 2238 382 mariti

1202 411 1297 448 atque
1313 410 1379 441 tilii.
1402 409 1454 441 Sic
1476 409 1529 440 illa
1552 409 1725 440 innumeris
1746 410 1829 441 curiS
1854 410 2119 452 discruciabatur,
2144 413 2238 445 modo

1202 473 1310 505 dolore
1325 474 1438 505 assecta
1451 498 1460 512 ,
1474 473 1600 512 quando
1615 474 1753 513 pericula
1771 476 1973 506 enumeraret
1989 475 2028 506 de
2041 484 2166 507 summo
2180 477 2239 507 im-

1202 536 1288 576 perio
1305 535 1506 566 contendenti
1524 536 1738 576 imminentia,
1755 536 1850 567 modo
1868 537 1983 576 gaudio
1995 538 2095 578 elata,
2109 539 2240 578 quando

1202 598 1352 638 potentiae
1368 598 1558 639 honorisque
1572 599 1734 638 reputaret
1756 599 2018 638 magnitudinem.
2034 601 2140 637 Quare
2153 610 2238 633 aver-

1203 663 1270 693 tere
1283 661 1411 701 quidem
1429 661 1526 692 tilium
1543 670 1607 692 non
1630 661 1768 693 audebat
1785 671 1834 694 res
1856 671 1986 703 magnas
2008 664 2239 703 aggredientem

1202 723 1384 764 justamque
1398 723 1548 754 ultionem
1565 724 1766 764 molientem,
1787 727 2007 756 verumtamen
2023 734 2127 766 neque
2145 727 2240 758 etiam

1204 787 1334 818 incitare
1357 795 1450 825 eum,
1469 787 1554 826 quod
1571 787 1689 818 incerta
1705 788 1746 818 sit
1771 788 1917 828 fortuna,
1943 790 2129 821 sustinebat.
2155 792 2241 822 Con-

1204 849 1296 880 cessit
1318 850 1425 881 tamen
1450 850 1486 880 ut
1510 857 1626 880 nomen
1652 850 1780 881 Caesaris
1816 852 2007 891 assumeret,
2039 852 2105 883 imo
2140 853 2242 892 prima

1205 912 1271 951 ipsa
1288 911 1348 942 hoc
1370 911 1573 942 collaudavit.
1596 912 1702 942 Caesar
1719 919 1795 942 vero
1811 913 1979 951 postquam
1992 911 2032 943 de
2052 912 2100 944 his
2115 922 2243 953 quoque

1205 982 1315 1005 omnes
1328 974 1463 1013 amicos,
1479 973 1556 1013 quid
1571 974 1741 1010 sentirent,
1759 974 1981 1014 consuluerat,
2001 974 2080 1006 nihil
2100 978 2244 1007 moratus

1206 1037 1287 1068 hona
1299 1037 1424 1068 fortuna
1438 1037 1604 1076 faustoque
1612 1036 1718 1068 omine
1728 1045 1843 1068 nomen
1853 1037 1987 1068 Caesaris
2002 1039 2033 1068 et
2042 1038 2243 1078 adoptionem

1206 1099 1282 1132 adiit
1298 1109 1306 1131 t
1322 1099 1406 1139 quod
1420 1101 1490 1130 tum
1505 1098 1561 1138 ipsi
1575 1100 1644 1130 tum
1658 1099 1806 1130 omnibus
1816 1099 1998 1131 hominibus
2008 1090 2165 1131 bonorum
2178 1103 2246 1133 erat

1207 1164 1349 1203 initium,
1367 1171 1432 1202 prae
1448 1163 1560 1193 ceteris
1575 1164 1683 1193 autem
1705 1163 1816 1202 patriae
1838 1164 1871 1194 et
1894 1165 2108 1195 Romanorum
2128 1165 2245 1204 populo

1208 1225 1368 1256 universo.
1384 1230 1429 1256 Ac
1444 1225 1608 1255 confestim
1622 1225 1655 1255 in
1668 1225 1772 1256 Asiam
1793 1225 1878 1256 misit
1891 1225 1931 1256 ad
1947 1228 2116 1266 apparatus
2137 1227 2169 1258 et
2190 1235 2245 1267 pe-

1208 1289 1335 1328 cunias,
1349 1298 1421 1328 quae
1435 1290 1538 1320 Caesar
1551 1288 1591 1319 ad
1607 1289 1726 1320 bellum
1743 1290 1926 1320 Parthicum
1941 1290 2147 1330 praemiserat.
2166 1291 2246 1327 Qui-

1210 1349 1271 1380 bus
1295 1349 1463 1389 reportatis
1482 1357 1544 1379 una
1563 1358 1637 1379 cum
1653 1349 1772 1380 tributo
1789 1358 1894 1380 annuo
1915 1350 2106 1390 populorum
2133 1351 2248 1382 Asiati-

1211 1419 1322 1442 corum
1339 1435 1347 1450 ,
1361 1413 1479 1450 Caesar,
1498 1411 1637 1450 paternis
1653 1412 1766 1451 opibus
1779 1412 1965 1450 contentus,
1980 1412 2062 1443 bona
2075 1412 2202 1452 publica
2216 1413 2248 1443 in

1210 1473 1320 1503 fiscum
1344 1474 1477 1503 Romam
1496 1472 1681 1511 perferenda
1694 1473 1829 1503 curavit.
1850 1474 1999 1504 Ceterum
2021 1474 2098 1504 tunc
2120 1483 2250 1513 quoque

1211 1532 1385 1563 amicorum
1400 1531 1544 1562 nonnulli
1558 1531 1752 1570 suadebant,
1768 1531 1854 1571 quod
1870 1532 1935 1571 jam
1956 1532 2130 1572 Apolloniae
2144 1542 2249 1565 suase-

1213 1594 1299 1632 rant,
1313 1594 1350 1624 ut
1365 1594 1397 1624 in
1407 1595 1628 1625 veteranorum
1643 1594 1782 1625 colonias
1793 1603 1810 1624 a
1823 1595 1911 1634 patre
1926 1595 2078 1627 deductas
2088 1604 2121 1627 se
2134 1597 2251 1627 conser-

1215 1658 1273 1695 ret,
1283 1657 1399 1688 milites
1412 1657 1455 1687 ibi
1466 1659 1672 1697 convocaret,
1684 1666 1801 1697 eosque
1816 1658 1856 1689 ad
1866 1659 2099 1698 expeditionem
2112 1669 2168 1700 pro
2183 1660 2250 1700 ipso

1211 1718 1439 1758 suscipiendam
1455 1720 1525 1750 tum
1541 1719 1609 1750 aliis
1627 1719 1728 1751 modis
1749 1721 1820 1751 tum
1840 1719 1944 1759 magni
1967 1721 2098 1751 Caesaris
2113 1720 2252 1751 nominis

1216 1777 1434 1808 recordatione
1450 1778 1621 1816 excitaret;
1642 1786 1717 1808 nam
1736 1777 1951 1808 lubentissime
1964 1777 2139 1809 exercitum
2156 1778 2250 1809 etiam

1215 1834 1316 1866 fllium
1337 1836 1471 1866 Caesaris
1483 1835 1597 1866 ducem
1613 1837 1799 1866 secuturum
1819 1836 1850 1866 et
1863 1836 2015 1874 imperata
2028 1835 2134 1866 omnia
2150 1835 2250 1866 sactu·

1214 1902 1286 1924 rum
1300 1902 1375 1925 esse.
1400 1894 1525 1925 Etenim
1542 1896 1623 1924 mira
1638 1893 1785 1933 quaedam
1806 1893 1889 1933 apud
1903 1893 1972 1925 illos
1991 1893 2067 1924 fides
2086 1893 2210 1933 vigebat
2221 1895 2253 1925 et

1215 1951 1435 1983 benevolentia
1451 1960 1524 1991 erga
1541 1953 1698 1983 Caesarem
1709 1975 1718 1990 ,
1739 1952 1771 1983 et
1791 1951 1946 1982 memoria
1968 1960 2076 1982 rerum
2092 1960 2164 1990 quae
2177 1959 2250 1982 cum

1216 2010 1343 2041 vivente
1356 2011 1559 2049 peregerant,
1574 2010 1605 2041 et
1618 2009 1807 2041 desiderium
1821 2009 1880 2040 sub
1895 2009 1991 2048 hujtis
2003 2009 2139 2040 nominis
2150 2009 2252 2049 auspi-

1216 2067 1271 2099 ciis
1285 2076 1348 2099 una
1358 2076 1430 2098 cum
1444 2068 1509 2098 tilio
1519 2067 1701 2099 decertandi
1716 2068 1897 2107 imperium,
1912 2067 1998 2107 quod
2009 2067 2066 2107 ipsi
2080 2067 2155 2098 olim
2170 2068 2251 2107 patri

1217 2124 1438 2155 attribuerant.
1465 2126 1504 2156 At
1531 2125 1643 2155 horum
1666 2124 1810 2155 nondum
1836 2126 1962 2164 tempus
1986 2134 2053 2156 esse
2071 2125 2251 2156 videbatur.

1219 2183 1315 2212 Porro
1337 2182 1474 2221 legitime
1496 2182 1631 2213 honores
1652 2184 1799 2221 paternos
1821 2183 1931 2221 petens
1953 2183 2106 2213 sententia
2127 2184 2254 2215 senatus

1218 2247 1280 2269 non
1298 2239 1412 2269 famam
1428 2238 1584 2269 ambitiosi
1600 2239 1735 2269 hominis
1752 2239 1857 2279 potius
1871 2248 1967 2279 quam
1990 2240 2109 2280 legibus
2127 2241 2253 2272 obtem-

1218 2297 1354 2336 perantis
1371 2298 1451 2328 serre
1465 2296 1622 2328 studebat.
1639 2299 1745 2334 Quare
1758 2297 1867 2328 amicis
1888 2299 1981 2329 aetate
2003 2294 2254 2338 provectioribus

1217 2356 1248 2386 ct
1279 2355 1390 2394 peritia
1414 2355 1607 2395 pollentibus
1630 2356 1800 2387 obsecutus
1825 2356 2002 2387 Brundusio
2025 2358 2159 2389 Romam
2188 2366 2255 2390 sese

1218 2413 1362 2444 contulit.

1259 2472 1342 2502 XIX.
1368 2473 1405 2502 In
1423 2471 1628 2510 sequentibus
1647 2472 1787 2503 narratio
1806 2474 1914 2504 nostra
1937 2474 2076 2513 exponet
2093 2473 2254 2512 quomodo

1219 2536 1352 2567 conflata
1371 2537 1403 2567 in
1422 2538 1579 2568 Caesarem
1603 2546 1824 2576 percussorum
1846 2538 2024 2578 conjuratio
2036 2562 2045 2577 ,
2066 2539 2098 2569 et
2118 2539 2185 2569 tota
2204 2548 2254 2570 res

1219 2602 1345 2639 peracta
1358 2601 1415 2640 sit,
1429 2602 1461 2632 et
1473 2610 1623 2641 quaenam
1640 2601 1786 2642 deinceps
1804 2605 1891 2642 gesta
1910 2603 1992 2642 sint,
2015 2612 2167 2635 concussa
2187 2605 2254 2635 tota

1220 2667 1391 2707 republica.
1411 2668 1554 2698 Primum
1572 2668 1666 2707 igitur
1683 2668 1783 2708 ipsam
1799 2678 1969 2708 persequar
1984 2670 2253 2710 conjurationem,

1219 2744 1314 2774 quem
1327 2734 1366 2765 ad
1381 2735 1478 2766 tinem
1491 2736 1522 2766 et
1536 2734 1697 2774 quomodo
1721 2734 1802 2766 sacta
1818 2735 1875 2774 sit,
1894 2743 2068 2774 causasque
2091 2735 2194 2767 dicam
2216 2736 2256 2768 de

1218 2797 1334 2837 quihus
1346 2797 1480 2828 conflata
1496 2798 1527 2828 in
1548 2799 1674 2829 tantum
1691 2798 1847 2836 evaserit;
1867 2797 1980 2829 deinde
2005 2806 2080 2828 vero
2095 2798 2136 2829 de
2155 2798 2255 2830 altero

1219 2864 1344 2893 Caesare
1370 2863 1495 2903 loquar,
1522 2862 1615 2902 cujus
1637 2871 1731 2894 causa
1756 2862 1838 2893 hanc
1867 2863 2086 2894 narrationem
2113 2863 2254 2903 institui,

1219 2936 1282 2966 quo
1308 2928 1402 2959 modo
1415 2929 1535 2960 scilicet
1553 2927 1592 2958 ad
1614 2937 1744 2968 regnum
1758 2927 1955 2967 pervenerit,
1969 2929 2001 2959 et
2014 2929 2044 2959 in
2056 2928 2139 2959 iltius
2149 2928 2254 2959 locum

1219 2992 1405 3023 subsecutus
1427 3001 1572 3032 (lumnam
1592 2993 1674 3024 bello
1693 2994 1724 3024 et
1744 3001 1819 3033 pace
1835 2992 1975 3032 gesserit.
1998 2992 2181 3029 Conjuratio
2201 2992 2255 3023 ini-

1221 3055 1264 3086 tio
1279 3055 1413 3085 conflata
1426 3064 1444 3086 a
1457 3056 1566 3095 paucis
1579 3057 1643 3094 est;
1658 3057 1768 3096 postea
1784 3056 1890 3086 autem
1901 3054 1993 3084 multi
2009 3054 2076 3092 ejus
2089 3053 2256 3093 participes

126 3170 167 3177 —-
180 3157 210 3186 7.
229 3153 349 3193 αὐτῷ]
364 3153 452 3188 αὐτὸς
472 3153 542 3184 cod.
567 3156 601 3183 ln
618 3154 874 3184 antecedentiluis
890 3154 986 3184 codex
1007 3155 1172 3194 ἐπευφήμῳ
1194 3155 1336 3191 umam-n.
1353 3171 1393 3175 —-
1410 3157 1439 3184 8.
1458 3154 1575 3193 φίλων
1599 3154 1697 3184 ἔνιοι
1721 3154 1741 3183 ἃ
1766 3152 1851 3192 καὶ]
1867 3152 1959 3191 φίλων
1977 3153 2004 3182 οἱ
2018 3152 2070 3181 καὶ
2084 3150 2195 3181 codex.
2214 3168 2254 3172 -—

127 3204 157 3231 9.
170 3199 322 3239 ἔξοδον]
337 3200 444 3230 malim
459 3199 606 3237 διέξοδον,
631 3201 783 3238 utsupra.
801 3201 918 3230 Deinde
937 3203 1005 3239 post
1020 3201 1152 3239 μεγάλου
1175 3202 1319 3231 lacunam
1343 3201 1461 3231 notavi.
1488 3201 1638 3240 supplere
1663 3200 1761 3240 possis
1775 3204 1812 3239 τῇ
1830 3200 1931 3238 μνήμῃ
1960 3198 2141 3238 ἐποτρύνειν.
2166 3199 2251 3229 Fort.

128 3249 196 3277 erat
214 3260 220 3277 :
237 3249 413 3286 συγκροτεῖν
429 3247 467 3276 τὰ,
481 3247 510 3276 ἐν
525 3246 687 3281 ἐκείναις...

129 3304 206 3324 σατο
231 3293 340 3323 codex.
364 3311 404 3317 -—
425 3297 469 3323 11.
487 3304 552 3331 περ

703 3247 801 3281 ἄλλως
822 3258 853 3276 τε
874 3248 924 3276 καὶ
942 3251 978 3286 τῇΓ,
995 3252 1050 3277 τοῦ
1065 3248 1213 3287 ὀνόματος
1237 3248 1458 3286 μεγαλειότητι.
1474 3265 1512 3269 -
1532 3252 1577 3278 10.
1604 3244 2010 3286 συγκατειργάσαντο]
2032 3244 2251 3285 συγκατειργά-

562 3292 734 3332 ιέθεσαν)
758 3294 920 3332 περέθεσαν
935 3293 1045 3323 codex.
1062 3312 1101 3318 -
1124 3299 1168 3325 Η.
1187 3295 1334 3332 supplevi
1353 3297 1432 3332 part.
1452 3294 1492 3324 δὲ.
1511 3312 1547 3316 ψ-

1570 3297 1611 3324 13.
1633 3292 1827 3333 ἐπείθετο]
1843 3292 1961 3323 ἐπίθετο
1977 3291 2086 3322 codex.

173 3342 239 3371 ΧΙΧ
279 3343 303 3371 1.
330 3340 373 3370 τά
396 3351 430 3370 τε
457 3341 547 3380 μετὰ
564 3340 570 3380 J
589 3340 656 3370 τατε
677 3351 711 3379 με
737 3341 811 3380 μετὰ,
836 3340 904 3371 cod.
923 3360 959 3364 —
977 3346 1002 3371 2.
1026 3342 1106 3371 καθ’
1131 3342 1185 3371 ὅτ’
1207 3341 1211 3380 1
1230 3342 1333 3371 καθότι
1350 3340 1417 3369 rod.
