2289 3728
953 174 1272 215 FRAGMENTA.

56 267 301 303 Historiarum
324 266 408 300 fecit
426 276 562 300 annum
595 276 670 310 quo
691 262 872 309 Carthago
899 264 935 296 in
952 264 1089 297 Roma-

12 338 17 343 *
57 338 191 360 norum
212 331 429 372 potestatem
448 323 549 357 venit
575 319 708 371 (146),
730 321 780 355 sic
808 322 844 354 in
870 322 993 355 locum
1017 320 1093 366 ejus

59 382 259 417 succedens
284 381 504 416 Posidonius
527 380 779 413 narrationem
796 378 844 413 ad
867 391 949 412 cum
977 390 1092 424 nsque

57 451 195 474 anuum
225 438 453 473 continuavit
474 448 550 482 quo
581 436 768 470 orientalis
794 448 946 481 quoque
967 436 1092 482 Libyae

57 507 142 543 pars
161 497 199 529 in
217 495 420 542 provinciae
438 493 597 527 formam
618 492 767 527 redacta
785 500 856 537 cst,
878 494 951 527 sive
977 505 1092 539 usque

56 553 103 588 ad
120 553 212 587 illud
230 560 391 599 tempus,
412 563 487 597 quo
502 551 651 585 fortuna
671 552 839 585 Romana
852 551 1044 597 porrigere
1056 563 1092 585 se

55 610 103 645 ad
123 611 316 645 orientalia
344 620 457 656 regna
477 615 658 654 coeperat,
677 609 731 641 uti
751 609 916 642 ,lustinus
932 609 1002 653 ait,
1023 609 1089 654 qui

54 669 94 702 in
113 675 188 703 tota
207 668 275 702 hac
291 667 452 701 historiae
478 673 584 712 parte
602 665 791 700 Posidonii
824 666 940 699 nostri
957 666 1094 712 premit

53 727 217 773 vestigia.
248 724 391 759 Eodem
405 736 502 758 anuo
524 722 572 769 96
593 735 626 759 a.
662 723 702 759 C.
726 722 801 756 fato
827 722 1023 757 defunctus
1042 729 1094 757 est

54 783 260 818 Antiochus
284 782 444 829 Grypus,
466 781 578 827 Syriae
611 792 677 814 rex
707 778 918 828 (125—96).
945 780 1004 815 Ad
1038 792 1094 814 res

55 853 144 877 vero
170 843 282 889 Syriae
295 854 371 888 prae
389 841 518 875 ceteris
535 841 667 886 Syrum
686 846 878 874 auctorem
898 839 1094 874 attendisse

55 901 257 948 putaveris,
294 899 341 934 ad
364 910 497 945 easque
536 896 656 944 major
682 897 976 946 fragmentorum
1010 909 1095 944 pars

55 956 229 1003 pertinet,

108 1016 190 1049 Jam
222 1013 466 1060 quaerendum
498 1020 550 1049 est
577 1026 667 1048 num
695 1013 799 1060 quod
819 1012 940 1047 Suidae
973 1012 1096 1047 verbis

57 1071 258 1106 insistentes
289 1071 403 1105 modo
431 1073 641 1119 posuimus,
661 1072 909 1105 Historiarum
930 1071 1096 1117 reliquiis

56 1129 170 1176 possit
186 1128 413 1164 confirmari.
436 1131 525 1175 Quae
541 1142 560 1164 e
578 1130 674 1164 libro
692 1130 729 1163 II
752 1136 949 1163 narrantur
965 1128 1030 1175 (fr.
1055 1142 1067 1163 1
1083 1128 1092 1176 )

59 1188 240 1234 temporis
268 1187 523 1223 definitionem
548 1200 625 1222 non
654 1187 868 1222 admittunt.
904 1188 1008 1222 Libri
1042 1189 1096 1222 ΙΙΙ

56 1245 305 1293 fragmentum
322 1246 369 1280 ad
385 1252 552 1292 tempora
570 1246 734 1292 pertinet
749 1246 929 1280 Demetrii
946 1247 1096 1280 Nicato-

58 1304 130 1347 ris,
148 1304 212 1350 qui
236 1315 306 1350 per
327 1316 466 1350 paucos
491 1316 606 1338 annos
623 1304 789 1350 regnavit
815 1303 902 1338 inde
930 1304 975 1337 ab
999 1316 1096 1338 anno

33 1394 40 1397 .
64 1361 135 1403 146
156 1374 189 1396 a.
210 1362 250 1396 C.
269 1361 411 1396 Eodem
432 1369 600 1408 tempore
614 1362 651 1395 in
670 1360 828 1409 AEgypto
850 1373 1006 1409 regnum
1022 1374 1096 1396 sus-

59 1419 156 1466 cepit
183 1419 401 1454 Ptolemseus
430 1421 629 1466 Euergetes
661 1419 697 1452 II
725 1420 799 1454 sive
830 1419 1020 1466 Physcon,
1051 1419 1098 1454 de

60 1476 163 1523 cujus
179 1476 392 1520 adulatore,
424 1478 580 1512 Ilieraee
607 1478 877 1524 Antiochense,
896 1490 1017 1512 sermo
1043 1485 1099 1513 cst

60 1534 267 1582 fragmento
291 1533 340 1583 (7)
360 1535 447 1569 libri
463 1537 526 1570 IV.
549 1535 664 1570 Libro
682 1537 711 1570 V
733 1548 849 1581 quum
874 1535 920 1570 de
938 1536 1093 1570 Partho-

60 1604 145 1626 rum
166 1593 337 1626 institutis
356 1593 466 1639 regiis
483 1593 591 1639 plura
612 1592 833 1636 referantur,
854 1600 980 1639 aperte
1006 1593 1099 1628 illud

61 1650 247 1685 indicatur
267 1657 409 1697 tempus
430 1663 505 1696 quo
537 1651 747 1685 Demetrius
782 1652 935 1685 Nicator
962 1653 1097 1699 proelio

62 1709 181 1743 victus
206 1709 245 1742 in
263 1709 406 1743 Arsacis
427 1709 525 1742 venit
554 1709 801 1755 captivitatem
835 1708 927 1755 (138
952 1721 982 1744 a.
1017 1708 1096 1758 C.).

63 1767 152 1810 Quae
185 1766 282 1799 libro
309 1767 377 1801 VII
397 1765 444 1800 de
474 1766 671 1800 Ptolemaeo
699 1766 889 1812 Physcone
915 1767 1099 1813 leguntur,

64 1830 230 1870 spectant
247 1835 383 1857 annum
423 1823 493 1857 136
506 1850 514 1866 ,
536 1835 612 1869 quo
628 1823 812 1857 celebrem
826 1824 930 1858 istam
947 1825 1100 1871 legatio-

63 1894 147 1915 nem
168 1882 291 1928 Scipio
308 1881 504 1916 Africanus
520 1881 613 1914 obiit
632 1878 698 1929 (sr.
726 1893 766 1914 11
783 1880 808 1928 ).
829 1883 858 1915 E
889 1882 987 1916 libro
1013 1884 1101 1917 VIII

66 1952 148 1986 quae
170 1946 369 1986 supersunt
391 1938 456 1985 (fr.
483 1936 544 1986 15)
564 1940 751 1985 pertinent
774 1938 821 1972 ad
844 1939 948 1973 initia
975 1952 1100 1974 servo-

66 2009 151 2031 rum
171 1997 261 2031 belli
275 1997 484 2031 Siculorum
496 2024 506 2040 ‚
523 1996 626 2042 cujus
643 1996 834 2031 historiam
853 1996 1042 2031 Diodorus
1055 1998 1102 2032 ad

65 2055 222 2090 verbum
241 2054 317 2089 fere
338 2066 357 2089 e
370 2054 574 2089 Posidonio
592 2053 795 2100 descripsit.
816 2055 948 2089 Ortum
961 2055 1100 2090 bellum

62 2112 137 2159 jam
151 2112 238 2147 inde
249 2113 294 2147 ab
311 2125 408 2147 anno
425 2117 491 2154 141
519 2111 575 2159 (V.
592 2111 752 2147 Diodor.
772 2113 959 2159 XXXIV,
977 2126 998 2147 2
1012 2141 1020 2157 ,
1045 2127 1058 2147 1
1072 2114 1100 2161 ),

66 2183 195 2206 verum
223 2183 320 2205 anno
345 2170 413 2212 134
441 2170 592 2205 demum
610 2196 620 2214 ‚
643 2182 758 2216 quum
780 2171 943 2217 opprimi
973 2172 1019 2205 ab
1039 2185 1100 2206 ur-

66 2229 171 2264 bium
189 2228 372 2275 praefectis
391 2241 467 2263 non
483 2229 685 2275 potuisset,
707 2229 839 2263 Fulvio
866 2230 1007 2264 consuli
1034 2230 1102 2265 de-

66 2287 282 2322 mandatmn
302 2293 366 2321 est.
385 2288 507 2333 Atque
522 2287 561 2320 in
583 2285 692 2331 hujus
712 2287 798 2321 anni
833 2287 983 2322 historia
1011 2289 1104 2322 Dio-

69 2345 184 2381 dorus
203 2345 310 2379 altius
323 2357 402 2379 rem
419 2352 592 2391 repetens
612 2345 795 2392 originem
813 2351 848 2379 et
867 2357 1102 2392 progressum

67 2403 258 2439 seditionis
295 2404 478 2450 exposuit.
518 2403 661 2437 Eodem
702 2403 816 2437 modo
844 2404 952 2438 etiam
981 2405 1105 2439 Livius

67 2472 146 2494 rem
165 2461 319 2495 instituit
339 2462 392 2509 (v.
422 2462 520 2508 Epit.
560 2461 626 2498 lib.
654 2458 737 2509 56).
756 2462 922 2508 Uterque
954 2470 1099 2498 secutus

69 2525 121 2552 est
146 2518 286 2553 fontem
317 2531 575 2563 communem,
612 2519 868 2554 Posidonium.
899 2521 1014 2555 Libro
1050 2523 1105 2556 XI

71 2589 187 2622 quum
204 2577 291 2611 item
314 2577 361 2611 de
379 2578 491 2611 servis
505 2585 717 2623 exponatur
743 2577 808 2625 (fr.
834 2578 912 2625 16),
929 2579 1106 2613 hauddu-

71 2634 131 2668 bie
152 2634 345 2681 desumpta
360 2635 438 2669 haec
454 2642 537 2669 sunt
554 2647 572 2669 e
588 2636 699 2669 rebus
712 2637 798 2670 anni
820 2635 888 2670 132
902 2663 911 2679 ,
928 2649 1006 2683 quo
1022 2638 1104 2672 bel-

72 2692 148 2725 lum
177 2693 307 2727 servile
336 2693 584 2738 compositum
601 2700 666 2727 est.
695 2694 811 2728 Libro
834 2695 922 2729 XIV
947 2694 1015 2744 (fr.
1038 2695 1103 2742 17)

73 2749 250 2795 agebatur
270 2749 317 2784 de
336 2750 571 2796 expeditione
589 2752 757 2786 Parthica
782 2753 957 2787 Antiochi
973 2754 1105 2788 Sidetae

76 2810 83 2849 (
100 2818 171 2852 129
191 2819 223 2842 a.
242 2803 324 2853 C.),
347 2808 410 2853 qui
428 2815 511 2853 post
530 2820 683 2854 magnos
701 2821 881 2843 successus
902 2809 1005 2844 clade
1021 2811 1107 2846 affe-

75 2869 153 2897 ctus
181 2864 316 2898 cecidit
341 2862 437 2911 [128
458 2865 574 2911 init.).
605 2866 764 2899 Mortem
797 2867 892 2913 regis
923 2874 958 2901 ct
984 2870 1109 2914 scpul—

77 2926 196 2955 turam
221 2928 351 2956 auctor
377 2923 547 2968 exposuit
579 2923 677 2957 libro
701 2924 788 2959 XVI
820 2923 891 2973 (fr.
930 2937 988 2971 19.
1021 2925 1105 2974 2o').

76 2977 185 3012 Unde
200 2985 302 3025 patet
325 2980 577 3014 narrationem
596 2979 705 3026 hujus
722 2981 811 3015 belli
837 2982 943 3017 fuisse
963 2983 1110 3018 uberri-

78 3097 155 3136 μετὰ
172 3098 321 3129 Πολύὸιον
338 3099 540 3139 Olbiopolitae
555 3101 711 3131 Posidonii
725 3103 884 3133 existimat
897 3106 935 3134 ts.
954 3106 1108 3137 casaubo-

77 3151 136 3173 nus
149 3145 328 3175 comment.
345 3145 375 3175 in
393 3147 497 3185 l’olyh.
512 3149 538 3185 I,
551 3156 580 3186 p.
598 3149 649 3177 41.
666 3160 680 3174 υ
694 3165 732 3169 ——
747 3150 903 3187 lleyuium
916 3160 1041 3190 quoque
1055 3154 1110 3183 1111-

78 3197 142 3227 ror‚
157 3190 211 3228 qui
228 3191 260 3221 in
277 3193 455 3222 comment.
475 3195 521 3223 Dc
538 3194 649 3223 sontih.
676 3194 803 3224 Diodori
820 3204 849 3234 1).
870 3200 907 3226 St)
924 3206 930 3226 :
949 3210 962 3223 «
980 3199 1109 3229 Posido-

79 3236 148 3266 nius
162 3237 307 3268 historias
317 3242 385 3277 post
401 3240 562 3278 Polybium
579 3241 665 3271 libris
680 3244 731 3273 Lll
749 3244 945 3281 persecutus,
960 3253 1058 3284 usque
1071 3247 1110 3277 ad

80 3283 195 3314 bellum
218 3286 446 3325 Cyrenaicum,
467 3288 549 3325 quod
578 3288 653 3318 illud
675 3297 741 3319 csse
766 3298 890 3321 necesse
907 3292 970 3328 cst,
989 3293 1072 3331 quod
1093 3303 1110 3323 a

84 3331 252 3362 Ptolemaeo
269 3331 426 3371 Physcone
439 3335 561 3372 gestum
575 3336 620 3366 est
634 3335 692 3365 sul)
707 3336 755 3366 Ol.
780 3339 832 3367 154
844 3361 852 3375 ,
865 3339 892 3367 4.
919 3342 965 3368 161
984 3347 1012 3369 a.
1029 3341 1064 3370 C.
1085 3353 1097 3365 υ

2102 187 2168 218 251

1152 276 1262 300 mam.
1285 267 1483 312 [lucusque
1496 268 1607 314 igitur
1620 267 1788 302 Historiae
1805 268 1852 301 ita
1869 268 1945 302 scre
1963 268 2179 311 distributae,

1155 326 1456 371 utnnusquisque
1476 327 1569 361 liber
1587 328 1694 361 unius
1709 327 1857 360 circiter
1880 327 1965 361 anni
1990 339 2046 362 res
2066 334 2182 374 gestas

1152 382 1372 419 contineret,
1401 384 1518 428 Quam
1539 385 1718 419 rationem
1736 386 1764 419 si
1785 384 1831 418 ad
1846 386 2036 430 sequentia
2063 392 2180 420 trans-

1152 438 1320 482 ferimus,
1346 440 1442 473 libro
1461 442 1613 484 XXlll,
1632 443 1695 475 ubi
1717 442 1766 476 de
1789 441 1924 476 Bituito
1945 455 2065 477 sermo
2083 450 2181 486 erat,

1152 495 1198 530 ad
1219 508 1357 530 annum
1391 497 1606 532 devenimus
1652 512 1715 533 121
1739 512 1772 535 a.
1804 502 1855 544 C.,
1895 513 1970 546 qno
2008 502 2185 534 Bituitum

1152 553 1251 586 hune
1265 580 1275 599 ,
1294 550 1549 588 Arvernorum
1573 568 1717 601 regem,
1731 557 1858 603 insigni
1888 559 2021 603 proelio
2050 558 2186 593 devicit

1152 611 1279 644 consul
1302 612 1346 656 Q.
1364 613 1498 646 Fabius
1514 614 1704 648 Maximus.
1726 615 1810 647 lta-c
1824 615 1928 648 sicuti
1950 617 2092 661 reliqua
2106 628 2187 662 quae

1154 667 1200 702 de
1221 669 1389 704 moribus
1405 670 1596 705 Gallorum
1615 684 1658 705 ex
1688 672 1821 705 codem
1841 673 1937 706 libro
1961 674 2185 716 reseruntur,

1154 738 1197 760 cx
1227 729 1441 763 narratione
1461 730 1569 775 petita
1605 737 1690 763 suut
1723 730 1768 763 de
1792 731 1891 765 bello
1924 732 2027 777 qnod
2059 739 2187 766 contra

1154 784 1327 831 Ligures,
1357 787 1563 833 Salluvios,
1588 788 1832 834 Allobroges,
1864 791 2068 833 Arvernos,
2098 792 2189 825 alios

1155 842 1280 877 Galliae
1297 844 1551 879 meridionalis
1568 847 1743 892 populos,
1767 847 1924 880 Romani
1939 849 2189 882 sustinuerunt

1156 899 1351 941 (125—118
1378 915 1411 938 a.
1443 900 1517 951 C.).
1546 905 1634 949 Quae
1657 904 1755 939 libro
1787 905 1931 938 XXVII
1955 904 2016 952 (sr.
2050 904 2118 953 29)
2144 907 2190 941 de

1154 959 1288 1005 plantis
1316 961 1506 995 Dalmatiae
1526 962 1714 1009 leguntur,
1735 969 1866 1008 sponte
1890 975 1956 996 nos
1988 963 2127 998 ducunt
2144 965 2190 999 ad

1155 1029 1295 1052 annum
1324 1031 1337 1052 1
1351 1031 1409 1063 17,
1433 1031 1508 1065 quo
1530 1020 1699 1055 Metellus
1715 1021 1843 1054 consul
1866 1020 2046 1056 Dalmatas
2068 1023 2192 1057 debel-

1154 1075 1254 1113 lavit.
1268 1076 1410 1111 Eodem
1426 1078 1541 1112 modo
1557 1078 1805 1126 fragmentum
1823 1079 1908 1113 libri
1925 1080 2036 1113 XXX
2057 1080 2099 1114 de
2112 1094 2191 1114 1110-

1155 1133 1258 1168 ribus
1282 1134 1555 1170 Germanorum
1585 1149 1723 1171 annum
1762 1137 1831 1171 113
1860 1136 2014 1182 indicat,
2049 1150 2123 1184 quo
2155 1140 2192 1172 111

1155 1192 1299 1226 Italiam
1330 1193 1540 1230 invasimus.
1573 1195 1691 1241 Igitur
1723 1207 1838 1241 quum
1866 1190 2058 1241 prioribus
2091 1197 2194 1230 libris

1157 1250 1306 1296 triginta
1349 1252 1501 1286 historia
1542 1253 1777 1287 contineatur
1815 1265 1999 1287 annorum
2045 1255 2192 1300 triginta

1157 1308 1284 1351 trium,
1297 1311 1462 1344 narratio
1483 1322 1573 1344 vero
1587 1317 1688 1345 tanto
1706 1312 1894 1357 prolixior
1905 1312 2012 1345 snisse
2027 1313 2191 1358 putanda

1157 1367 1201 1400 sit
1217 1379 1292 1412 quo
1310 1369 1467 1414 propius
1488 1375 1619 1402 auctor
1635 1369 1682 1403 ad
1702 1382 1803 1403 suam
1825 1370 1937 1416 ipsius
1957 1377 2100 1404 aetatem
2121 1384 2192 1405 ae-

1158 1424 1327 1472 cederet,
1348 1427 1442 1460 1111111
1471 1427 1608 1461 mirum
1635 1434 1687 1461 est
1708 1435 1903 1474 sequentes
1920 1428 2035 1462 libros
2066 1430 2196 1476 viginti

1159 1482 1255 1517 duos
1275 1482 1534 1532 (XXXI-LII)
1556 1486 1702 1519 nonnisi
1723 1485 1989 1532 septemdecim
2011 1499 2196 1521 annorum

1158 1553 1215 1575 res
1245 1549 1361 1589 gestas
1381 1544 1605 1578 continuisse
1635 1556 1754 1590 usque
1783 1545 1829 1579 ad
1850 1557 1987 1579 annum
2016 1546 2086 1592 96,
2121 1559 2196 1592 quo

1159 1607 1329 1635 mortuus
1349 1609 1400 1636 est
1419 1603 1640 1637 Ptolemaeus
1669 1604 1808 1649 Apion,
1838 1603 1926 1649 Quse
1948 1616 1966 1638 e
1987 1604 2085 1638 libro
2107 1618 2196 1651 qua·

1160 1659 1367 1706 dragesimo
1395 1673 1497 1695 nono
1519 1661 1680 1695 citantur
1704 1661 1751 1694 de
1767 1661 1910 1696 luxuria
1929 1663 2047 1708 Apicii
2072 1662 2194 1709 (quem

1165 1729 1224 1752 an.
1251 1717 1298 1763 93
1314 1718 1456 1751 Rutilio
1473 1725 1663 1753 auctorem
1678 1719 1777 1753 exilii
1793 1719 1899 1753 fuisse
1913 1721 2064 1768 scimus)
2081 1723 2198 1769 expli-

1161 1775 1345 1809 cationem
1361 1776 1668 1822 chronologicam
1684 1790 1762 1810 non
1784 1777 2000 1814 admittunt.

1213 1834 1294 1867 Jam
1309 1845 1398 1867 vcro
1420 1846 1438 1868 c
1454 1835 1631 1869 Strabone
1650 1835 1749 1882 (XI,
1768 1848 1806 1881 p.
1833 1839 1921 1883 491,
1945 1836 1990 1873 fr.
2020 1836 2089 1885 89)
2113 1851 2197 1872 con-

1160 1898 1227 1925 stat
1246 1891 1476 1938 descripsisse
1496 1892 1738 1927 Posidonium
1756 1906 1812 1928 res
1827 1907 1845 1927 a
1857 1895 2036 1941 Pompeio
2059 1903 2172 1943 gestas
2186 1924 2194 1938 ,

1162 1961 1242 1995 quae
1259 1950 1360 1984 libris
1382 1951 1451 1984 illis
1467 1950 1533 1985 LII
1550 1951 1818 1997 comprehendi
1833 1953 1936 1987 nullo
1956 1960 2065 1999 paeto
2086 1961 2196 2000 pote-

1160 2015 1256 2044 rant.
1280 2009 1398 2042 Porro
1414 2009 1641 2043 Athenarum
1666 2009 1737 2043 fata
1762 2017 1951 2056 postrema
1969 2009 2015 2061 (a.
2033 2012 2101 2060 86)
2120 2012 2196 2047 fuse

1161 2065 1367 2100 admodum
1393 2079 1414 2101 a
1435 2068 1570 2101 Nostro
1597 2068 1763 2114 exposita
1790 2081 1863 2103 esse
1891 2068 2097 2116 fragmento
2127 2070 2195 2117 (4.0

1163 2124 1220 2158 cll.
1232 2124 1279 2160 fr.
1300 2128 1319 2165 l,
1331 2123 1362 2171 1)
1376 2125 1558 2170 probatur
1572 2126 1871 2162 luculentissime.
1885 2128 1980 2161 Hinc
1991 2128 2102 2175 igitur
2113 2128 2197 2174 jure

1162 2182 1369 2228 colligimus
1388 2182 1539 2216 alteram
1552 2182 1659 2217 fnisse
1676 2178 1925 2218 Historiarum
1939 2193 2081 2231 partem
2101 2199 2196 2221 nova

1161 2239 1345 2273 librorum
1362 2240 1450 2274 serie
1470 2239 1678 2275 distinctam
1702 2248 1737 2274 et
1758 2240 1909 2276 fortasse
1930 2243 2038 2277 etiam
2055 2244 2197 2290 reliqua

1162 2296 1408 2331 adornatione
1444 2297 1489 2331 ab
1525 2298 1640 2332 altera
1676 2298 1878 2343 diversam,
1919 2299 2021 2344 cujus
2058 2302 2197 2336 nullam

1163 2354 1292 2389 Suidas
1328 2355 1555 2389 mentionem
1587 2355 1765 2401 injecerit.
1803 2358 1847 2390 In
1876 2369 1916 2391 ea
1937 2359 2104 2404 Pompeii
2140 2373 2197 2394 res

1166 2424 1243 2459 prae
1270 2414 1400 2447 ceteris
1415 2420 1605 2448 auctorem
1630 2414 1798 2448 extulisse
1828 2422 2110 2450 consentaneum
2132 2425 2196 2453 est.

1163 2471 1369 2516 Quominus
1385 2483 1532 2505 onmem
1557 2470 1633 2517 ejus
1652 2472 1722 2505 viri
1741 2472 1931 2507 historiam
1952 2487 2196 2521 prosequere·

1164 2535 1238 2572 tur,
1260 2536 1382 2564 morte
1399 2529 1599 2576 impeditus
1615 2529 1710 2563 foret
1723 2557 1731 2571 ,
1749 2530 1931 2576 siquidem
1946 2543 1989 2565 ex
2010 2532 2111 2566 Bakii
2128 2534 2199 2567 eal-

1166 2588 1257 2621 culis
1281 2587 1380 2622 diem
1400 2583 1622 2622 Posidonius
1643 2588 1738 2622 obiit
1758 2600 1790 2622 a.
1813 2587 1855 2622 51
1871 2616 1880 2632 ,
1911 2601 1988 2634 quo
2016 2590 2095 2636 ipso
2116 2591 2198 2626 Ro-

1166 2658 1264 2679 mam
1283 2646 1418 2680 venisse
1439 2658 1458 2680 a
1488 2645 1600 2680 Suida
1624 2645 1856 2692 perhibetur.
1879 2646 1953 2682 Sed
1976 2660 2107 2693 parum
2127 2649 2197 2682 hoc

1164 2703 1359 2750 probabile
1387 2716 1458 2739 esse
1477 2715 1586 2750 snpra
1619 2703 1791 2738 diximus.
1815 2705 1933 2738 Immo
1972 2718 2053 2751 quae
2074 2705 2120 2741 fr.
2151 2708 2198 2746 [15

1166 2761 1212 2795 de
1231 2762 1282 2797 M.
1315 2762 1430 2797 Bruto
1466 2774 1486 2796 a
1505 2763 1539 2796 J.
1576 2762 1692 2795 Bruto
1730 2762 1921 2807 Tarquinii
1959 2763 2200 2797 interfectore

1166 2819 1326 2853 oriundo
1344 2820 1527 2866 leguntur,
1548 2818 1647 2853 haud
1668 2819 1820 2854 obscure
1836 2820 1998 2854 indicant
2014 2821 2070 2855 vel
2084 2834 2200 2867 usqne

1166 2876 1212 2911 ad
1228 2883 1387 2911 mortem
1409 2877 1557 2912 Caesaris
1574 2875 1643 2923 (44
1665 2889 1700 2912 a.
1714 2877 1776 2925 C.)
1801 2879 2052 2912 narrationem
2083 2881 2197 2925 perti—

1167 2936 1304 2978 nuisse,
1324 2936 1380 2969 vel
1401 2942 1500 2969 certe
1529 2942 1614 2980 post
1645 2935 1682 2969 id
1710 2941 1854 2982 tempus
1885 2936 2125 2970 Posidonium
2163 2938 2199 2970 in

1166 2992 1364 3027 scribendo
1393 3000 1616 3039 occupatum
1650 2992 1771 3027 adhuc
1800 2993 1919 3030 fuisse.
1946 2996 2038 3028 Nam
2067 2995 2131 3028 ista
2153 2994 2199 3028 de

1140 3046 1217 3088 lM.
1242 3051 1346 3084 Bruti
1378 3062 1509 3097 genere
1539 3051 1668 3097 opinio
1703 3063 1817 3097 quum
1838 3052 2055 3097 gravissimis
2086 3064 2196 3098 argu-

1168 3109 1299 3142 mentis
1313 3120 1332 3142 a
1348 3109 1527 3154 Dionysio
1546 3109 1628 3142 Hal.
1653 3106 1722 3155 (V,
1746 3108 1785 3154 3)
1809 3116 1843 3142 et
1858 3121 1877 3142 a
1898 3110 2018 3143 Dione
2039 3108 2172 3158 (XLIV
2187 3136 2195 3149 ,

1174 3165 1240 3210 14)
1266 3167 1518 3213 impugnetur,
1539 3173 1664 3212 aperte
1681 3178 1725 3199 cx
1746 3166 1825 3211 ipso
1840 3167 1891 3201 M.
1914 3167 2016 3199 Bruti
2037 3166 2200 3200 facinore

1170 3223 1275 3257 duxit
1297 3224 1490 3270 originem.
1514 3224 1681 3258 Ceterum
1710 3236 1824 3268 quum
1845 3230 1978 3269 praeter
1995 3235 2035 3256 ca
2051 3235 2131 3267 ‹lua›
2151 3223 2196 3256 ad

1171 3280 1278 3325 hujus
1303 3282 1482 3327 temporis
1512 3281 1699 3315 historiam
1735 3288 1924 3327 spectant,
1952 3281 2063 3313 inulta
2093 3281 2126 3312 in
2150 3280 2194 3315 fr,

1172 3338 1340 3385 legantur
1360 3339 1406 3373 de
1427 3339 1562 3373 celebri
1591 3340 1658 3372 isto
1687 3339 1860 3373 Marcello
1886 3339 1969 3372 belli
1995 3338 2116 3371 Punici
2140 3338 2195 3380 11,
