2338 3765
76 189 149 219 521

72 268 249 316 plendmn
270 278 344 301 esse
365 262 506 300 κτίσεων
534 271 632 299 recte
657 269 761 298 notat
787 265 978 299 Kusterus.
1001 263 1105 299 Idem

73 328 120 362 ad
130 327 159 362 Σ
168 341 186 361 τ
195 340 214 359 α
224 325 242 360 δ
252 339 261 358 ι
272 339 290 359 α
301 337 320 359 σ
329 338 354 370 μ
363 320 429 363 οὺς
441 322 684 369 Hermogenis
693 321 1106 357 contulitTimosthenis

74 385 158 418 libri
179 382 337 417 indicem
357 377 577 426 Σταδιασμὸν
591 392 620 416 5.
645 376 888 426 Σταδιασμούς
907 379 1103 425 (Marcian.

75 443 150 476 Her
153 442 280 476 acleot.
295 452 332 485 p.
349 439 394 480 64
413 438 471 474 ed
486 437 622 472 Hudsx
615 437 765 484 ,‚Steph
780 438 863 484 Byz.
879 435 1106 485 ’Apio-q)—

74 496 221 546 πίναξ]
244 497 411 532 Debebat
433 494 561 530 πίνακα
584 507 603 530 e
625 492 788 544 διαδοχὴν
810 507 904 539 esse;
937 496 1001 530 scd
1021 496 1108 531 tales

74 568 216 590 er'l'oles
233 567 309 588 non
325 561 408 587 sunt
432 553 508 587 sine
527 553 724 599 exemplo:
745 553 791 588 cf.
806 554 848 586 n⁰
868 552 979 597 3278.
995 552 1107 598 Quod

77 614 190 660 vulgo
209 612 401 659 legebatur
416 609 441 646 ’i
455 624 538 645 ωνα
551 608 641 655 ίων,
659 610 707 645 ad
722 611 839 645 Ionen
855 609 1107 656 (Antiochiam

73 671 120 706 ad
133 670 313 717 Daphnen
328 681 399 705 sec.
421 669 545 715 Steph.
565 670 652 715 Byz.
668 670 678 710 )
699 667 882 702 referebat
901 669 1080 702 Kusterus
1097 680 1104 702 :

74 728 177 775 quod
193 729 296 762 nihili
317 739 390 762 esse
404 739 481 761 non
496 734 548 761 est
565 725 671 773 quod
690 725 954 762 demonstrem.
972 726 1048 760 Nec
1060 725 1107 760 de

73 786 386 833 philosophorum
395 785 451 819 vel
463 785 621 819 aliorum
633 783 1108 818 eruditorum'successione

73 843 312 892 cogitandum
329 856 336 877 :
356 841 582 890 significatur
597 842 722 876 tabula
734 869 742 884 ‚
761 853 833 888 qua
850 842 1109 876 Romanorum

73 910 110 937 et
129 903 406 948 Smyrnaeorum
423 913 552 948 regum
571 901 658 935 olim
672 927 682 947 ‚
703 912 792 934 mox
812 900 1106 946 magistratuum,

74 973 345 1008 eponymorum
375 959 476 994 haud
512 959 626 993 dubie
639 986 649 1005 ,
679 971 724 993 ex
757 957 889 992 ordine
925 969 1109 991 annorum

75 1019 266 1066 proposita
284 1025 363 1053 erat
377 1018 570 1052 successio.
588 1017 760 1051 Ceterum
778 1029 855 1050 non
874 1016 969 1049 male
984 1015 1109 1060 conje-

73 1078 124 1111 cit
135 1078 314 1111 Kusterus
325 1103 333 1119 ‚
349 1077 469 1122 ipsum
486 1076 594 1109 etiam
608 1076 882 1121 Hermogenem
901 1073 1008 1107 fuisse
1022 1085 1111 1119 prae-

1062 1132 1108 1165 Et

74 1204 262 1239 cponymo
283 1192 500 1237 magistratu
518 1190 665 1225 functos
684 1191 848 1235 Smyrna}
868 1202 983 1223 uuum
1006 1196 1041 1223 et
1058 1189 1109 1222 al-

74 1141 215 1178 torem,
249 1134 409 1180 ideoque
444 1134 543 1167 illam
579 1133 806 1167 contexuisse
843 1132 1020 1167 tabulam.

76 1258 196 1284 terum
220 1251 495 1295 Hermogenem
512 1260 585 1283 esse
601 1249 729 1282 monui
746 1248 821 1293 jam
839 1260 961 1294 supra.
988 1264 1001 1278 »
1024 1248 1111 1281 Haec

75 1309 301 1342 noscamus.
320 1306 485 1351 Suhjieio
506 1318 587 1352 quae
612 1318 656 1340 ex
674 1305 920 1352 Hermogene,
943 1306 1111 1351 quicum-

76 1378 149 1412 que
168 1367 232 1410 sit,
251 1366 426 1400 historica
447 1364 665 1398 afferuntur.

405 1441 519 1479 ΠΕΡΙ
550 1442 781 1479 (berria.

581 1529 593 1550 1
604 1542 610 1549 .

129 1592 253 1627 Schol.
272 1591 396 1637 Apoll.
419 1591 492 1626 Rh.
516 1591 572 1637 ll,
596 1602 667 1634 722
688 1602 695 1623 :
720 1587 987 1638 Σαγγάριος,
1005 1602 1112 1623 ποτα-

79 1647 140 1697 μὸς
159 1646 329 1696 Φρυγίας.
356 1645 400 1684 ‘O
427 1645 461 1682 δὲ
491 1645 692 1696 Μυρλεανὸς
719 1645 901 1695 Σάγγαρον
928 1644 1028 1681 αὐτὸν
1053 1643 1114 1681 λε’-

77 1705 196 1754 γεσθαί
209 1720 323 1755 φησιν.
338 1702 552 1753 (Ερμογένης
569 1701 603 1739 δὲ
615 1704 647 1738 ἓν
663 1705 711 1752 τῷ
731 1703 817 1753 Περὶ
832 1701 989 1753 Φρυγίας
1000 1701 1114 1752 φησὶν,

80 1762 220 1811 Σοίγγαν
240 1761 315 1798 τινὰ
332 1761 554 1806 ἀσείῗήσαντα
580 1760 658 1811 περὶ
677 1760 738 1805 τὴν
757 1760 874 1805 Ἱ)εἀν,
905 1759 1114 1808 μεταὸαλεῖν

45 1816 51 1822 .
78 1823 123 1862 εἷς
142 1823 241 1857 τοῦτο
257 1819 295 1856 τὸ
315 1819 422 1869 ὕδωρ,
439 1817 498 1855 καὶ
521 1817 579 1854 ἀπ’
600 1819 705 1854 αὐτοῦ
723 1818 778 1854 τὸν
799 1816 954 1865 ποταμὸν
972 1816 1114 1867 Σαγγά-

80 1894 148 1930 ριον
177 1879 422 1926 ὀνομασθῆναι.
458 1875 613 1922 Πλησίον
647 1874 682 1912 δὲ
714 1877 817 1913 αὐτοῦ
847 1877 958 1926 ὀρείας
987 1874 1116 1924 Δήμη-

78 1952 154 1988 τρος
169 1935 257 1987 ἱερόν
276 1936 378 1981 ἐστιν,
397 1934 442 1977 ὥς
459 1950 541 1986 φησι
561 1933 705 1976 ΞοίνΟος.

579 2017 613 2039 2.

132 2081 316 2116 Zenobius
332 2081 400 2124 Vl,
422 2092 490 2117 10:
512 2077 575 2116 Τὰ
594 2078 835 2116 Ναννάκου·
855 2077 988 2128 εἴρηται
1008 2081 1029 2123 ἠ
1050 2094 1117 2115 πα·

81 2137 196 2188 ροιμία
218 2136 358 2173 ἐπὶτῶν
380 2136 646 2185 θαυμαζομένων
676 2136 732 2173 ἐπὶ
761 2136 987 2182 παλαιότητι,
1012 2135 1033 2182 ἢ
1058 2136 1115 2173 ἐπὶ

81 2197 146 2231 τΓ1ν
165 2192 276 2230 πολλὰ
291 2194 714 2245 θρηνουντι1ν.Νάννακος
727 2193 793 2244 γὰρ
812 2193 946 2243 ἐγένετο
965 2195 1117 2244 Φρυγῶν

83 2251 292 2303 βασιλευς,
278 2251 322 2295 ώς
338 2268 438 2316 ’.ρησιν
456 2252 547 2302 Ἑρμ
551 2252 666 2301 ογένης
684 2254 717 2289 ἐν
733 2258 801 2294 τοῖς
817 2252 1003 2317 Φρυγίοις(
1018 2254 1116 2317 (1)ρο-

792 175 1120 214 HERMOGENIS
1151 177 1476 216 FRAGMENTA.

1167 262 1223 299 τὸν
1245 262 1414 312 μέλλοντα
1433 260 1694 312 κατακλυσμὸν,
1715 262 1917 313 συναγαγὼν
1937 263 2068 307 πάντας
2089 266 2133 308 εἷς
2157 265 2200 303 τὰ

1167 320 1242 372 ἱερὰ
1263 320 1349 370 μετὰ
1367 320 1524 371 δακρύων
1545 320 1711 357 ἱκέτευεν.
1736 319 1895 370 Ἡρώδης
1916 321 1950 358 δὲ
1968 324 1984 358 ὁ
2002 322 2204 371 ἷαμὲοποιὸς

1168 378 1270 431 φησίν
1286 394 1294 402 ·
1317 396 1331 411 «
1355 378 1434 416 Ἵνα
1453 377 1496 414 τὰ
1519 376 1700 416 Ναννάκου
1719 375 1869 427 κλαύσῃ.
1897 396 1911 411 »

1220 438 1273 474 Cf.
1310 438 1485 485 Stephan.
1519 439 1605 483 Byz.
1639 448 1648 473 ε
1681 434 1841 480 Ἰκόνιον,
1880 436 1979 479 πόλις
2009 437 2205 481 Λυκαονίας

1167 493 1251 545 πρὸς
1267 494 1333 536 τοῖς
1350 494 1438 545 ὅροις
1454 496 1512 530 τοῦ
1530 492 1683 542 Ταύρου.
1699 492 1816 530 Φασὶν
1835 492 1885 530 ὅτι
1904 488 1945 540 ἦν
1961 510 2010 536 τις
2029 495 2205 542 Ἀννακὸς,

1168 552 1202 595 ὃς
1221 551 1337 598 ἔζησεν
1367 551 1450 602 ὑπὲρ
1471 550 1514 588 τὰ
1533 549 1713 601 τριακόσια
1735 548 1793 596 ἔτη
1807 565 1816 573 ·
1844 548 1920 592 τοὺς
1940 549 1974 588 δὲ
1998 551 2096 602 πέριξ
2117 567 2206 601 μαν-

1168 610 1351 647 τεύσασθαι
1375 608 1437 651 ἕως
1467 608 1554 651 τίνος
1583 607 1779 658 βιώσεσθαι.
1808 606 1935 654 Ἐδόθη
1968 607 2003 646 δὲ
2031 609 2206 660 χρησμὸς,

1170 668 1220 705 ὅτι
1246 667 1367 705 τούτου
1395 666 1663 712 τελευτήσαντος
1679 665 1805 708 πάντες
1829 666 2135 718 διαφθαρήσονται.
2162 670 2206 708 Οἳ

1170 726 1204 763 δὲ
1224 726 1361 776 Φρύγες
1377 725 1585 767 ἀκούσαντες
1603 723 1763 775 ἐθρήνουν
1780 725 1949 776 σφοδρῶς·
1965 725 2039 762 ὅθεν
2057 726 2116 763 καὶ
2139 742 2208 764 πα-

1171 784 1308 856 ροιμίαω·
1338 784 1382 821 τὸ
1413 783 1482 820 ἐπὶ
1506 783 1706 820 Ἀννακοῦ
1738 781 1944 820 κλαύσειν
1967 783 2208 832 (κλαῦσαιῗ),

1170 842 1226 880 ἐπι
1257 844 1325 879 τῶν
1346 842 1421 879 ὶίαν
1452 842 1712 890 οἷκτιζομένων.
1742 841 1933 890 Γενομένου
1954 840 1990 879 δὲ
2009 857 2068 903 του
2099 858 2208 880 κατα-

1169 902 1212 937 κλ
1215 904 1324 949 υσμοῧ
1344 900 1397 938 ἐπι
1417 900 1653 942 Δευκαλίωνος
1670 899 1914 951 διεφθάρησαν.

1673 981 1706 1016 3.

1224 1063 1399 1109 Steplian.
1417 1064 1499 1109 Ryz.
1525 1075 1532 1096 :
1558 1060 1704 1107 Ἀζανοὶ,
1722 1059 1880 1111 Φρυγίας
1896 1060 2039 1102 πόλις...
2058 1060 2158 1104 Τινὲς
2175 1061 2210 1099 δὲ

1172 1118 1320 1162 Ἀζάνιον
1351 1118 1457 1163 αὐτνῖν
1476 1118 1820 1170 φασι,“1ζρμογένης
1842 1117 1878 1154 δέ
1899 1129 2016 1168 φησιν·
2040 1136 2054 1152 «
2087 1120 2141 1157 Οὐ
2162 1120 2211 1156 δεῖ

1172 1176 1294 1222 οὕτως,
1315 1178 1392 1212 ἀλλ’
1415 1175 1474 1219 Ἓξ
1461 1176 1619 1213 ουοίνουν
1635 1175 1743 1221 αυτὴν
1759 1177 1962 1213 καλεῖσθαι·
1986 1176 2122 1226 λέγεται
2143 1176 2211 1228 γὰρ

1173 1250 1268 1284 παρα
1296 1233 1352 1270 τὸν
1380 1233 1482 1270 τόπον
1504 1234 1680 1284 ἀγροικίας
1712 1237 1817 1278 εἰναι,
1849 1234 1994 1282 λιμοῦ
1976 1235 2011 1271 οὲ
2030 1234 2212 1284 γενομένου

1174 1291 1387 1333 συνελθόντες
1408 1306 1438 1328 οι
1466 1290 1626 1340 ποιμένες
1645 1292 1739 1328 ἔθυον
1769 1291 1926 1329 εὖὸοσίαν
1950 1307 2025 1342 γενε
2012 1291 2128 1329 έ’σθαι
2150 1293 2211 1330 οὐκ

1173 1349 1364 1386 ἀκουόντων
1384 1348 1417 1385 δὲ
1439 1351 1505 1386 τΓ1ν
1526 1351 1622 1395 θεΓ1ν,
1643 1348 1820 1401 Ευιρορὸος
1839 1365 1896 1386 τον
1916 1365 2070 1397 ουανουν,
2087 1350 2107 1387 ὅ
2122 1352 2213 1387 ἐστιν

1174 1407 1335 1453 ἀλώπηξ,
1352 1406 1460 1444 noti*y
1428 1422 1459 1443 ε
1447 1422 1542 1452 ιν,ο
1525 1405 1546 1443 ὅ
1561 1422 1651 1444 εστιν
1670 1409 1801 1458 ἐχῖνος,
1829 1411 1930 1445 θυσαι
1947 1409 2016 1451 τοῖς
2033 1408 2212 1457 δαίμοσιν·

1175 1464 1470 1516 ευαρεστηθέντυν
1500 1464 1534 1501 δὲ
1555 1467 1621 1502 τῶν
1649 1468 1747 1512 θεῶν,
1779 1465 1939 1503 εὗδοσίαν
1967 1466 2124 1516 γενέσθαι
2153 1467 2213 1504 καὶ

1174 1524 1234 1570 τὴν
1253 1527 1316 1574 γῆν
1336 1525 1605 1574 πολυκαρπῆσαι
1619 1553 1630 1573 ,
1645 1524 1721 1567 τοὺς
1737 1524 1772 1561 δὲ
1792 1525 1983 1576 περιοίκους
2001 1525 2212 1574 πυθομένους

1175 1583 1267 1634 ἱερέα
1286 1582 1345 1619 καὶ
1378 1582 1530 1633 ἄρχοντα
1561 1582 1662 1619 αὐτὸν
1691 1586 1925 1627 καταστῆσαι.
1956 1583 2018 1626 Ἐξ
2043 1586 2147 1621 αὐτοῦ
2179 1582 2214 1620 δὲ

1176 1643 1342 1687 κληθῆναι
1365 1639 1427 1685 τὴν
1457 1640 1556 1676 πόλιν
1577 1639 1798 1690 Ἐξουάνουν,
1832 1641 1849 1678 ὃ
1880 1642 2214 1692 μεθερμηνευόμενόν

1178 1700 1250 1736 ἐστι
1279 1697 1514 1749 ἐχιναλώπηξ.
1544 1716 1560 1730 υ
1583 1697 1701 1736 ’Έοικε
1727 1698 1763 1736 δὲ
1794 1700 2066 1748 μετηλλοιῶσθαι
2089 1701 2127 1737 ἐκ
2157 1703 2214 1737 τοῦ

1182 1757 1386 1801 Ἰἶξουάνουν
1407 1756 1444 1793 τὸ
1464 1756 1628 1800 Ἀζάνιον.

1680 1832 1713 1869 ι’..

1234 1906 1452 1941 Plutarchus
1479 1908 1534 1941 De
1562 1904 1649 1940 fluv.
1678 1918 1710 1940 c.
1754 1918 1812 1951 17,
1846 1910 1865 1947 4
1893 1917 1901 1942 3
1935 1906 2101 1942 Γεννᾶται
2131 1904 2159 1942 δ’
2181 1907 2215 1942 ἐν

1180 1957 1275 2008 αὐτῷ
1299 1959 1307 2005 (
1326 1956 1493 2009 Εὐρώτα)
1517 1956 1642 2007 βοτάνη
1655 1985 1664 2002 ,
1680 1956 1875 2005 καλουμένη
1897 1956 2076 2007 Χαρίσιον,
2096 1956 2138 2003 ἣν
2157 1973 2218 2008 γυ-

1179 2020 1309 2060 ναῖκες,
1327 2014 1424 2066 ἔαρος
1442 2014 1653 2066 ἀρχομένου,
1674 2017 1744 2056 τοῖς
1763 2014 1949 2065 τραχήλοις
1965 2016 2216 2064 περιάπτουσι,

1180 2072 1238 2108 καὶ
1259 2071 1324 2108 ὑπὸ
1349 2074 1416 2108 τῶν
1445 2074 1575 2122 ἀνδρῶν
1596 2070 1876 2123 συμπαθέστερόν
1906 2073 2129 2122 ἀγαπῶνται·
2149 2088 2217 2110 κα-

1181 2130 1244 2172 θὼς
1259 2130 1389 2181 ἱστορεῖ
1411 2130 1586 2177 Κλεάνθης
1612 2132 1645 2167 ἐν
1666 2129 1697 2166 α’
1720 2129 1806 2181 Περὶ
1828 2131 1930 2179 ὀρῶν.
1953 2128 2159 2178 Μέμνηνται
2181 2130 2215 2166 δὲ

1181 2187 1307 2225 τούτων
1332 2187 1574 2239 ἀκριὲέστερον
1591 2187 1774 2233 Σωσθένης
1789 2190 1806 2224 ὁ
1828 2186 1984 2237 Κνίδιος,
2001 2187 2082 2238 παρ’
2100 2182 2138 2224 οἷ
2154 2187 2216 2232 τὴν

1180 2245 1336 2282 ὑπόθεσιν
1361 2245 1497 2297 εἴληφεν
1517 2245 1742 2296 Ἑρμογένης.
1762 2248 1816 2282 Ex
1835 2259 1999 2294 quonam
2019 2247 2117 2281 libro
2135 2247 2214 2282 haec

1182 2304 1379 2348 fluxerint,
1401 2306 1526 2339 nescio

84 2306 275 2355 γιακοῒςῗ),
295 2304 361 2355 πρὸ
381 2307 447 2342 τῶν
469 2305 706 2347 Δευκαλίωνος
728 2305 880 2355 χρόνων·
901 2304 934 2346 ὃς
954 2319 1036 2355 προε
1024 2319 1118 2345 ιοως
1147 2320 1152 2344 ι
1533 2332 1540 2339 .

430 2417 496 2454 DE
526 2417 766 2454 PHRYGIA.
1145 2419 1151 2439 ¹

126 2548 333 2585 sanglarius,
367 2546 481 2577 ssuvius
519 2547 672 2586 Phrygiae.
709 2546 906 2585 Asclepiades
940 2545 1120 2585 Myrleanus

86 2600 279 2635 Sanqarzcm
293 2597 353 2626 diei
371 2597 425 2628 ait.
442 2599 653 2635 Hermogenes
666 2597 697 2627 in
714 2597 793 2627 libro
810 2599 853 2627 De
868 2597 999 2636 Phrygia
1013 2597 1120 2626 narrat

85 2651 219 2685 Sangam
245 2647 426 2686 quendam,
455 2656 554 2686 quum
583 2648 614 2678 in
638 2648 756 2679 Itheam
783 2648 957 2687 peccasset,
983 2646 1014 2677 in
1040 2647 1120 2676 hanc

86 2699 244 2728 mutatum
262 2706 327 2728 esse
340 2706 475 2736 aquam,
493 2700 588 2737 atque
605 2699 677 2729 11100
692 2699 822 2728 llnvium
837 2698 984 2738 appellari
1002 2699 1119 2736 Sanga-

89 2749 182 2779 rium.
211 2751 311 2788 Prope
337 2758 410 2779 eum
437 2751 595 2780 1110111anae
620 2750 744 2781 Cereris
766 2751 874 2780 sanum
896 2750 960 2787 est,
985 2749 1120 2779 testante

87 2799 224 2829 Xantho.

584 2855 618 2885 2.

131 2909 191 2937 Res
221 2907 389 2937 thnnaci.
412 2906 539 2937 Dictum
569 2907 770 2946 proverbium
788 2907 826 2938 (10
849 2907 942 2938 rebus
967 2907 1121 2938 vetustate

87 2956 280 2987 admirandis
291 2981 299 2995 ,
315 2957 362 2987 vel
380 2956 418 2987 de
433 2957 468 2987 iis
481 2958 533 2996 qui
549 2959 684 2988 multum
700 2959 835 2997 plorant.
855 2961 1022 2990 Nannacus
1037 2958 1120 2988 enim

89 3017 143 3038 rex
160 3008 318 3046 Phrygum
340 3008 396 3045 (ut
411 3008 503 3038 refert
524 3008 553 3038 in
574 3008 660 3039 libris
683 3011 727 3040 De
751 3010 844 3040 reims
863 3010 1021 3048 Phrygieis
1042 3011 1120 3040 ller-

90 3059 256 3097 niogenes)
274 3060 346 3089 ante
365 3059 563 3089 Deucalionis
576 3062 700 3090 &tatem
719 3070 817 3099 quum
835 3060 991 3090 diluvium
1015 3060 1120 3099 provi-

89 3110 202 3147 disset,
219 3117 332 3147 cogens
352 3118 424 3139 suos
441 3109 470 3139 in
489 3110 594 3139 szmmn
610 3134 618 3148 ‚
640 3119 712 3140 cum
731 3112 866 3141 lacrimis
887 3111 945 3140 diis
966 3111 1120 3150 supplica-

91 3161 156 3192 hat.
175 3162 254 3193 llinc
271 3161 408 3192 Herodes
425 3162 600 3192 iamborum
618 3164 749 3202 scriptor
772 3177 777 3194 :
800 3178 814 3190 «ι
837 3166 877 3195 Ut
894 3163 1030 3194 Naunaei
1044 3186 1052 3201 ,
1074 3163 1120 3194 in-

92 3213 161 3252 quit
173 3236 182 3251 ‚
199 3221 285 3243 more
299 3213 430 3251 plorem.
457 3226 470 3239 »1

588 3275 605 3305 3
612 3295 619 3302 .

135 3337 246 3375 Azani,
268 3338 340 3367 ιιι-115
360 3338 537 3377 Phrygiam..
563 3337 708 3369 Nonnulli
734 3346 801 3368 eam
822 3339 931 3367 vorant
959 3337 1120 3368 Azanium.

1184 2416 1394 2453 Hermogenes
1419 2424 1495 2445 vero
1513 2414 1616 2453 inquit
1634 2427 1640 2444 :
1661 2427 1675 2440 «
1700 2416 1769 2445 Non
1791 2415 1915 2453 oportet
1928 2422 1998 2444 eam
2021 2413 2081 2444 hoc
2103 2413 2218 2447 modo,

1179 2466 1232 2496 50(1
1261 2468 1416 2495 Exuanun
1441 2465 1601 2505 appellari.
1624 2466 1777 2496 Narratur
1806 2465 1889 2495 enim
1912 2465 1996 2495 circa
2012 2465 2096 2495 hune
2112 2465 2218 2496 locum

1180 2516 1271 2546 villas
1287 2516 1438 2555 quasdam
1465 2516 1571 2547 fuisse.
1597 2517 1716 2547 Exorta
1743 2518 1851 2547 autem
1881 2516 1983 2553 same,
2005 2519 2146 2554 pastores
2163 2516 2218 2554 qui

1181 2568 1395 2598 convenerant
1421 2576 1477 2606 pro
1503 2567 1663 2598 fertilitate
1687 2567 1794 2598 secisse
1823 2566 1986 2597 sacrificia.
2018 2566 2084 2598 Diis
2110 2568 2218 2598 autem

1180 2628 1242 2650 non
1259 2620 1518 2657 exaudientibus,
1537 2620 1743 2659 Euphorbum
1759 2627 1897 2654 uanun,
1918 2618 2005 2658 quod
2022 2619 2169 2658 vulpem,
2187 2620 2218 2649 et

1180 2673 1278 2708 01111,
1304 2671 1389 2710 qnod
1413 2671 1559 2701 echinum
1582 2670 1752 2710 significat,
1774 2670 1973 2702 daemonibus
2000 2669 2212 2708 sacrificasse;

1182 2724 1249 2753 tum
1260 2722 1319 2753 diis
1337 2722 1466 2761 placatis
1476 2745 1484 2760 ,
1499 2724 1615 2752 terram
1629 2722 1768 2752 alimenti
1782 2721 1905 2760 copiam
1920 2722 1950 2751 et
1963 2720 2081 2751 multos
2096 2720 2217 2751 fructus

1181 2774 1384 2814 produxisse;
1411 2775 1534 2805 accolas
1556 2783 1650 2813 vero,
1676 2783 1775 2813 quum
1797 2774 1866 2804 haec
1885 2772 2122 2812 cognovissent,
2142 2780 2216 2803 eum

1181 2827 1373 2858 sacerdotem
1388 2828 1420 2857 et
1433 2827 1545 2857 ducem
1560 2827 1771 2863 constituisse,
1785 2828 1882 2865 atque
1892 2825 1966 2856 hinc
1982 2825 2094 2855 urbem
2109 2826 2215 2856 Exua-

1182 2888 1245 2909 nun
1263 2880 1450 2918 appellatam
1465 2888 1549 2917 esse,
1562 2878 1646 2918 quod
1662 2878 1685 2909 si
1700 2877 1930 2917 interpreteris,
1947 2876 2216 2915 Eclzinovulpem

1181 2930 1320 2960 denotat.
1340 2930 1472 2961 Videtur
1496 2931 1601 2960 autem
1627 2938 1690 2960 vox
1718 2931 1897 2960 Exuanun
1922 2927 2034 2959 deinde
2055 2926 2166 2958 abiisse
2185 2926 2215 2957 in

1182 2982 1359 3011 Azanium.

1680 3047 1712 3075 4.

1223 3132 1367 3164 Nascitur
1384 3132 1415 3162 10
1429 3132 1544 3162 Eurota
1561 3131 1685 3170 planta,
1702 3129 1835 3161 Charisii
1856 3129 1882 3160 ei
1904 3137 2019 3159 nomen
2037 3130 2100 3168 est,
2117 3138 2212 3168 quam

1183 3183 1346 3220 mulieres,
1368 3183 1495 3213 ineunte
1517 3190 1590 3213 vere
1603 3205 1612 3218 ,
1632 3181 1714 3212 eollo
1730 3180 1931 3220 appendunt,
1949 3181 1980 3210 et
1997 3179 2214 3211 vehementius

1183 3236 1225 3265 ita
1242 3244 1259 3265 a
1273 3234 1347 3265 viris
1360 3235 1522 3272 amantur,
1539 3235 1574 3264 ut
1587 3235 1698 3264 auctor
1714 3235 1761 3264 est
1774 3233 1940 3264 Cleanthes
1953 3231 2053 3271 primo
2068 3234 2112 3263 De
2125 3240 2213 3262 mon-

1185 3287 1276 3316 tihus.
1295 3285 1438 3316 Meminit
1454 3284 1568 3315 horum
1590 3283 1737 3315 disertius
1755 3283 1922 3315 Sosthenes
1945 3282 2090 3322 Cnidius,
2109 3291 2128 3317 a
2148 3291 2212 3324 quo

1184 3337 1405 3376 argmnentmn
1419 3335 1551 3375 sumpsit
1568 3336 1786 3374 Hermogenes.
