2289 3728
66 167 139 199 286
846 154 1105 193 POSlDONll

63 262 138 284 τινα
155 245 274 297 χρόνον
298 231 569 295 ἀναφυσιιψενην
592 244 758 293 συνεχῶς,
788 236 862 278 εἶτα
882 242 1099 279 παύσασθαι·

65 305 139 347 τοὺς
157 304 191 340 δὲ
208 302 450 351 τολμήσαντας
466 301 668 352 προσπλεῖν,
684 300 816 341 ἰδόντας
835 300 970 351 νεκροὺς
985 300 1103 351 ἰχθύας

65 360 311 410 ἐλαυνομένους
328 360 395 397 ὑπὸ
417 363 474 412 ῥοῦ
497 358 594 408 (τοὺς
626 357 678 408 δὲ)
695 357 754 395 καὶ
777 358 885 409 θέρμῃ
905 359 964 395 καὶ
994 359 1102 395 δυσω-

66 421 121 471 δία
142 418 334 468 πληγέντας
352 423 486 469 φυγεῖν,
509 416 544 453 ἓν
564 416 599 453 δὲ
617 418 683 454 τῶν
703 416 892 468 πλοιαρίων
912 416 950 453 τὸ
972 417 1103 465 μᾶλλον

65 476 266 523 πλησιάσαν
305 475 381 519 τοὺς
412 476 473 524 μὲν
505 477 573 511 τῶν
605 474 747 512 ἐνόντων
783 474 972 511 ἀποὸαλεῒν
987 503 997 523 ,
1029 472 1105 515 τοὺς

68 537 97 573 δ’
120 537 166 578 εἷς
196 533 356 585 Λιπάραν
378 532 476 581 μόλις
496 534 628 580 σῶσαι,
644 531 721 569 τοτὲ
750 531 811 582 μὲν
832 531 996 584 ἔκφρονας
1015 546 1105 580 γινο-

68 592 190 642 μένους
210 592 336 640 ὁμοίως
350 596 419 633 τοῖς
438 590 692 636 ἐπιληπτικοῖς,
709 588 787 627 τοτὲ
803 589 837 626 δὲ
857 588 1107 639 ἀνα-τρέχοντας

69 651 116 693 εἷς
128 665 206 692 τους
216 649 359 691 οἰκείους
383 647 585 697 λογισμούς·
603 648 785 691 πολλαῖς
767 647 795 685 ο’
809 647 976 699 ἡμέραις
967 646 1106 697 ὕστερον

69 710 212 759 ὁρᾶσθαι
232 706 342 752 πηλὸν
361 707 573 744 ἓπανθοῧντα
607 709 650 757 τῇ
672 705 847 758 θαλάττῃ,
876 706 965 742 πολλ
969 720 988 741 α
992 707 1056 755 Lo&
1074 702 1108 740 δὲ

71 766 130 804 καὶ
149 765 278 818 φλόγας
309 764 543 809 ἐκπιπτούσας
562 765 621 802 καὶ
640 764 799 815 λιγνύας,
824 763 962 815 ὕστερον
989 762 1023 800 δὲ
1039 777 1108 798 πα-

69 827 172 874 γῆναι
203 823 261 860 καὶ
282 822 440 873 γενέσθαι
470 829 538 865 τοῖς
559 822 716 872 μυλίταις
743 822 847 864 λίθοις
884 820 1017 858 ἐοικότα
1050 819 1108 856 τὸν

75 881 203 931 πάγον·
219 881 276 918 τὸν
300 880 335 918 δὲ
357 883 418 927 τ’ῆς
435 880 597 923 Σικελίας
613 880 818 932 στρατηγὸν,
840 877 943 917 Τίτον
965 876 1109 926 Φλαμί-

69 955 151 986 νιον,
167 940 323 986 δηλῶσαι
337 941 379 990 τῇ
398 938 600 990 συγκλήτῳ,
618 938 680 984 τὴν
701 937 736 975 δὲ
753 937 943 988 πέμψασαν
964 934 1109 973 ἐκθύσα-

71 1001 149 1035 σθαι
169 997 203 1035 ἔν
220 1013 256 1035 τε
285 999 334 1049 τῷ
353 996 495 1049 νησιδίῳ
529 996 589 1034 καὶ
619 998 652 1034 ἐν
669 995 844 1047 Λιπάραις
869 996 937 1037 τοῖς
952 1008 988 1030 τε
1004 1008 1111 1030 κατα-

69 1055 215 1107 χθονίοις
233 1059 318 1098 Θεοῖς
332 1055 391 1092 καὶ
410 1061 480 1098 τοῖς
499 1054 705 1097 θαλαττίοις.

124 1116 296 1152 Fortasse
328 1115 405 1149 haec
440 1127 485 1149 ex
523 1114 694 1149 Historiis
721 1113 848 1159 petita.
879 1111 939 1146 Ad
966 1109 1112 1146 easdem

70 1174 99 1209 si
119 1174 310 1221 sequentia
328 1173 468 1208 referre
491 1172 615 1215 malis,
637 1171 813 1217 nihilego
836 1169 1017 1217 refragor.

559 1260 619 1294 79·

125 1331 185 1366 Str
188 1329 259 1364 abo
276 1331 391 1376 V1,p.
410 1328 509 1375 269.
524 1325 650 1372 υΟταν,
667 1323 794 1377 [φησι]
815 1323 1052 1369 Ποσειοώνιος,
1067 1322 1115 1374 γί-

72 1402 173 1433 νηται
187 1386 231 1423 τὰ
250 1402 327 1437 περι
352 1401 390 1422 το
409 1384 504 1437 ὅρος,
523 1387 800 1443 κατατεφροῧται
817 1383 936 1419 πολλω
956 1381 1050 1432 βάθει
1072 1381 1114 1419 τὰ

79 1444 286 1483 Καταναιων
305 1443 473 1495 χωρία-η
493 1441 553 1492 μὲν
571 1445 627 1479 οὖν
657 1440 806 1490 σποδος,
828 1439 1016 1484 λυπησασα
1034 1455 1117 1490 προς

74 1502 206 1554 καιρὸν,
234 1504 404 1553 εὐεργετεῖ
416 1501 479 1547 τὴν
496 1500 614 1551 χώραν
635 1499 769 1551 χρόνοις
785 1498 944 1549 ὕστερον·
963 1497 1117 1547 εὐάμπε-

75 1562 133 1598 λον
156 1559 221 1612 γὰρ
242 1560 433 1612 παρέχεται
451 1559 510 1596 καὶ
529 1557 813 1610 χρηστόκαρπον,
838 1559 899 1600 τῆς
924 1555 1031 1600 ἄλλης
1055 1557 1118 1605 οὐχ

76 1617 200 1667 ὁμοίως
221 1617 322 1663 οὔσης
340 1617 490 1654 εὐοίνου·
518 1616 578 1658 τάς
604 1624 639 1652 τε
669 1615 780 1666 ρίζας,
808 1613 894 1663 [ἃς]
924 1612 1058 1664 ἐκφέρει
1074 1612 1117 1650 τὰ

77 1675 321 1727 κατατεφρωθέ
324 1691 384 1712 ντα
404 1674 535 1725 χωρία,
556 1672 702 1709 πιαίνειν
721 1671 831 1721 (δ’)’
817 1671 874 1707 επὶ
894 1674 1054 1707 τοσουτον
1076 1669 1118 1706 τὰ

77 1734 237 1785 πρόὸατά
268 1748 386 1784 φασιν,
408 1731 498 1769 ιοστε
518 1730 718 1780 πνίγεσθαι·
741 1729 856 1779 διόπερ
879 1729 917 1765 ἐκ
935 1743 1002 1765 των
1022 1743 1118 1764 ωτιι)ν

78 1795 279 1844 ἀφαιρουσιν
304 1794 391 1827 αἱυια
409 1790 449 1827 δι’
468 1791 606 1841 ἡμερῶν
625 1787 803 1838 τεσσάρων
825 1786 847 1832 ἢ
869 1785 987 1856 πέντε,
1007 1785 1119 1822 καθά-

77 1865 142 1900 περ
156 1852 255 1886 τοῦτο
269 1848 327 1885 καὶ
341 1847 431 1885 κατὰ
445 1846 506 1892 τὴν
517 1846 697 1898 Ἐρύθειαν
713 1844 902 1893 συμὸαῖνον
916 1843 1116 1895 εἰρήκαμεν,

133 1910 197 1944 His
224 1921 305 1955 quae
339 1907 386 1943 ad
405 1908 596 1955 physicam
616 1906 772 1941 maxime
801 1912 986 1952 spectant,
1006 1904 1119 1938 abso-

79 1969 186 2016 lutis,
203 1967 336 2002 Strabo
355 1964 419 2016 (fr.
443 1965 506 2010 68,
524 1966 544 2013 ᾗ
565 1962 603 2013 7)
625 1964 815 1999 Posidonii
836 1962 882 1998 de
904 1969 1011 1998 terrae
1033 1963 1122 1996 lon-

80 2026 248 2071 gitudine
279 2025 498 2060 sententiam
515 2024 633 2059 affert.
653 2023 812 2069 Reliqua
834 2034 915 2068 quae
937 2020 984 2056 ad
1011 2028 1117 2055 terrae

1138 152 1426 192 APAMENSlS

1164 253 1351 277 mensuras
1374 247 1408 275 et
1424 241 1594 273 locorum
1615 238 1724 273 situm
1741 244 1775 272 et
1793 237 1980 275 distantias
1997 241 2184 287 pertinent

1163 300 1239 334 haec
1259 305 1342 333 sunt
1369 311 1375 331 :

1653 369 1715 406 80.

1217 462 1435 502 Cleomedes
1476 462 1579 508 Cycl.
1611 461 1747 496 Theor.
1784 463 1823 508 Ι,
1864 475 1895 498 c.
1924 475 1982 506 10,
2012 475 2051 510 p.
2077 464 2125 498 62
2141 464 2201 499 ed.

1164 523 1254 558 Bak.
1282 533 1290 558 :
1316 519 1404 569 Περὶ
1427 517 1462 555 δὲ
1482 521 1539 555 τοῦ
1561 517 1721 568 μεγέθους
1741 520 1802 564 τῆς
1823 520 1886 567 γῆς
1907 518 2042 561 πλείους
2063 518 2125 568 μὲν
2144 535 2204 569 γε·

1168 578 1290 628 γόνασι
1310 576 1404 620 δόξαι
1423 575 1520 626 παρὰ
1541 576 1609 618 τοῖς
1629 581 1799 626 φυσικοῖς,
1829 575 1980 626 βελτίους
2006 575 2040 613 δὲ
2059 579 2127 614 τῶν
2148 577 2206 614 ἅλ-

1169 637 1238 673 λων
1268 635 1351 672 εἰσὶν
1371 633 1393 679 ἥ
1411 649 1449 670 τε
1467 636 1526 670 τοῦ
1547 631 1777 671 Ποσειδωνίου
1795 633 1853 670 καὶ
1878 636 1899 679 ἡ
1931 632 2206 684 Ἐρατοσθένους.

1170 693 1266 739 Αὕτη
1289 692 1350 741 μὲν
1375 691 1431 729 διὰ
1453 694 1686 741 γεωμετρικῆς
1707 689 1828 742 ἐφόδου
1858 690 2058 727 δεικνύουσα
2089 690 2127 728 τὸ
2145 690 2208 740 μέ-

1168 754 1264 802 γεθος
1283 752 1405 797 αὐτῆς,
1424 752 1446 795 ἡ
1467 748 1503 786 δὲ
1523 751 1581 786 τοῦ
1601 748 1832 787 Ποσειδωνίου
1853 748 1943 785 ἐστὶν
1972 748 2207 800 ἁπλουστέρα·

1170 809 1329 860 ἑκάτερος
1347 807 1382 845 δὲ
1401 808 1513 845 αὐτῶν
1545 807 1721 849 ὓποθέσεις
1737 806 1830 849 τινὰς
1849 805 2052 856 λαμῧάνων,
2071 806 2126 844 διὰ
2141 810 2208 844 τῶν

1170 865 1363 904 ἀκολούθων
1384 867 1459 908 ταῖς
1478 864 1678 902 ὑποθέσεσιν
1696 864 1752 902 ἐπὶ
1771 862 1832 906 τὰς
1854 863 2044 907 ἀποδείξεις
2060 865 2209 916 παραγί-

1170 940 1277 962 νεται.
1311 923 1482 975 Ἐροῧμεν
1503 921 1538 960 δὲ
1571 921 1649 974 περὶ
1680 921 1848 974 προτέρας
1873 925 1933 958 τοῦ
1963 922 2207 962 Ποσειδωνίου.

1171 981 1292 1027 Φησὶν
1323 980 1388 1018 ὑπὸ
1415 982 1465 1032 τῷ
1488 981 1583 1031 αὐτῷ
1611 978 1838 1031 μεσημὸρινῷ
1857 981 1990 1017 κεῖσθαι
2010 978 2132 1018 Ῥόδον
2152 981 2212 1018 καὶ

1173 1038 1441 1090 Ἀλεξάνδρειαν.
1478 1036 1722 1089 Μεσημὸρινοὶ
1749 1036 1785 1074 δὲ
1804 1036 1924 1074 κύκλοι
1942 1037 2025 1074 εἰσὶν
2045 1038 2075 1075 οἱ
2100 1038 2155 1075 διά
2175 1054 2211 1075 τε

1173 1100 1239 1135 τῶν
1270 1097 1386 1134 πόλων
1411 1095 1622 1148 γραφόμενοι
1650 1098 1711 1133 τοῦ
1739 1094 1871 1144 κόσμου
1897 1094 1956 1132 καὶ
1976 1095 2031 1132 διὰ
2051 1095 2213 1146 σημείου,

1173 1154 1363 1196 ὃὲκάστοις
1397 1156 1464 1190 τῶν
1504 1153 1559 1190 ἐπὶ
1587 1156 1648 1199 τῆς
1667 1155 1729 1202 γῆς
1751 1152 1949 1204 βεὸηκότων
1975 1156 2035 1199 τ’ῆς
2065 1156 2215 1206 κορυφῆς

1175 1212 1386 1264 υπέρκειται.
1401 1211 1511 1250 Πόλοι
1533 1210 1593 1260 μὲν
1615 1207 1671 1249 οὖν
1689 1212 1720 1248 οἳ
1737 1210 1833 1249 αὐτοὶ
1847 1210 2001 1261 πάντων,
2021 1211 2059 1248 τὸ
2075 1210 2110 1249 δὲ
2124 1212 2214 1248 κατὰ

1175 1270 1326 1323 κορυφὴν
1359 1286 1433 1319 σημ
1410 1285 1503 1307 μειον
1524 1269 1610 1307 ἄλλο
1640 1270 1775 1306 ἄλλων·
1804 1267 1878 1306 ὅθεν
1903 1269 2036 1340 ἄπειροι
2056 1269 2215 1307 δύνανται

1175 1328 1365 1380 γράφεσθαι
1386 1326 1629 1378 μεσημὲρινοί.
1653 1325 1697 1365 H
1718 1330 1774 1364 οὖν
1798 1326 1919 1369 (Ρόδος
1936 1342 1996 1364 και
2015 1329 2036 1372 ἡ
2055 1326 2215 1370 Ἀλεξάν-

1177 1387 1271 1438 δρεια
1289 1384 1354 1422 ὑπο
1389 1388 1438 1437 τῷ
1459 1386 1553 1422 αυτῶ
1585 1399 1634 1421 κε·
1630 1400 1714 1422 νται
1735 1384 1965 1436 μεσημὸρινῶ
1994 1384 2053 1421 καὶ
2086 1383 2124 1421 τὸ
2144 1384 2216 1422 διά-

1177 1459 1294 1493 στημα
1314 1459 1351 1480 το
1364 1443 1490 1492 μεταξυ
1507 1459 1576 1480 των
1589 1442 1735 1489 πόλεων,
1756 1443 2047 1494 πεντακισχιλίων
2068 1443 2215 1480 σταδίων

1178 1506 1265 1539 εἰναι
1285 1502 1393 1539 δοκεῖ.
1418 1500 1489 1539 Καὶ
1519 1501 1711 1538 ὑποκείσθω
1736 1499 1842 1543 οὔτως
1863 1499 1967 1551 ἔχειν.
1995 1500 2128 1539 Εἷσὶὸὲ
2158 1516 2217 1537 και

1182 1559 1303 1602 πάντες
1335 1561 1365 1597 οἱ
1387 1557 1619 1610 μεσημῧρινοὶ
1646 1560 1713 1595 τῶν
1747 1558 1916 1608 μεγίστων
1941 1560 1974 1595 εν
2006 1558 2126 1610 κόσμῳ
2157 1574 2217 1595 κυ-

1183 1619 1290 1664 κλων,
1314 1619 1359 1660 εἷς
1377 1617 1435 1654 δύο
1454 1616 1513 1654 ἴσα
1539 1616 1716 1666 τέμνοντες
1737 1616 1855 1666 αὐτὸν,
1872 1616 1931 1653 καὶ
1946 1615 2001 1653 διὰ
2022 1619 2088 1653 τῶν
2103 1617 2218 1654 πόλων

1179 1677 1283 1713 αὐτοῦ
1298 1676 1518 1726 γραφόμενοι.
1538 1674 1680 1713 Τούτων
1705 1673 1815 1711 τοίνυν
1839 1673 1944 1717 οὕτως
1968 1673 2058 1725 ἔχειν
2074 1677 2214 1712 ὑποκει-

1180 1733 1302 1782 μένων,
1323 1732 1398 1777 ἑξῆς
1415 1734 1431 1769 ὃ
1449 1730 1678 1773 Ποσειδώνιος
1694 1730 1766 1768 ἰ’σον
1780 1731 1861 1768 ὄντα
1882 1731 1938 1768 τὸν
1959 1731 2124 1775 ζωδιακὸν
2143 1735 2211 1774 τοῖς

1181 1784 1447 1835 μεσημὸρινοῖς,
1480 1784 1554 1821 ἐπεὶ
1586 1784 1645 1820 καὶ
1667 1782 1766 1826 αὐτὸς
1785 1785 1831 1826 εἷς
1856 1783 1915 1821 δύο
1940 1783 2000 1821 ἴσα
2026 1784 2142 1834 τέμνει
2162 1784 2217 1821 τὸν

1181 1843 1326 1892 κόσμον,
1347 1844 1393 1885 εἷς
1409 1841 1499 1879 ὀκτὼ
1513 1841 1568 1879 καὶ
1586 1841 1845 1892 τεσσαράκοντα
1864 1841 1952 1893 μέρη
1975 1843 2118 1894 διαιρεῖ,
2135 1841 2217 1880 ἕκα-

1185 1916 1263 1938 στον
1277 1903 1344 1938 τῶν
1374 1900 1684 1950 δωδεκατημορίων
1705 1901 1809 1937 αὐτοῦ
1839 1901 1885 1942 εἷς
1900 1899 2053 1952 τέσσαρα
2071 1900 2218 1949 τέμνων.

1180 1958 1241 1997 ’Ἂν
1258 1958 1367 1997 τοίνυν
1386 1958 1446 1996 καὶ
1463 1961 1480 1995 ὃ
1497 1958 1553 1996 διὰ
1570 1958 1691 1997 Ῥόδου
1709 1957 1769 1995 καὶ
1797 1957 2052 2010 Ἀλεξανδρείας
2077 1974 2219 2008 μεσημ-

1182 2016 1292 2069 ὃρινὸς
1312 2018 1358 2060 εἷς
1369 2016 1413 2053 τὰ
1433 2016 1521 2053 αὐτὰ
1547 2018 1596 2067 τῷ
1610 2017 1768 2068 ζωδιακῷ
1782 2015 2041 2067 τεσσαράκοντα
2059 2015 2118 2053 καὶ
2128 2015 2221 2054 ὀκτὼ

80 2137 213 2167 strosam
228 2135 345 2166 elatum
365 2134 566 2165 altitudinem
577 2157 586 2173 ,
604 2135 700 2173 atque
716 2131 892 2163 continenti
909 2131 985 2161 ssatu
1002 2130 1121 2161 exalta-

82 2189 151 2217 tum
166 2186 363 2226 aliquamdiu
376 2185 421 2217 sic
434 2185 611 2216 constitisse
622 2208 630 2223 ,
645 2184 774 2215 tandem
790 2182 965 2214 subsedisse
978 2191 985 2212 z
999 2190 1052 2212 eos
1064 2190 1122 2211 au-

83 2240 146 2268 tem
165 2239 217 2278 qui
230 2238 358 2277 navigiis
369 2236 518 2268 accedere
531 2236 598 2268 ausi
615 2237 750 2274 fuerant,
764 2243 866 2275 quum
881 2233 1124 2272 viderentaquae

84 2289 174 2320 ssuxu
192 2289 310 2328 impelli
335 2289 435 2329 pisces
460 2288 623 2325 mortuos,
643 2287 748 2318 calore
771 2287 802 2317 et
827 2286 940 2316 foetore
966 2285 1126 2324 perculsos

87 2341 216 2380 fugisse;
231 2342 328 2380 atque
352 2339 552 2379 navigiorum
567 2347 668 2369 unum
682 2337 769 2377 quod
791 2337 920 2377 propius
933 2336 1124 2373 accesserat,

85 2393 267 2423 vectoribus
277 2391 468 2432 quibusdam
485 2391 625 2429 amissis,
648 2399 730 2430 aegre
747 2399 819 2420 cum
837 2388 964 2428 reliquis
980 2387 1125 2428 Liparam

87 2442 284 2482 pervenisse,
299 2442 353 2482 qui
367 2441 538 2481 aliquando
556 2441 588 2471 in
612 2449 735 2472 morem
749 2440 902 2471 comitiali
921 2439 1034 2470 morbo
1058 2448 1126 2470 cor-

90 2497 252 2534 reptorum
270 2496 377 2525 mente
388 2494 655 2532 abalienarentur‚
672 2490 843 2532 aliquando
862 2492 902 2523 ad
919 2501 953 2523 se
973 2492 1122 2522 redirent.

89 2547 198 2577 Multis
216 2547 285 2586 post
299 2546 410 2576 diebus
426 2545 538 2576 limum
558 2544 759 2584 apparuisse,
774 2544 827 2583 qui
845 2543 1021 2583 superficiei
1035 2551 1127 2582 aquae

90 2598 249 2628 innataret
259 2623 268 2637 ,
284 2597 392 2627 multis
401 2599 532 2636 'quoque
546 2596 622 2626 locis
636 2596 780 2626 flammas
793 2595 930 2634 erupisse
940 2618 949 2633 ‚
969 2596 1000 2626 et
1012 2594 1125 2632 sumes,

91 2651 122 2679 et
133 2649 277 2687 fuligines
294 2661 301 2679 :
322 2648 435 2678 limum
449 2656 522 2678 eum
536 2646 666 2678 tandem
683 2647 880 2678 concrevisse
891 2670 899 2685 ‚
911 2648 943 2677 et
956 2646 1129 2677 molaribus

91 2699 247 2739 lapidibus
261 2699 377 2730 similes
407 2698 501 2730 fuisse
519 2699 682 2729 concretas
706 2698 781 2730 istas
797 2706 926 2729 massas.
948 2700 1018 2735 Qua
1038 2697 1077 2728 de
1097 2706 1129 2727 re

91 2752 252 2788 senatum,
266 2759 365 2789 quum
383 2752 492 2781 esseta
505 2750 575 2781 Tito
600 2749 754 2781 Flaminio
777 2748 997 2790 [Flaminino]
1016 2748 1129 2779 Siciliae

92 2803 228 2841 praetore
239 2801 355 2832 certior
379 2801 481 2832 sactus
493 2824 501 2839 ,
519 2801 623 2832 missis
637 2801 745 2840 legatis
763 2809 828 2831 rem
847 2809 968 2831 sacram
988 2800 1047 2831 diis
1060 2808 1129 2831 ma-

94 2853 186 2884 nibus
199 2853 231 2884 et
241 2852 372 2883 marinis
390 2861 575 2892 procurasse
587 2877 595 2892 ,
609 2861 708 2892 quum
723 2852 754 2883 in
777 2852 871 2884 lliera
882 2876 890 2891 ,
911 2854 979 2883 tum
995 2852 1128 2891 Liparae.

579 2937 638 2970 79.

136 3010 290 3049 Quando,
315 3010 418 3050 inquit
444 3010 628 3041 Posidonius
643 3034 651 3049 ,
678 3011 783 3041 evenit
805 3012 909 3042 AEtnae
932 3011 1130 3050 incendium,

96 3062 272 3094 Catinensis
288 3063 356 3092 tum
368 3070 439 3099 ager
450 3061 606 3100 profundo
620 3061 778 3100 obtegitur
794 3062 910 3099 cinere,
921 3063 976 3102 qui
991 3064 1133 3102 tempore

97 3113 227 3154 quidem
247 3122 283 3143 eo
302 3113 473 3150 molestus,
497 3114 604 3151 postea
626 3113 742 3151 regioni
758 3113 911 3143 beneficio
927 3115 974 3144 est
997 3123 1004 3143 z
1030 3114 1134 3145 reddit

99 3165 183 3196 enim
212 3172 281 3194 ean)
298 3163 411 3194 vinetis
440 3163 564 3201 laetam,
581 3171 618 3193 ac
638 3163 729 3194 bonae
752 3163 849 3202 frugis
865 3164 999 3194 feracem
1010 3188 1019 3202 ,
1034 3174 1132 3204 quum

99 3215 257 3254 reliquum
271 3213 335 3253 agri
353 3223 416 3244 non
431 3213 473 3244 ita
487 3215 615 3253 praestet
631 3213 694 3244 vini
708 3213 932 3253 productione;
952 3215 1134 3254 radicesque

100 3268 237 3297 esserunt
257 3266 325 3296 lora
343 3265 448 3296 cinere
461 3265 506 3296 sic
527 3265 652 3304 oppleta
664 3289 672 3303 ,
687 3265 803 3304 quibus
819 3274 894 3296 oves
913 3265 991 3296 adeo
1006 3267 1135 3305 pingues

102 3319 167 3349 lieri
186 3318 347 3357 perhibent
363 3342 370 3356 ‚
389 3319 424 3349 ut
435 3318 649 3356 suffocentur-3
665 3317 798 3357 ideoque
818 3318 931 3356 quarto
949 3319 1003 3349 aut
1022 3319 1133 3358 quinto

1181 2129 1304 2159 circiter
1329 2128 1380 2159 die
1404 2128 1587 2166 sanguinem
1613 2127 1674 2159 illis
1702 2136 1742 2159 ex
1761 2128 1895 2159 auribus
1926 2127 2116 2167 detrahunt,
2136 2127 2221 2168 quod

1182 2179 1276 2210 etiam
1293 2179 1375 2219 apud
1396 2180 1567 2219 Erytheam
1584 2178 1652 2210 fieri
1665 2179 1906 2210 declaravimus.

1677 2234 1735 2265 80.

1226 2297 1272 2325 De
1299 2294 1517 2333 magnitudine
1539 2295 1633 2325 terrae
1660 2294 1839 2334 complures
1871 2293 1999 2324 fuerunt
2023 2293 2223 2333 physicorum

1187 2345 1351 2384 opiniones
1372 2357 1380 2375 z
1401 2345 1530 2384 reliquis
1543 2345 1690 2376 meliores
1711 2348 1785 2376 sunt
1809 2344 1968 2375 Posidonii
1986 2345 2018 2375 et
2040 2345 2222 2376 Eratosthe-

1190 2396 1261 2427 nis:
1292 2404 1428 2434 quarum
1452 2396 1522 2426 haec
1544 2396 1735 2435 geometrica
1753 2395 1872 2426 ratione
1889 2395 2137 2434 magnitudinem
2157 2395 2225 2432 ejus

1186 2446 1344 2484 ostendit;
1365 2445 1417 2476 illa
1433 2446 1598 2477 Posidonii
1615 2446 1786 2486 simplicior
1800 2447 1858 2477 est.
1883 2447 2024 2485 Uterque
2039 2454 2147 2477 eorum
2171 2446 2224 2485 hy-

1187 2499 1332 2538 potheses
1354 2498 1507 2537 quasdam
1525 2507 1671 2537 sumens,
1686 2507 1741 2538 per
1758 2506 1794 2529 ea
1811 2506 1883 2538 quae
1900 2498 2128 2538 hypothesibus
2145 2507 2223 2529 con-

1191 2550 1325 2582 sectaria
1339 2550 1466 2581 suntad
1480 2549 1764 2581 demonstrationes
1784 2550 1940 2590 procedit.
1955 2550 2046 2582 Prius
2067 2552 2173 2582 autem
2185 2550 2225 2581 de

1190 2601 1347 2633 Posidonii
1361 2601 1507 2640 opinione
1519 2601 1670 2632 dicemus.
1684 2601 1749 2632 Sub
1761 2601 1872 2632 eodem
1882 2601 2058 2632 meridiano
2072 2601 2221 2633 Rhodum

1189 2654 1221 2683 et
1238 2652 1459 2683 Alexandriam
1471 2661 1538 2683 esse
1556 2652 1610 2683 ait.
1625 2653 1706 2683 Sunt
1720 2653 1828 2684 autem
1844 2652 2008 2684 meridiani
2022 2652 2149 2691 circuli,
2168 2653 2223 2693 qui

1188 2703 1372 2734 scribuntur
1387 2711 1441 2743 per
1457 2703 1567 2734 mundi
1586 2704 1692 2743 polos,
1716 2705 1748 2735 et
1762 2712 1817 2743 per
1837 2705 1991 2744 punctum
2008 2703 2093 2744 quod
2115 2703 2222 2743 qu'us-

1188 2763 1327 2794 cumque
1349 2763 1459 2785 eorum
1481 2754 1537 2794 qui
1562 2755 1594 2785 in
1616 2756 1701 2786 terra
1717 2755 1917 2794 gradiuntur,
1937 2755 2047 2786 vertici
2066 2755 2222 2786 imminet.

1192 2806 1258 2837 Poli
1284 2805 1377 2844 igitur
1401 2805 1495 2836 iidem
1512 2807 1586 2836 sunt
1610 2806 1754 2836 omnium
1777 2807 1957 2845 :punctum
1982 2807 2089 2837 autem
2115 2806 2224 2837 vertici

1190 2858 1376 2896 imminens,
1392 2857 1480 2888 aliud
1497 2857 1644 2888 aliorum.
1660 2857 1791 2889 Rhodus
1807 2858 1900 2897 igitur
1913 2859 1944 2889 et
1962 2857 2151 2889 Alexandria
2167 2858 2226 2889 sub

1190 2910 1301 2941 eodem
1321 2909 1493 2940 meridiano
1506 2910 1596 2948 sunt;
1613 2911 1645 2940 et
1659 2909 1807 2941 distantia
1822 2910 1903 2941 inter
1918 2919 1970 2942 eas
1981 2911 2074 2942 urbes
2086 2910 2226 2950 quinque

1190 2962 1323 2992 millium
1338 2961 1514 2991 stadiorum
1525 2969 1591 2991 esse
1605 2960 1744 2991 videtur.
1762 2963 1802 2992 Et
1820 2961 1868 2991 fac
1884 2962 1927 2992 ita
1941 2970 2006 2993 esse
2025 2973 2031 2993 :
2047 2963 2121 2992 sunt
2131 2969 2225 3000 porro

1192 3023 1302 3045 omnes
1322 3012 1512 3044 meridianie
1528 3012 1696 3051 maximis,
1715 3013 1769 3052 qui
1784 3013 1815 3043 in
1833 3013 1950 3043 mundo
1964 3014 2055 3051 sunt,
2078 3013 2224 3051 circulis,

1192 3066 1224 3097 in
1238 3065 1318 3097 duas
1330 3066 1435 3105 partes
1448 3073 1520 3095 eum
1535 3066 1694 3103 secantes,
1711 3073 1829 3104 perque
1854 3064 1943 3104 polos
1960 3064 2119 3105 descripti.
2144 3067 2225 3102 Quae

1192 3125 1292 3156 quum
1309 3116 1352 3147 ita
1368 3124 1401 3147 se
1415 3115 1529 3147 habere
1549 3117 1722 3155 ponuntur,
1733 3115 1879 3154 deinceps
1893 3115 2079 3146 Posidonius
2097 3116 2224 3155 signise-

1195 3177 1265 3198 rum
1282 3168 1438 3207 aequalem
1450 3167 1641 3205 meridianis,
1653 3167 1769 3206 quippe
1783 3166 1836 3205 qui
1850 3168 1882 3197 et
1904 3166 1969 3205 ipse
1987 3167 2018 3196 in
2032 3166 2109 3197 duas
2120 3174 2225 3206 aequa-

1194 3218 1238 3249 les
1254 3220 1358 3258 partes
1374 3218 1529 3249 mundum
1558 3220 1660 3257 secet,
1686 3218 1718 3248 in
1739 3220 1812 3249 octo
1835 3218 1867 3249 et
1888 3218 2096 3258 quadraginta
2123 3220 2226 3258 partes

1193 3270 1323 3307 dividit,
1346 3269 1597 3309 unumquodque
1620 3278 1637 3300 e
1666 3269 1928 3299 dodecatemoriis
1947 3269 1977 3299 in
1997 3271 2150 3308 quattuor
2169 3278 2219 3299 se-

1195 3329 1277 3351 cans.
1291 3321 1323 3352 Si
1338 3320 1430 3359 igitur
1441 3321 1536 3352 eliam
1552 3320 1602 3351 ille
1614 3319 1803 3351 meridianus
1816 3328 1870 3359 per
1884 3320 2029 3351 Rhodum
2045 3322 2074 3351 rt
2092 3321 2225 3351 Alexan-
