2289 3728
99 165 170 196 156

89 247 239 292 opinor,
261 244 493 287 infitiabitur,
516 244 543 277 si
567 254 649 276 cuni
668 248 794 276 nostro
813 242 896 276 loco
917 244 1117 278 contulerit
1144 248 1151 257 ¹

89 303 261 349 Stephan.
299 302 385 346 Byz.
418 313 450 335 v.
486 297 626 335 Δούλων
656 296 771 342 πόλις,
804 298 955 333 Suidam
987 312 1016 336 s.
1053 312 1089 335 v.
1104 327 1113 343 ‚

89 360 322 407 Apostolium
350 359 440 401 VII,
480 356 549 402 37,
579 359 710 392 Arsen.
754 356 837 398 184.
871 358 1001 405 Itaque
1032 364 1117 404 post

56 431 58 434 ·
89 413 247 465 Πατρεὺς
275 415 447 449 excidisse
476 415 684 461 putaverim
704 414 761 458 id,
783 414 887 467 quod
906 415 955 449 sic
983 415 1118 463 legitur

90 477 126 509 in
155 474 354 520 Stephano
376 471 523 519 (Hecat.
545 472 587 507 fr.
613 470 708 520 318)
735 483 744 507 :
765 471 824 507 καὶ
851 471 909 507 ἐὰν
930 472 1046 513 δοῦλος
1072 472 1118 513 εἷς

88 529 150 575 τὴν
170 529 267 566 πόλιν
289 528 416 572 ταύτην
433 527 524 564 λίθον
548 527 759 578 προσενέγκῃ
773 557 782 573 ,
808 528 978 578 ἐλεύθερος
1004 528 1118 578 γίγνε-

87 603 163 632 ται,
183 586 246 635 κᾶν
278 585 367 628 ξένος
386 579 407 636 ᾗ
764 581 784 588 Ν

89 648 275 693 Stephano
294 645 488 680 inserenda
507 658 514 680 :
533 642 605 680 ἔστι
622 643 679 680 καὶ
695 643 796 695 ἔτέρα
814 643 1027 694 ἱεροδούλων.
1046 647 1117 679 De-

89 705 202 750 nique
221 715 356 737 moneo
375 709 458 737 ante
475 715 511 737 v.
534 701 733 738 ἀναέοῶντα
749 697 981 738 inserendam
999 702 1119 736 videri

89 775 122 798 v.
141 759 348 811 ἀφελόμενον
361 762 419 796 vel
433 762 550 796 simile
561 761 664 809 quid.
683 777 697 793 »
710 763 895 797 Lnuoescn.
909 761 961 796 Cf.
976 761 1115 807 Ephor.

88 821 130 855 fr.
149 820 217 867 96,
237 820 474 866 Theopomp.
495 819 541 856 fr.
569 832 654 856 122.

573 927 634 974 39.

144 1032 268 1067 Scliol.
287 1032 412 1078 Apoll.
430 1031 502 1065 Rh.
523 1032 573 1074 ΙΙ,
593 1031 665 1077 498
690 1043 697 1063 z
717 1026 878 1069 Μνασέας
895 1026 930 1063 δέ
946 1042 1028 1078 φησι
1042 1029 1120 1062 κατ’

88 1088 175 1125 ἰδίαν
201 1086 307 1132 αὐτὴν
327 1090 392 1135 (sc.
420 1086 481 1132 τὴν
506 1086 683 1136 Κυρήνην)
707 1085 903 1136 προαίρεσιν
925 1087 957 1127 ἐς
983 1084 1116 1130 Λιῖῧύην

90 1145 299 1191 ἐληλυθέναι,
318 1147 378 1182 οὐκ
396 1147 455 1181 ἀπ’
474 1144 686 1185 Ἀπόλλωνος
706 1143 920 1194 διαχθεῖσαν.

570 1259 633 1296 4ο.

143 1362 346 1406 Hesychius
366 1373 372 1394 :
394 1357 577 1409 Βαρκαίοις
597 1356 704 1407 ὄχοις·
730 1356 906 1398 Λιῧυκοῒς.
930 1351 1037 1394 Οὗτοι
1054 1355 1120 1407 γὰρ

90 1417 297 1460 ἐσπούδαζον
332 1417 410 1467 περὶ
441 1415 684 1466 ἱπποτροφίαν.
720 1415 819 1452 Φασὶ
849 1413 882 1451 δὲ
917 1414 1039 1456 αὐτοὺς
1061 1417 1120 1451 καὶ

90 1474 246 1527 πρώτους
277 1474 371 1525 ἅρμα
400 1473 513 1517 ζεῦξαι
546 1472 766 1523 διδαχθέντας
802 1471 870 1508 ὑπὸ
888 1473 1120 1514 Ποσειδῶνος·

89 1533 127 1570 τὸ
149 1534 182 1570 δὲ
203 1536 352 1583 ἡνιοχεῖν
375 1532 437 1568 ὑπὸ
459 1532 614 1577 Ἀθηνᾶς,
636 1533 680 1573 ὡς
701 1529 863 1571 Μνασέας
884 1532 917 1566 ἐν
937 1533 1005 1573 τοῖς
1032 1531 1119 1581 Περὶ

93 1590 236 1637 Αιὸύης.
259 1593 314 1629 Cf.
337 1592 452 1627 schol.
477 1591 524 1626 ad
544 1590 721 1638 Sophocl.
742 1590 878 1624 Electr.
900 1602 987 1637 7-29.

575 1704 632 1741 41.

145 1798 282 1831 Plinius
311 1798 358 1832 H.
394 1797 439 1831 N.
473 1797 557 1838 VII,
587 1808 629 1839 2,
668 1808 707 1830 11
742 1808 749 1829 ε
779 1797 955 1830 Mnaseas
978 1793 1122 1838 Africoe

94 1858 208 1891 locam
239 1855 430 1900 Sicyonem
451 1855 634 1901 appellat,
671 1862 707 1887 ec
733 1854 891 1888 Crathin
918 1865 1063 1887 amnem
1085 1856 1120 1886 in

95 1914 278 1948 Oceanum
311 1910 520 1957 effluentem
550 1923 569 1944 e
597 1912 696 1953 Iaca,
734 1914 771 1945 ia
801 1924 869 1958 qao
900 1923 1003 1955 aves,
1033 1922 1123 1957 qaas

94 1971 352 2015 Aleleagridas
369 1977 405 2004 et
417 1970 623 2016 penelopas
641 1977 750 2003 vocat
768 1982 779 2003 .·
800 1977 837 2004 et
851 1981 938 2003 vere
955 1966 1007 2002 ihi
1023 1971 1124 2002 nasci

94 2029 102 2076 t(
118 2028 335 2075 electrum),
357 2031 499 2063 ratione
523 2028 668 2070 eadem,
694 2040 768 2075 qua
791 2040 905 2075 sapi-a
921 2028 1124 2062 dictumest

91 2088 136 2121 de
155 2088 186 2121 E
190 2087 452 2136 lectridellacu.

577 2199 638 2236 42.

146 2294 310 2341 Hyginus
343 2294 433 2329 Fal).
471 2301 556 2330 astr.
595 2294 652 2338 Il,
690 2305 733 2327 21
760 2305 799 2340 p.
834 2291 906 2338 395
929 2292 1079 2326 Munek.
1112 2304 1120 2326 ε

64 2342 69 2348 ⁸
95 2353 264 2387 Pleiades
283 2360 402 2386 autem
429 2352 632 2399 appellata?
658 2359 759 2393 sanc,
785 2359 825 2385 ut
850 2354 907 2384 ait
924 2351 1115 2393 illustrem,

93 2411 190 2457 qaod
209 2422 256 2444 ex
276 2411 426 2444 Atlante
445 2417 482 2443 et
498 2410 648 2444 Pleione
667 2410 806 2443 Oceani
817 2408 903 2454 filia
923 2412 1002 2442 sint
1018 2411 1122 2454 qaia-

94 2470 211 2502 decim
230 2469 334 2514 szlice
355 2475 580 2515 procreatae,
612 2480 764 2513 quaram
786 2470 944 2513 quiaque
972 2467 1123 2512 Hjadas

94 2527 304 2572 appellatas
329 2526 567 2567 demonstrat,
607 2526 704 2571 qaod
724 2538 847 2559 earum
879 2527 918 2559 H
910 2537 984 2570 ⁸sas
1005 2523 1124 2568 faerit

86 2576 216 2622 ,frater
234 2595 258 2616 a
282 2584 462 2617 sororibus
486 2585 685 2629 plurimam
713 2583 867 2617 dilcclas
894 2595 905 2616 :
933 2585 994 2628 qai
1016 2595 1122 2628 quam

95 2652 238 2674 venans
258 2653 280 2673 a
300 2642 401 2675 leone
420 2639 755 2684 es-s·eti12tersectiz.5‚
782 2644 953 2687 quiaque,
980 2641 1026 2674 de
1040 2643 1122 2686 qai—

99 2698 162 2730 bas
178 2709 287 2744 supra
304 2698 464 2731 dirimas
474 2725 481 2740 ,
517 2698 835 2732 [maculationibus
855 2699 1013 2731 assiduis
1024 2710 1122 2744 per-

97 2762 205 2788 motoe
231 2755 397 2788 dicantar
420 2758 595 2789 interiisse
617 2769 628 2789 :
650 2768 762 2802 (jaare
781 2768 858 2797 eas,
886 2756 985 2801 qaod
997 2757 1122 2802 plari-

96 2825 191 2846 mam
212 2813 257 2846 (le
276 2816 353 2856 ejas
377 2821 490 2847 morte
519 2814 747 2858 laborarent,
776 2814 932 2859 Hyadas
952 2814 1124 2861 appella-

137 2922 186 2950 39.
206 2921 345 2950 Mnaseas
357 2919 432 2949 dicit
446 2922 587 2958 Cyrenen
605 2929 662 2951 suo
674 2921 803 2951 consilio
820 2921 850 2950 in
866 2920 992 2960 Libyam
1008 2919 1124 2960 profec-

96 2974 178 3009 tam,
193 2979 255 3001 non
269 2979 345 3000 vero
361 2970 400 3000 ab
416 2970 558 3009 Apolline
573 2980 610 3001 eo
627 2973 871 3010 transporintmn
884 2980 961 3002 esse.

576 3031 633 3061 40.

140 3084 273 3115 Bai-canis
295 3083 458 3122 curribus,
482 3083 502 3113 i.
524 3092 551 3114 e.
576 3083 711 3122 Libycis.
739 3084 778 3113 ili
798 3084 881 3114 enim
901 3083 989 3122 equis
1007 3083 1126 3114 alendis

97 3135 246 3166 eximiam
259 3134 416 3165 navabant
427 3142 565 3173 operam.
578 3136 698 3172 Eosque
709 3143 725 3164 a
738 3136 880 3173 Neptuno
891 3133 1000 3164 doctos
1010 3134 1126 3172 primos

97 3194 194 3224 equos
218 3185 362 3215 curribus
383 3184 541 3222 junxisse,
562 3193 667 3223 regere
685 3186 790 3215 aulem
817 3193 927 3215 currus
951 3193 968 3213 a
985 3184 1125 3214 Minerva

99 3238 227 3267 edoctos
240 3244 305 3266 esse
318 3237 452 3266 testatur
469 3237 610 3266 Mnaseas
624 3234 653 3264 in
669 3234 754 3265 libris
771 3237 813 3265 De
827 3234 934 3274 Libya.

139 3351 343 3383 Pri-comare
363 3347 583 3379 Chelidonem.
601 3347 803 3378 proverbium
816 3347 946 3377 «lucium
959 3357 974 3376 a
986 3346 1122 3386 quodam

440 600 447 621 :
478 595 555 622 tuin
587 595 670 622 ante
698 587 730 622 ἐν
761 602 781 635 ῃ
807 587 882 623 κτλ.
913 600 957 622 ex
985 588 1134 622 eodem·

880 154 1105 193 MNASEAE
1137 155 1414 194 PATRENSIS

1179 252 1247 278 tas.
1283 246 1458 291 Reliquas
1481 256 1569 278 vero
1595 244 1719 277 decem
1747 256 1883 278 sorores
1911 246 2132 280 deliberasse
2158 247 2205 281 de

1177 314 1336 337 sororum
1363 309 1492 345 mone,
1510 309 1548 335 et
1563 313 1688 336 earum
1715 309 1851 348 septem
1867 302 1936 336 sihi
1954 311 2102 338 mortem
2121 316 2206 339 con-

1177 364 1287 395 scisse
1303 373 1314 394 :
1327 372 1439 407 quare
1452 360 1549 406 quod
1559 361 1684 406 plures
1699 360 1794 394 idem
1807 369 2006 403 senserunt,
2027 362 2206 397 Pleiadas

1179 418 1308 453 dictas.
1325 418 1379 453 Cf.
1396 419 1549 452 Timaeus
1563 417 1608 455 fr.
1631 417 1678 452 25
1690 445 1699 462 ,
1720 419 1785 465 qui
1803 419 1975 464 proxime
1989 418 2036 453 ad
2051 420 2206 455 Mnaseae

1179 476 1431 510 narrationem
1447 476 1602 511 accedit.

1231 532 1417 582 Mnaseas]
1446 534 1484 568 in
1513 534 1650 568 Veneta
1677 534 1829 581 aliisque
1857 534 1972 580 antiq.
2002 534 2091 571 edd.
2120 536 2208 569 Mu-

1177 604 1285 625 soeas.
1311 591 1478 628 Fortasse
1497 592 1674 626 [Mnaseas
1688 604 1758 638 pro
1773 592 1821 626 M
1821 603 1940 625 asoeus
1953 592 2209 638 reponendum

1181 656 1259 683 erat
1279 650 1387 683 etiam
1404 661 1486 695 cap.
1505 650 1620 693 XIII,
1637 649 1702 684 ubi
1726 662 1734 684 :
1754 651 1919 684 Musaeus
1944 649 2010 697 (al.
2033 651 2210 686 Mnaseas

1180 705 1354 751 Munck.)
1377 713 1497 740 autem
1526 706 1617 740 dicit
1643 707 1766 741 Jovem
1791 710 1963 741 nutritam
1984 720 2009 741 a
2038 707 2209 745 Themide

1179 770 1217 797 et
1237 762 1438 797 Amalthea
1462 763 1641 810 nympha,
1665 765 1795 811 quibas
1816 777 1896 799 eam
1916 773 2034 800 mater
2047 767 2121 813 Ops
2135 775 2210 801 tra-

1179 822 1312 855 didisse
1338 824 1583 857 existimatur.
1617 822 1851 856 Amaltheam
1887 831 2007 857 autem
2041 823 2210 859 babuisse

1180 891 1331 925 capram
1352 879 1538 925 (sitandam
1561 883 1599 913 in
1626 880 1788 924 deliciis,
1814 893 1898 927 qaae
1927 881 2049 916 Jovem
2077 883 2215 917 dicitur

1181 937 1329 972 aluisse.
1351 936 1439 982 Quae
1457 936 1610 984 quidem
1625 938 1779 972 Mnaseae
1792 938 1942 986 ingenio
1964 940 2103 987 optime
2119 952 2210 975 con-

1180 996 1345 1032 veniunt.

1498 1101 1720 1137 INCERTAE
1749 1103 1895 1138 SEDIS.

1667 1214 1729 1256 43.

1236 1319 1386 1353 Ρ1]ο[ἰι]5
1403 1320 1493 1356 Lex.
1517 1331 1525 1353 ε
1546 1316 1686 1356 Πύθου
1707 1317 1938 1368 χελιδόνος·
1959 1319 2128 1370 παροιμία
2145 1321 2215 1359 ἀπό

1183 1391 1271 1418 τινος
1293 1374 1475 1417 Χελιδόνος
1490 1375 1645 1424 θεολόγου
1664 1377 1783 1426 ἀνδρὸς
1803 1375 1860 1413 καὶ
1878 1377 2132 1427 τερατοσκόπου
2153 1379 2213 1416 καὶ

1182 1432 1261 1484 περὶ
1280 1434 1425 1469 τελετῶν
1446 1433 1676 1482 διειλεγμένου
1689 1463 1698 1480 ,
1719 1436 1764 1476 ὡς
1784 1434 1950 1476 Μνασέας
1969 1437 1985 1471 ὃ
2007 1435 2163 1487 Πατρεὺς
2180 1438 2213 1474 ἐν

1182 1494 1230 1541 τῷ
1259 1492 1445 1542 Περίπλῳ·
1464 1493 1493 1528 οἳ
1520 1489 1554 1528 δὲ
1576 1491 1627 1528 ὅτι
1645 1493 1849 1542 θρηνητικὸν
1872 1492 1910 1529 τὸ
1931 1495 2014 1545 ζῷον
2028 1509 2035 1516 ·
2056 1495 2086 1530 οἱ
2107 1494 2135 1531 δ’
2162 1494 2214 1532 ὅτι

1181 1548 1219 1584 τὸ
1238 1548 1298 1599 ἔαρ
1315 1548 1556 1598 προσημαίνει.
1580 1550 1716 1586 Eadem
1733 1551 1881 1595 Suidas‚
1897 1552 2066 1598 Apostol.
2086 1553 2213 1598 XVII,

1183 1619 1219 1651 2,
1236 1610 1365 1644 Arsen.
1385 1620 1424 1654 p.
1448 1612 1466 1649 4
1478 1608 1536 1644 16.
1559 1609 1716 1654 Hesych.
1732 1610 1786 1643 De
1800 1611 2007 1655 posteriore
2022 1611 2214 1656 proverbii

1182 1665 1426 1711 explicatione
1440 1665 1525 1700 vide
1537 1678 1617 1712 quae
1629 1666 1756 1701 laudat
1769 1668 1939 1704 Leutsch.
1958 1669 1995 1702 in
2011 1669 2216 1703 Paroemio-

1181 1735 1236 1769 gr.
1254 1724 1290 1766 Ι,
1313 1735 1350 1769 p.
1373 1723 1445 1765 448
1458 1751 1467 1767 ,
1484 1723 1530 1758 de
1551 1724 1664 1760 altera
1683 1724 1783 1759 idem
1802 1725 1855 1761 ib.
1872 1742 1875 1745 *
1891 1738 1898 1759 :
1930 1741 1944 1756 «
1973 1725 2214 1761 Chelidonem

1180 1779 1420 1829 χρησμόλογόν
1443 1795 1518 1816 τινα
1535 1782 1603 1816 τῶν
1622 1780 1732 1816 πάλαι
1751 1784 1919 1818 nominat
1936 1783 2066 1818 Suidas
2083 1797 2119 1818 v.
2142 1785 2215 1821 Χε-

1183 1837 1316 1879 λιδόνας
1333 1852 1340 1873 :
1361 1839 1457 1874 adde
1472 1839 1676 1877 Herodian.
1695 1839 1741 1877 Π.
1763 1853 1838 1887 μον.
1855 1838 1927 1882 λε’ξ.
1942 1854 1979 1888 p.
2000 1853 2043 1887 9,
2061 1842 2098 1878 6:
2115 1842 2215 1892 χελι-

1185 1893 1289 1933 δὼν...
1312 1894 1378 1932 εἴτε
1399 1895 1437 1932 τὸ
1462 1895 1575 1947 ὄρνεον
1600 1895 1667 1932 εἴτε
1684 1898 1701 1932 ὃ
1721 1896 1799 1947 περὶ
1819 1898 2041 1940 τελευτῶντος
2059 1899 2191 1949 γράψας
2204 1929 2214 1947 ‚

1183 1954 1399 1990 πὼίτελετῶν
1412 1956 1973 2004 corrigitLobeckiusAglaoph.
1985 1957 2082 2004 ILp.
2096 1957 2214 1994 1352:

1184 2012 1282 2047 idem
1296 2013 1385 2048 ibid.
1404 2014 1439 2056 Ι,
1454 2026 1493 2060 p.
1514 2014 1589 2056 304
1611 2021 1731 2050 vatem
1749 2027 1768 2049 e
1786 2015 1873 2051 falsa
1891 2016 2083 2062 proverbii
2102 2021 2216 2052 nostri

1185 2070 1433 2119 explicatione
1449 2079 1575 2108 natum
1593 2085 1667 2109 esse
1685 2073 1855 2121 conjecit.
1878 2091 1893 2106 υ
1918 2074 2040 2110 Verba
2057 2075 2087 2111 οἷ
2107 2072 2142 2111 δὲ
2163 2073 2215 2112 ὅτι

1185 2131 1237 2179 Ορ.
1261 2129 1300 2165 τὸ
1318 2131 1401 2172 ζῶον
1424 2144 1499 2166 om.
1517 2131 1660 2167 Suidas.

1669 2249 1732 2286 lili·

1238 2346 1397 2383 Bekker.
1415 2347 1553 2383 Anecd.
1578 2359 1616 2394 p.
1641 2346 1713 2391 783
1729 2374 1738 2391 ‚
1759 2346 1802 2382 15
1822 2358 1830 2384 :
1853 2345 2066 2396 Στησίχορος
2086 2347 2120 2383 ἐν
2140 2347 2216 2384 δευ-

1184 2401 1272 2453 τέρῳ
1290 2402 1489 2453 Ὀρεστείας
1504 2402 1559 2439 τὸν
1582 2403 1805 2451 Παλαμήδην
1824 2403 1925 2454 φησὶν
1949 2404 2127 2455 εὑρηκέναι
2153 2405 2216 2454 (τὰ

1184 2460 1412 2512 γράμματα),
1429 2460 1592 2504 Μνασέας
1612 2460 1646 2498 δὲ
1660 2460 1811 2511 Ἑρμῆν,
1829 2461 1926 2498 ἄλλοι
1944 2462 1978 2499 δὲ
1999 2462 2115 2501 ἄλλον.
2139 2465 2215 2502 Πι-

1186 2518 1283 2556 Οανὸν
1303 2519 1337 2556 δὲ
1354 2519 1444 2555 κατὰ
1461 2518 1565 2556 τόπον
1587 2518 1722 2569 εὑρετὰς
1736 2521 1959 2568 γεγενῆσθαι,
1976 2519 2026 2556 διὸ
2040 2520 2099 2558 καὶ
2117 2519 2214 2558 ἄλλοι

1184 2576 1265 2627 παρ’
1286 2576 1399 2618 ἅλλοις
1415 2576 1480 2613 εἶσὶ
1499 2579 1714 2627 χαρακτῆρες
1735 2578 1799 2612 τῶν
1820 2577 2011 2627 στοιχείων.

1238 2635 1374 2671 Eadem
1390 2636 1481 2671 ibid.
1501 2648 1539 2683 p,
1560 2635 1633 2680 786
1651 2637 1702 2670 ita
1722 2647 1729 2670 ;
1751 2635 1859 2678 Στησ.
1879 2635 2099 2684 Παλαμήδην
2120 2637 2217 2685 εὑρε-

1184 2691 1245 2736 τὴν
1268 2693 1378 2728 αὐτῶν
1396 2693 1562 2737 ποιεῖται,
1584 2685 1611 2743 ᾧ
1630 2694 1807 2742 συμφωνεῖ
1826 2692 2033 2742 Εὐριπίδης·
2053 2692 2216 2737 Μνασέας

1188 2750 1221 2786 δὲ
1249 2749 1339 2786 κατὰ
1364 2749 1476 2787 πάντα
1509 2750 1612 2788 τόπον
1636 2749 1773 2800 εὑρετὰς
1800 2753 2002 2800 γεγενῆσθαι
2032 2753 2099 2788 τῶν
2120 2766 2212 2788 στοι·

1184 2811 1300 2861 χείων.

1186 2920 1374 2959 Chelidone,
1392 2903 1537 2959 tlieologo
1556 2923 1583 2950 ei
1601 2920 1796 2950 ostentorum
1817 2920 2002 2958 interprete,
2017 2919 2070 2958 qni
2088 2918 2126 2949 de
2143 2918 2214 2949 deo-

1185 2980 1255 3002 rum
1283 2971 1378 3002 initiis
1401 2971 1609 3010 disseruerat,
1636 2972 1672 3001 ut
1696 2972 1837 3001 Mnaseas
1856 2970 2013 3001 Patrensis
2037 2969 2067 2999 in
2093 2969 2214 3008 periplo

1184 3022 1290 3054 tradit.

1669 3107 1726 3137 44.

1225 3191 1420 3223 stesichorus
1433 3190 1463 3220 in
1473 3188 1612 3220 secundo
1629 3188 1768 3219 Oresteae
1784 3185 1980 3216 Palamedem
1994 3184 2156 3216 literarum
2169 3183 2212 3214 in·

1183 3245 1345 3275 seniorem
1356 3242 1432 3273 dicit
1442 3266 1450 3281 ,
1463 3243 1605 3272 Mnaseas
1615 3239 1820 3275 Mercurium,
1832 3237 1883 3268 alii
1897 3236 1990 3274 alios;
2002 3245 2039 3267 ac
2051 3235 2212 3275 probabile

1185 3297 1231 3325 est
1244 3294 1386 3333 plurimis
1397 3293 1472 3324 locis
1485 3301 1593 3323 earum
1609 3292 1786 3321 inventores
1797 3289 1899 3327 fuisse,
1911 3296 2008 3327 quare
2021 3287 2115 3319 etiam
2129 3285 2212 3326 apud

1184 3346 1260 3375 alios
1273 3345 1332 3375 alia
1349 3346 1419 3375 sunt
1435 3344 1519 3381 signa
1535 3342 1703 3372 literarum.
