2289 3728
939 140 1265 179 FRAGMENTA.

27 233 104 280 γοῦν
133 231 187 268 τὸν
220 233 397 268 Λεοντῖνον
423 232 525 268 αὐτοῦ
557 231 709 281 γενέσθαι
741 230 909 279 μαθητὴν,
943 230 1048 281 ἄνδρα

26 288 235 339 ὑπερέχοντα
256 291 288 325 ἐν
310 291 470 340 ῥητορικῇ
494 288 553 326 καὶ
578 288 700 339 τέχνην
724 287 993 325 ἀπολελοιπότα·
1014 287 1049 324 ὅν

26 361 127 397 φησιν
149 346 398 396 Ἀπολλόδωρος
414 348 447 382 ἐν
475 349 649 397 Χρονικοῖς
665 345 759 383 ε’ννέα
780 345 863 397 πρὸς
883 348 949 387 τοῖς
968 348 1049 382 ἑκα-

26 405 82 441 τὸν
97 403 155 449 ἔτη
173 406 302 454 βιῶναι.
314 404 442 442 Τοῦτόν
456 406 585 455 φησινὸ
601 402 753 454 Σάτυρος
768 402 877 451 λέγειν
892 405 936 444 ὡς
951 402 1049 444 αὐτὸς

25 461 149 512 παρείη
165 464 213 512 τῷ
228 461 456 510 Ἐμπεδοκλεῖ
469 460 676 510 γοητεύοντι.
695 460 796 497 Ἀλλὰ
807 461 865 496 καὶ
881 460 979 496 αὐτὸν
995 459 1049 496 διὰ

26 521 90 554 τῶν
104 518 306 567 ποιημάτων
318 518 587 568 ἐπαγγέλλεσθαι
597 517 694 554 τοῦτό
705 532 740 554 τε
758 517 816 554 καὶ
830 516 918 553 ἄλλα
930 516 1048 562 πλείω,

25 576 66 612 δι’
82 570 128 612 ὧν
149 591 230 627 φησι
245 591 252 598 ·

104 671 258 711 Φάρμακα
274 671 299 701 δ’
313 671 393 701 ὅσσα
408 674 515 710 γεγᾶσι
530 673 633 701 κακῶν
646 671 697 700 καὶ
711 670 823 709 γήραος
837 670 933 709 ἄλκαρ

103 719 218 755 πεύσῃ,
232 718 295 748 ἐπεὶ
311 718 412 756 μούνῳ
426 718 474 747 σοὶ
488 718 548 756 ἐγὼ
562 717 679 756 κρανέω
695 717 766 747 τάδε
779 716 887 746 πάντα.

105 765 239 799 Παύσεις
252 764 276 794 δ’
294 764 461 803 ἀκαμάτων
480 764 598 803 ἀνέμων
614 764 700 802 μένος
710 787 717 800 ,
733 764 762 793 οἵ
777 763 802 793 τ’
817 763 864 793 ἐπὶ
879 765 968 801 γαῖαν

104 811 258 850 ὀρνύμενοι
275 813 410 840 πνοιαῖσι
429 810 699 849 καταφθινύθουσιν
715 810 855 849 ἄρουραν·

104 858 154 887 καὶ
172 857 274 894 πάλιν,
289 858 324 893 ἣν
339 857 483 895 ἐθέλῃσθα
493 879 502 894 ,
520 856 677 887 παλίντιτα
689 855 834 895 πνεύματ’
848 855 964 890 ἐπάξεις

104 904 203 939 θήσεις
217 904 242 934 δ’
263 904 291 938 ἐξ
305 904 428 943 ὄμὸροιο
439 904 577 933 κελαινοῦ
591 902 707 940 καίριον
721 901 838 940 αὐχμὸν

105 951 271 990 ἀνθρώποις
282 974 289 987 ,
308 951 408 987 θήσεις
425 950 456 980 δὲ
467 950 517 979 καὶ
530 949 559 983 ἐξ
570 949 702 987 αὐχμοῖο
717 947 831 986 θερείου

105 996 240 1035 ῥεύματα
256 996 504 1035 δενδρεόθρεπτα,
518 994 556 1024 τὰ
571 993 596 1023 δ’
607 994 636 1023 ἐν
653 994 727 1031 θέρει
745 993 883 1028 ἀήσαντα
894 1001 900 1007 ·

103 1042 179 1077 ἄξεις
193 1042 218 1072 δ’
232 1043 261 1077 ἐξ
279 1042 376 1073 Ἀίδαο
392 1041 614 1080 καταφθιμένου
625 1040 710 1079 μένος
725 1038 838 1078 ἀνδρὸς.

24 1120 121 1167 Φησὶ
136 1121 170 1158 δὲ
187 1120 245 1158 καὶ
261 1120 408 1169 Τίμαιος
426 1121 486 1169 (fr.
501 1120 563 1168 94)
580 1120 708 1156 κτλ....
725 1116 952 1168 εΗρακλείδης
971 1117 999 1154 δ’
1015 1118 1047 1153 ἐν

23 1181 71 1230 τῷ
86 1178 173 1229 Περὶ
189 1178 295 1215 νόσων
312 1177 395 1229 φησὶ
411 1176 470 1214 καὶ
489 1174 674 1226 Παυσανίᾳ
689 1175 932 1226 ὑφηγήσασθαι
949 1174 1047 1211 αὐτὸν

22 1236 63 1273 τὰ
75 1236 153 1287 περὶ
163 1236 223 1282 τὴν
240 1236 379 1275 ἄπνουν.
396 1229 466 1273 τΗν
481 1235 508 1271 δ’
521 1236 538 1270 ὃ
553 1234 768 1277 Παυσανίας,
783 1233 828 1291 ᾥυς
843 1249 943 1285 φησιν
959 1233 1048 1282 Ἀρί-

23 1309 167 1336 στιππος
195 1293 253 1330 καὶ
281 1294 451 1343 Σάτυρος,
472 1292 638 1342 ἐρώμενος
658 1292 778 1338 αὐτοῦ,
799 1294 826 1342 ᾧ
848 1290 887 1335 δὴ
917 1290 975 1327 καὶ
1006 1289 1048 1328 τὰ

23 1350 111 1402 Περὶ
131 1350 261 1402 φύσεως
279 1350 567 1402 προσπεφώνηκεν
585 1349 709 1394 οὕτως,

105 1447 267 1483 Παυσανίη
281 1470 289 1484 ,
304 1447 342 1477 σὺ
358 1447 390 1477 δὲ
403 1447 506 1485 κλῦθι,
524 1446 679 1486 δαΐφρονος
693 1444 832 1485 Ἀγχίτου
846 1445 902 1475 υἱέ.

22 1521 126 1559 Ἀλλὰ
142 1522 199 1558 καὶ
216 1521 419 1573 ἐπίγραμμα
437 1523 483 1564 εἷς
502 1520 602 1558 αὐτὸν
625 1520 764 1566 ἐποίησε
777 1535 785 1543 ·

65 1608 241 1645 Παυσανίην
255 1608 355 1647 ἰητρὸν
369 1607 526 1645 ἐπώνυμον
541 1605 687 1645 Ἀγχίτεω
700 1605 765 1635 υἱόν

103 1655 176 1693 φῶτ’
188 1654 406 1690 Ἀσκληπιάδην
425 1654 530 1692 πατρὶς
544 1653 647 1692 ἔθρεψε
664 1653 758 1689 Γέλα,

63 1700 95 1736 ὃς
107 1702 235 1736 πολλοὺς
251 1704 406 1740 μογεροῖσι
423 1700 660 1738 μαραινομένους
673 1699 837 1738 καμάτοισι

103 1751 202 1783 φῶτας
213 1748 397 1786 ἀπέστρεψεν
411 1745 601 1785 Φερσεφόνης
616 1744 743 1789 ἀδύτων.

508 1831 567 1867 13.

74 1923 183 1969 Diog.
206 1924 246 1956 L.
272 1923 346 1963 IX,
365 1921 426 1963 26,
442 1922 487 1954 de
500 1922 645 1954 Zenone
661 1921 810 1959 Meam,
831 1918 916 1953 vide
935 1919 1048 1952 Hera-

21 1980 154 2014 clidem
176 1980 221 2014 fr.
242 1993 261 2024 7
278 1980 310 2014 ἓν
326 1981 367 2029 τῇ
390 1975 544 2027 Σατύρου
561 1976 747 2026 Ἐπιτομῇ.

2062 148 2132 181 163

1595 234 1679 271 14..

1162 306 1263 340 Idcm
1286 308 1341 353 ll,
1367 320 1406 341 Γ).
1420 335 1427 349 ‚
1450 310 1495 342 de
1515 312 1741 356 Anaxagora
1764 325 1774 344 .·
1798 308 1883 359 Περὶ
1906 308 1940 345 δὲ
1964 311 2024 354 τῆς
2040 311 2133 355 δίκης

1112 363 1212 397 αὐτοῦ
1239 362 1381 412 διάφορα
1410 362 1559 410 λέγεται.
1582 366 1722 402 Σωτίων
1748 367 1807 414 μὲν
1828 367 1892 417 γάρ
1913 382 2013 418 φησιν
2033 369 2067 404 ἐν
2090 372 2132 419 τῆ

1113 418 1265 468 Διαδοχῇ
1286 420 1351 453 τῶν
1373 420 1564 470 φιλοσόφων
1586 422 1651 458 ὑπὸ
1674 423 1829 466 Κλέωνος
1855 424 1956 460 αὐτὸν
1977 423 2134 466 ἀσεὸείας

1109 478 1283 525 κριθῆναι,
1302 475 1384 512 διότι
1402 476 1456 512 τὸν
1473 477 1568 521 ἥλιον
1589 479 1712 529 μύδρον
1730 480 1824 529 ἔλεγε
1844 480 2025 531 διάπυρον·
2046 483 2132 519 ἀπο-

1109 532 1345 581 λογησαμένου
1365 532 1399 569 δὲ
1423 533 1504 584 ὑπὲρ
1534 536 1634 572 αὐτοῦ
1655 538 1859 588 Περικλέους
1879 542 1934 575 τοῦ
1957 542 2131 587 μαθητοῦ,

1109 589 1210 626 πέντε
1227 589 1403 631 ταλάντοις
1423 592 1633 639 ζημιωθῆναι
1652 594 1710 629 καί
1728 596 1987 645 φυγαδευθῆναι.
2015 594 2130 633 Σάτυ-

1113 662 1165 698 ρος
1184 647 1211 683 δ’
1237 648 1270 683 ἐν
1291 652 1357 689 τοῖς
1379 647 1471 690 Βίοις
1490 648 1556 685 ὑπὸ
1581 650 1791 687 Θουκυδίδου
1814 652 1914 703 φησιν
1933 655 2133 703 εἰσαχθῆναι

1109 704 1171 750 τὴν
1188 705 1299 753 δίκην,
1320 706 1658 754 ἀντιπολιτευομένου
1673 710 1720 756 τῷ
1738 710 1919 759 Περικλεῖ·
1937 709 1994 746 καὶ
2014 712 2051 746 οὐ
2070 710 2135 759 μό-

1110 778 1163 799 νον
1181 762 1355 808 ἀσεὸείας,
1377 763 1465 800 ἀλλὰ
1485 762 1543 799 καὶ
1561 765 1744 812 μηδισμοῦ·
1763 765 1820 801 καὶ
1842 765 1971 802 ἀπόντα
1991 770 2132 805 καταδι-

1110 823 1277 865 κασθῆναι
1295 819 1455 858 θανάτου.
1473 817 1563 857 “Ore
1579 820 1638 857 καὶ
1654 823 1853 873 ἀμφοτέρων
1870 825 1962 873 αὐτῷ
1977 840 2135 875 προσαγ-

1109 878 1307 928 γελθέντων,
1319 881 1379 923 τῆς
1395 894 1431 914 τε
1448 878 1635 924 καταδίκης
1651 878 1709 915 καὶ
1727 882 1785 924 τῆς
1798 882 1863 916 τῶν
1881 881 2011 918 παίδων
2027 884 2137 919 τελευη

1109 936 1187 981 τῆς,
1206 936 1311 972 εἰπεῖν
1326 935 1405 985 περὶ
1426 935 1487 983 μὲν
1505 938 1563 980 τῆς
1579 935 1779 982 καταδίκης,
1795 937 1845 973 ὅτι
1861 937 1926 989 ἄρα
1941 956 1955 971 «
1971 939 2135 976 κάκείνων

1110 995 1221 1041 κάμοῦ
1241 993 1350 1029 πάλαι
1379 992 1518 1044 ἡφύσις
1546 993 1829 1045 κατεψηφίσατο·
1864 1012 1878 1027 »
1899 995 1975 1046 περὶ
2004 995 2038 1032 δὲ
2068 999 2135 1033 τῶν

1110 1050 1253 1096 παίδων,
1271 1050 1321 1086 ὅτι
1337 1068 1351 1083 «
1366 1050 1460 1101 ᾔδειν
1476 1049 1594 1093 αὐτοὺς
1609 1051 1748 1096 θνητοὺς
1762 1051 1967 1101 γεννήσας.»
1985 1055 2038 1090 Cf.
2055 1057 2135 1090 Sin-

1110 1111 1202 1145 tenis
1221 1110 1268 1145 ad
1285 1111 1473 1148 Plutarch.
1495 1112 1628 1147 Pericl.
1646 1124 1684 1158 p.
1712 1125 1725 1146 1
1740 1125 1796 1159 Ι).
2109 1122 2116 1134 ’

1585 1185 1640 1221 15.

1161 1261 1269 1308 Diog.
1284 1262 1326 1296 L.
1343 1262 1394 1305 II,
1414 1260 1476 1304 26,
1490 1261 1535 1295 de
1551 1261 1710 1295 Socratis
1726 1262 1901 1295 uxoribus
1915 1262 2136 1309 [Yantlzippe

1109 1326 1144 1352 et
1161 1318 1287 1361 Illyrio
1304 1332 1316 1352 .·
1337 1315 1450 1354 ’Ένιοι
1471 1315 1506 1353 δὲ
1524 1317 1582 1353 καὶ
1603 1316 1797 1368 ἀμφοτέρας
1817 1316 1906 1368 ἔχειν
1931 1319 2015 1366 ὁμοῦ
2039 1318 2136 1370 (φα-

1401 1374 1556 1425 Σοίτυρός
1575 1390 1611 1411 τε
1640 1374 1699 1412 καὶ
1730 1375 1933 1425 Ἱερώνυμος
1953 1378 1969 1412 ὁ
1990 1375 2134 1418 Ῥόδιος.

1110 1432 1207 1469 Φασὶ
1230 1431 1296 1483 γὰρ
1321 1431 1560 1482 βουλευθέντας
1579 1432 1771 1477 Ἀθηναίους
1792 1432 1846 1469 διὰ
1868 1433 1906 1470 τὸ
1925 1434 2138 1484 λειπανδρεῖν

1112 1489 1318 1535 συναυξῆσαι
1334 1490 1370 1527 τὸ
1389 1491 1517 1535 πλῆθος
1532 1519 1542 1538 ,
1559 1490 1795 1541 ψηφίσασθαι,
1813 1493 1935 1540 γαμεῖν
1951 1490 2011 1540 μὲν
2031 1490 2138 1536 ἀστὴν

1111 1547 1208 1597 μίαν,
1225 1549 1500 1585 παιδοποιεῖσθαι
1518 1547 1552 1585 δὲ
1568 1549 1625 1586 καὶ
1639 1548 1672 1592 ἐξ
1689 1548 1823 1599 ἑτέρας·
1839 1547 1912 1585 ὅθεν
1929 1553 2026 1586 τοῦτο
2043 1552 2139 1594 ποιῆ-

1112 1620 1169 1641 σαι
1190 1605 1247 1642 καὶ
1268 1606 1472 1656 Σωκράτην.
1495 1608 1647 1653 Eadem,
1671 1609 1790 1655 Satyri
1814 1609 2002 1642 mentione
2023 1607 2138 1652 facta,

1110 1672 1236 1699 narrat
1258 1666 1452 1700 Athenaeus
1470 1666 1586 1709 XIII,
1608 1679 1646 1713 p.
1680 1664 1774 1709 556,
1798 1668 1843 1702 A.
1864 1668 1905 1701 V.
1926 1667 2135 1700 Aristoxeni

1111 1722 1157 1758 fr.
1186 1722 1247 1758 301

1111 1374 1161 1411 σίν
1181 1373 1188 1422 )
1205 1390 1213 1397 ·
1231 1369 1277 1411 ὧν
1303 1376 1375 1412 ἐστι

1597 1787 1654 1821 16.

1163 1860 1272 1907 Diog.
1287 1861 1327 1895 L.
1345 1861 1419 1903 III,
1436 1872 1476 1907 9,
1489 1861 1535 1894 de.
1549 1861 1705 1894 Platone
1725 1873 1736 1893 :
1755 1858 1903 1907 Λέγουσι
1922 1858 1957 1895 δέ
1972 1874 2057 1900 τινες
2073 1851 2138 1904 (ὧν

1110 1916 1182 1952 ἐστι
1203 1915 1261 1951 καὶ
1281 1914 1450 1965 Σάτυρος)
1471 1914 1521 1951 ὅτι
1548 1914 1652 1952 Δίωνι
1678 1916 1869 1952 ἐπέστειλεν
1896 1918 1941 1958 εἷς
1967 1915 2140 1961 Σικελίαν,

1111 1972 1308 2017 ὠνήσασθαι
1332 1972 1409 2023 τρία
1438 1971 1555 2022 βιὸλία
1584 1972 1805 2024 Πυθαγορικὰ
1833 1973 1928 2024 παρὰ
1960 1973 2137 2012 Φιλολάου

22 2089 126 2119 dicere
150 2089 277 2119 solitum
303 2087 428 2117 assuisse
453 2094 487 2116 se
502 2085 685 2124 Empedocli
711 2084 845 2122 magiam
874 2082 1047 2114 exercenti.

22 2142 192 2178 ipsumque
203 2139 234 2169 in
246 2137 442 2177 poematibus
453 2136 483 2166 id
497 2135 636 2175 profiteri
649 2137 679 2165 et
691 2135 853 2174 complura
867 2134 938 2172 alia,
951 2143 1048 2173 quum

22 2189 105 2220 dicat
123 2201 130 2219 ε

94 2256 253 2283 pharmaca
268 2255 350 2290 queis
363 2254 452 2290 pellas
465 2253 584 2281 morbos
597 2253 765 2288 relevesque
778 2255 943 2282 senectam,

93 2302 233 2337 percipies
242 2322 249 2334 ,
267 2308 332 2334 quae
345 2302 451 2327 cuncta
464 2299 515 2326 tibi
528 2299 716 2326 communico
727 2299 779 2326 soli
794 2308 800 2325 z

92 2353 317 2382 compescesque
331 2348 429 2372 truces
441 2346 600 2372 ventorum
615 2344 671 2372 rite
684 2344 839 2379 procellas,

92 2393 185 2421 exorti
198 2393 305 2419 insanis
318 2392 367 2427 qui
380 2393 495 2418 vastant
508 2390 622 2418 flatibus
633 2398 733 2424 agros3

92 2445 209 2465 rursum
220 2457 227 2470 ‚
244 2438 268 2465 si
287 2437 389 2470 libeat,
405 2444 473 2464 mox
487 2435 602 2464 flamina
616 2436 698 2471 pigra
712 2435 815 2469 ciebis,

93 2487 179 2519 atque
198 2486 260 2511 atra
273 2484 394 2511 induces
406 2491 422 2511 c
438 2485 610 2518 tempestate
625 2490 776 2513 serenunn

93 2531 214 2558 induces
229 2530 323 2558 media
335 2530 446 2565 pluvias
459 2531 557 2557 aestate
576 2529 706 2556 salubres

92 2579 122 2604 et
135 2576 219 2603 ssatus
231 2576 306 2604 sicca
319 2576 368 2611 qui
384 2575 507 2611 perflent
519 2575 616 2603 onmia
630 2583 736 2607 messe;

93 2621 326 2656 exstinctumque
340 2621 492 2648 hominem
505 2621 590 2655 nigro
603 2620 753 2648 revocabis
765 2621 801 2648 ab
814 2622 901 2649 Orco.

66 2684 246 2716 Heraclides
258 2693 385 2723 quoque
397 2685 429 2714 in
447 2684 527 2715 libro
546 2688 590 2714 De
607 2684 723 2715 morbis
743 2685 786 2715 ait
803 2693 875 2715 cum
894 2686 1050 2716 Pausaniae

23 2737 156 2767 dictasse
174 2744 246 2774 quae
270 2735 308 2765 de
331 2735 447 2765 semina
463 2734 598 2765 exanimi
620 2735 672 2766 ille
693 2736 824 2774 scripsit.
846 2738 920 2766 Erat
944 2738 1050 2767 autem

26 2787 211 2823 Pausanias,
231 2786 268 2815 ut
285 2785 330 2815 ait
347 2787 476 2824 Satyrus
491 2787 522 2816 et
539 2785 713 2824 Aristippus
725 2809 733 2823 ‚
748 2786 883 2817 amasius
899 2787 966 2825 ejus
977 2812 986 2826 ‚
1001 2788 1050 2818 cui

24 2842 55 2870 et
70 2842 113 2870 De
129 2841 240 2870 natura
257 2838 353 2868 libros
366 2837 557 2876 compositos
570 2837 613 2867 ita
625 2838 802 2876 dedicavit,

95 2905 234 2933 Pausania
248 2905 363 2932 Anchiti
378 2904 530 2940 sapientis,
546 2905 680 2940 percipe,
697 2904 749 2932 tili.

26 2971 85 3001 Sed
100 2972 132 3000 et
145 2970 333 3009 epigramma
348 2969 378 2999 in
397 2978 469 2999 eum
484 2969 555 3000 fecit
576 2981 583 2999 z

95 3036 266 3064 Pausaniam
281 3036 396 3064 Anchiti
410 3039 512 3064 natum
526 3044 618 3064 unum
640 3036 871 3071 Asclepiadarum
884 3058 890 3069 ,

128 3083 238 3110 clarum
251 3083 322 3110 aluit
335 3082 481 3111 medicum
495 3083 586 3118 patria
600 3083 677 3110 clara
695 3083 763 3109 Gela
779 3093 785 3109 .-

92 3127 140 3162 qui
156 3127 262 3154 multos
277 3128 348 3155 diris
361 3127 494 3155 homines
507 3127 697 3162 languoribus
711 3136 804 3162 aegros

126 3172 232 3207 eripuit
246 3170 336 3199 furvis
350 3172 550 3208 Persephones
563 3172 666 3206 adytis.

508 3222 563 3253 14.

64 3275 109 3304 De
125 3275 324 3305 accusatione
341 3277 531 3313 Anaxagorae
546 3277 630 3306 varia
646 3276 725 3306 saum
744 3277 800 3307 cst.
820 3279 897 3307 Nam
921 3276 949 3306 in
969 3279 1048 3307 Suc-

1108 2082 1246 2112 cessione
1266 2081 1522 2120 philosophorum
1539 2081 1633 2112 tradit
1658 2082 1766 2113 Sotion
1786 2091 1804 2112 a
1826 2082 1943 2113 Cleone
1968 2082 2139 2122 impietatis

1108 2133 1291 2162 accusatum
1303 2155 1311 2169 ‚
1329 2132 1413 2170 quod
1430 2132 1527 2162 solem
1541 2131 1655 2162 dixerit
1677 2141 1742 2163 esse
1758 2141 1890 2163 massam
1905 2133 1982 2171 ignis
1998 2132 2136 2163 canden-

1109 2182 1166 2218 tis;
1191 2181 1354 2211 defensum
1372 2183 1477 2212 autem
1496 2190 1514 2212 a
1534 2182 1650 2212 Pericle
1667 2182 1817 2221 discipulo
1830 2206 1837 2220 ‚
1855 2183 1995 2222 quinque
2012 2182 2139 2213 talentis

1110 2232 1295 2263 mulctatum
1314 2232 1472 2271 exilioque
1486 2232 1672 2262 damnatum
1691 2233 1792 2263 fuisse.
1818 2233 1877 2263 Sed
1893 2234 2024 2272 Satyrus
2037 2233 2067 2263 in
2083 2233 2137 2263 vi-

1108 2283 1148 2314 tis
1158 2307 1166 2320 ‚
1180 2291 1197 2313 a
1209 2282 1391 2321 Thucydide
1408 2284 1591 2313 accusatum
1603 2307 1610 2321 ‚
1625 2283 1679 2322 qui
1693 2285 1850 2314 contraria
1864 2284 1974 2314 Pericli
1988 2285 2019 2314 in
2033 2284 2137 2323 reipu—

1109 2334 1201 2364 blicae
1223 2333 1493 2364 administratione
1511 2333 1683 2371 sentiebat3
1710 2343 1812 2373 neque
1831 2334 1999 2373 impietatis
2025 2334 2137 2372 modu,

1109 2393 1220 2415 verum
1234 2386 1265 2414 et
1281 2383 1465 2423 proditionis
1487 2397 1493 2414 :
1517 2384 1743 2423 absentemque
1756 2385 1865 2423 capitis
1880 2384 2075 2415 damnatum.
2099 2387 2139 2416 Et

1109 2444 1208 2475 quum
1222 2436 1265 2466 illi
1279 2435 1456 2466 renuntiata
1469 2437 1549 2466 esset
1562 2437 1593 2466 et
1606 2435 1765 2466 damnatio
1779 2445 1835 2466 sua
1846 2437 1877 2467 et
1888 2435 2024 2467 tiliorum
2040 2445 2138 2474 mors,

1109 2486 1148 2517 de
1164 2486 1423 2516 condemnatione
1443 2485 1524 2516 dixit
1544 2499 1551 2516 ι
1578 2486 1662 2517 Olim
1682 2488 1794 2517 natura
1819 2488 1851 2517 et
1878 2487 1947 2517 illos
1973 2487 2137 2525 (judices)

1110 2538 1142 2568 et
1163 2546 1213 2568 me
1238 2537 1349 2568 mortis
1366 2536 1529 2567 damnavit
1556 2549 1563 2566 :
1590 2537 1629 2568 de
1651 2536 1740 2576 filiis,
1764 2537 1906 2569 Sciebam
1932 2546 1980 2568 me
1999 2538 2140 2576 genuisse

1110 2588 1268 2619 mortales.

1596 2644 1651 2675 15.

1151 2696 1300 2726 Nonnulli
1316 2697 1475 2727 Socratem
1491 2697 1659 2736 utramque
1673 2705 1803 2728 uxorem
1815 2719 1823 2735 ,
1846 2705 1907 2730 non
1923 2697 2054 2728 alteram
2068 2698 2139 2736 post

1108 2748 1238 2779 alteram
1250 2771 1257 2785 ‚
1278 2747 1331 2778 sed
1345 2747 1437 2778 simul
1454 2748 1597 2779 habuisse
1610 2748 1737 2778 tradunt
1750 2759 1758 2786 ;
1774 2757 1813 2779 ex
1832 2748 1947 2787 quibus
1961 2750 1993 2779 et
2008 2750 2139 2787 Satyrus

1108 2801 1155 2829 est
1168 2801 1199 2829 et
1214 2799 1424 2836 Hieronymus
1440 2798 1589 2829 Rhodius.
1602 2801 1682 2830 Nam
1698 2799 1917 2838 Athenienses,
1932 2808 2031 2838 quum
2049 2799 2138 2830 bellis

1109 2859 1145 2881 ac
1167 2851 1219 2881 lue
1241 2849 1363 2880 civibus
1385 2850 1570 2881 exhaustam
1593 2850 1752 2881 civitatem
1773 2859 1915 2889 reparare
1936 2850 2139 2889 sobolemque

1108 2903 1247 2933 excitare
1269 2902 1403 2939 vellent,
1426 2902 1599 2933 decrevisse
1628 2903 1749 2941 serunt,
1776 2903 1811 2932 nt
1834 2902 1985 2932 urbanam
2008 2902 2136 2941 quidem

1110 2962 1205 2983 unam
1222 2960 1352 2982 uxorem
1376 2952 1460 2983 cives
1482 2952 1651 2991 ducerent,
1677 2953 1784 2983 liceret
1800 2954 1907 2984 autem
1923 2954 1955 2983 et
1973 2961 2013 2982 ex
2039 2953 2136 2983 altera

1110 3012 1272 3044 procreare
1290 3004 1404 3033 liberos
1422 3016 1427 3033 :
1448 3003 1476 3033 id
1495 3004 1588 3043 igitur
1602 3006 1632 3035 et
1653 3006 1812 3035 Socratem
1828 3004 1944 3035 secisse.

1595 3069 1649 3100 16.

1150 3123 1245 3154 Aiunt
1259 3123 1387 3162 quidam
1401 3147 1409 3161 ‚
1433 3132 1469 3153 ex
1488 3123 1602 3162 quibus
1626 3124 1754 3162 Satyrus
1770 3124 1833 3160 est,
1858 3121 1947 3152 Dioni
1974 3121 2133 3151 Platonem

1109 3174 1266 3213 scripsisse
1281 3176 1312 3203 in
1327 3174 1461 3205 Siciliam
1472 3197 1481 3211 ,
1495 3174 1541 3204 uti
1555 3176 1618 3204 tres
1634 3174 1728 3204 libros
1744 3173 1965 3211 Pythagoricos
1980 3172 2035 3201 sibi
2049 3179 2133 3201 eme-

1111 3227 1157 3256 ret
1178 3234 1196 3255 a
1219 3225 1360 3255 Philolao
1379 3227 1505 3256 centum
1532 3226 1633 3255 minis.
1654 3226 1727 3255 Erat
1755 3225 1856 3261 enim,
1880 3225 1915 3253 ut
1937 3223 2041 3259 aiunt,
2059 3221 2134 3251 satis

1110 3277 1295 3316 opulentus,
1316 3277 1452 3315 acceptis
1466 3286 1483 3307 a
1503 3278 1650 3316 Dionysio
1665 3278 1732 3315 plus
1752 3285 1844 3314 quam
1861 3275 2016 3310 octoginta
2032 3273 2130 3302 talon-

1957 3334 2000 3355 11.
