2289 3728
54 142 101 173 2ss

134 223 275 264 Τίρυνθος
292 223 411 253 ναίουσι
430 223 480 252 καὶ
495 220 645 261 Ἀρκαδίης
661 222 858 261 πολυμήλου,

131 270 254 309 Ἀργεῖοι
270 269 484 308 λινοθώρηκες,
501 269 609 306 κέντρα
625 268 802 306 πτολέμοιο.

131 317 229 355 Ὑμεῖς
246 315 282 353 δ’,
298 316 323 345 ὼ
339 316 501 354 Μεγαρεῖς,
516 314 584 343 οὔτε
598 313 691 352 τρίτοι
706 314 775 344 οὔτε
790 315 945 354 τέταρτοι,

129 365 197 394 οὐτε
212 363 396 394 δυωδέκατοι
406 385 414 399 ,
431 360 493 391 οὔτ’
505 361 534 391 ἐν
548 360 630 400 λόγῳ
642 383 650 399 ,
667 361 731 392 οὔτ’
746 362 776 392 ἐν
794 362 921 402 ἀριθμῷ.

47 441 101 477 Cf.
126 440 259 474 dehoc
277 439 427 473 oraculo
449 437 551 472 Ionis
568 437 700 485 fragm.
730 451 790 484 17,
813 452 849 487 p.
875 444 934 487 49.

545 522 582 559 8.

98 612 298 648 llcrodian.
311 610 397 661 Περὶ
409 625 485 659 μον.
504 609 573 654 λεξ.
590 625 626 659 11.
643 613 665 648 8
680 613 741 649 ed.
758 614 904 651 Dindf,:
919 615 954 650 M
968 628 984 650 0
995 618 1007 649 ῖ
1019 628 1036 663 ρ
1047 628 1078 649 α.

43 669 151 706 Οὐδὲν
170 671 216 711 εἷς
233 684 282 719 ρα
302 669 408 718 λῆγον
423 669 693 718 συνεσταλμένον
708 669 852 715 θηλυκὸν
873 671 1078 708 δισύλλαὸον

41 731 82 778 τῇ
99 742 135 763 οι
151 726 321 778 ’διφθόγγῳ
347 727 610 778 παραλήγεται,
639 727 728 765 ἀλλὰ
757 730 857 777 μόνον
883 730 921 766 τὸ
948 730 1078 779 μοῖρα

40 785 258 835 ἀπηνέγκατο
278 784 378 830 τήνδε
396 785 604 837 παράληξιν.
661 786 712 825 Τὸ
731 786 797 837 γὰρ
814 788 916 838 χοίρα
937 788 1076 825 ἐκτείνε-

38 858 93 879 ται
114 843 203 880 κατὰ
224 843 262 880 τὸ
281 843 474 893 ἐπώνυμον,
494 844 610 896 ὥσπερ
631 844 690 881 καὶ
710 844 804 896 παρὰ
825 846 958 897 Δεινίᾳ·

92 919 107 936 (ι
124 901 272 952 Λέγεται
293 901 327 939 δὲ
342 901 418 945 τοὺς
434 903 726 952 Λακεδαιμονίους
738 933 747 949 ,
770 906 845 940 καθ’
860 903 895 941 ὃν
912 905 944 940 ἐν
962 904 1077 957 Τεγέᾳ

38 960 159 1010 χρόνον
187 955 276 1006 ἦσαν
304 960 542 1012 αἰχμάλωτοι,
570 960 767 1010 δεδεμένους
794 962 996 1012 ἐργάζεσθαι
1021 962 1074 999 διὰ

36 1021 94 1055 τοῦ
113 1018 230 1056 πεδίου
250 1018 305 1056 τὸν
329 1025 452 1070 Λαχᾶν
486 1019 655 1069 ποταμὸν,
688 1019 888 1070 Περιμήδας
908 1022 942 1058 ἐν
961 1021 1075 1073 Τεγέᾳ

37 1076 305 1123 δυναστευούσης
319 1107 329 1127 ,
346 1077 387 1123 ἢν
405 1080 434 1114 οἱ
450 1079 604 1115 πλεῖστοι
622 1079 766 1115 καλοῦσι
786 1078 928 1128 Χοίραν.
951 1097 964 1112 »1

88 1135 219 1187 Τεγέᾳ]
240 1138 325 1174 00(1.
344 1139 385 1186 τῇ
414 1136 497 1188 γαίᾳ
515 1145 551 1173 et
567 1151 656 1174 mox
679 1139 719 1186 τῇ
745 1135 822 1187 γε’ᾳ.
847 1140 890 1173 Ι11
911 1140 1076 1174 Cranieri

36 1195 179 1231 Anccd.
208 1195 331 1232 Oxon.
360 1203 449 1231 tom.
475 1197 608 1243 III,p.
638 1196 733 1240 263,
768 1209 830 1241 17,
859 1198 923 1231 ubi
947 1198 1076 1233 cadem

36 1254 222 1301 leguntur,
242 1262 317 1290 est:
336 1254 411 1288 καθ’
432 1252 472 1289 δν
496 1252 633 1290 ἐντελέα
652 1253 774 1304 χρόνον
796 1263 832 1290 et
854 1268 944 1290 mox
967 1257 1075 1306 Περι-

35 1309 164 1357 μηδεάς
189 1312 223 1347 ἐν
254 1312 402 1361 Τεγαιᾷ.
436 1312 615 1347 Correxit-
639 1313 855 1348 Dindorfius
888 1326 926 1361 p.
960 1316 1030 1351 VII
1065 1328 1073 1353 :

35 1370 295 1416 «Frequentia,
312 1371 375 1413 ait,
389 1371 495 1405 fuisse
510 1378 654 1406 constat
666 1372 762 1406 inter
774 1372 1077 1409 Lacedaemonios

34 1435 70 1462 et
78 1429 250 1475 Tegeatas
261 1428 588 1476 dissidiabellaque
600 1430 700 1465 varia
710 1430 858 1466 fortuna
867 1439 977 1478 gesta.
987 1434 1076 1478 Quae

33 1487 161 1521 Dinias
177 1493 323 1531 narrat,
343 1486 389 1521 al)
415 1487 493 1521 aliis
510 1487 645 1523 tradita
658 1500 738 1523 11011
750 1488 843 1525 vidi.
865 1504 879 1520 »
905 1490 1001 1525 Ante
1017 1488 1074 1525 τὸν

33 1544 158 1592 Λαχᾶν
175 1544 351 1579 excidisse
373 1541 468 1594 παρὰ
485 1546 692 1592 suspicatur
708 1546 838 1582 Bloclz.
857 1548 1071 1593 Perperam.

33 1604 205 1637 Ceterum
222 1602 269 1640 cf.
284 1603 431 1640 Miiller.
451 1604 538 1638 Dor.
563 1604 620 1648 ΙΙ,
644 1603 718 1645 418
739 1611 840 1649 11οῖ.;
859 1606 888 1649 I,
903 1617 938 1651 p.
959 1604 1004 1649 73
1020 1618 1073 1652 sq.

536 1685 572 1720 9.

85 1746 275 1784 Plutarch,
301 1748 402 1783 Arat.
426 1760 458 1784 c.
487 1759 561 1794 29:
594 1749 821 1795 Aristippus,
841 1750 1069 1796 Argivorum

33 1812 232 1852 tyrannus,
250 1805 424 1850 Cleonas,
443 1817 523 1851 quae
543 1807 632 1840 urbs
646 1806 868 1841 Achaeorum
886 1807 1019 1842 foederi
1035 1821 1071 1843 se

31 1863 269 1909 adjunxerat,
296 1875 480 1910 occupare
506 1870 642 1907 tentat3
666 1863 731 1898 sed
754 1865 858 1899 Arati
892 1873 1072 1913 stratege—

31 1929 128 1956 mate
148 1922 439 1964 circumventus,
462 1934 546 1956 cum
573 1923 739 1957 exercitu
754 1923 877 1970 fugam
902 1926 1069 1970 capessit,

31 1981 227 2028 Fugientes
261 1981 499 2027 persequitur
532 1982 679 2015 Aratus.
718 1979 912 2029 Γενομένης
943 1979 977 2018 δὲ
1012 1983 1074 2027 τ’ῆς

31 2036 175 2080 διώξεως
200 2035 282 2087 ἄχρι
312 2038 499 2083 Μυκηνῶν,
526 2038 543 2073 ὃ
571 2035 632 2086 μὲν
660 2036 820 2089 τύραννος
844 2037 910 2075 ὑπὸ
938 2039 1074 2090 Κρητός

30 2111 139 2144 τινος,
157 2097 202 2138 ὡς
222 2094 356 2137 Δεινίας
375 2096 523 2147 ἱστορεῖ,
542 2096 693 2145 τοῦνομα
713 2095 912 2147 Τραγίσκου
927 2127 936 2143 ,
959 2113 1071 2134 κατα-

30 2151 167 2204 ληφθεὶς
187 2152 467 2203 ἀποσφάττεται,
487 2155 555 2190 τῶν
575 2152 610 2189 δὲ
629 2153 742 2190 ἄλλων
764 2154 884 2192 ἔπεσον
908 2153 993 2205 ὑπὲρ
1011 2170 1072 2205 χι-

30 2210 121 2253 λίους
140 2210 396 2253 πεντακοσίους.

82 2273 135 2305 Ex
154 2271 288 2306 eodem
301 2271 410 2306 Dinia
425 2269 591 2314 fluxerit,
619 2284 700 2318 quae
717 2272 764 2307 dc
793 2273 868 2307 vita
888 2272 1068 2320 Aristippi

30 2330 246 2364 Plutarchus
261 2342 294 2365 c.
314 2330 361 2364 26
378 2330 540 2376 exponit.

81 2389 198 2422 Diniae
227 2388 438 2435 fragmentis
467 2389 570 2423 locos
597 2388 754 2434 subjicio
786 2389 901 2432 duos,
933 2390 1070 2436 quibus

31 2447 204 2481 laudatur
225 2448 419 2492 Diony-vitm·
438 2449 605 2493 Argivus:
628 2449 770 2494 Nempe
786 2449 913 2482 Dt'm'oe
931 2461 1069 2483 nomen

854 124 1124 166 DlO'NYSlUS
1154 128 1389 168 ARGIVUS.

1146 228 1195 261 ibi
1212 229 1467 275 reponendum
1485 241 1559 264 esse
1573 235 1695 264 censet
1709 230 1972 265 Valckenarius
1987 231 2033 266 ad
2048 233 2176 279 Eurip.

1147 286 1330 332 P11oen.p.
1356 299 1417 331 72(
1440 314 1449 331 ,
1478 299 1704 334 quamquam
1732 288 1768 321 in
1792 295 1890 322 tanta
1916 290 2178 336 Dionysiorum

1145 344 1252 390 copia
1275 344 1368 378 nihil
1390 344 1484 380 adeo
1507 345 1639 389 video,
1665 358 1732 380 cur
1752 358 1771 380 a
1792 346 1976 381 librorum
1998 349 2179 395 scriptura

1144 401 1385 437 discedamus.
1405 405 1586 451 Argivum
1603 404 1790 450 quendam
1806 406 2027 452 Dionysium
2043 414 2181 442 statua—

1143 460 1240 494 rium
1256 469 1439 496 memorat
1455 463 1648 496 Pausanias
1663 464 1702 503 V,
1731 464 1800 506 26,
1826 463 1845 497 3
1861 476 1870 507 3
1894 476 1959 508 27,
1984 477 2019 498 2.

1402 555 1663 590 DIONYSIUS
1692 556 1916 592 ARGIVL'S.

1637 655 1693 677 10.

1194 725 1361 760 Clemens
1386 728 1490 761 Alex.
1524 728 1662 762 Strom.
1690 729 1728 773 I,
1753 741 1795 763 21
1812 756 1821 773 ‚
1838 742 1878 776 p.
1911 730 2004 777 139,
2032 729 2051 764 5
2077 731 2178 777 sylb.

1142 781 1203 831 (et
1220 784 1354 818 Euseb.
1379 785 1500 832 Praep.
1523 786 1591 823 Ev.
1611 787 1667 830 X,
1689 800 1728 833 p.
1748 787 1835 833 498,
1856 785 1906 836 B)
1930 801 1938 822 ε
1968 786 2068 824 Κατὰ
2089 786 2124 823 δὲ
2143 787 2182 825 τὸ

1146 839 1441 877 ὀκτωκαιδέκατον
1459 840 1531 883 ἔτος
1543 844 1604 886 τῆς
1617 842 1868 891 Ἀγαμέμνονος
1883 843 2059 894 βασιλείας
2074 842 2180 883 Ἴλιον

1145 896 1254 944 ἑάλω,
1274 899 1506 949 Δημοιρῶντος
1519 902 1576 936 τοῦ
1598 899 1743 945 Θησέως
1764 900 2000 952 βασιλεύοντος
2023 901 2182 949 Ἀθήνησι

1138 957 1186 1006 τῷ
1201 955 1327 1007 πρώτῳ
1342 955 1426 1002 ἔτει,
1449 957 1696 1006 Θαργηλιῶνος
1716 958 1821 1007 μηνὸς
1836 958 1976 1010 δευτέρᾳ
1995 959 2051 997 ἐπὶ
2071 959 2153 997 δέκα
2165 990 2174 1006 ,

1138 1012 1182 1055 ὥς
1194 1029 1278 1065 φησι
1294 1013 1469 1056 Διονύσιος
1484 1017 1501 1051 ὁ
1513 1015 1674 1066 Ἀργεῖος.
1692 1018 1836 1053 Eodem
1851 1019 1967 1054 modo
1985 1019 2031 1054 de
2048 1020 2181 1055 excidii

1139 1073 1200 1108 die
1225 1075 1350 1109 statuit
1376 1075 1587 1110 Hellanicus
1608 1074 1673 1126 (fr.
1708 1077 1814 1124 143).
1837 1077 1931 1113 Vide
1957 1078 2110 1116 Boeckh.
2135 1079 2180 1114 ad

1138 1132 1270 1166 Marm.
1290 1133 1373 1169 Par.
1395 1145 1455 1180 ep.
1479 1132 1546 1177 253
1566 1135 1729 1169 Fischer.
1756 1135 1870 1170 Tabb.
1892 1136 2026 1173 chron.
2052 1149 2090 1184 p.
2121 1149 2178 1182 17.

1138 1190 1182 1224 In
1197 1191 1343 1237 reliquo
1362 1199 1541 1238 computo
1560 1194 1674 1227 ceteri
1690 1194 1914 1241 chronologi
1926 1195 2081 1241 plurimi
2096 1207 2181 1230 cum

1138 1250 1316 1296 Dionysio
1339 1252 1597 1300 consentiunt3
1623 1264 1746 1298 neque
1769 1259 1848 1287 erat
1875 1264 1942 1287 cur
1965 1252 2183 1288 VVelckerus

1140 1307 1267 1356 (chl.
1289 1321 1328 1356 p.
1351 1309 1446 1358 361)
1466 1311 1676 1357 increparet
1691 1311 1912 1357 Dionysium
1925 1338 1934 1355 ,
1951 1318 1994 1346 ut
2017 1312 2081 1358 qui
2101 1312 2183 1345 insi-

1138 1378 1210 1413 gne
1230 1368 1467 1403 mendacium
1487 1369 1798 1417 chronologicum
1815 1370 2041 1416 protulisset.

1636 1456 1693 1479 11.

1193 1517 1317 1554 Schol.
1330 1517 1438 1552 Pind.
1456 1518 1559 1554 Nem.
1576 1519 1625 1563 ΙΙ,
1642 1522 1661 1560 l,
1679 1531 1686 1553 :
1702 1517 1808 1555 “Ooev
1824 1532 1887 1568 περ
1901 1516 1960 1554 καὶ
1977 1516 2180 1569 Ὁμηρίδαι]

1139 1576 1184 1612 Οἱ
1205 1573 1240 1611 δὲ
1261 1574 1410 1624 (φασὶν)
1433 1572 1484 1611 ὅτι
1507 1574 1598 1612 κατὰ
1623 1574 1711 1626 μέρη
1738 1574 1902 1627 πρότερον
1926 1579 1987 1621 τῆς
2012 1575 2182 1621 ποιήσεως

1138 1632 1397 1681 διαδιδομένης,
1425 1636 1492 1670 τῶν
1524 1635 1720 1682 ἀγωνιστῶν
1752 1632 1895 1676 ἕκαστος
1926 1633 1993 1671 ὅτι
2026 1633 2181 1685 βούλοιτο

1139 1690 1239 1742 μέρος
1254 1685 1330 1742 ᾖδε·
1351 1695 1409 1728 τοῦ
1436 1690 1471 1728 δὲ
1494 1691 1596 1729 ἅῡλου
1620 1697 1690 1734 τοῖς
1714 1694 1853 1729 νικῶσιν
1881 1692 1980 1744 ἀρνὸς
2000 1694 2179 1730 ἀποδεδει-

1136 1749 1280 1798 γμένου,
1301 1753 1620 1801 προσαγορευθῆναι
1644 1750 1721 1787 τότε
1737 1749 1797 1799 μὲν
1816 1750 2006 1803 ἇρνῳδοὺς,
2027 1745 2120 1794 αὖθις
2141 1751 2175 1789 δὲ
2209 1744 2214 1748 ⁴

1137 1807 1303 1859 ἑκατέρας
1318 1811 1380 1854 τῆς
1398 1807 1568 1853 ποιήσεως
1595 1810 1862 1860 εἰσενεχθείσης,
1883 1808 1960 1852 τοὺς
1986 1809 2176 1859 ἀγωνιστὰς

1137 1859 1205 1902 οἷον
1227 1864 1437 1914 ἀκουμένους
1459 1865 1543 1917 πρὸς
1559 1866 1694 1912 ἄλληλα
1712 1866 1755 1903 τὰ
1774 1866 1861 1919 μέρη
1878 1867 1937 1905 καὶ
1953 1866 2013 1913 τὴν
2033 1867 2178 1917 σύμπα-

1137 1939 1200 1960 σαν
1241 1923 1380 1969 ποίησιν
1425 1924 1584 1966 ἐπιόντας
1621 1924 1800 1976 ῥαψῳδοὺς
1844 1929 2177 1978 προσαγορευθῆναι.

1136 1981 1257 2020 Ταῦτά
1274 1997 1357 2034 φησι
1373 1982 1549 2025 Διονύσιος
1565 1986 1582 2020 ὁ
1596 1982 1757 2034 Ἀργεῖος.

1191 2039 1428 2090 Ἄκουμένους]
1454 2060 1467 2073 «
1482 2044 1604 2090 Vulgo
1620 2041 1861 2091 ἀκουομένους.
1878 2045 1974 2079 Male
1986 2045 2179 2079 Salmasius

1135 2100 1182 2134 ad
1210 2100 1325 2136 Solin.
1343 2112 1382 2146 p.
1405 2101 1479 2134 610
1505 2102 1558 2148 Α,
1580 2100 1813 2148 ἀκειομένους.
1835 2118 1849 2132 »
1868 2103 2029 2136 Bomoi.
2058 2104 2113 2137 De
2138 2115 2179 2137 re

1136 2159 1259 2192 omnia
1276 2170 1357 2204 quae
1373 2159 1446 2193 huc
1466 2160 1654 2205 pertinent
1674 2160 1828 2193 collecta
1850 2160 1963 2194 habes
1995 2172 2054 2207 ap.
2074 2162 2179 2195 Wel-

1135 2216 1288 2250 cherum
1307 2217 1410 2262 Cycl.
1428 2229 1465 2263 p.
1486 2217 1556 2252 361
1577 2230 1657 2264 sqq.
1676 2218 1748 2259 406
1760 2244 1769 2261 ,
1786 2218 1951 2264 aliosque
1968 2230 2077 2265 quam
2093 2219 2178 2266 plu-

1133 2275 1262 2311 rimos.
1285 2295 1336 2301 ——-
1364 2276 1524 2320 Quinam
1544 2277 1671 2310 titulus
1697 2276 1808 2310 fuerit
1839 2277 1962 2323 operis
1981 2276 2077 2312 unde
2104 2278 2178 2311 liaec

1133 2334 1247 2380 petita
1262 2334 1332 2367 sint
1346 2361 1356 2378 ‚
1371 2334 1473 2368 haud
1494 2335 1623 2380 liquet.
1642 2335 1850 2369 Potuerunt
1866 2335 1927 2369 illa
1950 2334 1997 2369 de
2020 2335 2176 2382 rhapso-
2210 2338 2215 2343 '

1134 2391 1189 2425 dis
1212 2392 1270 2426 vel
1290 2393 1327 2426 in
1352 2389 1557 2441 Ἀργολικοῖς
1577 2393 1796 2436 megum-ari,
1824 2394 1882 2427 vel
1903 2394 1941 2427 in
1960 2393 2058 2428 libi-0
2085 2392 2171 2443 Περὶ

1133 2449 1284 2493 ποιητῶν
1314 2450 1510 2496 inscripto,
1541 2451 1689 2496 qualem
1716 2451 1937 2497 Dionysium
1970 2451 2176 2497 quendam,

30 2520 1494 2531 —mss—-Q—

101 2555 275 2587 Tirynthcm
291 2555 427 2582 habitant
437 2557 467 2582 ct
482 2556 637 2582 Arcadiam
651 2556 756 2583 ovibus
767 2556 889 2583 divitem
899 2577 906 2589 ,

102 2600 203 2635 Argivi
223 2600 320 2627 lintris
333 2600 402 2627 tecti
416 2600 602 2634 thoracibus,
617 2601 712 2628 aculei
728 2602 886 2629 bellorum.

102 2649 139 2673 At
152 2654 214 2680 vos,
229 2649 424 2679 Megarenses,
447 2654 542 2681 neque
562 2647 641 2674 tertii
655 2647 725 2675 csiis
745 2655 839 2683 001100
850 2649 945 2683 quarti

103 2694 201 2727 Neque
215 2691 395 2724 duodecimi,
411 2699 465 2719 nec
477 2692 600 2719 omnino
615 2693 702 2720 vestri
717 2701 858 2720 numerus
870 2693 915 2721 vel
930 2694 1004 2721 ratio
1018 2697 1070 2722 est.

538 2778 571 2807 8.

74 2865 179 2896 Dinias
209 2875 215 2894 :
245 2878 258 2890 «
289 2864 542 2895 Laccdwmonios
564 2865 672 2902 aiunt,
698 2874 761 2905 (1011
785 2867 929 2906 tempore
954 2867 1070 2906 captivi

31 2917 113 2957 apud
136 2918 287 2955 'l'egealas
312 2917 485 2955 (legebant,
510 2919 622 2948 canale
647 2918 729 2948 sacto
752 2928 805 2958 per
832 2919 991 2958 planitiem
1014 2920 1069 2950 ‹le-

31 2968 157 2999 ‹luxisse
180 2968 318 2999 Lacham
334 2966 484 3006 fluvium,
509 2970 658 3007 regnante
676 2971 742 3000 ium
764 2972 873 3009 Tegea·
889 2971 1068 3009 νει-1010110,

31 3029 127 3060 quam
145 3019 268 3059 plurimi
284 3020 432 3050 Cl1u=ram
446 3021 616 3060 appellant.
637 3034 650 3046 ›·

538 3100 571 3130 9.

75 3178 181 3209 llostis
197 3186 296 3217 quum
315 3185 415 3216 usque
435 3177 473 3207 ad
489 3178 634 3216 Mycenas
650 3178 803 3216 fugientes
817 3179 1068 3218 porsequeictur,

33 3229 210 3268 Aristippus
222 3230 376 3267 tyrannus
389 3237 407 3258 a
423 3229 570 3259 Cretense
584 3228 723 3267 quodam
735 3253 742 3267 ‚
767 3229 811 3259 uti
832 3229 936 3259 Dinias
953 3230 1046 3260 refert
1059 3254 1066 3268 ‚

33 3280 82 3309 cui
100 3279 235 3317 'llragisci
257 3288 371 3309 nomen
391 3280 454 3309 cral
470 3302 478 3316 ‚
502 3280 666 3318 correptus
680 3280 862 3317 jugulatum
886 3289 922 3309 ex
942 3280 1069 3319 reliquis

33 3331 210 3361 cvi-,iderunt
229 3339 322 3369 supra
340 3330 423 3360 mille
443 3331 471 3360 cl
487 3330 683 3369 ‹litingi-ulos.

1631 2563 1683 2594 10.

1177 2647 1270 2677 llium
1289 2647 1418 2686 mptum
1435 2648 1482 2678 cst
1503 2647 1750 2685 Agamemnonis
1773 2647 1858 2686 regni
1881 2656 1963 2677 anno
1982 2647 2171 2678 duodevice-

1134 2698 1232 2736 simo,
1255 2698 1482 2737 Demophontis
1498 2699 1620 2729 Theseo
1638 2698 1703 2728 nati
1720 2707 1803 2728 anno
1822 2697 1941 2737 primo,
1956 2698 2172 2738 Tliargelionis

1135 2750 1249 2781 mensis
1262 2750 1313 2780 die
1329 2749 1518 2780 duodecimo
1554 2751 1590 2780 ut
1604 2749 1772 2789 Dionysius
1786 2749 1917 2788 Argivus
1935 2750 2039 2781 refert.

1623 2829 1678 2859 11.

1172 2917 1319 2949 Nonnulli
1333 2917 1442 2948 dicunt
1460 2917 1534 2947 olim
1557 2925 1657 2956 quum
1678 2917 1808 2948 Homeri
1833 2917 2044 2956 θοι-0111131101·
2065 2918 2168 2956 partes

1129 2970 1332 3001 disseminata
1342 2968 1634 3007 circumferrentur,
1644 2968 1825 2999 cantoresin
1834 2967 1916 2999 ludis
1927 2967 2060 3007 publicis
2071 2976 2166 3007 quam

1129 3021 1263 3060 quisque
1280 3020 1375 3050 vellet
1388 3021 1510 3058 partem
1530 3028 1640 3050 eorum
1658 3018 1825 3057 cecinisse;
1843 3019 1874 3049 et
1889 3018 1929 3048 ab
1944 3026 2024 3057 agno
2039 3019 2163 3058 (ἀρνός)

1128 3071 1213 3111 quod
1233 3071 1400 3110 praemium
1419 3071 1594 3101 victoribus
1609 3070 1804 3110 propositum
1827 3071 1926 3107 esset,
1952 3071 2020 3100 1001
2040 3069 2166 3109 quidem

1128 3123 1279 3164 ἁρνῳδοὺς
1299 3124 1392 3154 fuisse
1407 3124 1588 3163 appellatos.
1605 3124 1715 3154 Postea
1732 3131 1806 3153 vero
1819 3121 1872 3151 ubi
1889 3129 2004 3160 sparsae
2019 3120 2123 3152 iliadis
2137 3124 2167 3151 et

1128 3176 1276 3214 odysseae
1287 3175 1430 3214 partesin
1441 3183 1540 3205 unum
1552 3174 1693 3205 collectae
1701 3174 1815 3211 essent,
1823 3172 1996 3203 certatores
2006 3180 2059 3202 eas
2071 3171 2162 3211 quasi

1128 3226 1356 3257 consarcirntrs
1372 3226 1452 3256 inter
1471 3235 1522 3264 se,
1537 3227 1701 3264 totamque
1724 3224 1850 3255 Homeri
1865 3223 1971 3262 poesin
1990 3222 2160 3261 obeuntes,

1128 3278 1287 3318 ῥαψῳδοὺς
1307 3279 1342 3316 (a
1359 3277 1493 3316 ῥάπτειν,
1515 3276 1662 3315 sarrire)
1679 3275 1857 3306 nominatos
1875 3284 1950 3305 csse.
1967 3275 2079 3305 Narrat
2095 3274 2161 3304 haec

1130 3329 1294 3368 Dionysius
1313 3329 1453 3367 Argivus.
