2289 3728
101 170 148 201 μ’,
797 150 1041 188 HERMIPPI
1072 148 1407 189 CALLIMACllll

577 246 594 281 si
604 253 622 273 ¹).
631 270 637 276 ,

153 335 346 368 Atli‹na>us
360 330 473 371 XIII,
490 341 526 373 p.
548 326 635 372 589,
656 326 705 359 C:
724 322 913 393 Apteron?
908 322 993 367 ηςό’
1006 324 1124 360 ὃΣτα-

101 389 246 440 γῃρίτης
269 402 329 423 ουκ
352 384 383 426 ἐξ
406 355 629 431 Ερίπυὶλίδος
649 383 708 425 τῆς
729 380 863 430 ἑταίρας
886 378 1126 423 ἐπαιδοποίησε

106 447 318 495 Νικόιιαγον,
336 442 393 478 καὶ
411 443 513 484 συνῆν
533 439 643 488 ταύτῃ
659 438 762 489 μέχρι
779 438 944 482 θανάτου;
963 436 1009 479 ὥς
1028 451 1128 488 φησιν

102 506 148 542 Ἰ]
154 517 303 555 ρμιππος
316 515 347 536 εν
359 515 406 535 τι)
421 500 471 536 Hs
459 497 508 548 :pt
522 496 769 547 Ἀριστοτέλους
779 496 919 547 πρώτῳ,
934 494 1129 543 ἐπιμελείας

103 563 240 600 mimum
259 574 318 603 της
333 556 470 602 δεούσης
487 554 712 606 τετυχηκέναι
730 556 761 591 ἐν
776 559 851 597 ταῖς
866 557 924 591 τοῦ
943 552 1127 605 φιλοσόφου

103 619 290 662 οιαθίκαις.

155 678 257 712 Idem
275 676 339 709 XV
345 686 405 720 ,.p
422 672 516 720 696,
531 673 586 708 F:
603 669 752 708 Παιὰν
735 670 762 707 0’
777 669 848 707 ἐστὶ
867 669 924 706 καὶ
941 671 957 705 ὅ
975 670 1001 705 εἰ
1006 685 1019 710 ς
1034 667 1131 718 Κροί-

103 750 136 770 τε
125 749 198 784 -ρον
226 748 282 769 τον
314 729 502 769 Maneat-vex
525 743 682 780 γραφεις,
716 727 750 765 ὃν
778 728 981 772 ἐτεκτηνατο
1002 725 1109 769 Αλξε
1080 741 1132 762 ι-

103 807 155 833 νος
180 793 197 827 ὁ
218 787 449 835 διαλεκτικος,
480 785 525 829 ὥς
546 802 647 837 φησιν
672 785 873 837 ’Ἕρμιππος
899 787 916 821 ὃ
944 783 1131 833 Καλλιμά-

103 864 143 899 χε
130 863 193 890 ιος
225 850 258 884 ἐν
287 862 347 888 τιι)
370 844 496 897 πρώτω
524 844 610 894 Περὶ
643 842 912 895 Ἀριστοτέλους·
951 842 1068 878 ἅδεται
1097 841 1131 877 οὲ

104 906 162 943 καὶ
182 900 274 947 οἶτος
294 906 327 941 ἐν
348 904 508 954 Δελφοῖς,
531 901 722 953 λυρίζοντός
741 900 779 950 γε’
795 915 883 942 τινος
901 899 1033 941 παιδός.
1054 902 1132 934 An-

103 979 179 1001 sam
211 965 319 1011 liujus
351 964 404 999 rei
440 961 689 997 memorandae
725 960 829 995 dedit
859 959 1063 994 Aristotelis
1097 959 1134 991 in

105 1024 294 1059 Hermiam
323 1034 426 1069 paean
449 1021 677 1063 notissimus,
708 1024 880 1053 monente
914 1016 1134 1063 LozynskiO.

105 1082 159 1118 Cf.
182 1081 375 1116 Athenaeus
391 1080 473 1122 XV,
490 1091 527 1125 p.
550 1090 618 1122 701
635 1105 644 1121 ,
664 1078 702 1114 C.

163 1178 279 1214 ΠΕΡΙ
309 1173 694 1213 ΑΡΙΣΤΟΤΕΛΟΥΣ
723 1173 848 1210 ΒΙΒΛ.
883 1171 935 1209 Β’.
969 1170 1097 1219 (Γ’...)

360 1261 369 1310 (
382 1263 436 1295 De
453 1261 638 1306 discipulis
657 1258 888 1305 Amlvtoteli.s-.)

396 1357 456 1399 β.
485 1353 844 1392 ΘΕΟΦΡΑΣΤΟΣ.

163 1463 397 1503 AthenaeusI,
410 1474 448 1508 p.
471 1474 531 1504 21,
548 1463 605 1495 A:
625 1457 862 1527 εἘρμ’“ιτι·πος
845 1455 1138 1507 ιοε’<.ρησι(-9εόφρα-

112 1535 190 1557 στον
216 1518 383 1569 παραγίνε
371 1521 464 1554 εσθαι
483 1518 528 1559 εἷς
547 1532 603 1553 τον
625 1515 811 1568 περίπατον
830 1516 905 1552 καθ’
926 1514 1018 1566 ὥραν
1044 1515 1140 1563 λαμ-

111 1578 196 1628 πρὸν
214 1592 272 1613 και
290 1574 535 1624 εξησκημένον,
555 1577 627 1610 εἶτα
649 1573 837 1610 καθίσαντα
861 1572 1066 1610 διατίθεσθαι
1083 1572 1140 1608 τὸν

111 1635 223 1684 λόγον,
252 1634 410 1682 οὐδεμιᾶς
439 1632 651 1683 ἀπεχόμενον
680 1631 843 1676 κινήσεως
862 1631 936 1668 οὐδὲ
965 1630 1142 1681 σχήματος

113 1693 203 1734 ἑνός·
232 1691 290 1728 καί
310 1706 412 1740 ποτε,
433 1691 603 1742 ὀψοφάγον
638 1689 863 1739 μιμούμενον,
886 1688 1059 1740 ἐξείραντα
1080 1687 1142 1734 τὴν

113 1752 274 1799 γλῶσσαν
291 1748 498 1799 περιλείχειν
515 1746 557 1785 τὰ
570 1747 685 1799 χείλη.

600 1845 660 1884 44.

165 1937 347 1983 Diogenes
373 1937 415 1978 V,
438 1939 481 1976 (01
513 1945 522 1971 ε
544 1932 749 1983 ‘I)0t50›pivog
770 1931 805 1968 δέ
832 1947 915 1983 φησι
944 1930 1144 1981 γηράσαντα

116 1992 215 2029 αότὸν
239 1992 310 2043 (τὸν
325 1990 569 2042 Θεόυραστον)
598 2007 631 2027 εν
658 1990 783 2041 φορείω
802 1989 1058 2041 περιφέρεσθαι·
1083 2005 1142 2026 και

115 2066 212 2087 τουτο
226 2049 333 2117 λέγειν
348 2049 562 2100 Ερυιππον,
582 2048 758 2107 παρατιθε
754 2063 851 2085 υενον
868 2050 1013 2097 ἱστορεῖν
1030 2047 1146 2098 Ἄρκε-

116 2108 233 2144 σίλαον
253 2107 307 2143 τὸν
331 2109 552 2145 Πιταναῖον
539 2123 571 2143 εν
592 2120 639 2149 οις
656 2105 782 2157 ἔφασκε
803 2105 886 2156 πρὸς
908 2104 1071 2150 Λακύδην
1091 2104 1145 2141 τὸν

121 2168 324 2216 Κυρηναῖον.

602 2279 659 2310 42.

161 2341 341 2372 Aristoteles
353 2340 498 2379 Stagirita
509 2348 613 2370 nonne
626 2348 665 2370 ex
679 2338 858 2378 llerpyllide
869 2338 1033 2369 meretrice
1043 2338 1150 2377 genuit

120 2393 366 2429 Nicomachum,
391 2400 464 2421 cum
483 2400 582 2430 eaque
598 2390 636 2421 ad
662 2392 795 2421 mortem
816 2399 915 2429 usque
936 2390 1149 2420 cohabitavit?

124 2446 167 2474 lta
183 2444 266 2473 enim
289 2442 563 2481 Hermippus-libro
577 2442 677 2481 primo
692 2444 737 2472 De
752 2442 918 2472 Aristotele
934 2441 1047 2479 tradit,
1063 2441 1148 2471 aiens

124 2494 341 2534 philosophum
355 2493 387 2523 in
399 2494 587 2523 testamento
600 2502 657 2524 suo
667 2501 787 2531 euram,
798 2501 892 2531 quam
904 2500 959 2531 par
969 2493 1048 2531 erat,
1058 2492 1152 2530 hujus

123 2546 262 2576 mulieris
280 2545 435 2575 habuisse.

167 2598 218 2626 list
235 2595 327 2625 etiam
347 2603 435 2633 pccan
452 2603 577 2625 carmen
593 2594 668 2625 illud
682 2594 765 2633 quod
780 2594 811 2624 in
826 2595 993 2625 Craterum
1010 2594 1152 2625 Macedo-

127 2655 197 2677 nem
214 2646 363 2685 scriptum
383 2647 446 2684 cst,
461 2647 588 2676 auctore
610 2646 740 2676 Alexino
761 2645 925 2676 dialectico
937 2669 945 2684 ,
967 2647 1002 2677 ut
1021 2646 1065 2677 ait
1078 2648 1154 2677 Her-

128 2699 250 2738 mippus
269 2698 508 2737 Callimachum,
520 2697 621 2737 primo
639 2698 717 2728 libro
734 2701 779 2729 De
793 2698 968 2729 Aristotele.

245 2783 309 2820 DE
338 2782 664 2828 ARlS‘I'OTELE,
695 2782 790 2820 Llss.
820 2782 871 2819 11.
907 2782 1041 2831 (111...)

611 2860 671 2891 43.

171 2924 359 2963 Hermippus
396 2924 439 2954 ait
471 2924 720 2963 Theophrastum
754 2925 785 2955 in
816 2924 957 2964 Peripato
982 2924 1089 2955 adesse
1117 2923 1155 2954 ad

131 2978 240 3006 horam
253 2975 380 3006 solitum
396 2974 495 3005 nitido
508 2977 539 3005 et
551 2975 706 3014 exquisito
717 2975 855 3014 corporis
868 2976 976 3012 cultu;
992 2983 1157 3014 quumque

130 3026 311 3063 aclseilisset,
329 3027 502 3056 orationem
521 3025 563 3056 ita
577 3027 726 3064 peregisse
739 3050 747 3063 ,
762 3028 797 3056 ut
814 3034 852 3055 ne
868 3026 932 3055 ullo
950 3025 1076 3064 quidem
1093 3034 1158 3056 cor-

132 3078 216 3117 poris
231 3079 320 3107 motu
332 3100 341 3114 ,
359 3085 416 3106 nec
433 3076 495 3106 ulla
509 3076 742 3114 gesticulatione
761 3077 941 3107 abstineret.
980 3078 1089 3116 ltaque
1105 3085 1157 3107 ca-

132 3129 273 3159 tillonem
298 3135 396 3166 quum
423 3126 592 3166 aliquando
617 3127 804 3165 imitaretur,
824 3129 948 3158 exserta
969 3127 1075 3166 lingua
1096 3129 1158 3158 cir-

133 3179 335 3211 cumlinxisse
353 3179 445 3209 labia.

612 3241 671 3271 44.

177 3300 281 3332 Refert
299 3300 470 3331 Favorinus
490 3300 738 3340 Theophrastum
760 3300 823 3339 jam
845 3308 950 3332 senem
969 3300 1078 3331 lectica
1100 3301 1159 3330 rir-

1671 230 1731 272 [45.

1247 322 1349 356 ldem
1369 322 1404 355 II
1418 349 1428 365 ,
1455 319 1499 353 55

1189 377 1247 414 καὶ
1265 376 1438 427 ἐπιτάφιον
1458 375 1613 425 Γρύλλου
1632 373 1745 423 μυρίοι
1766 371 1839 409 ὅσοι
1856 374 2085 423 συνέγραψαν,
2107 371 2144 407 τὸ
2162 371 2225 417 μέ-

1531 333 1537 353 ;
1565 317 1663 361 Φησὶ
1685 316 1713 352 δ’
1732 315 1965 365 Ἀριστοτέλης
1990 314 2041 351 ὅτι
2069 314 2222 364 ἐγκώμια

1191 451 1244 486 ρος
1263 434 1322 471 καὶ
1341 436 1388 482 τῷ
1408 432 1514 482 πατρὶ
1532 430 1769 482 χαριζόμενοι·
1790 430 1879 467 ἀλλὰ
1899 429 1958 466 καὶ
1976 427 2176 480 Ἵζρμιππος
2190 430 2222 465 ἐν

1190 495 1238 543 τῷ
1252 492 1338 541 Περὶ
1357 490 1581 542 Θεοφράστου
1600 490 1657 526 καὶ
1676 488 1880 540 Ἰσοκράτην
1895 487 1978 539 φησὶ
1996 487 2149 538 Γρύλλου
2164 488 2223 535 ἐγ-

1193 550 1320 598 κώμιον
1347 547 1566 599 γεγραφέναι.
2064 555 2078 565 ·

1675 634 1736 675 46,

1246 723 1440 757 Athenaeus
1463 723 1530 764 VI,
1552 733 1590 767 p.
1612 719 1683 755 252
1699 747 1707 763 ,
1730 721 1756 754 C
1777 732 1784 753 :
1809 717 1970 754 Ἀττάλου
1988 716 2022 753 δὲ
2041 719 2098 752 τοῦ
2128 718 2226 766 βασι-

1194 778 1276 820 λέως
1293 777 1424 826 ἐγένετο
1437 775 1540 818 κόλαξ
1552 775 1610 812 καὶ
1624 775 1825 816 διδάσκαλος
1840 775 2058 824 Λυσίμαχος,
2077 773 2111 810 ὃν
2131 775 2226 810 Καλ-

1194 836 1340 886 λίμαχος
1371 834 1431 883 μὲν
1453 832 1662 884 Θεοδώρειον
1688 832 1896 882 ἀναγράφει,
1915 830 2117 881 Ἵζρμιππος
2144 831 2172 866 δ’
2192 832 2225 867 ἐν

1197 898 1262 935 τοῖς
1276 891 1499 943 Θεοφράστου
1513 895 1682 940 μαθηταῖς
1694 890 1889 938 καταλέγει.
1904 890 2114 925 Callimachi
2126 901 2227 924 men-

1196 953 1248 986 tio
1264 964 1308 986 ex
1325 953 1402 998 ipso
1418 949 1563 985 fluxerit
1579 950 1801 996 Hermippo.
1824 949 1918 983 Nam
1932 947 2089 982 dubium
2102 948 2164 981 vix
2178 954 2230 981 est

1197 1011 1287 1056 quin
1325 1015 1423 1043 lecte
1455 1014 1589 1042 statuat
1629 1008 1832 1049 Prellerus,
1875 1006 2122 1052 Heunippum
2157 1004 2230 1039 hoc

1196 1068 1353 1101 maxime
1367 1067 1497 1113 egisse,
1516 1072 1557 1100 ut
1577 1077 1619 1100 ea
1638 1078 1718 1112 quae
1737 1063 1980 1099 Callimachus
1998 1063 2170 1110 magistet
2188 1063 2227 1096 in

1199 1137 1312 1172 opere
1326 1122 1414 1173 Περι
1431 1124 1497 1158 τῶν
1512 1123 1546 1157 ἐν
1559 1136 1655 1171 πασῃ
1669 1119 1808 1157 παιδεία
1821 1117 2087 1170 διαλαμψάντων
2105 1133 2163 1154 και
2179 1121 2225 1154 ων

1199 1180 1427 1231 συνέγραψαν,
1440 1181 1565 1228 paucis
1576 1187 1776 1215 annotaver
1779 1186 1827 1222 at,
1839 1184 2043 1224 exponeret
2055 1177 2182 1218 fusius,
2195 1183 2231 1211 et

1200 1253 1281 1288 quae
1300 1240 1420 1274 minus
1438 1245 1537 1272 recte
1554 1239 1672 1284 posita
1689 1243 1813 1278 erant,
1830 1234 2000 1270 definiret
2016 1235 2232 1270 accuratim.

1201 1300 1372 1334 Ceterum
1392 1296 1438 1331 de
1465 1295 1683 1342 Lysimacho
1705 1294 1752 1330 cf.
1773 1306 1854 1340 quae
1882 1294 2011 1328 monui
2042 1294 2079 1327 in
2109 1293 2230 1326 intro-

1203 1357 1303 1391 duct.
1323 1355 1370 1390 ad
1389 1354 1518 1401 fragm.
1536 1354 1722 1390 Neanthis.

1581 1445 1641 1485 47.
1674 1438 1858 1475 ΛΥΚΩΝ.

1256 1530 1440 1576 Diogenes
1459 1530 1502 1571 V,
1521 1529 1568 1573 67
1587 1540 1595 1561 :
1613 1518 1683 1563 ῗΗν
1699 1524 1733 1561 δὲ
1750 1524 1808 1561 καὶ
1823 1522 2064 1574 καθαρώτατος
2080 1521 2141 1566 τὴν
2156 1536 2232 1558 στο-

1202 1583 1264 1629 λὴν
1286 1586 1325 1633 (ὃ
1343 1583 1466 1622 Λύκων
1482 1585 1510 1632 ),
1529 1585 1574 1625 ὡς
1595 1582 1844 1633 ἀνυπερὸλήτῳ
1858 1583 2007 1631 χρῆσθαι
2023 1578 2236 1628 μαλακότητι

1203 1642 1364 1691 ἱματίων,
1384 1642 1472 1678 καθά
1491 1657 1591 1693 φησιν
1608 1638 1824 1691 υΕρμιππος.
1853 1641 1911 1677 Cf.
1941 1641 2146 1686 Antigonus
2164 1640 2236 1674 Ca-

1203 1708 1290 1748 ryst.
1307 1714 1365 1748 ap.
1380 1701 1511 1736 Athen.
1525 1702 1618 1747 XII,
1632 1712 1670 1747 p.
1685 1699 1756 1744 547
1770 1728 1779 1744 ‚
1794 1701 1844 1742 A,
1858 1701 1911 1742 D;
1930 1698 2002 1739 548
2015 1725 2024 1742 ,
2039 1700 2086 1742 B,
2105 1698 2234 1733 Cicero

1204 1761 1310 1795 Tusc.
1336 1760 1413 1806 ΙΙΙ,
1433 1759 1500 1802 323
1524 1760 1579 1793 De
1598 1757 1662 1792 fin.
1684 1759 1729 1801 V,
1752 1757 1785 1792 5.

1328 1856 1389 1897 48.
1421 1854 1743 1892 ΗΡΑΚΛΕΙΔΗΣ
1779 1855 1810 1891 O
1841 1851 2114 1890 ΠΟΝΤΙΚΟΣ.

1260 1931 1364 1967 Idem
1380 1933 1425 1975 V,
1448 1944 1493 1979 91
1521 1945 1529 1966 ε
1549 1930 1751 1980 Ἕρμιππος
1765 1928 1799 1965 δὲ
1814 1930 1914 1976 λιμοῦ
1930 1925 2160 1977 κατασχόντος
2175 1924 2236 1970 τὴν

1206 1988 1324 2039 χώραν
1343 1988 1443 2039 φησιν
1465 1989 1570 2024 αἰτεῖν
1588 1986 1663 2029 τοὺς
1680 1985 1924 2038 Ἡρακλεώτας
1943 1984 2004 2029 τὴν
2028 1983 2159 2022 Πυθίαν
2179 1982 2238 2019 λύ-

1209 2061 1278 2083 σιν·
1311 2046 1367 2082 τὸν
1395 2044 1430 2082 δὲ
1451 2045 1679 2096 Ἡρακλείδην
1700 2046 1888 2095 διαφθεῖραι
1919 2042 2074 2094 χρήμασι
2104 2040 2180 2083 τούς
2204 2055 2239 2077 τε

1209 2103 1350 2153 θεωροὺς
1371 2104 1428 2140 καὶ
1444 2102 1505 2148 τὴν
1525 2102 1789 2154 προειρημένην,

1209 2161 1374 2211 γήσεσθαι
1399 2165 1457 2198 τοῦ
1480 2164 1607 2206 κακοῦ,

1811 2101 1892 2138 ὥστ’
1911 2103 2059 2137 ἀνειπεῖν
2081 2101 2239 2136 ἀπαλλα-

1630 2161 1658 2197 εἷ
1678 2162 1742 2203 ζῶν
1761 2158 1821 2208 μὲν
1841 2158 2070 2208 (Ηρακλείδης
2090 2159 2108 2196 ὃ
2128 2158 2241 2196 Ειῖιθύη

1209 2274 1356 2304 cumt'erri
1374 2273 1500 2304 solitum
1514 2283 1522 2304 :
1546 2271 1641 2313 idque
1656 2273 1758 2305 dicere
1773 2273 1997 2311 Hermippum,
2012 2280 2148 2311 eumque
2161 2270 2192 2302 id
2203 2279 2240 2301 ex

1209 2325 1355 2355 Arcesilai
1370 2325 1499 2356 Pitanoei
1518 2326 1652 2356 Historia
1671 2325 1840 2365 sumpsisse
1853 2325 1934 2356 inter
1949 2333 1985 2355 ea
2001 2323 2098 2355 verba
2110 2331 2183 2363 quae
2197 2321 2240 2353 ad

1211 2376 1367 2415 Lacydon}
1384 2379 1595 2417 cyrenensem
1613 2376 1733 2407 habuit.

1695 2437 1755 2468 45.

1251 2496 1357 2526 Refert
1371 2495 1552 2527 Aristotcles
1565 2496 1665 2535 Grylli
1682 2496 1822 2527 encomia
1838 2497 1870 2527 et
1888 2494 2045 2535 epitaphia
2062 2494 2244 2524 innumeros

1211 2546 1386 2586 scripsisse,
1416 2549 1536 2586 partem
1562 2547 1692 2577 laudum
1720 2547 1801 2586 patri
1828 2546 2049 2584 gratificantes.
2074 2544 2242 2576 isocratem

1212 2608 1340 2639 quoque
1364 2599 1463 2638 Grylli
1492 2600 1670 2630 encomium
1693 2599 1912 2638 conscripsisse
1940 2598 2130 2637 Hermippus
2154 2597 2243 2629 testis

1213 2653 1259 2683 cst
1277 2661 1340 2691 quo
1353 2651 1424 2682 loco
1442 2651 1481 2683 de
1497 2652 1712 2691 Theophrasto
1728 2651 1816 2682 dicit.

1698 2713 1757 2745 46.

1255 2767 1349 2798 Attali
1365 2766 1443 2806 regis
1458 2768 1632 2798 assentator
1646 2768 1676 2798 et
1690 2767 1836 2806 magister
1852 2766 1909 2797 suit
1922 2765 2137 2806 Lysimachus,
2151 2772 2244 2805 quem

1215 2819 1425 2850 Callimachus
1443 2820 1662 2850 Theodoreum
1687 2820 1718 2850 in
1740 2819 1857 2850 tabulis
1873 2819 1935 2849 suis
1951 2818 2076 2857 scribit,
2096 2818 2242 2856 Hermip-

1215 2879 1273 2909 pus
1290 2879 1365 2900 vero
1382 2870 1462 2900 inter
1479 2870 1684 2910 Theophrasti
1698 2869 1867 2909 discipulos
1880 2870 2031 2900 recenset.

1700 2931 1756 2962 47.

1259 2986 1332 3015 Erat
1348 2986 1431 3023 Lyco
1445 2983 1669 3015 mundissimus
1686 2984 1785 3021 cultu,
1803 2982 1882 3013 adeo
1900 2983 1935 3013 ut
1950 2982 2088 3013 vestium
2107 2980 2242 3012 incredi-

1219 3035 1271 3066 bili
1288 3035 1418 3066 mollitie
1433 3043 1470 3066 ac
1487 3035 1588 3066 nitore
1600 3036 1755 3073 uteretur,
1771 3035 1805 3064 ut
1822 3032 2010 3073 Hermippus
2025 3032 2131 3064 refert.

1703 3095 1760 3127 48.

1259 3149 1446 3188 Hermippus
1459 3149 1658 3180 lleracleotas
1674 3148 1790 3187 tradit,
1813 3156 1911 3188 quum
1929 3147 2026 3178 sames
2043 3146 2182 3177 vastaret
2198 3154 2246 3176 re-

1220 3200 1342 3239 gionem
1353 3223 1361 3238 ‚
1375 3199 1591 3231 liberationem
1606 3199 1679 3230 mali
1694 3208 1732 3230 ex
1749 3198 1860 3238 Pythia
1871 3198 2041 3238 quaesiisse.
2078 3198 2175 3227 Porro
2188 3198 2246 3227 He-

1221 3250 1367 3281 raclidem
1392 3251 1423 3281 ft
1447 3250 1572 3281 theon-os
1584 3251 1616 3281 et
1635 3259 1730 3289 quam
1750 3249 1995 3280 memoravimus
2016 3247 2157 3287 Pythiam
2177 3255 2246 3277 cor-

1224 3301 1341 3340 rupisse
1359 3301 1514 3340 pecuniis,
1537 3303 1572 3332 ut
1590 3301 1727 3332 (licerent
1745 3301 1813 3331 tum
1830 3299 1957 3330 demum
1979 3307 2032 3329 cos
2049 3299 2186 3329 levatum
2211 3297 2245 3327 iri
