2289 3728
893 203 1191 241 xl‹:N()l³HoN.

382 313 618 351 ΙΣΤΟΡΙΑΙ.

306 431 330 463 Ε
361 429 506 463 LIBRO
535 425 701 461 PRIMO.

483 526 519 561 6.

41 624 215 672 Diogenis
231 625 273 658 L.
294 624 343 665 ΙΙ,
362 634 375 656 1
390 634 401 656 1
427 635 434 656 :
453 619 551 665 ψησὶ
567 619 601 656 δὲ
617 618 780 664 Σειληνὸς
797 620 830 656 ἐν
845 620 887 668 τῇ
902 617 1021 669 πρώτῃ

0 684 56 719 τῶν
71 679 261 731 Ἱστοριῶν,
286 679 342 715 ἐπὶ
363 678 525 730 ἄρχοντος
544 680 620 715 Λυσ
634 677 652 696 *
673 677 781 726 μύλου
801 677 891 728 (vgo
910 676 1022 724 Διμύ-

0 737 66 787 λου)
80 738 171 775 λίθον
189 736 222 780 ἐξ
239 738 381 787 οὐρανοῦ
395 741 528 773 πεσεῖν·
545 736 603 772 τὸν
615 733 649 771 δὲ
662 733 888 785 Ἀναξαγόραν
903 735 1022 779 εἰπεῖν,

0 800 34 839 ὣς
54 795 129 837 ὅλος
147 797 164 831 ὃ
188 794 327 846 οὐρανὸς
355 796 393 831 ἐκ
417 794 520 830 λίθων
547 792 740 842 συγκέοιτο·
770 796 812 844 τῇ
838 794 969 845 σφοδρᾷ
989 792 1023 829 δὲ

0 853 197 904 περιδινήσει
215 852 435 898 συνεστάναι,
451 851 510 889 καὶ
525 850 685 888 ἀνεθέντα
701 850 1024 901 κατενεχθήσεσθαι.

48 916 123 950 Λυσ
136 912 180 962 *]
196 912 443 960 supplendum
460 913 529 946 erit
541 909 791 958 Λυσιστράτου,
807 915 868 957 qui
887 911 1026 945 archon

0 971 64 1006 fuit
92 972 151 1007 Ol.
183 970 242 1015 78,
265 982 301 1007 2.
325 969 418 1016 4673
440 981 515 1015 quo
543 981 640 1003 anno
664 968 824 1014 lapidem
846 969 950 1002 illum
980 967 1026 1002 ad

0 1029 276 1076 AEgospotamos
291 1026 462 1062 cecidisse
476 1025 590 1060 refert
606 1026 742 1060 Plinius
758 1026 805 1061 H.
824 1026 870 1060 N.
891 1026 945 1070 II,
963 1023 1024 1060 58.

0 1088 108 1122 Possis
140 1087 249 1121 etiam
275 1085 448 1132 supplere
473 1081 660 1130 Λυσιθέου,
696 1084 759 1130 qui
791 1084 931 1118 archon
960 1083 1029 1118 fuit

0 1146 53 1182 Ol.
90 1143 193 1189 78,4,
231 1145 291 1178 cui
323 1155 421 1178 anno
458 1154 539 1176 rem
572 1142 729 1189 assignat
763 1142 954 1178 Eusebius.
985 1143 1029 1176 In

0 1204 180 1238 Marmore
197 1203 279 1238 Par.
301 1214 361 1248 ep.
387 1199 431 1245 57
451 1206 603 1234 notatur
619 1198 871 1246 Theagenides
890 1199 1030 1234 archon

0 1258 70 1307 [Ol.
94 1260 218 1308 78,1).
237 1262 332 1294 Rem
350 1259 457 1293 multi
470 1257 639 1292 referunt
657 1256 710 1304 (v,
728 1263 808 1291 not.
832 1256 880 1291 ad
895 1258 1027 1292 lllarm.

0 1319 77 1354 Par.
102 1319 122 1354 1.
144 1317 196 1366 l.).
218 1316 437 1352 Plutarchus
453 1316 492 1349 in
516 1313 710 1360 Lysandro
739 1326 771 1349 c.
796 1326 838 1347 12
862 1314 908 1348 de
928 1314 1032 1349 clade

0 1376 275 1411 Atheniensium
304 1374 352 1408 ad
384 1374 667 1420 AEgospotamos
698 1378 849 1418 accepta
877 1373 1034 1419 loquens

0 1435 90 1468 inter
109 1434 177 1468 alia
194 1434 244 1468 ait
266 1445 274 1466 :
292 1432 337 1468 Οἵ
360 1429 395 1466 δὲ
414 1428 473 1466 καὶ
486 1428 547 1474 τὴν
569 1431 629 1465 τοῦ
650 1428 744 1465 λίθου
763 1430 894 1465 πτῶσιν
912 1428 968 1465 ἐπὶ
985 1430 1033 1479 τῷ

0 1489 94 1527 πάθει
114 1489 223 1541 τούτῳ
239 1488 380 1536 σημεῖόν
402 1503 485 1540 φασι
510 1487 685 1538 γενέσθαι.
708 1490 874 1524 Fortasse
903 1488 1032 1524 eadem

1 1550 193 1585 occasione
226 1550 279 1584 rei
309 1547 419 1593 hujus
450 1548 619 1582 meminit
654 1547 817 1590 Silenus,
852 1546 1034 1593 siquidem

0 1608 194 1642 Hellenicae
212 1607 288 1652 ejus
312 1607 473 1640 historiae
499 1605 669 1649 fuerunt,
695 1618 817 1651 neque
843 1605 881 1638 in
907 1605 1036 1639 Siculis

0 1665 155 1700 historiis
163 1665 216 1700 rei
227 1663 562 1699 commemorandae
573 1664 833 1710 opportunitas
840 1663 961 1698 oblata
970 1670 1033 1699 est.

386 1769 637 1807 ΣΙΚΙΞΛῖΚΑ.

288 1879 316 1912 Ε
345 1878 489 1913 LIBRO
510 1878 744 1912 SECUNDO.

54 2072 229 2118 Stephan.
248 2071 335 2116 Byz.
356 2082 363 2106 ι
389 2066 542 2112 Παλικὴ,
562 2067 660 2109 πόλις
678 2067 850 2109 Σικελίας.
871 2069 1038 2119 Θεόφιλος

5 2127 33 2164 δ’
41 2129 74 2165 ἐν
88 2125 255 2176 ἑνδεκάτῳ
267 2124 514 2176 Περιηγήσεως
530 2124 688 2167 Σικελίας
704 2124 897 2169 Παλικίνην
909 2125 1037 2176 κρήνην

5 2183 104 2237 φησὶν
123 2178 221 2222 εἶναι.
240 2182 394 2229 Πλησίον
419 2182 453 2219 δὲ
474 2183 580 2228 αὐτῆς
605 2182 694 2234 ἱερὸν
716 2184 894 2228 Παλικῶν,
920 2181 955 2220 οἵ
975 2185 1038 2220 εἶσι

6 2242 160 2292 δαίμονές
179 2256 289 2290 τινες,
311 2239 366 2283 οὒς
385 2240 562 2292 Αἰσχύλος
590 2242 623 2277 ἐν
646 2241 817 2283 Αἷτνείαις
845 2242 1040 2291 γενεαλογεῖ

7 2300 81 2343 Διὸς
92 2301 149 2337 καὶ
162 2299 315 2341 Θαλείας
322 2302 382 2344 τῆς
391 2298 599 2350 Ἡφαίστου,
611 2298 774 2344 Σειληνὸς
786 2297 821 2334 δὲ
831 2299 864 2334 ἐν
876 2298 1038 2349 δευτέρῳ,

7 2357 130 2404 Αἴτνης
148 2361 208 2404 τῆς
229 2357 399 2396 Ὠκεανοῦ
416 2357 476 2394 καὶ
494 2356 686 2408 εΗεραίστου
700 2386 709 2402 ,
730 2358 899 2402 κληθῆναι
920 2357 955 2393 δὲ
976 2358 1036 2393 αὐ·

8 2416 81 2459 τοὺς
100 2415 276 2459 Παλικοὺς
305 2415 361 2452 διὰ
379 2415 418 2452 τὸ
449 2415 683 2458 ἀποθανόντας
711 2414 812 2452 πάλιν
838 2417 883 2457 εἷς
904 2414 1037 2467 ἀνθρώ-

9 2489 89 2517 πους
109 2473 255 2512 ἱκέσθαι.
269 2477 325 2510 De
340 2475 557 2522 parentibus
575 2475 786 2510 Palicorum
813 2488 897 2509 cum
917 2475 1040 2509 Sileno

9 2532 92 2569 facit
110 2533 255 2569 Servius
274 2533 321 2567 ad
349 2534 478 2580 virgil.
500 2533 583 2568 AEn.
612 2533 687 2576 IX,
711 2532 800 2573 584.
821 2534 938 2568 Aliter
954 2533 1043 2567 Plu-

11 2592 124 2628 tarch.
143 2591 276 2626 Timol.
298 2604 330 2625 c.
365 2603 429 2635 12;
456 2591 727 2625 autochthones
745 2598 829 2625 sunt
849 2591 1041 2625 Polemoni

10 2651 56 2686 fr.
77 2649 138 2696 33,
157 2649 223 2683 ubi
236 2649 334 2685 vide.

407 2759 655 2793 HISTORIAE.

2029 212 2093 244 101

1576 292 1612 326 8.

1383 383 1408 414 1⁴:
1440 383 1581 417 lilsslto
1611 385 1801 418 TERTIO.

1135 466 1328 500 Athenaeus
1343 466 1430 509 XII,
1454 480 1491 513 p.
1518 467 1605 514 542,
1632 471 1656 503 Λ
1677 482 1684 503 ;
1706 467 1867 512 Σειληνὸς
1888 469 1916 503 δ’
1931 469 1948 503 ὁ
1970 469 2108 504 Καλλα-

1081 521 1191 563 τιανὸς
1211 520 1301 571 (scr.
1322 523 1552 570 Καλακτῖνος)
1575 525 1608 559 ἐν
1630 524 1732 575 τρίτῳ
1748 527 1935 562 Σικελικῶν
1949 524 2026 575 περὶ
2042 527 2110 562 Συ·

1083 578 1252 630 ρακούσας
1272 579 1354 630 φησὶ
1374 582 1485 624 κῆπον
1511 573 1596 616 εἶναι
1615 583 1808 624 πολυτελῶς
1829 581 2111 631 κατεσκευασμέ-

1082 652 1153 685 νον,
1176 635 1212 673 ὃν
1231 637 1411 673 καλεῖσθαι
1444 639 1571 684 Μῦθον,
1598 638 1631 673 ἐν
1664 633 1691 689 ᾧ
1716 640 1939 690 χρηματίζειν
1971 639 2112 688 Ἱέρωνα

1083 694 1138 731 τὸν
1158 693 1313 744 βασιλέα.

1138 750 1399 802 Καλλατιανός]
1441 760 1673 800 corruptum.
1717 755 1855 790 Eadem
1901 758 2115 790 confusion(-

1085 812 1227 846 Siculus
1260 812 1387 846 rhetor
1422 812 1607 855 Caecilius,
1641 813 1698 845 cui
1739 811 1838 855 Καλὴ
1877 812 1961 856 ἀκτὴ
1999 816 2114 860 patria

1088 868 1247 916 (Athen.
1270 882 1306 916 p.
1332 881 1404 914 272
1425 867 1498 916 T.)‚
1521 869 1621 914 apud
1641 869 1789 903 Suidam
1812 870 1947 904 dicitur
1976 871 2116 906 Καλλα-

1085 926 1197 967 τιανὸς
1212 928 1270 962 vel
1294 924 1561 966 Καλλαντιανός.

1378 1021 1406 1054 Ε
1434 1021 1581 1054 LIBRO
1611 1021 1823 1064 QUARTo.

1587 1126 1621 1159 ξ).

1143 1206 1295 1239 Photius
1306 1207 1398 1240 Lex.
1416 1216 1424 1240 :
1445 1205 1502 1241 Σα
1517 1202 1610 1254 ρδόν
1624 1217 1657 1239 ιο
1670 1219 1683 1244 ς
1706 1203 1813 1252 γέλω
1826 1218 1887 1243 ς...
1912 1202 2073 1246 Σειληνὸς
2089 1203 2123 1239 δὲ

1092 1262 1124 1298 ἐν
1138 1261 1165 1298 δ’
1176 1263 1243 1320 τῶν
1260 1261 1346 1312 Περὶ
1359 1261 1585 1313 Συρακόσσας
1602 1260 1838 1312 (Συρακούσας
1852 1261 2007 1309 Suidas),
2018 1261 2124 1311 λάχα-

1092 1334 1146 1355 νον
1169 1322 1255 1355 εἰναι
1284 1319 1380 1370 παρὰ
1407 1318 1616 1370 Σαρδωνίοις
1641 1319 1703 1363 ἡδὺ
1719 1349 1728 1367 ,
1760 1319 1881 1370 σελίνῳ
1905 1317 2061 1369 ἐμφερές·
2089 1312 2125 1354 οῧ

1093 1377 1169 1419 τοὺς
1182 1378 1412 1428 γευσαμένους
1425 1378 1485 1420 τάς
1498 1393 1534 1414 τε
1551 1377 1708 1425 σιαγόνας
1723 1377 1780 1414 καὶ
1795 1377 1853 1419 τὰς
1871 1376 2000 1427 σάρκας
2015 1378 2125 1412 αὐτῶν

1094 1436 1310 1473 ἀποδάκνειν.

1146 1495 1284 1530 Eadem
1302 1495 1432 1531 Suidas
1447 1508 1473 1531 s.
1496 1508 1550 1542 κα,
1571 1496 1638 1529 nisi
1656 1495 1759 1541 quod
1784 1507 1854 1541 pro
1876 1494 1910 1529 ἐν
1929 1493 1955 1528 δ’
1979 1495 2016 1527 in
2032 1506 2125 1527 non-

1093 1554 1204 1588 nullis
1223 1554 1328 1588 libris
1345 1560 1397 1589 est
1413 1553 1445 1589 ἐν
1467 1552 1625 1603 δευτέρῳ.
1647 1555 1702 1588 De
1726 1566 1766 1588 re
1787 1554 1832 1589 cf.
1862 1553 2054 1588 Pausanias
2073 1552 2127 1599 X,

1099 1625 1142 1657 17
1156 1639 1166 1656 ‚
1193 1612 1340 1647 Servius
1367 1612 1414 1646 ad
1433 1613 1562 1659 Virgil.
1581 1611 1678 1646 Eccl.
1708 1611 1775 1646 VII
1790 1637 1799 1653 ,
1825 1614 1866 1650 [41
1882 1637 1890 1653 ,
1913 1611 2065 1644 Pacatus
2091 1609 2128 1642 in

1095 1671 1231 1716 Paneg.
1248 1669 1433 1705 Theodos.
1451 1667 1513 1712 25,
1530 1670 1674 1703 Tzetzes
1687 1667 1733 1702 ad
1746 1669 1835 1713 Lyc.
1858 1667 1945 1713 796.
1959 1666 2127 1700 Aliorum

1097 1726 1143 1762 de
1159 1727 1351 1773 proverbii
1369 1728 1512 1775 origine
1525 1726 1719 1761 sententias
1732 1738 1768 1760 v,
1786 1737 1844 1770 ap.
1862 1723 2026 1760 Suidam.
2048 1724 2069 1757 l.
2090 1724 2128 1766 l.‚

1097 1791 1133 1819 et
1158 1785 1196 1818 in
1213 1785 1338 1818 Timaei
1357 1784 1403 1820 fr.
1422 1783 1483 1818 28.

1496 1891 1735 1907 ⁴000&—

1404 2000 1818 2055 XENOPHON.

1150 2129 1441 2174 Xenophontem
1474 2128 1691 2162 Hannibalis
1715 2128 1876 2162 historiae
1912 2128 2129 2173 scriptorem

1098 2192 1279 2220 memorat
1304 2186 1489 2232 Diogenes
1514 2185 1682 2219 Laertius
1705 2186 1758 2228 ΙΙ,
1789 2184 1835 2231 59
1849 2212 1857 2228 ‚
1879 2185 1943 2219 ubi
1961 2186 2055 2219 inter
2072 2197 2131 2219 se—

1098 2250 1200 2290 ptem
1223 2256 1317 2289 quos
1333 2250 1497 2278 recenset
1519 2243 1785 2289 Xenophontes
1806 2250 1938 2289 quarto
1956 2243 2040 2276 loco
2058 2254 2130 2288 po-

1098 2302 1198 2336 nitur
1230 2301 1275 2337 Ξ.
1308 2301 1326 2335 ὁ
1356 2299 1507 2349 ἱστορίαν
1540 2297 1755 2342 Ἀννιὸαϊκὴν
1791 2296 1984 2348 γεγραφώς.
2023 2298 2131 2333 Haud

1104 2360 1220 2406 magis
1239 2366 1380 2393 constat
1400 2358 1446 2392 de
1463 2370 1525 2400 e0,
1545 2358 1608 2403 qui
1627 2357 1808 2391 secundus
1830 2358 1981 2403 ponitur
2002 2354 2035 2391 ’A
2049 2357 2097 2399 οη
2114 2377 2129 2381 -

1102 2417 1240 2460 ναῒος,
1263 2413 1406 2466 ἀδελφὸς
1430 2412 1693 2463 Πυθοστράτου,
1723 2417 1779 2450 τοῦ
1802 2411 1862 2458 τὴν
1890 2408 2050 2457 Θησηΐδα
2071 2427 2131 2447 πε-

1101 2472 1279 2518 ποιηκότος
1291 2501 1299 2517 ,
1313 2471 1492 2523 γεγραφὼς
1506 2471 1595 2508 ἄλλα
1611 2487 1647 2508 τε
1665 2471 1723 2507 καὶ
1750 2473 1778 2508 Β
1791 2470 1800 2507 ί
1811 2486 1852 2508 ον
1868 2470 1909 2508 'E
1922 2486 1948 2506 π
1959 2486 2012 2518 αμ
2023 2469 2130 2506 ινών,

1103 2531 1171 2567 δου
1220 2530 1290 2567 καὶ
1341 2530 1600 2567 Πελοπίδου.
1645 2532 1800 2576 Quintus
1844 2539 1895 2565 est
1937 2530 1953 2564 ὃ
1993 2526 2129 2577 μυθώῖἑη

1101 2588 1277 2638 τερατείαν
1312 2586 1679 2637 πεπραγματευμένος.
1702 2609 1752 2615 -—-
1772 2588 1883 2623 Addo
1901 2588 1992 2622 alios
2010 2588 2133 2621 Xeno-

1105 2649 1284 2696 phontes,
1315 2660 1410 2695 quos
1438 2648 1566 2682 Suidas
1595 2654 1776 2681 memorat
1794 2647 1906 2681 hosce
1939 2659 1946 2679 ε
1972 2645 2132 2693 Ξενοφῶν

1073 2757 1078 2800 1
1103 2758 1180 2788 naeis
1192 2757 1279 2788 Jovis
1293 2759 1324 2787 et
1337 2757 1456 2788 Thaliae
1471 2757 1613 2787 Vulcano
1630 2758 1713 2786 natat
1735 2756 1815 2786 lilios
1829 2764 1894 2786 esse
1909 2754 1996 2785 dicit.
2013 2754 2134 2785 Silenus

508 2828 542 2860 6.

53 2892 176 2923 Silenus
191 2892 222 2922 in
246 2892 349 2932 primo
370 2892 450 2923 libro
473 2893 682 2924 Historiarum
700 2895 810 2924 auctor
830 2896 877 2925 est
893 2894 1045 2925 archonte

16 2943 183 2982 Lysistrato
194 2944 347 2975 molarem
358 2944 397 2976 de
407 2945 487 2975 coelo
498 2945 645 2976 cecidisse
655 2945 803 2985 lapidem,
814 2949 1045 2986 Anaxagoram-

15 3002 74 3033 que
90 2995 158 3025 tum
174 2994 308 3034 dixisse,
331 2995 444 3027 coelum
460 3004 554 3027 omne
571 3005 612 3028 ex
632 2996 791 3036 lapidibus
806 3005 873 3029 esse
889 2997 1045 3037 composi-

16 3045 102 3083 tum,
115 3045 168 3076 sed
183 3045 282 3077 veloci
296 3046 574 3078 circumrotatione
591 3049 752 3085 constare,
766 3057 839 3087 quae
852 3048 877 3078 si
893 3048 1044 3086 remittat,

19 3095 186 3127 ruiturum,

430 3150 624 3189 SICULA.

512 3228 546 3258 7.

61 3278 178 3316 Palice,
192 3278 267 3309 urbs
280 3278 404 3309 Siciliae.
421 3279 614 3320 Theophilus
629 3280 708 3310 libro
724 3280 889 3310 undecimo
905 3283 1045 3319 periege-

22 3337 87 3360 seos
96 3330 208 3361 Siciliae
221 3330 377 3361 Palicinen
391 3331 507 3362 sontem
522 3340 588 3362 esse
601 3331 690 3369 dicit,
705 3333 736 3362 et
747 3341 843 3371 prope
853 3341 924 3363 eum
940 3332 1045 3363 sanum

25 3381 197 3412 Palicorum
209 3405 216 3419 ,
237 3382 399 3421 geniorum
413 3383 612 3421 quorundam
624 3407 631 3421 ,
650 3392 729 3423 quos
750 3384 915 3423 AEschylus
928 3384 959 3414 in
977 3385 1045 3415 AEt-

1103 2817 1178 2839 vero
1201 2810 1344 2847 parentes
1360 2816 1471 2838 eorum
1490 2809 1616 2838 AEtnam
1634 2807 1751 2838 Oceani
1777 2806 1873 2836 tiliam
1900 2807 1931 2836 et
1952 2806 2132 2836 Vulcanum

1104 2868 1187 2898 esse,
1207 2861 1302 2899 atque
1319 2860 1439 2890 Palicos
1456 2860 1622 2898 propterea
1642 2858 1795 2889 nominari
1816 2858 1926 2896 refert,
1944 2857 2027 2897 quod
2048 2866 2132 2887 mor-

1104 2912 1149 2943 tui
1166 2912 1280 2943 iterum
1295 2912 1423 2950 (πάλιν)
1441 2911 1479 2941 ad
1495 2911 1636 2941 homines
1650 2911 1807 2941 redierint.

1146 3022 1269 3053 Silenus
1279 3022 1460 3053 Calactinus
1479 3021 1559 3052 libro
1571 3021 1663 3051 tertio
1676 3023 1720 3051 De
1731 3021 1823 3051 rebus
1837 3020 1949 3050 Siculis
1960 3020 1990 3049 in
2001 3022 2132 3058 syracu-

1105 3082 1212 3104 sarum
1232 3073 1347 3104 vicinia
1360 3073 1488 3104 hortum
1499 3072 1542 3103 ait
1553 3081 1619 3103 esse
1632 3072 1797 3110 magnifice
1809 3072 2005 3101 exstructum
2017 3094 2025 3108 ,
2040 3077 2131 3108 quem

1106 3124 1261 3163 Myllzum
1280 3124 1439 3163 appellant
1464 3136 1470 3154 :
1489 3124 1519 3154 in
1536 3132 1572 3154 eo
1590 3131 1735 3161 responsa
1757 3122 1830 3152 dare
1848 3120 2012 3152 Hieronem
2030 3127 2131 3157 regem

1106 3176 1231 3206 solitum
1246 3184 1320 3206 esse.

1605 3230 1639 3260 9.

1148 3283 1271 3314 Silenus
1284 3282 1363 3313 libro
1377 3284 1489 3322 quarto
1504 3284 1618 3313 Rerum
1634 3284 1899 3320 syracusanarum
1913 3279 1955 3309 ait
1967 3277 2049 3317 apud
2062 3279 2129 3307 Sar-

1106 3334 1163 3364 dos
1179 3343 1245 3365 esse
1260 3334 1388 3364 herbam
1401 3334 1558 3373 (mandam
1574 3334 1711 3370 dulcem,
1727 3332 1797 3371 apio
1810 3331 1954 3367 similem,
1970 3338 2065 3368 quam
2077 3328 2129 3369 qui

1106 3385 1278 3423 gustarint,
1296 3386 1326 3415 et
1345 3385 1486 3415 maxillas
1500 3386 1528 3414 et
1543 3392 1651 3414 carnes
1666 3391 1735 3413 suas
1749 3381 1965 3421 przrmordere.
