2338 3765
938 149 996 185 Fn
1007 150 1031 184 Α
1039 149 1066 184 (i
1077 149 1110 184 M
1121 149 1245 185 ΙϋΝΤΑ
1256 177 1263 185 .

41 236 269 278 Ἰῧπικάστ-ης.
297 233 339 269 ‘0
369 232 402 267 δὲ
433 230 556 282 κήρυξ,
583 230 673 271 ὅστις
700 231 802 273 συν-ῆν
834 230 966 271 αὐτοῖς,
1003 227 1075 263 ἐκέ*

34 292 138 330 “istm
160 292 288 342 προϊὼν
309 290 365 327 τὸν
389 288 553 326 Οἰδίπουν
573 282 657 330 εἶξαι
680 288 728 338 τῷ
756 287 889 336 βασιλεῖΙ
907 288 965 330 τῆς
985 286 1074 322 ὁδοῦ.

39 350 83 387 ‘0
104 349 138 386 δὲ
158 348 224 385 ὑπὸ
246 345 546 398 μεγαλοφροσύνης
566 347 614 396 τῷ
636 344 720 395 ξίφει
741 343 872 388 πλήξας
893 342 991 379 αὐτὸν
1020 343 1077 379 καὶ

42 407 146 445 Λάϊον
173 405 419 451 ἐπιῧοηθοῧντα
449 402 648 448 ἀπέκτεινε,
675 405 735 448 τῆς
765 402 799 438 δὲ
827 401 985 451 γυναικὸς
1014 402 1078 450 οὑχ

42 465 168 514 ἥψατο.
191 466 312 501 Ταῦτα
335 461 370 498 δὲ
399 461 529 512 πράξας
552 460 714 511 ἀνέφυγεν
736 462 780 501 εἷς
806 459 844 496 τὸ
871 459 945 510 ὄρος
966 458 1022 496 καὶ
1044 460 1077 495 ἐν

41 526 83 574 τῇ
105 522 167 572 ὕλῃ
191 520 320 573 ἀφανὴς
337 520 478 570 ἐγένετο.
506 519 703 563 Ἐπικάστη
726 517 760 554 δὲ
782 517 893 567 ὀλίγον
921 517 1078 568 ὕστερον,

40 579 251 632 ἀφικομένων
285 580 350 614 τῶν
386 576 616 627 θεραπόντων,
653 574 761 620 ἐζήτει
800 574 856 610 τὸν
888 573 989 625 φονέα
1019 575 1078 609 τοῦ

40 637 167 676 Λαΐου·
186 636 258 673 ἐπεὶ
275 634 309 672 δὲ
327 636 392 685 οὐχ
407 633 599 685 εὑρίσκετο,
615 633 755 683 θάψασα
771 631 885 668 αὐτόθι
905 632 938 667 ἐν
961 635 1079 681 Λαφυ-

40 695 122 747 στίῳ
142 694 247 732 Λάϊόν
268 709 303 730 τε
321 693 378 729 καὶ
406 691 462 729 τὸν
483 691 616 741 κήρυκα
632 721 641 737 ,
670 690 792 741 ἵναπερ
814 689 872 726 καὶ
897 689 1078 733 ἀπέθανον,

40 754 227 794 ἐπανῆλθεν
247 753 292 791 εἷς
309 749 444 796 Θήὸας.
459 749 502 787 ‘O
518 749 551 786 δὲ
564 748 728 790 Οἰδίπους
743 750 780 785 ἐκ
791 751 849 785 τοῦ
866 747 1079 797 Ὀρχομενοῦ

39 813 85 853 εἰς
105 810 266 861 Κόρινθον
289 807 383 859 παρὰ
407 807 564 846 Πόλυέον
589 807 746 858 ἀφίκετο,
773 806 831 843 καὶ
847 805 906 845 τὰς
922 804 1080 853 ἡμιόνους

41 873 98 906 τοῦ
116 866 246 913 Λαίου,
269 868 396 913 ἤλαυνε
417 866 482 917 γὰρ
512 866 570 903 καὶ
594 865 736 910 ταύτας,
765 863 904 914 ἀγαγὼν
930 862 1080 912 Πολύόῳ

41 925 178 970 ἔδωκεν,
201 926 259 962 καὶ
284 924 424 961 λευκαδί
446 927 488 973 (3)
511 925 631 971 συνῆν,
654 922 713 959 καὶ
733 924 777 964 ὡς
807 921 916 958 ποίλαι
946 919 1079 970 πατέρα

42 983 144 1020 αὐτὸν
165 983 327 1032 ἐνόμιζεν.

543 1075 597 1110 16.

95 1172 183 1207 Exc.
202 1172 256 1204 De
277 1170 362 1203 virt.

45 1226 113 1277 ρίον
129 1225 307 1264 ἀποθάνοι.
327 1224 462 1263 Κτείνει
477 1225 506 1260 δ’
523 1216 579 1259 οὖν
600 1220 659 1266 τὴν
677 1220 858 1271 Χίμαιραν
882 1224 898 1257 ὁ
918 1222 1079 1271 Βελλερο-

390 1180 398 1204 ;
421 1166 456 1185 ⁴*
473 1165 539 1202 εἴτε
559 1164 851 1214 Βελλεροφόντης,
875 1163 942 1200 εἴτε
963 1164 1000 1200 τὸ
1019 1167 1079 1209 θη-

45 1284 166 1335 φόντης
179 1315 188 1330 ,
200 1283 258 1320 καὶ
274 1283 335 1327 τὴν
352 1281 481 1320 Λυκίαν
498 1282 666 1330 ἐλευθεροῖ
679 1280 745 1315 τῶν
761 1278 888 1330 φόέων.
908 1278 1083 1328 ’Λγασθεὶς

47 1341 74 1377 δ’
90 1343 193 1378 αὐτοῦ
210 1341 248 1378 τὸ
261 1345 414 1391 γενναῖον
434 1336 638 1390 Ἀμφιάναξ,
653 1336 716 1380 τήν
735 1352 770 1373 τε
786 1336 955 1388 θυγατέρα
977 1336 1081 1373 ἔδωκε

44 1399 102 1436 καὶ
121 1398 215 1450 [τὴν]
234 1399 411 1450 βασιλείαν
427 1397 530 1448 ἔχειν.
552 1394 654 1434 Μετὰ
674 1395 707 1431 δὲ
726 1399 835 1432 ταῦτα
849 1425 859 1444 ,
881 1395 1083 1437 Σθενεὸοίας

49 1456 318 1506 ἀπαγξαμένης,
338 1455 531 1497 ἀνάπυστος
545 1457 562 1491 ὃ
577 1453 660 1505 ἔρως
675 1452 818 1503 ἐγένετο,
837 1454 893 1490 καὶ
914 1457 935 1498 ἡ
957 1454 1079 1491 Βελλε-

48 1513 206 1564 ροφόντου
223 1512 437 1560 δικαιοσύνη·
461 1512 518 1550 καὶ
533 1515 550 1549 ὃ
566 1514 712 1561 Προῖτος
727 1512 819 1562 αὐτῷ
837 1511 973 1561 ὑπέχειν
988 1510 1084 1552 δίκας

48 1570 179 1620 ἕτοιμος
193 1566 246 1617 ἦν.

539 1678 596 1710 17.

23 1804 32 1806 Α
103 1760 192 1793 Exc..
215 1759 270 1792 De
290 1757 398 1794 insid.
420 1770 427 1791 τ
449 1754 534 1793 “Ort
552 1754 607 1792 ε’πὶ
628 1753 790 1805 Περσέως
813 1754 856 1805 (1)
877 1757 986 1789 ταῦτα
1005 1753 1084 1801 ε’γέ-

49 1829 135 1852 νει-ο.
157 1813 336 1855 Τάνταλος
353 1817 369 1849 ὁ
383 1812 553 1862 Τμώλου,
574 1811 630 1862 ἀφ’
647 1806 683 1848 οὑ
708 1810 745 1847 τὸ
764 1811 839 1862 ὅρος
856 1813 873 1846 ὃ
888 1812 1035 1859 Τμῶλος
1052 1812 1085 1847 ἐν

50 1872 159 1922 Λυδίᾳ
173 1873 341 1916 καλεῖται,
352 1870 501 1918 πόλεμον
514 1869 602 1920 ἔχων
615 1868 697 1919 πρὸς
707 1863 799 1906 Ἶλον
809 1869 865 1904 τὸν
874 1870 980 1918 Τρῶα
993 1870 1086 1917 Φρυι

52 1933 120 1979 γῶν
143 1931 286 1980 βασιλέα
302 1959 311 1974 ,
334 1928 489 1974 ἡττηθεὶς
510 1928 608 1978 μάχῃ
630 1926 779 1963 ἐκλείπει
801 1926 861 1971 τὴν
887 1925 1003 1976 χώραν
1032 1926 1085 1976 (2)·

53 1988 187 2037 μέλλων
216 1986 250 2023 δὲ
277 1988 321 2028 εἷς
345 1986 608 2031 Πελοπόννησον
633 1984 873 2029 ἐξοικίζεσθαι,
896 1984 996 2026 αὐτὸς
1024 1983 1085 2032 μὲν

54 2044 119 2082 ὑπὸ
138 2044 251 2095 γήρως
270 2046 304 2081 ἐν
326 2044 436 2094 Λυδίᾳ
465 2042 610 2092 ἔμεινεν,
632 2041 688 2078 τὸν
709 2042 779 2078 υἱὸν
804 2042 838 2078 δὲ
860 2040 1002 2079 Πέλοπα
1026 2040 1085 2077 σὺν

52 2106 187 2154 στρατῷ
209 2101 358 2154 ἔπεμψεν
381 2103 425 2144 εἷς
443 2101 502 2146 τὴν
522 2103 598 2150 γῆν.
617 2100 661 2137 ‘O
677 2099 711 2136 δὲ
732 2100 805 2135 ἐπεὶ
827 2099 967 2150 ἀφίκετο
987 2099 1084 2150 [ὑπὸ]

52 2163 170 2212 πολλῷ
193 2160 234 2211 (3)
256 2160 394 2211 πλούτῳ
414 2159 475 2204 τὴν
492 2157 639 2210 ἀδελφὴν
657 2158 789 2203 Νιόὸην
808 2158 911 2207 ἄγων,
929 2159 1086 2208 ὁρμηθεὶς

53 2219 90 2255 τὸ
107 2219 300 2255 τελευταῖον
325 2218 363 2254 ἐκ
380 2216 546 2261 Σιπύλου,
561 2216 690 2260 ταύτην
709 2215 769 2263 μὲν
786 2215 910 2251 ἔδωκεν
930 2215 1085 2268 Ἀμφίονι

58 2279 105 2327 τῷ
133 2275 302 2326 Θηὸαίῳ,
333 2275 432 2316 αὐτὸς
459 2273 494 2311 δὲ
519 2277 580 2319 τῆς
612 2273 878 2318 Πελοποννήσου
908 2267 1007 2319 ἦλθεν
1042 2276 1087 2317 εἷς

55 2334 191 2382 Πίσαν,
220 2333 298 2370 ἔνθα
333 2333 551 2369 ε’ὅασίλευσεν
584 2330 757 2380 Οἰνόμαος
789 2331 960 2381 θυγατέρα
997 2331 1084 2383 ἔχων

54 2391 314 2440 Ἱπποδάμειαν,
334 2390 375 2436 ἣν
398 2389 495 2426 ἄλλοι
510 2405 545 2426 τε
566 2391 718 2438 ἐμνῶντο
738 2388 795 2426 καὶ
818 2389 858 2434 δὴ
875 2389 933 2426 καὶ
950 2391 1085 2440 Μυρτί-

55 2451 112 2492 λος
140 2452 157 2485 ὁ
187 2448 415 2499 εΥπεροχίδου
441 2449 503 2496 (4),
541 2446 706 2497 συγγενὴς
732 2446 920 2496 Οἰνομάου.
950 2447 1087 2494 Ταύτης

55 2509 72 2544 ὃ
101 2506 216 2558 πατὴρ
244 2508 328 2557 ἐρῶν
360 2505 468 2543 οὖδενὶ
500 2505 600 2550 ἤθελε
632 2507 805 2542 καταινεῗν
837 2505 920 2555 πρὸς
956 2505 1085 2555 γοίμον·

55 2567 76 2609 ἡ
93 2566 122 2601 δ’
140 2564 343 2613 ἀναινομένη
359 2562 478 2615 ἔφευγε
498 2563 538 2612 (5)
557 2562 612 2599 τὸν
629 2561 776 2613 πατέρα.
797 2562 861 2604 εΩς
876 2562 909 2599 δὲ
924 2557 1023 2607 ἦλθεν
1042 2564 1086 2605 εἷς

2091 157 2161 188 367

1140 242 1238 264 uxore
1255 236 1475 266 ‹amlrndvhah
1499 237 1622 274 l’rawo,
1646 237 1698 275 qui
1724 246 1795 266 cum
1814 237 1848 266 iis¹
1865 238 1949 275 erat,
1969 236 2169 276 luogrediens

1139 297 1292 336 Gssdipum
1311 298 1349 327 de
1367 299 1414 328 xia
1433 299 1543 329 redere.
1560 300 1659 338 jubet.
1680 301 1733 330 llle
1749 310 1822 330 vero
1837 310 1899 339 qua
1917 302 1984 331 erat
2000 301 2095 331 animi
2115 310 2168 331 511-

1140 362 1263 400 perbia,
1279 361 1380 399 gladio
1405 363 1516 392 seriens
1534 372 1709 402 [ιι-0100110111
1727 365 1758 394 rt
1780 364 1985 394 auxiliantem
2006 365 2031 394 ei
2059 365 2167 395 Laium

1139 423 1271 461 occidit,
1287 432 1304 453 a
1316 423 1447 453 muliere
1461 426 1566 454 autem
1581 434 1711 455 manum
1725 426 1888 456 abstinuit.
1906 427 2028 464 Quibus
2040 428 2171 466 peractis

1140 484 1171 514 in
1188 486 1329 515 montem
1347 484 1484 523 aufugit,
1504 486 1558 515 ubi
1572 486 1649 516 silva
1662 487 1866 519 absconditus
1881 489 2017 528 conspici
2037 490 2172 528 auiplius

1141 558 1203 579 non
1215 549 1348 587 poterat.
1370 549 1514 586 Epicaste
1526 557 1600 578 vero
1616 550 1720 588 paullo
1735 552 1822 589 post,
1841 552 1894 581 ubi
1922 553 2017 583 amuli
2035 553 2170 584 advene-

1142 611 1230 648 rant,
1248 610 1348 649 quaeri
1364 610 1455 649 jubet
1480 609 1543 640 Laii
1559 618 1791 650 pereussormn,
1811 615 1843 643 ot
1859 623 1958 652 quum
1976 614 2028 645 1110
2046 616 2170 654 reperiri

1141 680 1203 702 non
1221 672 1342 711 posset,
1362 671 1471 702 Laium
1490 672 1521 701 et
1542 680 1721 710 praeconem
1738 682 1774 703 eo
1789 674 1855 712 ipso
1878 676 1947 705 loeo
1970 686 2032 715 quo
2050 677 2170 708 cecide-

1143 736 1212 766 rant
1227 736 1256 765 in
1276 735 1443 774 Laphystio
1459 735 1602 774 sepelivit
1617 735 1803 775 'l‘hebasque
1820 738 1866 767 est
1883 747 2018 769 reversa.
2035 740 2173 779 OEdipus

1141 809 1216 830 vero
1231 800 1431 829 Orchomeno
1450 799 1640 829 Corinthum
1659 799 1749 829 rediit
1766 801 1860 838 atque
1877 802 1977 831 mulas
2000 803 2064 833 Laii
2080 804 2170 842 (nam

1142 863 1198 893 has
1216 872 1343 902 quoque
1359 862 1490 901 agebat)
1509 862 1628 901 Polybo
1649 862 1780 893 tradidit
1798 865 1829 893 et
1852 872 1924 894 00111
1944 866 2083 897 Leueade
2100 876 2171 897 vcr-

1142 927 1269 958 sabatur
1289 928 1320 958 et
1334 926 1425 957 sicuti
1443 927 1535 957 antea
1551 926 1845 966 Polybum-patrem
1865 937 1957 958 suum
1974 938 2039 961 esse
2062 931 2169 969 opina-

1143 991 1247 1021 batur.

1633 1078 1684 1109 16.

1146 1197 1165 1204 ..
1185 1183 1239 1205 seu
1258 1174 1482 1214 Bellerophon,
1501 1183 1554 1205 seu
1575 1174 1732 1204 Chimaera
1745 1174 1894 1213 intereat„
1912 1175 2001 1205 lucro
2015 1184 2175 1207 cessurum

1144 1234 1242 1265 ratus.
1260 1232 1320 1263 Sed
1340 1242 1438 1272 quum
1458 1232 1665 1271 Bellerophon
1693 1232 1886 1263 Chimaeram
1909 1234 2112 1273 confecisset,
2136 1245 2173 1265 ae

1144 1291 1285 1321 maximo
1302 1292 1389 1321 metu
1408 1290 1534 1330 Lyciam
1549 1290 1728 1329 liberasset,
1747 1290 1961 1321 fortitudinem
1974 1291 2099 1330 juvenis
2113 1294 2172 1323 mi-

1145 1350 1231 1379 ratus
1246 1348 1444 1388 Amphianax
1455 1373 1462 1386 ‚
1478 1349 1508 1379 et
1522 1348 1617 1379 filiam
1635 1349 1665 1378 et
1678 1357 1809 1387 regnum
1829 1348 1912 1379 dotis
1929 1350 2056 1380 nomine
2069 1351 2095 1381 ei
2110 1352 2175 1381 tra-

1143 1406 1232 1436 didit.
1250 1408 1313 1437 Nec
1328 1407 1428 1436 multo
1442 1407 1529 1445 post,
1550 1415 1648 1445 quum
1663 1406 1855 1437 Sthenoboea
1875 1407 1986 1446 laqueo
2003 1407 2060 1437 sibi
2075 1408 2179 1438 saucrs

1146 1465 1286 1503 fregisset
1298 1489 1305 1502 ‚
1322 1466 1352 1494 et
1366 1464 1504 1494 nefarius
1518 1472 1607 1493 amor
1621 1464 1760 1494 mulieris
1773 1465 1804 1494 et
1824 1464 2071 1503 Bellerophontis
2088 1465 2177 1495 inno-

1145 1523 1247 1553 centia
1260 1523 1383 1553 detecta
1401 1523 1464 1560 est;
1482 1522 1558 1562 quin
1577 1522 1672 1553 etiam
1687 1523 1811 1553 Proetus
1835 1522 1891 1562 ipsi
1908 1522 2088 1554 satisfacere
2109 1527 2175 1554 erat

1146 1582 1284 1619 paratus,

1633 1669 1688 1699 17.

1187 1757 1252 1788 Sub
1262 1760 1374 1788 Perseo
1383 1731 1643 1788 evenerunfhaec.
1653 1756 1814 1794 Tantalus,
1824 1756 1939 1794 Tmoli,
1950 1765 1968 1787 a
1978 1766 2041 1796 quo
2050 1758 2179 1788 Tmolus

1148 1835 1239 1856 mons
1253 1825 1361 1864 Lydiae
1378 1833 1492 1855 nomen
1508 1824 1602 1855 habet
1615 1848 1623 1862 ,
1639 1824 1739 1862 silius,
1757 1824 1796 1854 ab
1812 1824 1858 1854 Ilo
1870 1824 2008 1862 Trojano
2022 1825 2178 1865 Phrygum

1147 1903 1218 1932 rege
1239 1893 1350 1932 proelio
1370 1892 1490 1930 vietus,
1517 1892 1625 1922 relicta
1652 1892 1752 1930 patria
1769 1891 1801 1922 in
1819 1892 2070 1931 Peloponnesum
2091 1893 2179 1924 sedes

1146 1963 1316 1994 transferre
1331 1961 1484 1998 instituit3
1499 1962 1529 1991 et
1550 1969 1649 1999 quum
1676 1960 1741 1999 ipse
1766 1960 1851 1990 senio
1870 1969 1996 1992 manere
2022 1961 2054 1991 111
2083 1961 2177 2000 Lydia

1147 2030 1322 2069 cogeretur,
1348 2028 1495 2066 Pelopem
1513 2027 1613 2057 tilium
1627 2036 1700 2057 cum
1721 2027 1860 2058 exercitu
1883 2028 1959 2058 illuc
1972 2028 2136 2068 ablegavit.
2155 2032 2182 2060 15

1148 2106 1222 2128 vero
1245 2105 1318 2127 cum
1341 2095 1450 2126 111111115
1473 2094 1584 2134 opibus
1606 2095 1725 2126 Nioben
1747 2104 1886 2126 sororem
1910 2105 2015 2127 secum
2041 2097 2179 2136 ducens,

1148 2165 1199 2195 ubi
1211 2165 1338 2195 demum
1354 2173 1371 2194 a
1382 2164 1488 2203 Sipylo
1504 2164 1662 2203 profectus
1672 2165 1764 2202 esset,
1777 2164 1858 2194 hanc
1868 2164 1996 2203 quidem
2011 2166 2178 2205 Amphioni

1147 2232 1298 2263 Thebano
1318 2231 1454 2262 elocavit
1466 2255 1474 2268 ‚
1493 2230 1557 2270 ipse
1574 2230 1680 2260 autem
1698 2230 1729 2259 111
1747 2230 1826 2260 Pisae
1843 2231 2001 2269 regionem
2024 2231 2178 2270 Pelopon-

1147 2299 1304 2329 nesiacam
1322 2298 1425 2337 venit,
1451 2297 1504 2328 ubi
1525 2299 1702 2328 OEnomaus
1723 2296 1891 2336 regnabat,
1911 2299 1998 2337 pater
2020 2297 2180 2337 Hippoda-

1147 2367 1240 2403 1111111,
1268 2366 1359 2405 cujus
1385 2366 1509 2404 nuptias
1535 2364 1717 2395 ambiebant
1739 2365 1809 2394 tum
1823 2364 1876 2394 alii
1897 2366 1966 2395 tum
1986 2373 2062 2394 vero
2087 2365 2181 2395 etiam

1148 2433 1311 2471 Myrtilus,
1331 2431 1558 2472 Hyperochidae
1573 2431 1670 2469 filius,
1682 2431 1831 2463 OEnomai
1848 2434 2010 2470 cognatus.
2026 2432 2066 2462 At
2078 2440 2177 2470 quum

1148 2502 1212 2540 ipse
1225 2502 1313 2540 pater
1325 2501 1421 2532 liliam
1433 2501 1606 2540 deperiret,
1622 2500 1739 2531 nemini
1753 2508 1822 2531 eam
1837 2500 1868 2530 in
1881 2499 2118 2530 matrimonium
2129 2499 2183 2529 de-

1151 2569 1304 2608 spondere
1321 2569 1457 2599 volebat.
1475 2571 1676 2608 Quamquam
1699 2568 1907 2607 Hippodamia
1929 2569 2073 2598 aversata
2087 2567 2184 2606 patris

56 2674 145 2712 φασὶν·
161 2674 250 2704 αὐτὸν
265 2672 445 2713 ε’ξῳδηκέναι
463 2672 498 2702 ἐκ
513 2671 705 2710 ταυτομάτου
719 2673 763 2701 τὼ
786 2672 872 2702 πόδε.
888 2690 928 2694 -
946 2675 974 2702 3.
996 2672 1177 2712 λευκαδί]
1197 2672 1242 2702 sic
1261 2672 1372 2703 codex,
1393 2675 1473 2703 Num
1488 2672 1645 2703 Λευκάδιῖ
1665 2672 1694 2702 id
1708 2681 1825 2702 nomen
1842 2671 1995 2703 muliebre
2008 2680 2024 2702 e
2038 2671 2136 2710 Caylo
2154 2671 2182 2700 in

61 2719 202 2758 RecuetI,
220 2719 285 2750 vol.
303 2721 349 2757 11,
364 2718 427 2749 tab.
444 2722 499 2755 52,
515 2723 531 2748 2
544 2718 675 2748 affertur
695 2718 725 2747 in
739 2718 847 2757 Steph.
861 2718 954 2749 Thes.
971 2721 1016 2749 Α11
1030 2721 1081 2749 καὶ
1097 2719 1134 2749 τὰ
1148 2719 1242 2756 σκεύη
1260 2719 1279 2749 ἃ
1293 2723 1398 2756 συνῆν,
1414 2728 1468 2749 5011
1483 2719 1521 2749 τὰ
1534 2719 1658 2749 ποικίλα
1673 2720 1692 2750 ἂ
1704 2724 1796 2757 συνῆν
1809 2720 1949 2761 όίρματα.ο
1963 2722 2010 2751 An
2022 2721 2074 2750 καὶ
2089 2720 2182 2750 διετέ-

56 2766 98 2795 λει
116 2765 230 2803 συνὼν,
245 2763 378 2802 conjecit
391 2763 589 2794 doctissimus
602 2764 708 2793 noster
725 2763 859 2793 Piccolo.

104 2816 150 2842 16.
178 2811 254 2842 Cod.
293 2813 418 2842 Tuo-on.
444 2809 509 2848 sol.
538 2813 614 2847 229,
643 2813 691 2840 1-5
717 2818 747 2839 r.
772 2809 911 2839 Primam
942 2810 1128 2841 narrationis
1150 2812 1271 2850 partem
1293 2812 1440 2851 supplere
1461 2811 1536 2841 licet
1557 2819 1574 2841 e
1590 2811 1719 2842 Diodori
1736 2813 1812 2842 Exc.
1839 2814 1885 2842 De
1902 2811 1993 2843 insid.
2013 2811 2051 2842 sr.
2074 2814 2084 2841 1
2102 2834 2111 2849 ,
2127 2810 2184 2841 nisi

57 2857 142 2896 quod
162 2857 204 2887 ibi
222 2857 345 2888 Iobates
359 2856 485 2892 dicitur,
503 2855 556 2894 qui
570 2857 678 2886 nostro
697 2856 805 2894 fragm.
824 2856 870 2885 est
885 2856 1115 2894 Ampln'anaoe.
1131 2859 1210 2893 Quae
1227 2858 1363 2888 nominis
1382 2858 1546 2889 diversitas
1559 2858 1653 2888 etiam
1671 2858 1755 2897 apud
1768 2858 1846 2888 alios
1877 2858 2028 2888 occurrit.

104 2906 151 2934 17.
180 2902 257 2934 Cod.
284 2902 454 2934 Escorial.
473 2901 544 2939 fol.
559 2904 594 2932 77
608 2925 616 2939 ‚
632 2905 669 2933 33
682 2910 712 2932 r.
728 2919 768 2923 -
780 2903 816 2933 77
828 2925 836 2939 ,
855 2906 892 2932 22
919 2909 985 2932 vso.
1003 2904 1078 2933 Haec
1101 2912 1229 2943 quoque
1256 2913 1274 2934 a
1296 2904 1390 2943 vulgo
1414 2904 1590 2934 fabularum
1607 2904 1768 2935 differunt.
1786 2921 1828 2926 —
1844 2908 1871 2935 1.
1898 2904 1979 2935 Ἐπὶ
2006 2903 2184 2942 Περσέως

58 2959 85 2978 τ.
105 2948 153 2988 ἐ.]
178 2948 258 2978 Hinc
272 2947 391 2986 colligis
403 2948 566 2977 auctorem
580 2948 723 2986 tempora
737 2955 843 2977 rerum
862 2947 1198 2986 Peloponuesiaearum
1214 2950 1253 2981 ad
1269 2951 1381 2982 seriem
1400 2959 1508 2989 regum
1528 2951 1716 2990 Argivorum
1730 2959 1909 2989 revocasse,
1923 2950 1974 2981 vel
1993 2950 2075 2981 Pelei
2090 2949 2184 2979 histo-

61 2993 138 3023 riam
155 3002 184 3023 n.
203 2994 225 3024 1.
240 2994 399 3024 narratam
413 2996 577 3031 propterea
590 2993 695 3023 al'ferri
706 3016 714 3031 ‚
730 2995 765 3024 ut
779 2993 942 3024 historiam
956 2993 995 3024 de
1010 2994 1123 3033 Argivo
1140 2996 1361 3035 Pelopidarum
1378 3005 1472 3035 regno
1486 2996 1711 3027 introduceret.
1729 2998 1788 3027 Pro
1798 2999 1890 3036 Τρῶα
1905 2997 1976 3027 sort.
1992 3005 2052 3027 scr.
2068 2995 2182 3035 Τρωός,

59 3057 99 3062 —
114 3045 143 3071 2.
165 3040 262 3070 Aliter
289 3040 458 3071 Pausanias
475 3041 519 3078 11,
539 3045 575 3071 22
587 3064 595 3077 ,
611 3044 627 3070 2
647 3050 656 3071 :
671 3041 739 3071 οὐδὲ
753 3041 871 3079 ἀνάγκη
886 3041 1049 3072 συνέπεσεν
1065 3042 1100 3073 ἐκ
1114 3046 1166 3079 τῆς
1193 3044 1325 3074 Σιπύλου
1351 3046 1452 3083 φυγεῖν
1471 3044 1561 3073 αὐτὸν
1588 3043 1787 3082 (Τάνταλον)
1802 3067 1811 3082 ,
1830 3045 1871 3077 ὡς
1892 3044 2017 3074 Πέλοπα
2040 3042 2183 3073 ἐπέλαῧεν

60 3088 183 3127 ὕστερον
197 3111 204 3124 ,
220 3089 394 3124 ἐλαύνοντος
413 3088 495 3119 Ἴλου
511 3092 565 3118 τοῦ
580 3089 699 3128 Φρυγὸς
712 3089 758 3119 ἐπ’
773 3089 863 3119 αὐτὸν
879 3092 1016 3130 στρατιᾷ.
1043 3089 1093 3121 Cf.
1117 3091 1223 3120 tamen
1238 3092 1267 3121 V
1279 3114 1287 3128 ,
1312 3094 1345 3120 13
1357 3114 1365 3128 ,
1385 3093 1414 3120 7.
1429 3107 1470 3111 —-
1484 3093 1512 3120 3.
1534 3091 1581 3119 ὑπ
1592 3089 1629 3128 ὸ]
1652 3098 1760 3120 vocem
1774 3089 1927 3128 supplevi.
1942 3106 1983 3111 —
1996 3092 2025 3119 4.
2040 3089 2183 3127 Ὑπερο-

62 3145 82 3174 χ
89 3134 192 3174 ἱδου]
206 3135 370 3175 ὑπερχίδου
385 3134 496 3165 codex.
515 3135 618 3173 Vulgo
636 3134 779 3173 Myrtilus
793 3135 875 3166 filius
888 3136 935 3166 est
950 3136 1108 3167 Mercurii.
1120 3139 1199 3167 Jove
1211 3140 1320 3166 natum
1334 3135 1410 3166 dicit
1422 3136 1521 3167 schol.
1537 3138 1613 3166 Eur.
1631 3138 1686 3166 Or.
1707 3139 1795 3166 1002.
1816 3135 1909 3172 Quod
1923 3135 2046 3174 reposui
2065 3142 2179 3164 nomen

61 3181 292 3213 00001111111101
308 3182 435 3213 Elenses
449 3181 558 3212 heroes
576 3190 626 3221 ap.
647 3183 775 3212 Homer.
793 3182 829 3212 ll.
845 3183 879 3219 λ,
894 3186 954 3214 672
967 3206 975 3220 ,
990 3182 1043 3213 ubi
1067 3182 1277 3223 Ὑπειροχίδης
1291 3182 1407 3212 dicitur
1421 3184 1605 3221 [tymoneus
1620 3182 1738 3212 Eleusis
1754 3190 1772 3212 a
1789 3184 1920 3213 Nestore
1934 3181 2067 3211 occisus.
2089 3181 2180 3209 Cete-

64 3236 133 3258 rum
155 3236 228 3258 011111
251 3228 365 3258 nostris
385 3227 620 3266 componendus
633 3230 680 3258 est
693 3229 819 3259 Tzetzes
832 3228 872 3258 ad
891 3229 1044 3267 Lycophr.
1062 3231 1139 3268 149,
1165 3228 1219 3258 ubi
1245 3230 1422 3259 OEnomaus
1444 3227 1636 3266 Hyper-oola·
1651 3228 1682 3258 et
1696 3229 1842 3266 Steropes
1855 3227 1937 3257 filius
1953 3226 2077 3256 dicitur.
2095 3225 2180 3262 Myr·-

64 3274 108 3304 1111
131 3282 247 3304 nomen
270 3274 300 3304 in
329 3274 437 3304 codice
459 3274 606 3304 scribitur
625 3273 673 3304 bis
698 3274 844 3313 Μυρτίλος
864 3274 955 3304 sicuti
974 3274 1085 3313 debet,
1108 3275 1386 3315 5011101Μύρτιλος,
1410 3275 1458 3305 ter
1481 3275 1639 3313 Μυρτῖλος.
1657 3291 1698 3295 -
1725 3279 1754 3304 5.
1780 3272 1932 3311 ἔφευγε]
1955 3272 2043 3310 ἔφυγε
2071 3269 2181 3301 codex.

67 3322 111 3350 De
127 3321 287 3351 OEuomao
314 3319 411 3350 filiam
429 3319 607 3359 deperiente
627 3329 698 3351 011111
722 3321 834 3352 Nostro
858 3320 977 3351 faciunt
999 3322 1128 3353 Tzetzes
1146 3321 1184 3353 ad
1203 3323 1275 3360 Lyc.
1307 3324 1376 3359 156,
1395 3321 1506 3360 Hygin.
1532 3320 1593 3351 sab.
1621 3324 1698 3357 253,
1722 3320 1849 3350 Lucian.
1876 3317 2053 3349 Charidem.
2081 3324 2109 3345 c.
2134 3319 2180 3346 19.
