2338 3765
946 175 1268 215 insumiijs’ixx.
2094 193 2111 222 4
2130 193 2167 222 ζς,

60 261 276 313 ἀμφοτέροις·
295 261 351 298 καὶ
370 261 435 311 γὰρ
454 261 526 298 τότε
546 263 574 297 οἱ
597 262 810 297 άπολιι)λέναι
827 260 978 303 δοξαντες
994 259 1085 303 αὖθις

60 319 353 370 ἀναθαρρήσαντες
366 318 441 360 τοὺς
456 318 670 363 νενικηκότας
683 318 815 363 ἤλασαν
828 334 833 340 ·
847 320 951 358 πολὺν
963 313 1018 355 οὖν
1032 319 1086 355 πό-

58 392 112 413 νον
131 376 285 427 παρέςειν
303 376 463 427 Καίσαρα
485 376 541 412 καὶ
560 376 762 412 ἀπολωλότα
778 377 846 417 τοῖς
864 392 898 413 τε
919 379 1085 427 σφαγεῦσι

59 434 115 471 καὶ
129 438 170 486 τῇ
185 434 311 471 τούτων
324 434 484 485 ἑταιρείᾳ,
499 433 657 483 μεγάλων
670 433 935 484 στρατευμάτων
951 433 1085 472 ἐνεστώ-

58 508 123 528 των
139 493 196 528 καὶ
219 493 348 542 ἀνδρῶν
363 493 416 528 ἐπ’
435 492 546 533 αὐτοῖς
564 491 789 542 δραστηρίων.
805 493 850 529 Οἱ
868 492 902 529 δὲ
925 492 999 542 περὶ
1015 491 1084 529 Ἂν·

58 550 173 587 τώνιον
190 550 268 601 πρὶν
290 549 350 598 μὲν
369 548 716 600 παρασκευάσασθαι,
734 549 1010 600 διεπρεσόεύοντο
1030 549 1086 586 καὶ

57 609 245 658 διελέγοντο
269 613 335 649 τοῖς
350 609 383 644 ἐν
403 606 626 658 Καπιτωλίῳ.
647 607 749 644 Ἐπεὶ
769 607 805 644 δὲ
825 607 947 653 πλήθει
973 606 1085 643 ὅπλων

57 666 115 704 καὶ
147 671 307 717 στρατιᾶς
339 665 545 716 ἐθάρρησαν,
581 665 718 701 διοικεῖν
751 665 864 710 ἠξίουν
895 664 937 701 τὰ
969 663 1064 701 κοινὰ
1078 694 1086 710 ‚

56 724 248 765 παύσαντες
275 723 330 760 τὸν
361 724 394 759 ἐν
424 726 466 772 τῇ
492 723 591 760 πόλει
619 722 784 773 τάραχον.
819 725 960 773 Πρῶτον
992 721 1026 759 δὲ
1054 724 1086 759 ἐν

57 782 150 834 σφίσι
169 781 294 832 βουλὴν
308 780 497 831 προῦθεσαν
515 780 607 822 ὅπως
623 779 690 831 χρὴ
706 780 796 831 ἔχειν
812 781 893 831 πρὸς
908 779 983 822 τοὺς
1000 795 1086 831 σφα-

56 841 134 891 γέας
148 871 157 886 ,
183 838 455 889 συγκαλέσαντες
474 837 550 880 τοὺς
568 839 694 889 φίλους.
718 840 836 876 Τῶνδε
857 838 1003 880 Λέπιδος
1026 838 1086 886 μὲν

57 898 256 949 ἀπεφήνατο
294 897 435 947 γνώμην
448 927 456 941 ,
491 897 653 945 πολεμεῖν
684 896 839 947 ἄντικρυς
872 896 991 939 αὐτοὺς
1029 897 1087 932 καὶ

55 957 214 1005 τιμωρεῖν
245 954 408 1005 Καίσαρι·
439 952 562 1004 Ἵρτιος
583 952 617 990 δὲ
648 953 864 1003 διαλέγεσθαι
889 953 947 990 καὶ
974 954 1086 1003 φιλίαν

55 1013 215 1051 τίθεσθαι.
231 1009 350 1054 Ἄλλος
367 1011 401 1048 δὲ
416 1011 476 1057 τὴν
491 1011 645 1049 ἐναντίαν
660 1005 732 1048 εἶπε
748 1015 795 1063 τῷ
812 1011 962 1063 Λεπίδῳ,
981 1027 1084 1063 προσ-

56 1070 214 1120 θέμενος,
240 1072 286 1112 ὡς
323 1069 381 1106 καὶ
418 1069 551 1106 ἀνόσιον
579 1069 630 1114 εἴη
655 1075 816 1121 περιορᾶν
847 1069 1003 1114 νήποινον
1031 1069 1087 1106 τὸν

57 1127 230 1179 Καίσαρος
253 1126 364 1178 φόνον,
391 1127 448 1163 καὶ
469 1128 582 1168 αὐτοῖς
603 1125 715 1175 μέντοι
742 1127 801 1163 οὐκ
822 1126 989 1176 ἀσφαλὲς,
1016 1126 1088 1163 ὅσοι

55 1187 172 1238 ἐκείνῳ
192 1180 281 1232 ἦσαν
301 1185 412 1237 φίλοι·
438 1185 495 1222 καὶ
522 1183 587 1235 γὰρ
605 1186 632 1221 εἷ
653 1186 686 1221 ἐν
714 1186 762 1235 τῷ
785 1183 930 1234 παρόντι
950 1185 1087 1235 ἡσυχά-

57 1247 168 1287 ζουσιν
196 1246 226 1280 οἱ
261 1242 475 1294 αὐτόχειρες,
514 1242 603 1278 ἀλλὰ
632 1241 773 1290 δύναμίν
806 1257 843 1291 γε
879 1241 1088 1289 κτησάμενοι

55 1302 271 1354 χωρήσουσιν
291 1301 347 1338 ἐπὶ
367 1300 483 1339 πλέον.
512 1299 684 1342 Ἀντώνιος
700 1299 734 1337 δὲ
751 1302 793 1349 τῇ
810 1300 931 1351 Ἰρτίου
949 1300 1089 1352 προσθέ-

57 1377 155 1410 μενος
173 1360 316 1410 γνώμῃ,
339 1359 458 1403 σώζειν
489 1358 610 1400 αὖτοὺς
637 1357 743 1403 ἠξίου.
762 1352 878 1396 *Hem
899 1359 927 1395 δ’
953 1360 982 1396 οἳ
1004 1361 1087 1395 ἀπο·

56 1420 261 1471 πέμψασθαι
284 1418 596 1470 παρακελευόμενοι
618 1418 655 1454 ἐκ
671 1419 730 1462 τῆς
758 1417 889 1458 πόλεως
917 1417 1087 1454 ὑποσπόν-

57 1480 131 1520 δους
154 1477 208 1527 (8).

109 1539 284 1572 XXVIII.
309 1534 407 1572 Μετὰ
420 1534 454 1572 δὲ
467 1534 610 1571 θάνατον
628 1534 685 1570 καὶ
703 1532 841 1578 κηδείαν
860 1537 917 1569 τοῦ
938 1535 1088 1582 μεγάλου

61 1594 232 1646 Καίσαρος
252 1593 523 1630 συνεῧούλευσαν
542 1593 572 1629 οἱ
593 1592 684 1643 φίλοι
704 1591 853 1642 Καίσαρι
869 1593 916 1641 τῷ
937 1591 1000 1641 νέῳ
1019 1591 1086 1628 Ἀν-

57 1652 173 1689 τώνιον
201 1651 411 1697 ποιήσασθαι
441 1651 535 1700 φίλον
560 1650 617 1687 καὶ
637 1652 702 1685 τῶν
724 1648 939 1699 πραγμάτων
965 1651 1089 1697 ἐπιμε-

55 1710 177 1756 λητήν.
198 1711 236 1728 *⁴²
260 1711 404 1747 Πολλῶν
427 1711 465 1757 (1)
484 1708 518 1745 δὲ
539 1708 596 1746 καὶ
617 1707 728 1744 ἄλλων
745 1706 861 1743 αἰτίων
883 1706 1087 1755 συμῧάντων

55 1769 137 1820 πρὸς
166 1767 227 1812 τὴν
253 1767 335 1817 πρὸς
363 1766 541 1811 ἀλλήλουξ
558 1764 735 1817 διαφορὰν,
762 1763 869 1802 ἐδόκει
896 1764 1007 1805 αὐτοῖς
1027 1764 1087 1809 τὴν

56 1826 180 1877 ἔχθραν
199 1824 353 1868 ἐξάπτειν
381 1825 511 1873 μᾶλλον
535 1823 616 1874 πρὸς
638 1821 826 1868 ἀλλήλους,
846 1821 1003 1873 διάφορος
1027 1821 1088 1868 μὲν

57 1883 103 1920 ὧν
119 1884 161 1934 (2)
179 1882 261 1934 πρὸς
279 1881 453 1933 Καίσαρα,
466 1880 695 1932 συμπράττων
712 1881 740 1917 δ’
755 1879 934 1929 Ἀντωνίῳ.
950 1881 1088 1930 Καῖσαρ

57 1944 85 1979 δ’
108 1941 202 1980 οὐδὲν
224 1942 381 1992 ὀρρωδῶν
403 1942 440 1977 ἐκ
461 1943 518 1977 τοῦ
538 1940 807 1989 μεγαλόφρονος,
828 1937 905 1980 θέας
923 1936 1028 1974 ἐποίει
1048 1937 1087 1987 (ι)

57 2000 221 2046 ἐνστάσης
237 2002 354 2050 ἑορτῆς
369 1999 410 2044 ἣν
428 2000 444 2036 6
461 1997 575 2049 πατὴρ
594 1998 695 2034 αὐτοῦ
713 1995 949 2042 κατεστήσατο
969 1994 1088 2047 Ἀφρο-

56 2057 146 2108 δίτῃ.
172 2057 243 2096 Καὶ
260 2051 352 2098 αὖθις
369 2055 565 2107 προσελθὼν
585 2056 623 2105 (4)
643 2054 701 2092 σὺν
719 2055 870 2092 πλείοσιν
889 2053 937 2091 ἔτι
955 2053 1013 2090 καὶ
1031 2054 1086 2105 φί-

55 2118 137 2162 λοις,
154 2116 343 2167 παρεκάλει
357 2114 530 2153 Ἀντώνιον
541 2145 548 2159 ,
565 2117 789 2165 συγχωρῆσαι
800 2113 855 2149 τὸν
871 2112 985 2163 δίφρον
1001 2112 1086 2160 μετὰ

56 2178 114 2212 τοῦ
139 2174 304 2226 στεφάνου
325 2173 473 2210 τίθεσθαι
493 2175 540 2223 τῷ
559 2171 678 2223 πατρί.
702 2171 747 2210 ‘O
768 2172 796 2208 δ’
814 2171 915 2220 ὅμοια
939 2171 1088 2215 ἠπείλη-

57 2248 124 2278 σεν,
142 2234 170 2269 εἰ
189 2231 236 2281 μὴ
256 2231 383 2269 τούτων
405 2230 556 2273 ἀποστὰς
571 2229 717 2281 ἡσυχίαν
736 2229 823 2278 ἄγοι.
845 2228 913 2266 Καὶ
930 2228 963 2270 ὃς
984 2228 1087 2278 ἀπῄει

57 2291 114 2328 καὶ
131 2290 223 2328 οὐδὲν
240 2292 460 2336 ἠναντιοῦτο,
485 2288 671 2331 κωλύοντος
694 2291 751 2325 τοῦ
774 2287 921 2324 ὑπάτου·
940 2286 1086 2324 εἰσιόντα

57 2365 95 2398 γε
120 2348 186 2398 μὴν
202 2348 303 2386 αὐτὸν
334 2349 379 2390 εἷς
403 2347 440 2385 τὸ
459 2346 597 2398 θέατρον
619 2346 748 2398 ἐκρότει
769 2348 786 2383 6
806 2347 911 2390 δῆμος
936 2340 972 2381 εὖ
992 2345 1087 2393 μάλα

57 2407 114 2444 καὶ
127 2409 157 2444 οἱ
175 2406 334 2457 πατρικοὶ
353 2407 562 2456 στρατιῶται
578 2404 766 2455 ἦχθημένοι
785 2405 825 2454 (5)
845 2403 928 2440 διότι
943 2403 1002 2444 τὰς
1019 2418 1086 2438 πα-

56 2464 183 2518 τρῴους
202 2464 444 2513 ἀνανεούμενος
475 2462 576 2512 τιμὰς
603 2462 810 2508 διεκωλύθη,
833 2461 955 2503 ἄλλους
978 2476 1013 2498 τε
1034 2462 1087 2497 ἐπ’

58 2523 171 2566 ἄλλοις
191 2522 328 2574 κρότους
343 2522 470 2559 ἐδίδουν
490 2523 573 2572 παρ’
591 2520 672 2567 ὅλην
690 2520 751 2566 τὴν
766 2519 844 2557 θέαν
862 2519 1087 2568 ἐπισημαινό-

60 2596 152 2629 μενοι
170 2582 227 2630 (6).
241 2580 284 2618 ‘O
298 2580 332 2617 δὲ
344 2580 381 2617 τὸ
392 2579 549 2630 ἀργύριον
562 2579 698 2629 ἠρίθμει
709 2582 756 2629 τῷ
768 2578 867 2629 δήμῳ
879 2593 885 2600 ·
898 2577 981 2627 ὅπερ
996 2579 1088 2628 αὐτῷ

61 2639 213 2688 μεγάλην
235 2638 366 2676 εὔνοιαν
387 2638 573 2689 παρέσχεν.
598 2636 659 2680 Ἐξ
676 2636 804 2682 ἐκείνης
825 2636 859 2672 δὲ
879 2639 938 2680 τῆς
957 2635 1088 2684 ἡμέρας

61 2696 190 2744 μᾶλλόν
220 2713 252 2733 τι
280 2696 421 2748 φανερὸς
450 2689 489 2741 ἦν
511 2694 683 2736 Ἀντώνιος
703 2695 874 2743 δυσμενῶς
896 2693 983 2744 τέ’-χιον
1006 2693 1089 2743 πρὸς

64 2754 221 2806 Καίσαρα
231 2784 240 2801 ,
253 2753 410 2802 ἐμποδὼν
421 2752 598 2803 γενόμενος
613 2755 653 2803 τῇ
667 2755 726 2789 τοῦ
742 2752 851 2800 δήμου
863 2751 993 2801 σπουδῇ
1008 2750 1089 2800 πρὸς

1148 271 1177 299 ul
1193 271 1293 300 neutri
1309 282 1339 300 se
1358 274 1435 310 parti
1449 274 1667 312 adjungentes,
1683 275 1799 305 medios
1814 286 1845 305 se
1858 277 1936 306 iuter
1952 278 2100 317 utrosque
2112 278 2173 307 ‹ol-

1147 332 1283 363 locarent
1307 346 1310 362 :
1341 344 1411 363 uam
1434 336 1507 364 tuuc
1532 345 1659 376 quoque
1684 338 1736 376 qui
1761 338 1886 376 periisse
1910 339 2100 377 viderentur,
2125 349 2171 368 re-

1147 395 1280 434 sumptis
1305 396 1417 426 animis
1441 398 1572 428 victores
1588 402 1753 439 expulisse.
1782 402 1916 432 Multum
1944 402 2035 441 igitur
2062 403 2174 432 laboris·

1147 459 1352 498 proebiturum
1365 462 1516 492 Caesarem
1528 462 1620 492 ctiam
1633 466 1792 494 mortuum
1808 465 2041 503 percussoribus
2052 475 2174 495 coruin-

1146 532 1207 562 que
1222 523 1360 562 factioni,
1378 525 1496 563 maguis
1508 526 1572 564 jam
1585 527 1820 559 iuunineutilnis
1838 530 2040 568 exercitibus,
2059 530 2174 568 quibus

1146 586 1241 617 duces
1254 588 1422 625 praeessent
1435 588 1648 619 streiniissimi.
1667 591 1817 622 Antonius
1828 593 1933 622 autem
1955 592 2082 631 ejusque
2098 592 2172 622 socii

1146 647 1315 684 antequam
1330 646 1366 675 ad
1383 647 1616 685 exsequendum
1630 650 1820 687 propositum
1836 651 2083 689 accingerentur,
2100 652 2173 681 inis-

1145 705 1187 736 sis
1200 706 1308 744 legatis
1322 714 1395 736 cum
1413 706 1448 735 iis
1461 707 1515 745 qui
1535 707 1564 736 in
1579 708 1732 746 CapItoIio
1746 711 1852 747 eraut,
1871 710 2017 741 collocuti
2035 713 2118 741 sunt.
2140 714 2172 741 Int

1146 774 1307 796 armorum
1331 765 1532 805 militumque
1555 767 1644 805 copia
1659 767 1788 799 fidentes
1803 770 2027 808 rempublicam
2042 771 2171 801 admini-

1146 827 1243 856 strare
1260 828 1442 865 coeperunt,
1460 826 1568 857 sedato
1588 827 1616 856 in
1642 827 1718 857 urbe
1742 830 1887 859 tumultu.
1918 830 2056 865 Primum
2083 840 2174 869 vero,

1146 888 1326 919 convocatis
1351 888 1477 926 amicis,
1495 888 1707 919 deIIberai-unt
1735 890 1807 920 inter
1837 900 1890 927 se,
1915 893 2075 931 quomodo
2105 902 2175 930 erga

1147 956 1343 986 percussores
1358 948 1429 987 ipsis
1449 948 1602 987 agendum
1621 950 1712 979 esset.
1734 949 1866 988 Lepidus
1882 952 1977 982 armis
1992 953 2100 982 eontra
2124 961 2177 983 eos

1148 1008 1363 1039 dimicandum
1387 1011 1417 1040 et
1441 1008 1573 1040 Caesaris
1590 1018 1697 1040 necem
1719 1009 1931 1041 ulciscendam
1949 1020 2014 1041 esse
2037 1013 2175 1048 censuit;

1151 1069 1267 1100 Hirtius
1281 1069 1406 1108 transigi
1422 1071 1452 1100 et
1467 1070 1639 1100 amicitiam
1658 1070 1744 1109 jungi
1760 1070 1868 1100 voluit.
1889 1071 1974 1101 Alius
1987 1072 2176 1102 contrariam

1147 1129 1333 1160 sententiam
1350 1138 1422 1159 cum
1442 1129 1558 1169 Lepido
1571 1129 1685 1160 faciens
1700 1130 1878 1168 proposuit,
1895 1139 1996 1169 neque
2012 1131 2097 1169 pium
2112 1141 2177 1160 esse

1147 1190 1264 1221 addens
1279 1190 1301 1220 si
1318 1189 1450 1220 inultam
1464 1189 1582 1220 caedem
1597 1189 1727 1220 Caesaris
1740 1189 1874 1220 sinerent
1888 1212 1895 1227 ,
1909 1198 2009 1229 neque
2024 1190 2096 1229 ipsis
2112 1191 2177 1229 ejus

1147 1250 1256 1280 amicis
1277 1250 1353 1280 allas
1369 1249 1571 1280 securitatem
1589 1249 1672 1286 fore;
1694 1262 1707 1274 «
1728 1257 1799 1279 nam
1825 1249 1849 1279 si
1877 1249 1907 1279 in
1928 1249 2090 1288 przesenti,
2113 1250 2176 1287 ait,

1148 1308 1313 1348 quiescunt
1327 1307 1541 1338 interfectores
1552 1331 1560 1345 ‚
1574 1308 1658 1337 certe
1668 1307 1809 1337 simulac
1822 1306 1938 1337 viribus
1949 1307 2031 1338 aucti
2045 1307 2175 1345 fuerint,

1148 1366 1344 1397 insolescent.
1371 1380 1383 1392 »
1412 1365 1565 1396 Antonius
1589 1365 1680 1396 Hirtii
1708 1365 1871 1395 sententiae
1894 1365 2089 1404 adstipulans
2114 1375 2178 1396 ser-

1149 1424 1268 1455 vandos
1289 1433 1355 1455 esse
1370 1424 1500 1454 censuit.
1531 1425 1625 1454 Erant
1644 1423 1738 1453 etiam
1758 1423 1863 1462 quiex
1885 1423 1961 1452 urbe
1978 1423 2179 1453 dimittendo<

1148 1492 1213 1514 esse
1231 1482 1329 1522 pactis
1344 1482 1474 1512 induciis
1490 1480 1713 1511 existimarent.

1191 1542 1333 1572 XXVIII.
1360 1542 1431 1571 Post
1448 1548 1556 1570 necem
1570 1540 1599 1570 et
1618 1539 1781 1578 exsequias
1798 1539 1930 1570 Caesaris
1948 1539 2069 1578 magui,
2088 1540 2179 1569 fauni-

1151 1606 1240 1636 liares
1256 1604 1430 1636 suadebant
1446 1604 1562 1636 caesari
1578 1603 1693 1643 juniori
1708 1627 1716 1642 ,
1735 1604 1768 1633 ut
1783 1604 1953 1634 Antonium
1972 1604 2108 1634 amicum
2122 1604 2179 1634 sibi

1151 1668 1333 1700 conciliaret
1359 1676 1496 1707 eumque
1519 1676 1624 1698 rerum
1645 1675 1774 1696 suarum
1802 1668 2036 1706 procuratorem
2063 1667 2179 1697 eonsti-

1150 1735 1261 1764 tueret.
1280 1732 1332 1748 ***
1344 1732 1500 1762 Praeterea
1518 1738 1617 1769 quum
1634 1730 1694 1760 alia
1711 1730 1809 1760 multa
1829 1729 1867 1760 ad
1887 1729 2049 1760 dissidium
2071 1739 2179 1760 eorum

1149 1797 1344 1834 conferrent,
1360 1794 1412 1826 ine
1428 1804 1445 1824 a
1466 1796 1589 1825 Caesare.
1608 1793 1728 1824 alicnus
1743 1794 1774 1824 et
1789 1802 1860 1823 cum
1881 1795 2016 1825 Antonio
2044 1794 2158 1825 faciens
2170 1819 2177 1831 ‚

1150 1861 1246 1900 magis
1263 1861 1358 1891 etiam
1376 1859 1514 1890 excitare
1539 1857 1731 1888 inimicitiam
1745 1866 1854 1887 eorum
1875 1857 2050 1888 videbatur.
2073 1861 2179 1889 Caesar

1150 1934 1222 1956 vero
1251 1924 1327 1955 niun
1349 1922 1554 1954 reformidans
1575 1929 1641 1959 proc
1665 1921 1760 1952 animi
1786 1920 1971 1959 altitudine,
1999 1923 2179 1961 spectacula

1149 1990 1331 2027 adornavit,
1349 1990 1483 2019 instante
1497 1988 1592 2026 festo,
1606 1987 1690 2027 quod
1705 1987 1791 2026 pater
1810 1986 1923 2017 Veneri
1949 1987 2111 2016 Genilrici
2131 1986 2178 2016 in-

1149 2055 1304 2087 stituerat.
1321 2056 1364 2085 Ac
1383 2053 1487 2084 denuo
1501 2061 1573 2084 cuin
1590 2051 1697 2082 amicis
1720 2050 1935 2090 compluribus
1950 2050 1989 2081 ad
2010 2051 2178 2081 Antonium

1150 2120 1301 2150 accedens
1314 2118 1442 2158 petivit,
1462 2119 1498 2147 ut
1522 2116 1629 2147 sellam
1656 2117 1688 2146 et
1714 2123 1863 2145 coronam
1886 2114 1964 2153 patri
1985 2122 2099 2153 ponere
2121 2114 2176 2143 sibi

1150 2184 1394 2224 permitteretur.
1416 2181 1470 2212 Ille
1486 2182 1590 2211 autem
1605 2179 1713 2210 eadem
1728 2187 1799 2218 qnae
1812 2179 1904 2208 antea
1919 2177 2108 2214 minabatur,
2122 2177 2177 2206 nisi

1148 2249 1187 2279 ab
1201 2249 1249 2278 liis
1263 2246 1415 2278 desistens
1436 2245 1574 2284 quietem
1591 2245 1704 2283 ageret.
1727 2242 1809 2273 Abiit
1834 2243 1938 2272 Caesar
1961 2250 2062 2280 neque
2089 2241 2178 2280 quid-

1149 2320 1245 2351 quam
1259 2313 1368 2341 contra
1384 2309 1512 2340 molitus
1530 2310 1577 2339 est
1593 2332 1600 2345 ,
1620 2306 1808 2346 impediente
1826 2305 1962 2335 consule.
1979 2306 2127 2335 Ceterum
2147 2306 2175 2334 in

1151 2376 1308 2406 theatrum
1329 2372 1553 2413 ingredientem
1581 2370 1695 2410 Ingenti
1717 2370 1825 2409 plausu
1850 2368 1984 2408 populus
2007 2368 2128 2407 excepit
2149 2370 2177 2397 et

1150 2439 1244 2479 patris
1260 2436 1507 2473 commilitones,
1535 2443 1615 2474 mgre
1637 2434 1769 2464 ferentes
1789 2441 1862 2463 eum
1886 2434 2030 2471 paternos
2048 2431 2180 2461 honores

1150 2505 1375 2533 renovaturum
1386 2499 1545 2540 prohiberi
1557 2510 1564 2538 ;
1577 2498 1715 2536 aliosque
1726 2505 1760 2527 su
1767 2504 1820 2535 pra
1833 2495 1900 2525 aliis
1915 2495 2040 2533 plausus
2053 2493 2180 2524 edenti-s

1150 2576 1203 2606 pru·
1218 2567 1318 2597 totum
1333 2563 1548 2604 spectaculum
1570 2562 1709 2592 favorem
1727 2568 1818 2590 suum
1837 2558 1962 2597 professi
1981 2559 2064 2588 sunt.
2086 2559 2179 2587 I‘orro

1150 2627 1432 2665 (Imsarargentum
1456 2624 1572 2664 populo
1596 2623 1824 2661 dinumeravit;
1850 2622 1933 2652 unde
1954 2630 2098 2660 magnam
2124 2620 2179 2649 sibi

1150 2690 1399 2722 benevolentiam
1413 2688 1601 2719 conciliavit.
1624 2687 1698 2718 Inde
1721 2687 1761 2717 ab
1777 2686 1827 2716 illa
1844 2686 1894 2716 die
1908 2685 2098 2716 manifestior
2115 2687 2181 2714 erat

1151 2754 1273 2785 Antonii
1288 2753 1437 2784 adversus
1453 2754 1609 2783 coesarem
1624 2750 1766 2781 simultas
1780 2759 1817 2781 eo
1837 2749 1921 2789 quod
1938 2749 2042 2788 populi
2061 2749 2090 2778 in
2108 2757 2179 2777 euin

74 2814 2167 2834 Μ

60 2874 88 2902 8.
110 2872 202 2902 Plura
223 2871 388 2909 excerptor
404 2869 520 2900 omisit.

99 2919 242 2948 XXVIII.
263 2922 288 2947 1.
306 2919 461 2947 Lacunam
474 2915 588 2946 notavi.
603 2915 709 2946 Codex
725 2899 876 2945 azufflv‘-
892 2919 920 2944 2.
934 2914 1072 2954 διάφορος
1084 2913 1136 2952 μὲν
1148 2911 1210 2950 ὡν]
1227 2912 1299 2941 Haec
1314 2907 1512 2947 intelligenda
1527 2908 1602 2946 puto
1615 2907 1653 2937 de
1665 2906 1805 2937 Crilonio
1820 2905 1956 2935 tribuno.
1972 2906 2010 2934 V.
2030 2906 2094 2934 not.
2113 2911 2176 2940 seq.

60 2980 98 2984 —
110 2964 273 3002 3.Appiau.
291 2965 351 3003 III,
368 2966 404 2994 58
419 2972 425 2993 ι
441 2963 515 2993 Θέαι
530 2963 555 2992 δ’
568 2962 647 2999 ἦσαν
658 2984 666 2999 ,
682 2961 715 2996 ἃς
730 2961 893 3001 Κριτώνιος
907 2960 1106 3000 ἀγορανομῶν
1121 2959 1223 2997 ἔμελλε
1236 2957 1378 2987 τελέσειν·
1390 2956 1440 2985 καὶ
1453 2956 1469 2984 ὁ
1482 2956 1600 2993 Καῖσαρ
1612 2954 1639 2988 ἐς
1650 2954 1701 2988 τὰς
1714 2953 1780 2987 θέας
1794 2956 1836 2991 τῷ
1848 2952 1937 2991 πατρὶ
1948 2951 1998 2981 τόν
2009 2961 2040 2981 τε
2052 2950 2177 2990 χρύσεον

61 3009 161 3048 θρόνον
175 3011 226 3040 καὶ
241 3010 386 3046 στέφανον
400 3009 622 3047 παρεσκεύαζεν
636 3031 644 3045 ,
659 3008 734 3047 ἅπερ
748 3008 832 3046 αὐτῷ
845 3006 924 3036 κατὰ
937 3006 1038 3040 πάσας
1064 3005 1130 3040 θέας
1144 3004 1331 3044 ἐψηφίσαντο
1345 3002 1547 3042 προτίθεσθαι.
1564 3003 1627 3031 Τοῦ
1643 3000 1809 3040 Κριτωνίου
1826 3000 1856 3030 δὲ
1871 2998 2007 3033 εἰπόντος
2017 3021 2026 3035 ,
2041 2997 2096 3027 οὐκ
2110 2997 2176 3026 ἀνέ-

60 3057 157 3090 ξεσθαι
173 3056 345 3096 τιμωμένου
359 3055 512 3094 Καίσαρος
526 3056 555 3085 ἐν
569 3057 633 3089 ταῖς
650 3054 742 3084 αὐτοῦ
756 3053 903 3087 δαπάναις
914 3078 924 3091 ,
939 3053 955 3082 6
970 3054 1089 3091 Καῖσαρ
1105 3051 1196 3081 αὐτὸν
1213 3051 1240 3085 ἐς
1256 3050 1307 3080 τὸν
1323 3049 1476 3079 Ἀντώνιον
1494 3047 1565 3086 ἧγεν
1577 3070 1584 3084 ,
1598 3049 1637 3081 ὡς
1654 3047 1784 3077 ὕπατον.
1802 3045 1958 3076 Ἀντωνίου
1976 3044 2006 3074 δὲ
2021 3043 2154 3075 εἰπόντος
2167 3066 2174 3075 ,

60 3102 88 3136 ἐς
101 3103 153 3137 τὴν
168 3103 278 3142 βουλὴν
294 3101 465 3132 ἐπανοίσειν
479 3125 488 3140 ,
502 3101 676 3140 χαλεπήνας
690 3101 706 3130 6
723 3102 855 3139 Καῖσαρ,
869 3098 1003 3138 Ἀνάφερε
1017 3121 1025 3135 ,
1042 3098 1123 3128 εἶπεν
1137 3105 1143 3112 ·
1163 3097 1223 3135 ἐγὼ
1243 3097 1274 3126 δὲ
1287 3096 1337 3125 τὸν
1354 3094 1473 3134 θρόνον,
1489 3094 1544 3128 ἕως
1559 3094 1594 3123 ἂν
1608 3092 1626 3132 ᾖ
1642 3093 1676 3123 τὸ
1691 3092 1789 3131 δόγμα
1803 3116 1810 3129 ,
1827 3091 1984 3130 προθήσω.
2002 3090 2061 3119 Καὶ
2076 3088 2091 3117 ὁ
2113 3087 2175 3117 Ἀν-

61 3149 165 3185 τώνιος
178 3150 349 3189 χαλεπήνας
363 3149 525 3179 ἐκώλυσεν.
540 3149 696 3179 Ἐκώλυσε
709 3147 739 3177 δὲ
754 3147 804 3176 καὶ
825 3147 854 3176 ἐν
868 3148 932 3180 ταῖς
952 3146 1015 3181 ἑξῆς
1030 3145 1108 3180 θέαις
1122 3144 1164 3174 ἔτι
1179 3143 1429 3182 παραλογώτερον
1444 3164 1451 3177 ,
1471 3141 1503 3175 ἃς
1518 3140 1607 3175 αὐτὸς
1626 3141 1642 3170 ὁ
1657 3141 1776 3178 Καῖσαρ
1793 3139 1883 3169 ἐτέλει
1896 3161 1904 3175 ,
1922 3136 2118 3173 ἀνακειμένας
2143 3134 2176 3163 ἐν.

61 3198 113 3225 τοῦ
130 3197 241 3236 πατρὸς
254 3196 403 3235 Ἀφροδίτῃ
418 3195 571 3235 Γενετείρᾳ
583 3219 591 3233 ,
605 3194 710 3233 ὅτεπερ
724 3194 800 3232 αὐτῇ
815 3194 865 3222 καὶ
882 3193 932 3223 τὸν
949 3193 1023 3222 νεὼν
1039 3193 1055 3221 6
1071 3192 1169 3229 πατὴρ
1182 3191 1233 3220 τὸν
1247 3190 1276 3219 ἐν
1290 3190 1386 3228 ἀγορᾷ
1400 3188 1464 3227 ἅμα
1479 3187 1554 3226 αὐτῇ
1573 3187 1668 3226 ἀγορᾷ
1683 3186 1822 3216 ἀνετίθει.
1837 3184 1914 3214 Τότε
1927 3183 1962 3218 δὴ
1977 3182 2026 3211 καὶ
2045 3180 2174 3218 μάλιστα

63 3244 149 3279 μῖσος
163 3242 219 3278 ἤδη
234 3243 324 3280 σαφὲς
345 3242 378 3272 ἐκ
393 3241 514 3272 πάντων
533 3241 560 3276 ἐς
577 3242 627 3272 τὸν
641 3240 796 3271 Ἀντώνιον
815 3238 947 3277 ἐγίγνετο
961 3239 1026 3269 κτλ.
1042 3238 1090 3269 Cf.
1107 3237 1164 3267 Dio
1178 3239 1234 3275 45,
1251 3240 1267 3266 6
1280 3246 1289 3273 ;
1304 3236 1433 3266 Sueton.
1454 3236 1534 3265 Caes.
1557 3238 1591 3264 10
1614 3234 1644 3263 et
1666 3236 1722 3269 88;
1743 3230 1902 3262 Plutarch.
1921 3229 2032 3259 Anton.
2063 3229 2117 3274 ιο,
2135 3230 2169 3258 2;

64 3290 190 3325 August.
206 3296 255 3327 ap.
270 3288 403 3318 Plinium
421 3289 459 3318 H.
476 3289 512 3318 N.
530 3289 555 3317 11
571 3310 579 3324 ‚
597 3291 645 3317 23.
667 3288 711 3317 De,
731 3284 886 3324 prioribus
903 3283 1002 3322 ludi5‚
1020 3292 1099 3323 quos
1112 3283 1269 3313 Critonius
1286 3281 1401 3315 edidit,
1422 3281 1522 3320 ipsum
1540 3280 1635 3310 etiam
1653 3278 1816 3309 NicoIaum
1834 3274 2030 3314 exposniSse,
2049 3270 2175 3305 colligas

61 3343 97 3362 ex
115 3334 215 3364 verbis
232 3333 337 3369 αὖθις
354 3334 527 3373 προσελθὼν
545 3334 605 3363 κτλ.
621 3352 660 3357 —-
675 3336 703 3362 li.
725 3332 943 3371 προσελθὼν
963 3330 967 3369 Ι
984 3330 1134 3370 προελθὼν
1152 3328 1221 3359 cod.
1239 3346 1277 3350 —
1296 3332 1322 3358 5.
1343 3327 1553 3367 ἠχθημένοι
1571 3325 1576 3363 l
1597 3324 1761 3363 ἠσθημένοι
1779 3322 1846 3351 eod.
1869 3340 1904 3347 ,-
1922 3324 1949 3349 6.
1970 3314 2171 3355 ἑπισημαιν.)

204 3405 388 3426 [nxuurwn
413 3406 528 3428 lllS'l'tlll.
554 3408 602 3428 1⁷:1¹..
627 3417 659 3421 ·—
682 3410 751 3431 voI„
776 3409 819 3431 III.
1988 3381 2018 3401 ’iu
