2338 3765
659 150 857 189 DEXIPPI
888 147 1222 187 ATHENIENSIS
1258 148 1388 186 FRAG
1399 148 1586 187 MENTA.

69 242 149 276 dem
168 244 359 288 perspicae
377 240 576 285 loquentem
595 237 711 282 dicat,
733 249 813 283 quae
839 237 929 270 mira
950 244 1002 270 est
1021 237 1089 270 viri

68 298 261 345 prudentis
274 310 294 332 a
307 309 396 331 vero
411 297 610 331 aberratio.
627 296 744 329 Nemo
760 295 857 328 enim
876 295 913 327 in
928 306 971 328 eo
987 295 1090 339 quie·

69 367 178 400 quam
194 360 330 400 praeter
348 354 491 387 inanem
507 352 697 399 degeneris
712 353 776 385 aevi
790 352 974 385 rhetorem
986 360 1104 395 agno—

68 418 160 455 scet,
180 418 220 445 ut
242 411 377 444 mirum
395 411 439 443 sit
459 411 520 455 qui
541 417 611 443 tam
631 410 789 456 puerilia
809 415 980 452 sectetur,
999 408 1094 441 inter

69 480 125 502 res
142 468 274 502 arduas
290 469 452 515 positum
465 494 472 501 ,
491 480 622 514 inagna
643 468 802 513 gessisse.
825 483 839 496 »

257 581 321 615 DE
350 579 562 614 DEXIPPO
592 579 900 614 TESTIMONIA.

121 695 230 742 Corp.
248 695 361 729 Inscr.
381 701 473 729 tom.
498 695 535 737 1,
553 706 594 740 p.
616 693 690 738 439
704 722 712 737 ,
729 694 778 727 N⁰
798 692 882 727 380.
897 692 1094 738 Inscriptio

69 753 221 788 Athenis
237 758 383 798 reperta
401 763 522 798 prope.
541 751 700 794 fontem,
720 752 756 784 in
773 751 847 784 basi
866 761 1093 792 marmorea,

71 823 152 857 quae
170 811 259 845 olim
282 816 436 844 statuam
456 810 677 843 sustinuerat
699 808 742 853 Q.
765 809 946 855 Epicteti,
969 813 1097 854 postea

69 868 262 903 sublatam.

123 922 224 961 Κατὰ
243 938 281 959 το
302 922 508 973 ἐπερώτημα
535 938 594 967 της
616 921 650 965 εξ
671 922 798 971 Ἀρείου
829 921 942 970 πάγου
972 922 1097 971 βουλῆς

70 996 130 1018 και
148 984 207 1027 τῆς
227 981 351 1031 βουλης
370 996 436 1016 των
454 981 531 1018 ΨΝ
549 995 606 1017 και
621 995 677 1016 του
696 979 804 1027 δημου
818 995 883 1015 των
900 978 1097 1027 Ἀθηναίων,

71 1039 126 1075 τὸν
152 1038 302 1088 ἄρξαντα
322 1038 382 1083 τὴν
401 1041 460 1074 τοῦ
485 1037 650 1088 βασιλέως
671 1039 703 1074 ἐν
727 1036 958 1084 Θεσμοθέταις
975 1035 1098 1087 ἀρχὴν,

70 1095 129 1133 καὶ
147 1095 296 1140 ἄρξαντα
317 1095 377 1140 τὴν
395 1094 572 1143 ἐπώνυμον
594 1093 718 1144 ἀρχὴν,
740 1093 798 1130 καὶ
815 1093 1098 1144 πανηγυριαρχή-

73 1143 181 1190 σαντα
196 1153 254 1190 καὶ
269 1152 573 1202 ἀγωνοθετήσαντα
587 1155 654 1188 τῶν
665 1152 823 1201 μεγάλων
838 1151 1100 1197 Παναθηναίων,

73 1210 200 1247 οἴκοθεν
229 1210 320 1261 ἱερέα
350 1213 507 1257 παναγῆ,
542 1210 696 1247 Πόπλιον
729 1208 899 1259 Ἑρέννιον
932 1208 1101 1251 Δέξιππον

73 1268 291 1317 Πτολεμαίου
307 1265 490 1317 ἽΞρμειον,
505 1266 562 1304 τὸν
577 1266 702 1318 ῥήτορα
720 1266 779 1303 καὶ
793 1266 1009 1317 συγγραφέα,
1025 1268 1100 1317 ἀρε-

72 1328 132 1371 τῆς
155 1325 254 1362 ἕνεκα
276 1327 306 1362 οἱ
325 1326 455 1367 παῖδες.

153 1433 241 1472 Ἀλκῇ
255 1434 306 1463 καὶ
324 1433 444 1472 μύθοισι
458 1432 510 1462 καὶ
525 1432 553 1462 ἐν
570 1432 710 1471 βουλαῖσι
723 1432 902 1471 κρατίστους

194 1479 315 1519 Ἄνδρας
330 1479 526 1515 ἀγακλειτοὺς
540 1478 659 1516 γείνατο
675 1478 829 1517 Κεκροπίη
841 1489 848 1495 ·

160 1525 219 1557 Ὧν
234 1528 286 1556 ἕνα
302 1527 353 1556 καὶ
369 1526 533 1562 Δέξιππον,
548 1525 579 1559 ὃς
591 1524 726 1563 ἱστορίην
744 1525 913 1564 ἐπαθρήσας

198 1573 312 1606 Αἰὼνος
327 1572 449 1611 δολιχὴν
465 1571 612 1611 ἀτρεκέως
627 1571 765 1626 ἔφρασεν.

156 1620 216 1650 Καί
227 1630 264 1649 τα
281 1619 333 1658 μὲν
348 1619 437 1653 αᾶτὸς
455 1618 572 1655 ἐπεῖδε,
590 1618 627 1647 τὰ
645 1617 669 1647 δ’
684 1618 717 1647 ἐκ
733 1618 845 1656 βί6)ων
861 1618 1003 1653 ἁναλέξας

198 1666 233 1696 E'
224 1676 315 1703 υρατο
329 1665 475 1700 παντοίην
490 1665 622 1720 ἱστορίης
639 1665 784 1703 ἀτραπόν.

157 1710 198 1742 ss
213 1722 246 1750 με
250 1722 290 1746 γα
304 1712 417 1745 κλεινὸς
435 1711 530 1749 ἀνὴρ,
548 1712 578 1745 ὃς
593 1714 645 1740 νοῦ
658 1711 719 1740 ἄπο
736 1710 840 1749 μυρίον
858 1711 943 1750 ὄμμα

198 1756 351 1790 Ἐκτείνας
340 1779 368 1792 ,
383 1756 520 1795 χρονίους
535 1743 657 1795 πρηξιας
672 1757 714 1790 ἐξέ
720 1757 820 1795 μαῡεν.

158 1802 252 1841 Φήμη
271 1803 324 1840 μὲν
339 1803 502 1841 περίὸωτος
520 1802 564 1832 ἀν’
580 1802 711 1832 Ἑλλάδα
722 1826 729 1839 ,
744 1802 798 1838 τὴν
815 1803 830 1832 ὁ
845 1803 966 1839 νεανθής

199 1850 285 1884 Αἶνος
303 1849 444 1888 Δεξίππῳ
458 1850 553 1879 δῶκεν
571 1848 615 1888 ἐφ’
631 1849 760 1888 ἱστορίῃ.

157 1897 294 1928 Τοῦνεκα
311 1896 346 1931 δὴ
365 1897 415 1925 καὶ
427 1896 530 1930 παῖδες
545 1896 722 1934 ἀγακλειτὸν
737 1898 880 1935 γενετῆρα

199 1942 381 1982 Μορφήεντα
394 1941 474 1972 λίθον
492 1943 585 1978 θῆκαν
600 1941 804 1980 ἀμειῧόμενοι.

138 2053 151 2067 τι
175 2038 298 2071 Statua
313 2037 390 2070 haec
414 2035 602 2083 superstiti
624 2037 742 2083 posita
766 2035 914 2070 videtur
933 2036 977 2070 ab
998 2037 1110 2083 ipsius

79 2093 182 2137 filiis,
210 2106 287 2128 non
316 2106 336 2128 a
360 2095 486 2141 pueris
512 2095 662 2141 Atticis,
686 2101 727 2128 ut
753 2100 830 2128 erat
854 2095 917 2139 qui
948 2101 1105 2141 putaret.

82 2152 175 2187 llinc
192 2164 229 2186 v.
254 2165 267 2186 1
280 2165 293 2186 1
319 2164 326 2187 :
344 2151 461 2191 παῖδες
481 2149 683 2200 ἀγακλειτὸν
698 2153 878 2200 γενετῆρα.
897 2154 981 2187 Dux
1003 2165 1110 2187 exer—

81 2212 173 2245 citus
188 2211 294 2245 fuisse
309 2211 346 2244 in
361 2211 431 2244 hoe
447 2211 554 2244 titulo
576 2223 651 2244 non
666 2210 815 2253 dieitur,
833 2212 917 2245 licet
931 2212 968 2244 in
983 2212 1109 2259 priore

80 2279 186 2316 parte
206 2268 282 2314 ejus
303 2269 466 2302 honores
489 2276 658 2303 accurate
679 2276 943 2303 enumerentur
966 2281 974 2303 :
998 2270 1110 2317 igitur

81 2326 140 2361 hic
162 2327 286 2360 titulus
306 2327 368 2360 illo
392 2339 489 2360 anno
507 2326 655 2361 videtur
672 2328 851 2361 vetustior
871 2340 961 2370 esse,
980 2336 1110 2363 contra

84 2396 195 2430 quam
209 2385 363 2419 Corsino
377 2385 495 2418 visum
510 2392 575 2420 est.
595 2386 748 2419 Senatus
764 2398 862 2419 nunc
877 2393 929 2419 est
942 2386 1110 2420 virorum

83 2442 228 2484 DCCL,
255 2442 358 2488 quod
385 2454 523 2476 novum
550 2455 701 2489 prorsus
726 2454 734 2479 :
758 2444 867 2477 lectio
897 2449 1018 2478 tamen
1044 2457 1110 2479 ve—

84 2500 225 2534 rissima
235 2507 299 2536 est.
317 2499 403 2534 Post
420 2499 616 2536 Claudium
630 2527 638 2542 ‚
656 2506 778 2546 atque,
792 2507 832 2534 ut
850 2513 918 2547 ego
933 2501 1109 2545 arbitror,

85 2557 171 2591 inde
189 2557 234 2591 ab
265 2556 478 2599 Hadriano,
507 2557 679 2591 institutis
710 2557 885 2592 tredecim
917 2558 1109 2600 tribubus,

85 2621 228 2648 senatus
250 2613 296 2648 ad
316 2615 510 2660 pristinum
526 2615 558 2648 D
578 2626 791 2660 numerum,
818 2615 954 2650 additis
986 2618 1114 2662 paucis

86 2679 263 2719 praeterea
279 2672 356 2705 aliis
372 2699 381 2712 .,
408 2671 579 2706 redactus
599 2679 669 2714 est,
689 2671 793 2718 quod
812 2673 919 2705 multi
937 2680 1114 2707 testantur

88 2731 205 2774 tituli,
225 2738 260 2765 et
276 2743 319 2764 ex
342 2730 518 2764 Pausania
536 2741 687 2776 quoque
705 2730 890 2776 colligitur
908 2730 958 2776 (Ι,
978 2731 1013 2774 3,
1035 2735 1053 2771 4
1073 2728 1082 2778 )
1104 2743 1112 2765 :

87 2796 215 2835 postea
233 2800 299 2823 cur
320 2795 447 2822 auctus
467 2789 512 2821 sit
530 2799 728 2833 numerus,
745 2788 938 2824 nescimus.
959 2809 1008 2813 —
1027 2790 1115 2822 Mox

89 2846 246 2880 formula
261 2843 457 2895 ἄρξαντα...
479 2842 588 2894 ἀρχὴν
607 2845 716 2879 docet
732 2846 942 2879 universum
960 2847 1116 2881 archon-

91 2910 169 2937 tum
190 2904 385 2949 collegium
407 2903 735 2938 thesmothetaruin
749 2903 899 2937 nomine
914 2905 1052 2938 venisse
1076 2916 1116 2938 ea

91 2968 207 2997 aetate.
225 2980 266 2985 --
286 2962 493 2995 Herennius
512 2961 776 2995 hereditarium
793 2960 1039 2994 sacerdotium
1059 2961 1118 2995 lia-

91 3018 173 3052 buit
187 3047 196 3061 ‚
219 3017 323 3064 quod
342 3030 384 3052 ex
405 3019 583 3064 Ceryeum
604 3025 711 3064 gente
728 3017 809 3053 fuit.
832 3017 886 3053 Cf.
906 3019 961 3052 De
981 3020 1118 3052 Heren-

93 3076 161 3110 niis
179 3077 227 3110 ΝΟ
248 3088 336 3122 190,
354 3082 389 3110 et
408 3082 495 3110 nota
514 3076 562 3110 N⁰
587 3074 658 3110 353
693 3076 920 3109 Herennium
949 3076 1118 3110 hieroce-

595 3256 622 3285 1.

140 3302 251 3332 Rerum
271 3305 337 3342 post
360 3303 571 3334 Alexandrum
592 3305 749 3342 gestarum
768 3303 979 3334 narrationem
1003 3303 1116 3341 Dexip-

198 3184 289 3220 RES
318 3183 673 3221 SUCCESSORUM
701 3183 1007 3221 ALEXANDRI.
1146 3192 1153 3337 γ

2106 155 2182 186 667

1157 249 1279 282 ryeem
1309 248 1383 270 esse
1407 232 1589 284 Ἕρμειον,
1612 242 1650 268 ut
1674 240 1797 268 noster
1817 234 2008 281 Dexippus
2028 241 2080 269 est
2098 230 2185 282 ‘'Ep-

1158 307 1261 340 μειος.
1278 296 1332 328 De
1342 294 1506 328 versibus
1517 293 1563 327 cs.
1577 293 1723 327 Jacobs.
1739 294 1774 326 in
1787 292 1979 327 Animadv.
1992 292 2039 327 ad
2051 300 2187 326 utrum-

1158 364 1229 397 que
1247 352 1478 399 Anthologiae
1501 351 1714 385 editionem.
1735 366 1748 381 υ
1772 352 1931 386 Bonam.

1210 409 1339 443 Suidas
1365 421 1373 445 ε
1399 407 1587 452 Δέξιππος,
1604 406 1776 449 Δεξίππου
1790 435 1801 455 ,
1822 409 1839 442 ὁ
1859 405 2031 456 Ἑρέννιος
2048 420 2190 455 χρημα-

1156 464 1270 510 τίσας,
1292 465 1465 510 Ἀθηναῖος
1488 465 1624 516 ῥήτωρ,
1642 463 1787 513 γεγονὼς
1813 464 1869 499 ἐπὶ
1899 465 2108 514 Βαλεριανοῧ
2131 461 2190 499 καὶ

1160 523 1349 566 Γαλλιηνοῦ
1365 523 1421 558 καὶ
1438 522 1608 560 Κλαυδίου
1627 521 1781 572 δευτέρου
1796 520 1854 558 καὶ
1870 522 2106 573 Αὐρηλιανοῧ,
2122 522 2189 557 τῶν

1159 578 1328 628 βασιλέων
1354 579 1551 627 (Ρωμαίων.

1209 639 1412 672 Trebellius
1437 640 1475 672 in
1505 639 1661 674 Gallien.
1688 651 1719 673 e.
1750 637 1796 672 23
1822 649 1829 673 :
1867 637 1992 671 Gotllzi
2015 638 2189 681 Cyzicum

1156 704 1192 729 et
1212 697 1359 738 Asiam,
1389 698 1557 742 deinceps
1579 696 1762 730 Achaiam
1783 707 1923 730 omnem
1949 703 2141 729 vastarunt
2161 702 2198 728 et

1157 755 1204 787 ab
1234 753 1517 788 Atheniensibus
1534 755 1624 788 duce
1650 754 1840 800 Dexippo,
1867 757 2037 800 scriptore
2068 753 2194 787 horum

1158 820 1363 857 temporum,
1387 814 1475 845 vieti
1488 819 1581 847 sunt.

1214 869 1382 902 Pnonus
1403 867 1486 901 eod.
1509 867 1556 901 82
1581 879 1589 903 ζ
1609 865 1819 915 ’Λνεγνώσθη
1850 864 2022 908 Δεξίππου
2042 865 2085 902 τὰ
2108 863 2195 914 μετὰ

1163 923 1392 974 Ἀλέξανδρον,
1412 925 1446 960 ἐν
1463 923 1574 972 λόγοις
1598 923 1793 973 τέσσαρσιν.
1814 922 2023 972 Ἀνεγνώσθη
2045 921 2079 959 δὲ
2094 924 2196 959 αὐτοῦ

1163 981 1221 1018 καὶ
1253 981 1365 1031 ἑτερον
1397 980 1562 1029 σύντομον
1583 981 1770 1031 ἱστορικον,
1797 980 1906 1053 ’μέχρι
1933 995 1994 1024 της
2022 978 2197 1017 Κλαυδίου

1165 1037 1344 1088 ἔπιτρέχον
1364 1039 1423 1080 τὰς
1449 1037 1693 1089 κεφαλαιώδεις
1723 1037 1860 1089 πράξεις
1894 1037 2083 1087 βασιλείας.
2112 1036 2198 1073 Ἀνε-

1164 1095 1299 1145 γνώσθη
1318 1095 1351 1132 δὲ
1370 1097 1474 1132 αὐτοῦ
1495 1111 1552 1132 και
1572 1094 1614 1131 τὰ
1637 1094 1812 1139 Σκυθικὰ,
1835 1096 1868 1131 ἐν
1888 1098 1935 1137 οἷς
1956 1110 1990 1130 αι
2013 1093 2198 1141 Ῥωμαίων

1166 1170 1259 1190 αυτω
1276 1169 1335 1190 και
1359 1155 1500 1190 Σκυθῶν
1523 1151 1778 1203 ἀνα-γράφονται
1796 1167 1879 1202 προς
1899 1151 2067 1195 ἀλλήλους
2086 1150 2200 1200 μαχαι

1165 1227 1200 1248 τε
1224 1211 1282 1248 καὶ
1304 1210 1473 1260 ἀξιόλογοι
1499 1210 1653 1261 πράξεις.
1711 1207 1816 1247 ’Ἔστι
1834 1209 1868 1246 δὲ
1891 1208 1951 1254 τὴν
1972 1209 2093 1260 φράσιν
2115 1207 2201 1245 ἀπέ-

1167 1267 1275 1319 ριττός
1291 1284 1327 1304 τε
1344 1268 1402 1305 καὶ
1429 1268 1520 1319 ὄγκῳ
1544 1268 1602 1304 καὶ
1623 1266 1794 1314 ἀξιώματι
1816 1266 1964 1317 χαίρων,
1989 1266 2047 1302 καὶ
2070 1268 2138 1313 (ὥς
2160 1265 2200 1302 ἄν

1167 1342 1219 1368 τις
1248 1324 1361 1376 εἴποι)
1387 1326 1486 1368 ἄλλος
1508 1324 1596 1374 μετοί
1627 1340 1715 1367 τινος
1747 1324 1931 1374 σαφηνείας
1963 1323 2202 1372 Θουκυκίδης,

1168 1383 1320 1432 μάλιστά
1342 1399 1379 1432 γε
1394 1386 1427 1420 ἐν
1453 1389 1527 1425 ταῖς
1548 1385 1733 1424 Σκυθικαῖς
1759 1381 1935 1432 ἱστορίαις.

1221 1445 1462 1478 Diversorum
1491 1444 1773 1490 Dexipporum,
1803 1449 1846 1476 ut
1874 1441 2037 1489 videtur,

1169 1501 1367 1536 confundit
1386 1503 1531 1536 Tzetzes
1548 1501 1640 1536 Chil.
1657 1501 1725 1543 IX,
1747 1504 1820 1545 274

2068 1441 2203 1488 scripta

1248 1604 1396 1638 Δέξιππος
1410 1604 1427 1633 ὁ
1440 1602 1614 1642 φιλόσοφος,
1631 1602 1745 1641 μύστης
1760 1603 1802 1631 ὢν
1815 1601 1993 1641 Ἰαμῧλίχου

1247 1650 1346 1679 πολλὰ
1363 1650 1414 1688 μὲν
1429 1648 1641 1689 συνεγράψατο
1659 1649 1709 1677 καὶ
1727 1649 1813 1686 ἕτερα
1828 1648 1931 1687 βιῧλία
1942 1672 1950 1685 ,

1251 1696 1293 1726 ὧν
1307 1699 1350 1734 τῷ
1364 1696 1405 1725 ἑνὶ
1417 1695 1557 1734 ἐνέτυχον
1571 1697 1613 1733 τῷ
1625 1695 1665 1729 εἰς
1687 1694 1877 1732 Κατηγορίας
1888 1702 1896 1709 ·

1251 1742 1363 1781 ἔγραψε
1375 1743 1405 1772 δὲ
1422 1743 1472 1771 καὶ
1487 1741 1622 1772 Σκυθικὰ
1636 1765 1643 1779 ,
1663 1741 1681 1770 ἃ
1697 1742 1784 1780 μέχρι
1799 1744 1850 1770 νῦν
1865 1740 1921 1770 οὐκ
1938 1740 2006 1770 οἶδα
2018 1763 2026 1778 ,

1252 1789 1302 1819 καὶ
1319 1789 1404 1828 ἐ’τερα
1418 1790 1458 1824 ὡς
1475 1788 1598 1828 ε’ίρηκα·
1615 1787 1706 1827 μόνον
1720 1788 1754 1817 τὸ
1767 1787 1796 1817 ἓν
1814 1788 1838 1816 δ’
1857 1787 1999 1825 ἀνέγνων.

1221 1881 1273 1916 Cf.
1294 1881 1410 1915 Maius
1423 1881 1461 1914 in
1478 1879 1632 1917 Collect.
1647 1881 1743 1915 Nov.
1763 1879 1878 1913 Vatic.
1900 1885 1988 1913 tom.
2004 1879 2054 1922 ΙΙ,
2069 1890 2108 1925 p.
2132 1876 2205 1918 346

1169 1946 1249 1975 not.

1223 1996 1412 2042 Eunapius
1431 1997 1469 2029 in
1488 1996 1561 2032 Vit.
1583 1994 1782 2041 Porphyrii
1803 1993 1869 2027 sub
1891 1992 1956 2029 fin.
1983 2005 1991 2026 :
2013 1989 2104 2033 Τοὺς
2118 1990 2205 2041 χρό-

1171 2068 1244 2094 νους
1264 2053 1344 2101 (τοῦ
1365 2051 1559 2102 Πορφυρίου
1577 2051 1650 2101 βίου
1671 2050 1680 2101 )
1702 2052 1734 2092 ἐς
1752 2048 1941 2094 Γαλλιηνὸν
1958 2047 2016 2085 καὶ
2034 2047 2207 2085 Κλαύδιον

1172 2111 1317 2153 εἰκάζειν
1338 2109 1547 2155 συνέὸαινεν,
1569 2108 1720 2147 Τάκιτόν
1749 2123 1784 2144 τε
1812 2107 1870 2145 καὶ
1899 2107 2115 2153 Αὖρηλιανὸν
2147 2104 2207 2142 καὶ

1175 2168 1330 2219 Πρόὸον·
1354 2168 1429 2205 καθ’
1453 2167 1507 2210 οὒς
1538 2162 1579 2213 ἦν
1609 2166 1667 2204 καὶ
1699 2165 1867 2209 Δέξιππος
1899 2167 1916 2201 ὃ
1944 2164 2004 2209 τὴν
2038 2160 2207 2215 Χρονικὴν

1171 2226 1321 2277 ἱστορίαν
1342 2226 1542 2278 συγγράψας
1556 2257 1564 2272 ,
1586 2223 1670 2275 ἀνὴρ
1688 2224 1826 2269 ἁπάσης
1847 2221 1999 2264 παιδείας
2017 2237 2054 2258 τε
2071 2224 2129 2258 καὶ
2147 2223 2205 2257 δυ·-

1171 2285 1304 2332 νοίμεως
1324 2286 1462 2334 λογικῆς
1483 2284 1675 2324 ἀνάπλεως.

1225 2344 1383 2392 Eunapii
1403 2346 1459 2379 De
1486 2343 1680 2380 Chronicis
1704 2342 1867 2388 Dexippi
1896 2341 2021 2375 locum
2057 2338 2142 2374 vide
2171 2339 2209 2373 in

1172 2402 1396 2450 fragmentis,

1585 2531 1792 2544 --ῇθῡί--ε

1251 2620 1346 2669 ΤΑ
1391 2619 1589 2669 ΜΕΤΑ
1637 2613 2138 2668 ΑΛΕΞΑΝΔΡΟΝ.

1684 2756 1715 2780 1.

1231 2847 1382 2881 l‘hotius
1406 2845 1491 2881 eod.
1516 2844 1563 2879 82
1587 2858 1594 2879 :
1621 2839 1656 2879 ”A
1667 2857 1784 2892 ρχεται
1808 2841 1841 2878 δὲ
1865 2843 1939 2891 (sc.
1959 2839 2151 2889 Δέξιππος)
2176 2841 2209 2875 ἐν

1177 2907 1246 2944 τοῖς
1263 2902 1350 2949 μετὰ
1373 2900 1591 2950 Ἀλέξανδρον
1613 2902 1672 2936 ἀπ’
1690 2901 1794 2945 αὐτῆς
1814 2903 1873 2944 τῆς
1891 2903 1947 2935 τοῦ
1969 2898 2134 2949 βασιλέως
2151 2912 2207 2933 τε*

1178 2960 1299 3004 λευτῆς
1313 2988 1321 3004 ,
1342 2959 1399 2995 καὶ
1419 2958 1575 3000 διέξεισιν
1592 2956 1683 2999 ὅπως
1700 2959 1745 3000 εἷς
1762 2958 1818 2994 τὸν
1834 2956 1976 3006 ἀδελφὸν
1991 2955 2209 3004 Ἀλεξάνδρου

1181 3017 1237 3053 τὸν
1271 3016 1456 3066 Ἀριδαῖον,
1476 3015 1509 3058 ὃς
1529 3011 1569 3062 ἦν
1595 3017 1633 3053 ἐκ
1663 3015 1810 3060 Φιλίνης
1833 3018 1891 3059 τῆς
1923 3012 2136 3065 Λαρισσαίας
2160 3014 2210 3061 τῷ

1179 3074 1347 3125 Φιλίππῳ
1367 3075 1610 3123 γεγενημένος,
1639 3077 1659 3118 ἡ
1692 3076 1759 3110 τῶν
1786 3072 1991 3110 Μακεδόνων
2022 3069 2111 3120 ἀρχὴ
2141 3084 2208 3105 πε-

1181 3191 1240 3221 pus
1255 3183 1377 3222 abipso
1391 3183 1470 3222 regis
1485 3192 1613 3214 excessu
1633 3183 1781 3220 inchoat;
1798 3182 1954 3219 refertque
1974 3181 2009 3209 ut
2020 3178 2058 3208 ad
2078 3178 2209 3208 Alexan·

1181 3240 1228 3270 dri
1256 3240 1383 3270 fratrem
1401 3240 1560 3272 Aridzeum
1584 3241 1658 3280 (qui
1682 3249 1718 3271 ex
1746 3239 1865 3270 Philine
1884 3237 2034 3269 Larissaea
2065 3235 2210 3275 Philippo

1183 3299 1275 3328 natus
1296 3298 1415 3335 suerat)
1445 3297 1650 3328 Macedonum
1671 3305 1798 3335 regnum
1826 3295 2006 3331 slcvencrit3
2033 3293 2072 3324 ad
2098 3294 2206 3328 illum5³
