2338 3765
158 173 229 203 462

153 268 216 298 σιν,
258 255 302 293 ὡς
341 254 438 300 ἡμεῖς
475 255 559 293 θεοῖς
600 252 871 302 παρασπονδίοις
908 253 1182 303 (περισπονδίοις

153 312 302 359 Orelli).
328 311 367 359 (2)
386 309 428 346 ‘ll
450 309 483 346 δὲ
499 309 644 358 μεγίστη
661 309 769 360 κρίσις
786 309 859 346 ἐστὶ
873 311 1178 360 παρακαταθήκης·

152 368 207 404 τὸν
229 366 263 404 δὲ
285 368 568 418 ἀποστερήσαντα
590 371 807 404 θανατοῦσιν.
833 368 872 417 (3)
901 367 987 406 Ἐὰν
1010 368 1045 404 δὲ
1063 369 1182 419 μοιχὸς

153 425 225 476 ἁλῷ
238 454 248 473 ,
267 425 467 476 περιάγεται
486 424 547 470 τὴν
567 425 665 461 πόλιν
683 425 739 461 ἐπὶ
757 424 832 462 ὄνου
851 424 939 475 μετὰ
954 426 1113 474 γυναικὸς
1127 426 1182 462 ἐπὶ

151 483 280 534 ἡμέρας
296 482 433 525 τακτάς.

483 595 497 616 1
507 581 526 616 3
537 595 549 616 1
561 609 568 616 .
601 581 850 619 ΑΣΣΥΡΙΟΙ.

204 669 302 704 Ibid.
324 680 332 705 ε
360 666 530 718 Ἀσσύριοι
555 667 615 710 τὰς
641 667 827 718 παρθένους
845 669 877 704 ἐν
903 670 1009 719 ἀγορᾷ
1029 669 1182 705 πωλοῦσι

152 729 218 768 τοῖς
247 725 380 762 θέλουσι
407 728 587 772 συνοικεῖν,
617 725 755 776 πρώτας
776 725 836 774 μὲν
855 725 915 768 τὰς
941 727 1182 773 εὐγενεστάτας

151 785 209 821 καὶ
229 784 434 829 καλλίστας,
455 777 528 820 εἶτα
547 783 608 826 τὰς
632 784 751 826 λοιπὰς
773 784 889 834 {pei-7¹2:
902 800 909 806 ·
927 784 1006 820 ὅταν
1025 784 1051 820 δ’
1073 783 1182 821 ἔλθω-

153 858 205 879 σιν
223 842 278 878 ἐπὶ
306 842 366 885 τὰς
396 842 632 893 φαυλοτάτοις,
652 842 876 893 κηρύττουσι,
904 842 1008 879 πόσον
1029 858 1077 884 τις
1094 841 1182 878 θέλει

152 899 359 951 προσλαὲὼν
390 899 530 942 ταύταις
548 905 726 945 συνοικεῖν,
746 899 858 936 καὶτὸ
878 898 1044 949 συναχθὲν
1063 901 1101 935 ἐκ
1123 902 1183 942 ri<

151 960 217 994 τῶν
233 959 412 1008 εὐπρεπῶν
424 960 524 1005 τιμῆς
540 957 678 999 ταύταις
694 957 941 1008 προστίθενται.
961 958 1002 1007 (2)
1026 956 1182 994 Ἀσκοῦσι

152 1013 186 1051 δὲ
207 1015 359 1064 μάλιστα
376 1015 542 1061 εὐθύτητα
564 1014 623 1052 καὶ
640 1015 839 1066 ἀοργησίαν.

508 1115 591 1150 132.
628 1115 825 1152 ΠΕΡΣΑΙ.

206 1203 306 1238 Ibid.
329 1201 488 1252 :l'ls‘pom
515 1200 532 1238 ὂ
560 1201 606 1250 μὴ
625 1207 732 1237 ποιεῖν
753 1200 880 1244 ἔξεστιν
908 1200 983 1237 οὐδὲ
1009 1200 1179 1250 λέγουσιν.

154 1260 197 1310 (2)
210 1260 294 1298 Ἐὰν
310 1260 344 1296 δέ
359 1276 408 1302 τις
423 1259 554 1309 πατέρα
571 1260 699 1309 κτείνῃ,
719 1259 911 1304 ὓποὲλητὸν
928 1259 1027 1295 αὐτὸν
1043 1259 1181 1298 οἴονται.

154 1320 196 1367 (3)
208 1317 294 1356 Ἰἰὰν
310 1319 345 1355 δέ
358 1334 431 1354 τινα
446 1317 619 1369 προστάξῃ
632 1319 647 1353 ὁ
661 1317 820 1368 βασιλεὺς
834 1319 1066 1366 μαστιγῶσαι,
1082 1318 1183 1367 εὐχα-

153 1378 283 1426 ριστεῖ,
307 1379 350 1418 ὡς
380 1378 506 1425 ἀγαθοῦ
527 1375 639 1426 τυχὼν
664 1375 714 1412 ὅτι
741 1377 842 1412 αὐτοῦ
865 1375 1050 1424 ε’μνῆσθηὸ
1080 1378 1178 1425 βασι-

152 1434 238 1477 λεύς.
261 1437 302 1484 (4)
321 1429 427 1473 *Ama
446 1434 480 1471 δὲ
506 1433 722 1483 λαμὲάνουσι
742 1432 837 1484 παρὰ
856 1437 915 1470 τοῦ
938 1432 1105 1483 βασιλέως
1122 1448 1183 1469 πο·

153 1492 340 1534 λυτεκνίας.
367 1496 409 1542 (5)
422 1493 467 1529 Οἱ
485 1491 518 1528 δὲ
536 1493 654 1534 παῖδες
675 1492 756 1541 παρ’
775 1492 888 1532 αὐτοῖς
911 1490 1026 1540 ὥσπερ
1042 1489 1185 1539 μάθημά

151 1565 182 1586 τι
202 1550 239 1587 τὸ
255 1550 431 1596 ἀληθεύειν
453 1549 682 1587 διδάσκονται.

549 1653 633 1689 133.
660 1652 821 1690 ΒΥΑΟΙ.

204 1735 303 1771 Ibid.
326 1748 333 1769 :
354 1732 413 1770 Ἐν
434 1732 557 1774 Βυάοις
582 1731 727 1769 Λίὸυσιν
749 1730 834 1782 ἀνὴρ
851 1730 910 1780 μὲν
930 1732 1057 1782 ἀνδρῶν
1078 1734 1181 1781 βασι-

151 1792 259 1837 λεύει,
280 1789 363 1840 γυνὴ
382 1790 417 1827 δὲ
437 1791 618 1840 γυναικῶν.

445 1897 457 1919 1
468 1883 529 1927 34.
563 1882 889 1920 ΜΑΣΟΥΛΙΕΙΣ.

205 1978 300 2014 Ibid.
336 1991 344 2012 :

156 2035 216 2084 μὲν
238 2035 361 2078 νύκτας
385 2035 578 2085 μάχονται,
601 2033 660 2076 τὰς
680 2035 708 2070 δ’
740 2032 871 2084 ’ἡμέρας
892 2033 1027 2084 εἰρήνην
1049 2033 1182 2083 ἄγουσι.

381 1975 589 2016 Μασουλιεῗς
623 1974 747 2017 Λίὸυες
780 1974 861 2011 ὅταν
892 1976 1089 2023 πολεμῶσι,
1126 1975 1185 2017 τὰς

448 2162 461 2183 1
472 2148 532 2185 35.
564 2148 904 2185 ΔΑΨΟᾹΙΒΥΕΣ.

206 2242 303 2277 Ibid.
330 2255 338 2276 ε
364 2239 579 2291 Δαψολίὸυες
602 2239 681 2276 ὅταν
709 2241 927 2289 συναχθῶσι,
955 2238 1079 2280 πάντες
1109 2238 1181 2287 ἅμα

153 2301 319 2349 γαμοῦσιν
338 2300 372 2335 ἐν
393 2304 454 2350 μιᾶΙ
474 2297 587 2348 ἡμέρᾳ
607 2296 694 2346 μετὰ
713 2296 807 2334 δύσιν
823 2296 1003 2338 πλειάδος,
1020 2295 1079 2332 καὶ
1098 2297 1185 2345 μετὰ

154 2357 214 2400 τὴν
236 2355 386 2393 ἑστίασιν
407 2356 512 2406 χωρὶς
532 2358 599 2392 τῶν
615 2357 786 2405 γυναικῶν
807 2353 1063 2402 κατακειμένων
1081 2369 1187 2390 κατα-

154 2412 337 2454 agiam-ce<
356 2412 411 2449 τὸν
438 2412 560 2462 λύχνον
581 2412 809 2463 εἰσέρχονται,
828 2411 885 2448 καὶ
905 2413 921 2447 ὁ
943 2410 1055 2461 τυχὼν
1077 2411 1118 2456 ἢν
1146 2410 1185 2447 ἂν

154 2470 241 2521 τύχῃ
261 2470 446 2519 λαμδάνει.

478 2568 559 2604 136.
593 2569 864 2605 ΜΑΧΛΥΕΙΣ.

210 2656 307 2691 Ibid.
332 2667 340 2692 ξ
370 2655 548 2704 Μαχλυεῖς
571 2653 696 2696 Λίὸυες
721 2653 801 2690 ὅταν
823 2654 943 2690 πολλοὶ
971 2652 1187 2702 μνηστεύων-

944 165 1148 202 NlCOLAl
1188 166 1476 203 DAMASCEM

1245 258 1369 298 perinde
1404 261 1439 289 ut
1470 266 1527 288 nos
1557 258 1616 288 «liis
1650 257 1804 288 l'oederum
1839 258 2050 299 amicitiaeque
2075 260 2271 299 praesidibus.

1243 308 1284 345 (2)
1301 307 1525 337 Gravissimum
1537 306 1620 345 apud
1631 314 1684 336 eos
1695 306 1848 344 iudicium
1858 306 1988 346 depositi
2000 309 2112 347 agitur,
2123 309 2208 349 quod
2219 314 2271 348 qui

1243 356 1353 386 fraude
1379 357 1532 386 invertere
1555 355 1720 386 convictus
1739 355 1850 393 suerit,
1870 359 1971 387 morte
2000 357 2147 388 afficitur.
2173 358 2217 395 (3)
2241 360 2272 388 Si

1242 405 1312 443 quis
1325 405 1355 434 in
1366 403 1520 434 adulterio
1534 403 1779 442 comprehensus
1790 404 1894 441 fuerit,
1907 406 1932 436 is
1945 414 2018 436 cum
2030 406 2173 437 adultera
2186 408 2273 437 asino

1243 454 1380 484 insidens
1395 463 1447 492 per
1464 454 1575 484 urbem
1595 452 1854 491 circumducitur,
1882 453 1977 492 idque
2000 454 2040 484 ad
2065 455 2273 486 constitutum

1209 520 1211 524 ι
1242 503 1361 541 aliquot
1374 502 1496 532 dierum
1513 502 1660 541 spatium.

1607 591 1664 622 131
1675 615 1682 622 .
1710 589 1907 623 ASSYRII.

1284 674 1399 712 Assyrii
1418 674 1550 712 virgines
1563 674 1594 704 in
1609 674 1676 704 foro
1692 674 1835 705 vendunt
1848 674 2039 714 quibuslibet
2053 684 2105 706 eas
2117 675 2175 706 sibi
2185 676 2274 716 Jungi

1242 724 1501 755 desiderantibus.
1547 726 1651 756 Primo
1673 727 1811 756 veneunt
1835 725 2037 757 nobilissimae
2058 728 2089 757 et
2117 728 2274 758 venustis-

1242 776 1347 813 simae,
1366 776 1509 815 deinceps
1529 776 1668 815 reliqum.
1693 778 1799 812 Quum
1818 779 1948 807 ventum
1974 777 2100 808 tandem
2118 778 2211 809 fuerit
2235 778 2273 809 ad

1245 827 1382 856 maxime
1393 826 1549 858 deformes
1558 851 1566 866 ,
1579 835 1633 866 per
1645 836 1821 866 praeconem
1834 827 2008 867 divulgant,
2023 831 2178 868 quantum
2191 830 2274 868 quis-

1243 886 1306 916 que
1319 878 1460 917 pecuniae
1477 878 1625 917 accipiat,
1643 880 1678 909 ut
1691 887 1760 908 eam
1774 878 1880 909 ducat.
1913 881 2016 918 Atque
2030 880 2072 910 ita
2087 881 2222 919 pretium
2234 889 2274 911 ex

1245 929 1451 959 formosarum
1480 929 1660 960 venditione
1686 929 1847 960 redactum
1873 930 1905 960 in
1930 929 2096 962 elocandas
2119 930 2279 963 deformes

1243 980 1440 1020 impendunt.
1460 982 1503 1019 (2)
1520 982 1676 1012 Exercent
1687 981 1719 1012 in
1734 981 1872 1013 moribus
1885 982 2082 1021 potissimum
2092 983 2275 1022 aequitatem

1243 1034 1275 1063 et
1298 1032 1582 1065 mansuetudinem.

1621 1119 1698 1150 132.
1727 1116 1901 1152 PERSAE.

1286 1204 1374 1243 Apud
1393 1206 1499 1234 Persas
1509 1203 1593 1243 quod
1609 1204 1727 1234 sactum
1740 1207 1832 1244 turpe
1846 1205 2057 1243 existimatur,
2074 1205 2105 1236 id
2118 1213 2175 1236 nec
2188 1205 2274 1237 dictu

1246 1262 1409 1292 honestum
1425 1263 1564 1292 censent.
1583 1263 1625 1300 (2)
1649 1262 1764 1301 Siquis
1781 1264 1902 1301 patrem
1915 1263 2091 1303 necaverit,
2109 1272 2182 1294 eum
2200 1264 2273 1295 sub-

1245 1319 1381 1350 dititium
1393 1344 1401 1357 ‚
1417 1319 1516 1350 filium
1530 1319 1720 1350 existimant.
1743 1321 1786 1358 (3)
1805 1321 1834 1351 Si
1855 1329 1948 1359 quem
1960 1320 2086 1360 jusserit
2101 1330 2156 1352 rex
2173 1321 2276 1361 ssagris

1245 1378 1346 1416 caedi,
1360 1378 1385 1407 is
1397 1379 1548 1417 tanquam
1565 1377 1717 1409 beneficio
1732 1378 1864 1409 affectus
1888 1379 2002 1418 gratias
2014 1379 2098 1419 agit,
2112 1380 2196 1419 quod
2210 1380 2277 1419 ejus

1246 1447 1301 1468 rex
1315 1437 1519 1468 meminisset.
1565 1438 1608 1475 (4)
1627 1437 1749 1474 Quibus
1765 1436 1887 1468 soboles
1900 1446 2067 1468 numerosa
2080 1441 2144 1476 est,
2161 1438 2182 1469 ii
2196 1447 2276 1478 prae·

1839 1496 1883 1533 (5)
1902 1496 1990 1526 Pueri
2005 1495 2088 1535 apud
2103 1497 2186 1536 ipsos
2204 1505 2277 1527 vera

1246 1554 1347 1583 dicere
1364 1562 1426 1583 non
1437 1562 1527 1584 secus
1537 1556 1633 1593 atque
1646 1553 1842 1593 disciplinam
1859 1554 1998 1593 aliquam
2014 1554 2151 1585 discunt.

1247 1496 1345 1525 mium
1363 1504 1399 1525 eo
1418 1496 1544 1526 nomine
1560 1504 1578 1526 a
1591 1504 1661 1534 rege
1677 1496 1793 1526 ferunt.

1648 1654 1725 1686 133.
1752 1652 1879 1687 BUAI.

1288 1737 1377 1777 Apud
1398 1739 1518 1776 Buaos,
1536 1737 1643 1777 Libyae
1658 1739 1781 1777 gentem
1793 1761 1802 1776 ‚
1823 1738 1870 1768 vir
1887 1737 1966 1769 inter
1980 1738 2065 1769 viros
2080 1737 2277 1769 dominatum

1246 1796 1323 1834 gerit
1336 1819 1345 1834 ,
1364 1796 1476 1826 mulier
1488 1796 1569 1826 inter
1582 1795 1738 1826 mulieres.

1536 1893 1615 1924 134.
1642 1890 1987 1926 MASULIENSES.

1286 1981 1504 2018 Masulienses,
1523 1981 1630 2020 Libyae
1651 1989 1742 2020 gens,
1759 1989 1859 2020 quum
1882 1980 2001 2011 bellum
2027 1982 2158 2020 gerunt,
2181 1983 2276 2013 noctu

1245 2040 1373 2079 quidem
1385 2039 1530 2079 proelium
1544 2039 1768 2077 committunt,
1783 2038 1919 2069 interdiu
1933 2047 2009 2070 vero
2020 2047 2128 2079 pacem
2142 2042 2277 2070 servant.

1542 2155 1618 2186 135.
1646 2151 1986 2186 DAPSOLIBYES.

1290 2242 1490 2282 Dapsolibyes
1508 2242 1561 2273 ubi
1577 2242 1608 2272 in
1622 2250 1723 2272 unum
1743 2250 1938 2281 convenere,
1952 2241 2089 2272 universi
2109 2241 2201 2273 simul
2217 2250 2276 2272 nu-

1247 2302 1326 2342 ptias
1336 2301 1527 2332 contrahunt
1537 2299 1647 2331 eodem
1655 2299 1718 2337 die,
1729 2302 1797 2339 post
1808 2308 1955 2331 occasum
1968 2299 2141 2331 Pleiadum.
2154 2301 2276 2331 Etenim

1248 2361 1317 2399 post
1333 2359 1534 2396 convivium,
1551 2357 1589 2388 ad
1606 2358 1752 2388 mulieres
1767 2358 1897 2389 seorsim
1914 2357 2138 2388 accumbentes
2156 2357 2276 2389 exstin-

1248 2418 1306 2449 ctis
1336 2416 1506 2448 luminibus
1536 2415 1674 2454 adeunt,
1699 2424 1860 2455 quamque
1883 2425 1991 2447 earum
2021 2416 2099 2447 sorte
2120 2416 2277 2456 quispiam

1248 2477 1359 2506 nactus
1373 2475 1483 2513 fuerit,
1497 2483 1566 2505 eam
1587 2482 1717 2504 uxorem
1733 2473 1831 2504 ducit.

1530 2571 1607 2602 136.
1637 2567 1999 2602 MACHLYENSES.

1291 2655 1522 2694 lilaclilyenses,
1539 2662 1614 2693 gens
1637 2653 1775 2692 Libyca,
1792 2662 1893 2692 quum
1914 2653 2007 2684 multi
2027 2653 2120 2684 simul
2145 2653 2277 2684 eandem

202 2770 267 2797 131.
294 2764 341 2794 Cf.
360 2762 507 2793 Herodot.
525 2764 554 2800 l,
576 2766 648 2801 19G;
668 2763 780 2794 AElian.
806 2764 844 2793 V.
867 2764 904 2793 H.
926 2764 967 2793 lv
981 2786 989 2800 ‚
1011 2768 1021 2793 1
1043 2762 1117 2801 ibiq.
1142 2761 1279 2792 l‘erizon.
1297 2756 1512 2796 -εὐθύτητα]
1534 2757 1579 2787 sic
1601 2757 1712 2795 optimi
1732 2756 1823 2788 codd.
1838 2768 1846 2795 ;
1864 2757 1976 2796 reliqui
1995 2757 2166 2797 βαθύτητα,
2189 2757 2278 2796 eujus

162 2812 231 2843 loco
250 2814 389 2849 Corayus
401 2808 493 2839 scribi
515 2809 615 2838 voluit
634 2809 811 2848 πραύτητα;
828 2810 1032 2848 qravilatem
1047 2808 1236 2847 (βαρύτητα)
1255 2806 1382 2836 vertunt
1398 2805 1557 2835 Gesnerus
1573 2805 1604 2833 et
1620 2803 1759 2843 Cragius.

202 2864 268 2889 132.
294 2857 340 2887 Cs.
368 2855 516 2886 llerodot.
543 2857 572 2892 l,
602 2860 678 2893 13(;;
701 2855 813 2886 Strabo
837 2856 915 2893 XV,
938 2863 969 2894 p.
995 2858 1065 2885 733.

201 2910 269 2936 133.
295 2901 420 2940 Botion]
443 2901 561 2936 ’Υάλοις
583 2901 673 2932 codd.
701 2903 819 2939 Paris.;
846 2902 953 2936 Βύκοις
978 2904 1122 2932 Damaso.
1144 2918 1183 2922 —
1209 2912 1223 2925 u
1244 2899 1380 2935 Quinam
1400 2895 1516 2927 suerint
1536 2896 1629 2926 Βύαοι
1653 2895 1772 2926 nescire
1794 2903 1827 2925 se
1849 2895 1966 2926 fatetur
1984 2896 2097 2933 Coray.
2126 2894 2278 2926 Fortassis

158 2950 324 2989 legendum
343 2938 469 2987 Βάγαῑοι
485 2948 531 2977 vel
547 2948 651 2977 Βόαιοι
671 2957 688 2978 a
709 2948 804 2986 Βάγαῑ
822 2948 870 2978 vel
895 2947 987 2985 Βὸαῖ,
1007 2948 1113 2985 Baqaz'
1127 2967 1136 2980 ‚
1161 2944 1276 2985 oppido
1296 2943 1450 2975 Numidiae
1474 2941 1559 2972 baud
1575 2942 1664 2981 longe
1685 2942 1725 2972 ab
1742 2941 2004 2992 Abigallumine,
2021 2941 2075 2980 qui
2092 2949 2131 2972 ex
2159 2945 2277 2972 Auraso

159 3000 265 3028 monte
278 2996 396 3026 defluit.
413 2993 493 3024 Vide
518 2994 703 3033 wesseling.
721 2994 758 3024 ad
778 2998 853 3032 Aug.
883 2994 1025 3024 itinerar.
1046 3001 1074 3031 p.
1104 2995 1162 3029 37;
1188 2991 1235 3021 vel
1262 2991 1354 3021 etiam
1375 2988 1512 3020 Βακάκαι
1526 3011 1534 3025 ,
1560 2997 1640 3027 quos
1656 2988 1688 3018 in
1706 2989 1894 3018 Marmarica
1919 2987 2110 3018 Ptolemaeus
2135 2986 2238 3017 babet.
2260 3000 2274 3013 ιι

159 3046 291 3073 onem.
312 3043 455 3072 Fortasse
470 3040 527 3076 leg.
544 3039 704 3074 Ἀὸύλλοις.
722 3042 760 3070 V.
777 3040 884 3078 Stepli.
905 3041 978 3078 Byz.
998 3048 1022 3070 S.
1039 3047 1068 3069 v,

202 3091 268 3119 134.
294 3087 425 3118 Codices
440 3085 634 3124 Βασουὶιεῖς,
650 3086 787 3116 correxit
807 3086 956 3116 Valesius.
976 3085 1106 3116 Eosdem
1124 3084 1298 3118 Μασσυλεῖς
1311 3082 1386 3113 dicit
1402 3082 1549 3121 Polybius
1562 3082 1637 3119 vll,
1660 3084 1712 3118 19,
1730 3084 1755 3111 1.
1773 3082 1812 3111 V.
1840 3079 1947 3118 Steph.
1969 3080 2041 3119 Byz.
2059 3087 2084 3109 s.
2109 3087 2138 3109 v.
2169 3078 2277 3118 ibique

158 3134 287 3172 interpr.

203 3184 270 3210 135.
297 3191 309 3205 n
329 3180 401 3209 Sine
416 3177 512 3208 dubio
530 3176 694 3216 legendum
712 3179 755 3208 est
775 3177 964 3216 Θαψολίὸυες
978 3186 995 3207 a
1008 3178 1131 3217 Thapso
1144 3202 1151 3215 ,
1167 3177 1246 3208 urbe
1262 3177 1372 3208 Africae
1387 3175 1545 3206 maritima
1561 3174 1642 3204 inter
1655 3172 1847 3212 Rbuspinam
1863 3174 1894 3203 et
1908 3172 2068 3209 Rliuspas,
2086 3180 2148 3201 non
2165 3171 2274 3209 procul

158 3236 176 3257 a
191 3226 274 3265 Syrti
290 3224 411 3255 minore
424 3227 454 3255 et
470 3225 555 3264 Lepti
571 3233 682 3263 parva,
698 3224 786 3262 cujus
800 3233 914 3254 nomen
928 3224 1098 3262 saepissime
1112 3234 1127 3255 a
1144 3224 1274 3255 librariis
1289 3222 1449 3261 corrumpi
1466 3223 1497 3251 in
1517 3223 1640 3254 Tasus,
1661 3222 1812 3258 Damus,
1828 3218 1975 3249 observat
1991 3217 2120 3256 Ruperti
2138 3217 2168 3247 in
2183 3218 2273 3247 Varr.

160 3274 229 3304 lect.
249 3272 288 3302 ad
304 3271 415 3302 Silium
431 3272 498 3302 ltal.
517 3273 558 3302 ΙΙΙ
574 3294 582 3307 ,
598 3275 667 3301 261.
689 3285 702 3297 »
719 3272 849 3301 ouem.
867 3271 1059 3309 Δαψιλοὸιοι.
1078 3273 1219 3301 Damaso.

205 3323 270 3349 136.
299 3318 461 3357 vulgatam
473 3318 652 3357 ’1αλχλευεῖς
667 3316 804 3347 correxit
821 3318 848 3347 J.
867 3318 953 3346 Voss.
972 3316 1009 3346 ad
1025 3317 1138 3347 Melam
1159 3320 1165 3348 l
1181 3341 1188 3353 ,
1203 3322 1218 3348 7
1233 3341 1240 3354 ,
1257 3320 1292 3347 37
1311 3326 1349 3346 ex
1366 3314 1525 3347 Herodoto
1546 3315 1606 3351 lv,
1630 3315 1695 3343 178.
