2289 3728
154 227 225 258 102

148 299 398 351 Ἀντιοχεὺς,
428 298 607 349 ἱστορικός.
633 299 903 337 Βαὸυλωνιακά·
935 299 1008 337 ἔστι
1028 300 1058 338 δ’
1086 302 1174 352 εἴρω--

147 359 239 396 τικά.
259 380 306 385 -
322 358 353 393 Ξ
366 371 403 392 εν
414 371 461 407 οφ
471 359 497 393 ‹T›
508 372 524 392 ν
543 356 584 394 'E
594 356 669 407 φέσ
681 372 737 399 ιος
747 386 756 402 ,
779 357 958 408 ἱστορικός.
983 357 1177 408 Ἐφεσιακά

149 417 238 465 (ἔστι
257 416 285 451 δ’
300 413 444 465 ἐρωτικὰ
461 413 577 465 βιὸλία
597 414 615 450 ι’
636 414 714 466 περὶ
733 414 942 467 Ἀὃροκόμου
960 416 1017 452 καὶ
1033 416 1176 467 Ἀνθίας)

146 473 205 510 καὶ
238 472 345 522 Περὶ
378 475 450 516 τῆς
475 471 638 514 πόλεως
672 472 876 525 Ἐφεσίων
906 473 965 511 καὶ
990 473 1094 512 ἄλλα.
1127 496 1178 502 -

148 532 340 580 Ξενοφῶν
369 529 581 580 Κύπριος,
605 530 787 581 ἱστορικός.
815 530 1019 582 Κυπριακοί·
1045 530 1115 568 ἔστι
1142 530 1178 568 δὲ

146 589 203 625 καὶ
222 587 308 624 αὐτὰ
324 589 493 639 ἐρωτικῶν
512 587 703 626 ὑποθέσεων
720 590 853 641 ἱστορία
873 589 951 640 περί
972 605 1006 626 τε
1028 589 1179 640 Κινύραν

146 647 203 683 καὶ
218 645 361 696 Μύρραν
375 646 433 683 καὶ
444 645 599 684 Ἄδωνιν.
616 666 662 672 -
672 650 727 684 De
741 649 986 696 Xenophonte
1000 651 1178 696 Lampsa-

146 719 235 741 ceno
251 706 463 753 geograplzo
478 706 564 741 vide
582 719 662 753 quae
682 709 890 742 notavimus
909 708 947 741 in
972 707 1109 744 inti-od.
1132 707 1179 741 ad

147 765 276 812 fragm.
297 764 497 799 Alexandri
512 764 764 811 Polyhistoris.

148 968 546 1025 EUMACHUS
592 968 1179 1024 NEAPOLITANUS.

396 1074 465 1110 TA
502 1073 635 1109 ΠΕΡΙ
672 1072 940 1109 ANNIBAN.

431 1161 458 1193 ις
487 1160 632 1193 Lnfflo
663 1158 898 1193 SECUNDO.

650 1250 661 1270 I
675 1266 681 1273 .

202 1309 336 1342 Athen.
355 1309 444 1350 XII,
463 1320 501 1353 p.
523 1306 609 1351 577,
628 1309 658 1341 A
679 1318 687 1342 t
711 1304 876 1355 Εὔμαχος
891 1304 918 1341 δ’
935 1307 952 1341 ὃ
969 1304 1186 1350 Νεαπολίτης

151 1367 183 1402 ἓν
202 1368 244 1415 τῇ
266 1363 405 1414 δευτέρα
426 1365 492 1399 τῶν
517 1362 603 1414 Περὶ
628 1362 782 1400 Ἀννίὸαν
802 1364 957 1413 ἱστοριῶν
981 1361 1184 1414 Ἱερώνυμόν

151 1438 233 1473 φησι
250 1423 306 1458 τὸν
323 1421 582 1473 τυραννήσαντα
599 1420 822 1472 Συρακοσίων
837 1419 1025 1471 ἀγαγέσθαι
1039 1421 1184 1471 γυναῖκα

150 1483 218 1517 τῶν
240 1480 294 1516 ἐπ’
319 1480 507 1529 οἰκήματος
536 1482 806 1532 προεστηκυιῶν,
834 1478 950 1517 Πειθὼ
972 1479 1101 1528 ὄνομα,
1128 1479 1185 1516 καὶ

151 1537 325 1580 ἀποδεῖξαι
349 1536 524 1587 βασιλίδα.

733 218 963 258 EUMACffl
992 221 1331 260 NEAPOLlTANl
1361 217 1688 261 FRAGMENTA.

1595 330 1915 368 ΠΕΡΙΗΓΗΣΙΣ.

1737 434 1770 456 2.

1292 511 1470 558 Phlegon.
1507 511 1639 545 Miiab.
1670 523 1702 544 c.
1730 509 1812 546 18:
1847 507 2013 558 Εὔμαχος
2043 507 2078 544 δέ
2109 522 2210 559 φησιν
2238 509 2271 544 ἐν

1241 567 1470 617 Περιηγήσει,
1497 566 1755 616 Καρχηδονίους
1774 564 2083 617 περιταφρεύοντας
2102 563 2164 609 τὴν
2183 564 2271 601 ἰδίαν

1239 624 1408 675 ἐπαρχίαν
1437 627 1543 671 ευρεῖν
1573 624 1778 675 ὀρύσσοντας
1808 623 1867 660 δύο
1892 621 2072 665 σκελετοὺς
2099 623 2134 659 ἐν
2160 636 2272 672 σοροις

1240 682 1434 731 κειμένους,
1452 686 1497 719 ὧν
1515 685 1572 719 τοῦ
1592 681 1652 731 μὲν
1670 681 1948 732 εἰκοσιτέσσαρας
1972 684 2058 718 εἶναι
2075 679 2197 731 πήχεις
2211 679 2273 725 τὴν

1241 739 1410 788 σύνθεσιν,
1428 743 1485 776 τοῦ
1503 739 1570 776 δὲ“
1558 739 1672 790 ετέρου
1695 741 1907 790 εἰκοσιτρεῖς.

1300 816 1314 830 «
1336 800 1405 834 Hic
1419 799 1572 834 sortasse
1587 799 1688 834 idem
1708 806 1761 834 est
1776 799 1984 834 Eumachus
1995 799 2272 846 Neapolitanus,

1242 869 1353 903 quem
1368 868 1425 891 res
1439 864 1555 903 gestas
1569 857 1786 891 Hannibalis
1799 857 2027 904 consignasse
2038 855 2272 900 dicebamus;

1241 915 1309 949 nisi
1330 915 1525 949 verisimile
1544 915 1660 961 magis
1680 915 1726 949 sit
1743 913 1900 961 intelligi
1919 914 2149 948 Eumachum
2168 915 2275 949 Sicu-

1243 973 1321 1006 lum
1334 973 1516 1006 musicum
1527 999 1536 1016 ‚
1554 984 1666 1018 quem
1681 972 1821 1006 Plinius
1839 972 1988 1018 reponit
2000 972 2096 1006 inter
2113 972 2274 1019 scripto-

1244 1041 1321 1073 res,
1345 1041 1390 1064 ex
1410 1029 1546 1075 quibus
1562 1030 1700 1063 librum
1717 1031 1767 1065 IV
1783 1036 1819 1065 et
1833 1031 1883 1066 VI
1902 1030 1995 1065 Hist.
2012 1030 2058 1066 N.
2080 1029 2278 1064 concinna-

1243 1089 1309 1123 vit.
1342 1088 1450 1122 Dicat
1469 1088 1600 1134 aliquis
1623 1088 1724 1122 hunc
1743 1089 1927 1123 musicum
1945 1088 2091 1131 vocari;
2119 1087 2184 1122 sed
2202 1087 2276 1122 hoc

1245 1146 1325 1180 leve
1346 1153 1419 1193 est,
1443 1145 1594 1192 quando
1611 1147 1751 1181 Plinius
1766 1147 1808 1180 iis
1826 1146 1929 1180 libris
1944 1158 2023 1181 non
2042 1145 2089 1180 de
2107 1146 2252 1181 musicis
2264 1172 2274 1189 ,

1244 1203 1307 1239 sed
1317 1204 1362 1239 de
1375 1205 1484 1239 variis
1496 1204 1666 1251 gentibus
1680 1210 1824 1248 tractat,
1840 1211 1877 1238 et
1889 1205 2129 1239 Aristoxenus
2141 1204 2276 1237 Taren-

1245 1263 1340 1296 tinus
1360 1273 1511 1308 quoque
1540 1262 1701 1296 musicus
1728 1261 1819 1305 fuit,
1849 1262 1914 1308 qui
1933 1267 2052 1296 tamen
2080 1261 2278 1295 illustrium

1243 1321 1468 1367 scriptorum
1483 1320 1574 1354 vitas
1591 1326 1627 1354 et
1641 1327 1817 1366 praeterea
1830 1320 2022 1354 historiam
2038 1319 2176 1353 variam
2189 1319 2280 1353 reli-

1246 1379 1337 1424 quit.
1363 1393 1377 1409 »
1406 1378 1567 1412 Vossius.
1587 1378 1690 1412 Alius
1709 1377 1938 1420 Eumachus,
1964 1377 2196 1423 Corcyraeus,
2214 1377 2279 1422 qui

1246 1433 1482 1483 Ῥιζοτομικὸν
1513 1436 1675 1482 scripsit,
1716 1435 1887 1470 laudatur
1921 1446 1980 1481 ap.
2017 1435 2153 1471 Athen.
2192 1434 2276 1478 XV,

1246 1507 1285 1541 p.
1310 1494 1398 1538 681,
1420 1495 1461 1529 E.

356 1650 421 1687 DE
450 1649 614 1687 REBUS
651 1649 980 1688 HANNIBALIS.
1654 1660 1660 1673 ⁴

653 1727 683 1758 1.

194 1780 376 1811 Eumachus
416 1781 639 1820 Neapolitanus
677 1781 816 1812 seeundo
857 1781 937 1812 libro
975 1781 1185 1812 Historiarum

155 1831 357 1869 Hannibalis,
383 1832 611 1872 Hieronymum
628 1834 690 1871 ait,
707 1835 978 1872 Syracusanorum
998 1833 1186 1872 tyrannum,

153 1893 285 1915 uxorem
309 1884 437 1915 duxisse
463 1894 503 1916 ex
530 1885 718 1916 mulieribus
747 1894 819 1924 quai
844 1885 873 1915 in
903 1885 981 1915 cella
1010 1884 1186 1915 meretricia

154 1936 357 1975 prostabant,
375 1936 503 1968 nomine
522 1936 614 1968 Pitho
651 1945 785 1976 eamque
802 1936 939 1975 reginam
955 1937 1185 1975 pronuntiasse.

1607 1648 1912 1686 PERlEGESIS.

1745 1724 1765 1745 6)

1744 1745 1779 1755 aa·

1290 1777 1470 1808 Eumachus
1494 1778 1526 1807 in
1543 1776 1694 1817 periegesi
1717 1777 1761 1807 ait
1784 1775 2056 1815 Carthaginienses
2081 1774 2279 1815 provinciam

1247 1839 1337 1862 suam
1361 1831 1442 1861 fossa
1463 1830 1643 1861 munientes
1666 1829 1748 1860 inter
1770 1828 1953 1859 fodiendum
1971 1827 2122 1867 reperisse
2143 1826 2280 1857 duorum

1247 1891 1319 1914 ossa
1341 1882 1550 1920 cadaverum,
1566 1882 1599 1912 in
1621 1880 1733 1912 loculis
1746 1880 1902 1920 jacentia;
1923 1879 2039 1919 quibus
2064 1879 2123 1910 rite
2149 1885 2279 1917 compo-

1247 1935 1314 1965 sitis
1324 1958 1331 1971 ,
1343 1933 1570 1974 longitudinem
1583 1933 1712 1963 alterius
1725 1932 1886 1963 cadaveris
1902 1931 1997 1962 fuisse
2011 1929 2156 1961 cubitum
2169 1928 2280 1969 viginti

1248 1987 1411 2026 quattuor,
1426 1985 1555 2016 alterins
1571 1984 1714 2015 cubitum
1738 1982 1848 2022 viginti
1867 1982 1940 2013 tres.
