2338 3765
960 141 1087 179 FRAG
1096 141 1133 177 M
1141 142 1284 178 ENTA.
2097 149 2116 180 3
2125 150 2163 183 73

63 246 188 282 στρας,
217 230 276 268 καὶ
303 229 358 266 τὸν
381 228 549 279 Ὀρέστην
580 227 636 266 τὸν
664 231 723 264 τοῦ
745 227 994 278 Ἀγαμέμνονος
1014 227 1083 264 υἱὸν
1147 232 1388 270 Agamemnonis
1407 233 1550 264 occidere
1571 233 1704 264 volebat.
1731 235 1821 264 llunc
1846 242 1920 264 vero
1940 233 2076 264 servavit
2098 234 2173 263 Tal—

62 288 202 336 ἕμελλὲν
229 287 374 323 ἀνελεῖν·
431 287 561 323 Τοῦτον
581 284 615 322 δὲ
639 284 804 336 ἐρρύσατο
831 284 1022 326 Ταλθῦὅῑθς
1043 286 1086 334 (¹)
1147 297 1276 336 thybius
1303 298 1382 328 caudi
1407 301 1605 338 surreptum,
1625 301 1656 330 et
1683 300 1712 330 in
1738 299 1906 331 Phocidem
1930 299 1968 330 ad
1992 299 2173 338 Strophium

62 343 271 396 ἐξαρπάσας,
288 343 347 379 καὶ
366 342 546 391 ἐκθέμενος
563 344 608 384 εἷς
625 341 686 387 τὴν
705 341 851 379 Φωκίδα
865 341 960 392 παρὰ
978 341 1087 391 Στρό-

63 417 148 453 φιον.
162 402 303 451 Δεκάτῳ
316 401 356 450 (2)
374 401 401 437 δ’
417 400 484 437 ἔτει
496 402 532 437 ἐκ
545 400 697 438 Φωκέων
709 398 813 436 ἐλθὼν
826 398 913 448 μετὰ
926 398 1087 437 Πυλάδου

1149 363 1341 403 portandum
1359 364 1493 394 curavit.
1512 365 1600 396 Unde
1618 366 1739 397 decimo
1756 376 1838 397 anno
1856 368 1926 406 post
1943 375 2085 398 reversus
2101 375 2175 397 cum

103 462 122 470 ,ε
162 460 172 468 .
266 458 272 469 ι
393 457 407 471 ‚1
587 457 594 469 1
645 457 652 471 l
775 456 782 468 2
917 457 925 470 1
1046 459 1066 466 Ν
1149 433 1262 472 Pylade
1276 433 1415 472 Strophii
1432 434 1495 464 filio
1510 435 1684 473 Aigisumm
1699 438 1729 467 et
1744 438 1875 467 matrem
1893 436 2047 467 interfecit
2065 444 2174 475 regno-

66 474 123 496 του
144 460 327 509 λτροφιου,
358 459 521 507 Αιγισθον
542 473 599 494 και
618 473 679 502 την
696 472 827 508 μητερα
852 472 1003 503 κτεινας,
1022 473 1088 493 των

63 518 234 561 Μυκηνῶν
257 515 468 552 ἐὸασίλευεν.
492 515 739 563 Έλαυνόμενος
759 515 793 551 δὲ
815 514 880 551 ὑπὸ
900 517 967 552 τῶν
989 514 1087 562 Λῖγί-

63 576 141 610 σθου
156 573 277 624 φίλων,
298 572 386 609 κατὰ
404 571 438 609 δὲ
458 572 514 609 τὸν
531 573 688 609 πλεῖστον
709 572 806 622 λόγον
823 572 887 609 ὑπὸ
905 571 1087 623 Ἐρινύων,

61 633 106 673 ὡς
125 630 270 681 ἐναγὴς,
288 633 363 667 θεοῦ
380 630 622 680 κελεύσαντος,
641 633 685 673 εἷς
706 630 846 675 ἈΟήνας
863 629 1015 681 ἀφίκετο,
1031 629 1089 667 καὶ

63 690 96 724 ἐν
116 687 233 739 Ἀρείῳ
253 688 355 739 πάγῳ
375 687 498 738 κριθεὶς
518 686 703 737 ἀπέφυγεν.
726 687 825 733 Αὕτη
849 691 867 732 ἡ
890 687 965 733 δίκη
986 687 1087 738 φόνου

61 746 207 797 τετάρτη
225 746 265 795 (3)
282 748 314 783 ἐν
331 745 485 791 Ἀθήναις
503 745 632 796 ἐκρίθη.

1151 509 1212 540 que
1225 490 1560 539 Mycenarmffpotitns
1575 503 1632 532 est.
1649 504 1765 533 Verum
1784 512 1881 542 quum
1896 503 1935 533 al)
1955 503 2064 533 amicis
2090 503 2173 542 AEgi-

1147 569 1209 600 sthi
1225 570 1286 608 vel,
1300 570 1336 600 ut
1347 569 1472 608 plurimi
1486 571 1627 608 narrant,
1642 579 1658 600 a
1670 571 1767 601 Furiis
1776 595 1784 609 ,
1797 573 1906 610 utpote
1917 572 2003 603 caede
2014 572 2153 611 pollutus
2163 594 2172 609 ‚

1148 632 1374 671 exagitaretur,
1397 631 1446 662 dei
1468 631 1554 669 jussu
1578 632 1715 662 Athenas
1737 633 1822 663 venit
1839 633 1945 672 ibique
1961 635 1992 664 in
2014 637 2175 673 Areopago

1146 696 1301 735 judicium
1320 695 1446 726 subiens
1459 693 1623 725 absolutus
1638 696 1696 725 est.
1716 697 1817 734 Atque
1833 698 1891 727 hoe
1907 698 2056 735 quartum
2071 697 2129 726 l'uit
2139 696 2178 726 de

1148 759 1234 790 caede
1249 758 1421 797 judicium,
1447 758 1531 797 quod
1550 757 1678 789 Athenis
1694 757 1724 788 in
1740 761 1898 798 Areopago
1916 760 2095 790 institutum
2115 760 2172 790 est.

546 839 564 871 3
573 837 602 872 5.

114 915 241 961 Steph.
269 916 309 948 Β.
334 927 341 947 z
367 912 519 961 Καρνία,
542 911 637 953 πόλις
659 911 803 954 Ἰωνίας.
828 911 997 953 Νικόλαος
1026 926 1084 946 τε·

62 969 189 1021 τάρτῳ.

1633 847 1690 877 35.

1190 918 1320 956 carnia,
1339 918 1412 949 urbs
1430 918 1542 955 loniae,
1558 919 1593 947 ut
1610 917 1756 948 Nicolaus
1780 918 1870 947 refert
1888 918 1964 948 lihro
1981 921 2105 957 quarto.

547 1039 607 1076 36.
1634 1031 1691 1061 36.

113 1127 203 1162 Exc.
235 1127 290 1160 De
309 1127 395 1162 virt.
428 1139 435 1159 2
457 1122 542 1162 ’Ὀτι
560 1124 617 1161 τὸν
649 1124 855 1173 Ἀμυκλαῖον
876 1125 978 1174 νομὸν
999 1122 1087 1160 κατὰ
1191 1126 1297 1161 Quum
1312 1123 1486 1155 Heraclidae
1496 1124 1689 1162 Amyclaeum
1699 1132 1806 1162 agrum
1817 1124 2000 1154 Philonomo
2012 1124 2178 1162 proditori,

62 1181 121 1224 τὰς
135 1180 318 1230 ὁμολογίας
328 1183 376 1232 τῷ
393 1181 542 1232 προδότῃ
553 1182 742 1233 Φιλονόμῳ
754 1181 919 1224 ἐξελόντες
934 1183 964 1219 οἱ
979 1181 1090 1232 Ἥρα-

61 1239 193 1275 κλεῒδαι
213 1238 380 1287 ἀνέμητον
407 1240 555 1290 ἀφ’ῆκαν.
576 1238 620 1276 ‘O
641 1239 676 1276 δὲ
704 1239 946 1289 αἰσχυνόμενος
966 1239 1023 1276 ἐπὶ
1046 1242 1089 1289 τῇ

61 1295 245 1347 προδοσίᾳ,
264 1297 415 1345 οὐδαμοῦ
436 1296 603 1347 ἐφαίνετο.
628 1298 672 1334 Οἱ
694 1296 729 1333 δὲ
746 1296 973 1347 (Ηρακλεῗδαι
1003 1298 1086 1333 ἀνα-

62 1353 246 1403 δασάμενοι
271 1353 329 1391 καὶ
350 1357 468 1391 τοῦτον
487 1353 654 1403 ἐνέμοντο.
673 1353 842 1405 ε’Υστερόν
861 1370 898 1404 γε
920 1353 988 1403 μὴν
1010 1356 1090 1406 ἀφι-

61 1410 194 1461 κομένῳ
223 1413 260 1448 ἐκ
292 1412 435 1461 Λήμνου
456 1411 514 1448 σὺν
533 1413 625 1463 λαῷ,
646 1411 758 1448 ὅντινα
790 1413 844 1448 ἐπὶ
874 1415 916 1463 τῇ
945 1411 1002 1463 ἴσῃ
1031 1411 1089 1448 καὶ

61 1468 162 1520 ὁμοίᾳ
182 1469 445 1519 [συνεπήγετο]
460 1499 469 1517 ,
490 1469 592 1505 πάλιν
624 1469 810 1506 ἀπέδοσαν.
871 1468 941 1507 Καὶ
965 1468 999 1510 ὃς
1019 1474 1088 1511 τοῖς

61 1526 182 1572 ἥκουσι
206 1526 324 1564 διελὼν
355 1526 416 1571 τὴν
441 1528 518 1575 γῆν,
547 1526 628 1575 ᾤκει
661 1527 734 1575 ἅμα
765 1528 875 1569 αὐτοῖς
898 1525 1088 1576 βασιλεύων
1149 1532 1201 1560 tur
1216 1529 1421 1560 Philonomus
1434 1538 1534 1568 quum
1551 1537 1640 1568 agros
1654 1528 1773 1559 colonis
1786 1528 1958 1566 divisisset,
1978 1529 2178 1567 Ainyclarum

1150 1185 1186 1214 ut
1203 1183 1413 1219 convenerat,
1434 1182 1522 1213 extra
1541 1183 1656 1212 sortem
1674 1182 1900 1219 reservassent,
1928 1182 2015 1220 isque
2034 1191 2098 1221 prm
2122 1191 2177 1221 pu-

1151 1240 1227 1271 dore
1251 1240 1395 1270 admissae
1423 1239 1607 1278 proditionis
1635 1239 1746 1269 nullibi
1770 1240 1987 1278 compareret,
2005 1240 2180 1270 Heraclidae

1151 1299 1293 1330 instituta
1308 1298 1421 1328 iterum
1442 1297 1595 1328 divisione
1617 1305 1689 1328 eum
1705 1305 1813 1336 agrum
1830 1298 1914 1328 sorte
1938 1297 2177 1328 distribuerunt.

1152 1356 1210 1387 Sed
1241 1354 1443 1395 postmodum
1472 1363 1597 1385 reverso
1634 1355 1819 1385 Philonomo
1853 1363 1926 1385 eum
1952 1354 2036 1385 hand
2064 1355 2179 1394 exigua

1150 1422 1257 1452 manu,
1269 1422 1359 1453 quos,
1371 1412 1435 1452 pari
1448 1415 1478 1443 et
1490 1421 1582 1451 :rquo
1592 1413 1712 1443 honore
1725 1412 1834 1451 etjure
1845 1412 2003 1452 proposito
2013 1436 2020 1451 ,
2030 1421 2046 1443 e
2060 1414 2178 1443 Lemno

1151 1472 1346 1509 adduxerat,
1361 1471 1536 1503 Heraclidae
1550 1471 1576 1501 ei
1589 1471 1785 1510 Amyclaeum
1798 1479 1908 1509 agrum
1921 1479 2111 1501 concessere.
2128 1471 2182 1509 lgi-

61 1584 249 1634 Ἀμυκλῶν.
1151 1595 1280 1625 regnum
1298 1586 1446 1617 obtinuit.

547 1656 606 1699 37·
1635 1675 1691 1705 37.

112 1743 240 1789 Steph.
272 1743 316 1778 Β.
346 1753 354 1778 2
385 1740 536 1790 Θόρναξ,
565 1740 639 1790 ὅρος
665 1743 725 1784 τῆς
746 1743 963 1785 Λακωνικῆς.
988 1740 1092 1778 Νικό-
1194 1746 1342 1776 Thornax
1372 1754 1462 1775 mons
1489 1745 1633 1776 Laconiae
1658 1746 1720 1782 est,
1748 1745 1779 1774 ut
1813 1745 1958 1775 Nieolaus
1983 1745 2077 1775 refert
2104 1744 2182 1775 libro

61 1799 140 1840 λαος
158 1797 320 1848 τετάρτῃ.
1151 1804 1277 1841 quarto.

102 1913 152 1941 34.
180 1909 259 1942 Cod.
279 1909 473 1948 Escor.s0l.
500 1913 557 1949 77,
576 1915 613 1941 26
638 1919 694 1941 vso
708 1928 746 1932 ——
761 1913 818 1948 78,
833 1912 850 1940 4
869 1919 899 1941 r.
925 1927 966 1932 —-—
981 1912 1008 1940 1.
1026 1908 1213 1948 ἐρρύσατο
1230 1907 1465 1946 Ταλθύὸιος]
1490 1907 1540 1937 Sic
1556 1907 1650 1937 etiam
1668 1907 1775 1945 Dictys
1791 1907 1876 1937 Cret.
1898 1908 1960 1943 vl,
1979 1910 2008 1936 2.
2026 1906 2084 1935 Pro
2108 1904 2181 1936 Tal-

60 1956 168 1996 thybio
195 1956 346 1987 Pindarus
366 1956 456 1995 Pyth.
486 1958 545 1994 xl,
568 1960 606 1987 25
624 1956 794 1994 Arsinoen,
817 1955 1009 1994 Pherecydes
1026 1956 1085 1993 (tr.
1106 1954 1163 1992 96)
1180 1953 1401 1991 Laodamiam,
1429 1953 1594 1991 AEschylns
1622 1952 1742 1991 Coeph.
1769 1954 1824 1982 721
1846 1951 1985 1982 Cilissam
2002 1950 2157 1981 nutricem
2172 1974 2179 1987 ,

60 2002 229 2041 Sophocles
245 2003 401 2033 Electram
418 2009 575 2040 sororem,
593 2001 756 2040 Euripides
771 2000 975 2040 paedagogum
993 2002 1126 2039 ponunt.
1143 2017 1183 2022 -
1205 2004 1233 2030 2.
1259 1999 1429 2039 δεκάτῳ]
1447 1999 1586 2038 ὀγδοάτῳ
1603 2007 1665 2029 sec.
1692 2000 1821 2029 Homer.
1843 1997 1956 2035 Odyss.
1976 2001 1992 2027 3
2004 2020 2012 2034 ,
2039 1999 2111 2027 306.
2142 2013 2182 2017 -

60 2054 90 2080 3.
113 2048 298 2089 τετάρτη]
313 2047 455 2078 Fluxisse
477 2047 546 2078 haec
568 2050 646 2087 puto
669 2056 709 2078 ex
730 2048 892 2078 Hellanico
916 2048 975 2085 (t'r.
997 2048 1073 2086 82),
1098 2048 1153 2086 qui
1176 2047 1215 2077 de
1240 2045 1487 2084 Orestisjudieio
1512 2053 1606 2083 agens
1618 2044 1712 2075 simul
1725 2044 1829 2083 priora
1845 2042 1962 2082 judicia
1977 2042 2008 2072 in
2022 2044 2182 2081 Areopago

59 2094 166 2125 habita
179 2096 318 2125 recenset
331 2102 382 2135 ap.
400 2093 496 2124 schol.
512 2095 587 2124 Eur.
606 2094 710 2124 Orest.
733 2095 819 2124 1643.
835 2093 908 2124 Loci
924 2094 1063 2133 corrupti
1080 2101 1185 2131 neque
1202 2092 1344 2123 Sturzius
1360 2100 1462 2130 neque
1478 2100 1535 2129 ego
1550 2090 1624 2121 olim
1641 2098 1744 2128 neque
1762 2089 1917 2120 Prellerus
1942 2088 2008 2125 (De
2023 2087 2182 2118 Hellanico

59 2149 90 2180 p.
109 2141 164 2177 24)
178 2139 333 2171 medelam
346 2139 531 2171 attulerunt.
546 2138 785 2169 Emendandum
799 2147 910 2169 censeo
927 2139 1010 2169 hunc
1024 2140 1053 2169 in
1068 2140 1196 2169 modum
1215 2152 1221 2169 z
1236 2140 1274 2169 Οἱ
1290 2138 1435 2174 Ἀθηναῖοι
1449 2139 1502 2174 τὴν
1516 2138 1602 2173 δίκην
1617 2139 1626 2173 (
1635 2145 1679 2167 sc.
1695 2136 1733 2167 de
1747 2135 2024 2173 Οιέ510)ἔστασαν
2040 2135 2075 2165 ἕν
2086 2135 2148 2164 δεκ
2159 2145 2178 2164 α

59 2187 165 2225 (ἐννέα
182 2186 293 2225 vulgo)
308 2188 422 2225 γενεαῖς
438 2185 563 2225 ὕστερον
577 2186 595 2221 ἢ
610 2185 662 2223 (δὲ
674 2185 752 2223 vgo)
767 2184 854 2224 Ἄρης
867 2185 918 2214 καὶ
932 2186 1090 2215 Ποσειδῶν
1103 2187 1170 2225 περὶ
1185 2185 1365 2224 Ἁλιρροθίου
1388 2185 1473 2221 δίκην
1488 2184 1615 2222 (supple
1637 2183 1743 2222 ἔφυγον
1769 2183 1819 2213 vel
1843 2182 1943 2212 simile
1958 2181 2045 2220 quid.
2056 2181 2077 2219 ).
2105 2181 2180 2211 Εἶτα

58 2233 194 2270 Κέφαλος
213 2233 229 2262 ὁ
248 2233 417 2268 Δηιονέως,
440 2231 522 2266 ὅστις
546 2231 676 2270 Πρόκριν
693 2232 746 2267 τήν
763 2230 929 2270 Ἐρεχθέως
952 2231 1031 2270 ἔχων
1056 2236 1187 2268 γυναῖκα
1202 2232 1254 2261 καὶ
1278 2231 1458 2265 ἀποκτείνας
1475 2231 1504 2265 ἐξ
1520 2229 1734 2269 Ἀρείουπάγου
1749 2229 1834 2265 δίκην
1850 2230 1890 2263 ὡς
1909 2228 2058 2262 δικασθεὶς
2077 2227 2180 2267 ἔφυγεν

59 2279 88 2314 ἓξ
104 2281 218 2318 γενεαῖς
233 2279 370 2318 ὕστερον.
399 2278 484 2309 Μετὰ
500 2277 532 2308 δὲ
550 2278 604 2314 τὴν
621 2277 772 2308 Δαιδάλου
800 2277 903 2314 δίκην,
921 2277 1096 2317 ἀδελφιδοῦν
1115 2279 1166 2308 τὸν
1188 2277 1298 2308 Τάλων
1326 2276 1560 2311 ἀποκτείναντος
1577 2275 1708 2306 δολόεντι
1726 2274 1845 2313 θανάτῳ
1864 2275 1917 2304 καὶ
1936 2273 2079 2313 φυγόντος
2095 2273 2180 2309 δίκην

59 2326 136 2364 τρισὶ
152 2329 267 2361 γενεαῖς
282 2325 405 2364 ὕστερον
416 2348 424 2363 ,
441 2324 517 2359 αὕτη
541 2325 561 2361 ἡ
580 2324 724 2363 Τυνδαρὶς
742 2324 999 2363 Κλυταιμνήστρα
1011 2347 1020 2361 ,
1039 2323 1250 2363 Ἀγαμέμνονα
1267 2322 1475 2353 ἀποκτείνασα
1491 2322 1542 2351 καὶ
1559 2322 1618 2351 ὑπὸ
1634 2321 1777 2361 Ὀρέστου
1795 2320 2020 2350 ἀποκτανθεῖσα
2032 2342 2040 2357 ,
2055 2318 2182 2358 [supple

57 2372 134 2412 τρισὶ
151 2375 265 2411 γενεαῖς
283 2371 432 2412 ὕστερον]
456 2372 698 2410 συγκροτηθῆναι
722 2371 809 2407 δίκην
832 2374 877 2410 τῷ
901 2370 1030 2410 Ὀρέστῃ
1052 2371 1112 2401 ὑπὸ
1133 2369 1306 2409 Εὐμενίδων
1328 2368 1570 2408 παρεσκεύασεν.
1597 2367 1751 2398 Videlicet
1774 2375 1873 2405 quun}
1896 2367 2044 2405 quattuor
2061 2365 2181 2404 J'udicia

58 2420 284 2456 memorentur,
303 2420 334 2448 et
350 2418 413 2448 duo
438 2419 563 2448 tantum
581 2417 733 2456 temporis
748 2417 912 2448 intervalla
936 2417 1124 2454 indicentur,
1143 2417 1251 2454 aperte
1267 2414 1460 2445 desideratur
1480 2413 1680 2444 intervallum
1697 2413 1845 2449 tertium,
1869 2411 2023 2450 ideoque,
2050 2411 2075 2440 si
2097 2412 2180 2444 reete

58 2472 91 2494 se
108 2463 226 2494 habent
244 2463 307 2494 illae
325 2463 354 2498 ἓξ
371 2462 469 2500 γενεαί
487 2463 519 2493 et
533 2465 609 2502 τρεῖς
625 2463 743 2501 γενεαί,
761 2471 832 2502 qnae
857 2462 892 2493 in
911 2462 1046 2501 vulgatis
1072 2463 1286 2502 apponuntur,
1311 2461 1386 2491 salsa
1408 2468 1474 2491 esse
1495 2460 1589 2490 debet
1607 2467 1731 2490 summa
1753 2460 1864 2497 γενεῶν
1891 2456 1986 2487 ἐννέα.
2019 2455 2180 2487 Undecim

58 2518 132 2540 vero
145 2509 263 2549 γενεαί,
281 2517 359 2548 quas
373 2509 577 2548 reposuimus,
592 2509 710 2547 optime
728 2509 896 2548 quadrant.
915 2510 994 2539 Nam
1011 2509 1082 2540 inde
1098 2518 1117 2539 a
1133 2510 1271 2547 Cecrope
1287 2516 1386 2546 usque
1399 2507 1436 2537 ad
1458 2507 1723 2546 Demophontem,
1738 2505 1796 2536 51111
1810 2504 1900 2543 cujus
1914 2503 2000 2533 initio
2017 2502 2056 2533 de
2070 2505 2181 2534 Oreste

55 2555 230 2594 judicatum
248 2557 312 2593 est,
330 2557 365 2585 ut
381 2556 495 2594 praeter
513 2554 591 2585 alios
608 2554 673 2594 ipse
689 2555 836 2586 Nicolaus
853 2555 910 2593 (fr.
936 2555 995 2594 34)
1014 2555 1123 2594 docet,
1143 2554 1291 2586 undecim
1310 2553 1434 2582 suerunt
1453 2561 1544 2591 reges
1559 2552 1624 2582 sive
1638 2550 1862 2589 generationes.
1878 2551 1981 2588 Usque
1997 2547 2036 2578 ad
2052 2548 2181 2587 Cephali

55 2602 209 2641 judicium
226 2611 282 2633 sex
298 2601 392 2632 fuisse
409 2601 558 2632 dicuntur
571 2601 682 2640 γενεαί.
701 2603 717 2632 J
723 2601 885 2632 udicatum
904 2610 979 2632 vero
995 2610 1062 2632 esse
1078 2602 1201 2631 constat
1217 2599 1275 2631 sub
1291 2597 1466 2628 Erechtheo
1484 2600 1511 2628 11
1523 2621 1530 2635 ,
1549 2597 1603 2636 qui
1620 2606 1676 2627 rex
1691 2597 1737 2627 est
1753 2598 1872 2626 sextus.

102 2651 151 2679 35.
175 2647 257 2679 Urbs
270 2647 395 2679 aliunde
409 2656 473 2678 non
488 2649 573 2678 nota.
591 2649 686 2678 Recte
702 2656 788 2684 vero,
805 2648 895 2686 puto,
913 2646 1094 2678 Holstenius
1108 2646 1146 2677 ad
1164 2646 1271 2684 steph.
1290 2644 1310 2674 l.
1328 2644 1348 2674 1.
1370 2645 1552 2680 Carmani,
1567 2651 1663 2682 quam
1677 2642 1822 2672 Nicolaus
1835 2641 1928 2678 dicit,
1944 2649 2008 2671 non
2024 2640 2181 2672 diversam

60 2701 125 2724 esse
135 2694 239 2724 censet
249 2702 267 2723 a
282 2695 391 2724 Carne
401 2717 408 2731 ,
421 2693 511 2732 cujus
532 2693 709 2732 Stephanus
720 2693 863 2724 meminit
876 2701 907 2723 v.
921 2693 1034 2733 Κάρνη.
1047 2693 1134 2725 Ἔστι
1147 2693 1178 2723 δὲ
1190 2692 1264 2727 ἅλλη
1277 2689 1413 2724 Αἰολίδος
1422 2713 1431 2727 ,
1443 2689 1477 2727 ἧς
1488 2690 1522 2720 τὸ
1534 2689 1648 2719 ἐθνικὸν
1663 2690 1813 2727 Καρναῖος
1823 2711 1831 2726 ,
1843 2688 1877 2718 τὸ
1888 2687 2030 2723 κτητικὸν
2042 2686 2180 2726 Κάρνιος,

59 2740 196 2778 τριγενές.
214 2739 404 2770 Mentionem
424 2740 518 2778 hujus
533 2740 618 2770 urbis
633 2740 780 2771 Nicolaus
803 2740 944 2778 injecerit
960 2740 998 2771 de
1015 2738 1256 2779 migrationibus
1280 2735 1407 2767 AEolicis
1429 2735 1579 2774 loquens,
1597 2743 1668 2773 quae
1690 2734 1809 2765 Orestis
1825 2735 1968 2772 tempore
1987 2734 2018 2763 et
2034 2733 2180 2771 deinceps

59 2785 91 2815 in
110 2785 215 2816 Asiam
232 2786 321 2816 sactae
350 2786 434 2816 sunt.
456 2787 578 2816 Nomen
606 2784 744 2815 urbisin
773 2786 911 2815 mentem
933 2786 1062 2815 revocat
1085 2783 1259 2823 Apollinem
1286 2785 1466 2819 Carneum,
1495 2781 1586 2820 euJ'us
1615 2781 1735 2811 cultum
1758 2779 1823 2817 jam
1847 2781 1920 2810 ante
1938 2778 2175 2810 Heraclidarum

57 2831 228 2862 adventum
247 2831 278 2861 in
296 2831 509 2870 Peloponneso
534 2830 665 2869 viguisse
686 2831 767 2861 inter
783 2830 894 2861 doctos
911 2831 985 2861 satis
1001 2832 1137 2861 constat.

101 2882 150 2909 36.
180 2877 256 2909 Cod.
281 2880 358 2909 Tur.
377 2877 444 2916 sol.
466 2878 520 2908 154
534 2901 542 2915 ,
565 2880 653 2908 10-17
670 2885 699 2906 ν.
724 2880 752 2906 1.
776 2875 1041 2916 συνεπήγετο]
1056 2884 1169 2906 vocem
1186 2873 1345 2914 supplevit
1360 2874 1523 2911 Corayus3
1542 2872 1605 2912 μεθ’
1618 2873 1727 2902 ἑαυτοῦ
1743 2871 1797 2911 ἦγε
1813 2870 1914 2909 suppl.
1934 2870 2088 2901 Valesius.
2106 2872 2180 2901 Haec

58 2931 94 2954 ex
113 2923 238 2962 Ephoro
255 2923 351 2962 petita
365 2931 431 2953 esse
448 2923 562 2961 saepius
579 2922 637 2952 viri
651 2922 734 2952 docti
749 2924 950 2953 monuerunt.
968 2922 1093 2953 Etenim
1110 2922 1223 2954 Strabo
1240 2923 1315 2951 vlu
1328 2944 1336 2958 ,
1358 2929 1388 2959 p.
1414 2921 1472 2951 364
1492 2927 1531 2949 ex
1552 2919 1677 2958 Ephoro
1693 2920 1749 2958 (fr.
1772 2918 1827 2956 18)
1843 2918 1951 2948 narrat
1968 2918 2179 2956 Eurystheum

58 2971 90 3001 et
113 2970 253 3000 Proelem
276 2970 460 3000 Laconicam
484 2970 589 3000 διελεῖν
606 2971 646 3005 εἰς
671 2971 700 3005 ἓξ
723 2971 796 3009 μέρη
811 2993 818 3007 ,
839 2971 890 3000 καὶ
907 2970 1030 3001 πολίσαι
1047 2971 1101 3007 τὴν
1131 2970 1254 3010 χώραν’
1272 2967 1343 3006 μίαν
1367 2965 1419 3006 μὲν
1442 2965 1494 2996 οὖν
1515 2969 1576 2996 τῶν
1600 2966 1728 3006 μερίδων
1741 2989 1749 3004 ,
1768 2965 1821 3000 τὰς
1849 2963 2014 3002 Ἀμύκλας,
2033 2963 2179 3003 ἐξαίρετον

58 3016 161 3046 δοῦναι
178 3017 222 3054 τῷ
238 3015 379 3054 προδόντι
395 3016 497 3050 αὐτοῖς
518 3016 573 3052 τὴν
590 3016 774 3051 Λακωνικὴν
791 3017 856 3046 κτλ.
884 3017 922 3045 V.
942 3017 1065 3048 Mulier.
1085 3020 1163 3048 Dor.
1183 3026 1214 3055 p.
1234 3019 1271 3046 48
1288 3023 1358 3053 sqq.
1378 3017 1499 3046 Nomen
1518 3013 1694 3043 Philonomi
1707 3036 1716 3051 ,
1732 3011 1818 3051 quod
1836 3011 1897 3041 hoc
1920 3011 1989 3041 loeo
2011 3011 2120 3040 multis
2136 3011 2179 3040 la-

59 3062 148 3093 cunis
160 3062 271 3092 mutilo
284 3062 435 3093 excidisse
450 3061 587 3099 videtur,
604 3062 715 3092 Strabo
733 3063 888 3092 memorat
905 3063 1009 3100 paullo
1026 3064 1094 3102 post
1112 3071 1142 3101 p.
1160 3066 1219 3093 3ss5
1248 3063 1294 3090 Ex
1310 3063 1426 3091 Lemno
1440 3061 1567 3090 colonos
1584 3059 1730 3098 Amyclas
1748 3068 1765 3088 a
1785 3058 1969 3089 Philonomo
1988 3057 2099 3087 ductos
2115 3065 2179 3085 esse

59 3109 173 3146 praeter
188 3107 352 3138 Nicolaum
375 3107 471 3138 tradit
489 3109 599 3138 Conon
621 3110 709 3138 Narr.
730 3112 762 3138 31
787 3120 793 3138 z
811 3107 980 3147 Φιλὸνομος
1002 3110 1018 3138 ὁ
1036 3108 1226 3147 Σπαρτιάτης
1246 3107 1374 3146 προδοὺς
1398 3109 1546 3146 Δωριεῦσι
1573 3107 1669 3145 δῶρον
1687 3105 1749 3144 ἔχει
1766 3104 1931 3143 Ἀμύκλας,
1950 3104 2001 3133 καὶ
2017 3102 2176 3137 συνοικίζει

59 3153 170 3189 ταύτην
186 3153 215 3187 ἐξ
231 3152 356 3193 Ἷμὸρου
373 3154 425 3183 καὶ
446 3153 590 3191 Λήμνου·
608 3154 691 3192 τρίτῃ
706 3153 736 3183 δὲ
751 3157 837 3192 γενεᾷ
853 3153 1073 3189 στασιάσαντες
1089 3154 1161 3193 πρὸς
1187 3153 1320 3192 Δωριέας
1338 3153 1570 3192 μετανίστανται
1586 3153 1740 3190 Ἀμυκλῶν
1759 3151 1823 3183 κτλ,
1842 3149 1890 3181 Cf.
1916 3152 2005 3180 Narr.
2025 3151 2081 3186 47;
2101 3149 2178 3177 Pau-

59 3199 214 3229 saniaslll
229 3222 237 3236 ‚
256 3203 290 3238 2,
306 3203 363 3238 (303
386 3199 513 3230 Servius
535 3199 575 3229 ad
598 3201 668 3229 AEn.
696 3201 741 3237 X,
767 3202 836 3230 304.

101 3249 150 3277 37.
174 3244 323 3275 Thornax
343 3254 434 3281 mons
451 3246 579 3284 (postea
602 3245 772 3284 Κοκκύγιος
787 3269 794 3282 ,
811 3247 945 3276 Pausan.
965 3247 1010 3283 ll,
1029 3249 1085 3282 36,
1117 3248 1124 3274 1
1142 3244 1151 3283 )
1171 3243 1275 3274 clarus
1294 3245 1361 3274 crat
1384 3244 1486 3273 statua
1509 3242 1677 3281 Apollinis,
1696 3241 1847 3280 ἀγάλματι
1872 3240 2013 3272 Πυθαέως
2031 3237 2175 3268 Ἀπόλλω-

60 3302 106 3326 νος
126 3293 203 3322 κατὰ
220 3291 256 3331 τα
273 3291 349 3322 αὐτὰ
369 3294 411 3330 τῷ
429 3292 457 3322 ἐν
475 3291 632 3331 Ἀμύκλαις
657 3291 864 3331 πεποιημένῳ.
894 3294 1028 3323 Pausan.
1055 3292 1114 3329 111,
1147 3295 1198 3328 10,
1227 3296 1254 3322 ὃ.
1275 3292 1318 3321 De
1336 3289 1442 3320 habitu
1465 3288 1614 3328 Apollinis
1637 3288 1719 3319 illius
1737 3286 1885 3326 Amy-lari
1908 3294 1936 3314 v.
1964 3287 2093 3314 l‘ausan.
2115 3283 2173 3318 ul,
