2338 3765
962 189 1288 226 FRAGMENTA.

79 292 114 314 τε
129 278 209 327 παρ’
231 276 376 321 ἀκούσης
392 275 430 325 (ι)
445 274 505 319 τὴν
524 273 690 317 ἐξουσίαν,
713 274 950 310 ἐννεακαίδεκα
967 274 1008 324 (2)
1027 275 1099 310 δια-

80 333 269 383 γενομένων
290 335 427 384 ἡμερῶν
450 333 580 369 ἀνεῖλεν
610 332 730 377 αὐτὴν,
750 331 806 368 καὶ
825 331 923 374 αὐτὸς
949 332 1013 368 ὑπὸ
1029 333 1095 367 τῶν

81 390 230 428 ἐνόπλων
245 392 279 428 ἐν
294 392 342 441 τῷ
356 388 535 440 γυμνασίῳ
550 387 604 426 διὰ
622 387 682 434 τὴν
699 388 893 439 μιαιφονίαν
915 389 1099 438 συνεχόμε-

78 464 131 491 νος
152 447 319 485 ἀπώλετο.

131 520 160 544 e.
186 508 317 544 Τοῦτον
337 506 393 543 τὸν
421 504 635 557 Ἀλέξανδρον
665 505 859 555 διαδέχεται
889 505 1103 551 Πτολεμαῖος

78 566 96 599 ὁ
121 563 312 609 ἐπικληθεὶς
335 563 404 606 νέος
429 563 588 605 Διόνυσος
610 564 666 612 (1),
693 562 761 605 υἱὸς
789 564 827 611 (2)
855 561 916 611 μὲν
938 559 984 598 ὧν
1009 563 1098 599 Πτο-

77 620 222 670 λεμαίου
238 624 297 658 τοῦ
318 623 499 672 Σωτῆρος,
517 620 659 672 ἀδελφὸς
677 619 710 657 δὲ
728 623 787 665 τῆς
801 619 978 671 εἰρημένης
996 620 1103 657 Κλεο-

80 678 233 729 πάτρας,
261 672 297 716 οῧ
330 681 390 724 τῆς
416 680 525 729 ἀρχῆς
556 677 614 724 ἔτη
645 677 696 722 κθ’
729 678 932 728 λογίζονται.
969 678 1102 736 Τούτου

79 736 230 788 θυγάτηρ
249 736 475 788 Κλεοπάτρα,
498 735 628 781 ὑστάτη
648 739 706 782 τῆς
730 737 886 785 Λαγιδῶν
906 740 1042 785 γενεᾶς,
1065 738 1103 780 ἧς

79 792 138 839 ἔτη
157 795 348 845 ἀριθμεῖται
371 797 431 840 τῆς
452 796 561 845 ἀρχῆς
586 793 643 831 δύο
670 794 727 830 καὶ
751 792 868 830 εἴκοσι.
889 794 973 831 Οὐδ’
1003 792 1103 829 αὐταὶ

79 849 153 888 αἵδε
175 853 210 888 αἱ
231 853 403 902 βασιλεῖαι
430 851 487 888 τὸν
515 850 630 901 εἱρμὸν
655 853 722 888 τῶν
747 852 879 902 χρόνων
908 851 968 887 ἀπ’
996 852 1104 901 ἀρχῆς

79 912 161 959 ἄχρι
181 908 296 952 τέλους
315 908 405 947 κατὰ
432 910 471 946 τὸ
491 908 565 954 ἑξῆς
594 908 873 961 ἀναγραφόμενον
893 907 1005 958 ἔσχον,
1028 909 1104 945 ἀλλ’

78 965 210 1015 ἐγένετό
222 982 272 1010 τις
293 968 403 1004 αὐτῶν
423 969 456 1004 ἐν
475 967 627 1019 ἑκατέρῳ
646 967 700 1004 διὰ
722 966 826 1016 μέσου
845 965 1045 1017 παρένθεσις
1060 967 1104 1007 εἷς

79 1022 214 1067 ἄλλους.
238 1023 322 1062 Ἐπὶ
343 1025 403 1076 (τε)
419 1023 485 1076 γὰρ
501 1028 558 1062 τοῦ
582 1025 656 1061 νέου
674 1025 838 1062 Διονύσου
855 1025 899 1066 εἷς
920 1022 981 1065 τὰς
1001 1024 1103 1061 αὐτοῦ

77 1081 287 1134 θυγατέρας,
317 1083 545 1134 Κλεοπάτραν
572 1081 633 1128 τὴν
661 1082 719 1119 καὶ
745 1081 944 1133 Τρύφαιναν
980 1082 1020 1131 (3)
1046 1081 1104 1118 καὶ

82 1139 277 1189 Βερενίκην,
299 1140 432 1191 τριετὴς
453 1143 498 1182 ὡς
525 1141 600 1190 [εἷς]
628 1138 909 1190 βεὸασιλευκυίας
930 1138 1102 1189 ἀνεγράφη

77 1196 212 1247 χρόνος,
230 1199 276 1240 εἰς
295 1198 357 1248 μὲν
372 1197 566 1249 ἀμφοτέρας
587 1196 735 1239 ἐνιαυτὸς
756 1191 819 1242 εἷς,
836 1199 856 1242 ἡ
876 1197 906 1232 δ’
922 1195 996 1241 ἑξῆς
1016 1196 1102 1244 μετὰ

77 1253 134 1289 τὸν
171 1256 394 1305 Κλεοπάτρας
419 1258 480 1300 τῆς
512 1255 569 1291 καὶ
597 1254 795 1304 Τρυφαίνης
825 1253 966 1290 θάνατον
997 1254 1103 1289 διετία

79 1312 126 1354 εἷς
146 1311 253 1359 μόνην
280 1312 478 1362 Βερενίκην,
511 1312 609 1349 ἕνεκα
639 1315 697 1348 τοῦ
717 1311 774 1348 τὸν
796 1309 856 1358 μὲν
886 1312 1103 1360 Πτολεμαῖον

77 1370 122 1411 εἷς
138 1368 282 1418 Ῥώμην
302 1368 492 1420 ἀπηρκέναι
510 1370 550 1419 (4)
564 1401 572 1415 ,
592 1369 651 1405 καὶ
670 1371 786 1405 τοῦτον
805 1369 873 1405 ἐκεῖ
891 1369 1102 1420 διατετριφέ-

76 1441 129 1463 ναι
145 1426 203 1463 τὸν
218 1426 353 1478 χρόνον,
373 1425 432 1469 τὰς
449 1427 483 1464 δὲ
497 1427 682 1478 θυγατέρας
695 1456 705 1475 ,
722 1430 767 1468 ὼς
787 1426 896 1463 οὐκέτ’
917 1426 1103 1472 ἐπανήξον-

75 1500 131 1527 τος
150 1487 208 1522 τοῧ
229 1484 375 1536 πατρὸς,
405 1487 624 1537 ἀντειλῆφθαι
652 1486 718 1521 τῶν
748 1484 974 1536 πραγμάτιον,
1007 1500 1103 1522 συνε-

76 1544 302 1591 πισπωμένης
321 1541 365 1593 (5)
386 1545 490 1593 ἑαυτῆ
513 1541 602 1579 κατὰ
618 1542 784 1592 [τούτους]
802 1542 942 1593 χρόνους
958 1545 1017 1588 τῆς
1039 1545 1102 1580 Βε-

78 1600 210 1650 ρενίκης
225 1600 349 1652 ἄνδρας
362 1600 453 1644 τινὰς
467 1606 636 1650 συγγενεῖς
647 1600 722 1642 τοὺς
737 1599 984 1651 συνάρξαντας,
1000 1600 1102 1651 μέχρι

75 1658 153 1696 ὅτου
183 1659 459 1709 παραγενόμενος
485 1662 502 1696 ὁ
528 1660 742 1707 Πτολεμαῖος
772 1658 839 1694 ἀπὸ
873 1657 1014 1707 Ῥώμης
1043 1661 1103 1703 τῆς

75 1716 137 1765 μὲν
157 1716 238 1768 πρὸς
257 1716 317 1762 τὴν
338 1716 505 1768 θυγατέρα
521 1716 698 1758 διαθέσεως
714 1716 912 1763 ἐπελάθετο,
933 1716 1104 1764 στυγήσας

76 1775 105 1810 δ’
119 1774 226 1820 αὐτὴν
244 1774 299 1812 διὰ
317 1774 361 1812 τὰ
377 1773 574 1825 πραχθέντα
589 1778 646 1811 τοῦ
668 1776 726 1819 ζῆν
748 1773 942 1824 ἐστέρησεν.

126 1845 155 1870 7.
183 1832 287 1870 Ἐπεί
305 1847 343 1882 γε
363 1833 405 1881 (l.
428 1831 484 1869 ἐπὶ
505 1831 560 1880 δὲ)
580 1834 638 1877 τῆς
658 1831 882 1881 Κλεοπάτρας
912 1831 954 1868 τὰ
982 1835 1101 1882 πρῶτα

74 1891 134 1935 τῆς
152 1889 349 1932 δυναστείας
368 1889 427 1936 ἔτη
447 1891 492 1932 εἷς
511 1889 641 1935 ε’κείνην
662 1905 696 1927 τε
716 1891 774 1927 καὶ
799 1889 853 1926 τὸν
873 1889 1102 1940 πρεσδύτερον

74 1949 179 1993 αὐτῆς
210 1947 353 2000 ἀδελφὸν
380 1947 542 1998 ἀνενέχθη
575 1948 804 1996 Πτολεμαῖον,
835 1947 876 1984 τὰ
906 1947 934 1984 δ’
955 1947 1029 1993 ἑξῆς
1058 1949 1103 1989 εἷς

74 2005 191 2056 ἑτέρας
214 2007 259 2055 (l.
279 2006 428 2057 ἑτέρους)
441 2036 450 2052 ,
468 2005 523 2042 διὰ
537 2005 697 2051 τοιαύτην
716 2005 840 2044 αἰτίαν.
861 2007 1040 2043 Τελευτῶν
1062 2007 1100 2054 (1)

73 2066 91 2100 ὁ
117 2062 190 2106 νέος
209 2063 367 2106 Διόνυσος
384 2065 439 2100 ἐπὶ
464 2063 563 2100 παισὶ
585 2063 742 2115 τέτρασι,
771 2063 999 2111 Πτολεμαίοις
1027 2064 1102 2101 δυσὶ

73 2121 132 2159 καὶ
157 2121 366 2173 Κλεοπάτρᾳ
386 2121 444 2158 καὶ
460 2121 634 2173 Ἀρσινόῃ,
655 2120 782 2165 διέταξε
801 2124 869 2163 τοῖς
882 2122 1100 2172 προγενεστέ-

73 2193 139 2227 ροις
151 2181 253 2217 αὐτοῦ
264 2179 364 2217 παισὶ
379 2180 588 2230 Πτολεμαίῳ
600 2180 659 2217 καὶ
676 2180 882 2231 Κλεοπάτρᾳ
897 2178 958 2224 τὴν
974 2179 1096 2230 ἀρχήν.

71 2229 141 2274 ἲὨν
173 2235 495 2286 συμὸασιλευόντων
536 2236 714 2288 τετραετὴς
759 2236 925 2285 διεγένετο
967 2236 1095 2287 χρόνος.

2120 202 2190 231 723

1165 283 1344 320 imperitam
1358 282 1421 312 sitn'
1440 282 1634 313 vindicavi&
1650 285 1729 313 Mox
1739 286 1770 314 et
1783 283 1879 314 illam
1889 286 1963 323 post
1978 285 2190 316 novendecim

1164 337 1235 368 dies
1252 339 1427 377 interfecit
1444 351 1453 370 :
1474 341 1545 370 tecm
1564 342 1633 378 ipse
1650 349 1780 380 quoque
1799 341 1909 372 turbae
1923 344 2140 373 armatorum
2158 345 2191 372 in

1163 399 1336 434 yymnase'o
1357 397 1544 436 implicitus
1560 400 1698 436 propter
1719 398 1906 435 nefandum
1921 408 2022 430 suum
2045 402 2192 438 parrici-

1165 451 1259 483 dium
1273 455 1495 493 interemptus
1512 457 1570 485 est.

1205 514 1234 540 6.
1258 512 1345 542 Huic
1365 511 1561 543 Alexandro
1584 515 1740 544 successit
1765 514 1984 549 Ptolemaeus,
2013 517 2067 546 cui
2082 524 2192 554 cayno-

1164 578 1399 615 mentumsait
1414 581 1523 610 Novus
1539 582 1720 620 Dionysus,
1742 583 1915 613 Ptolemaea'
1938 585 2061 613 Soteris
2075 583 2190 622 sellus,

1162 643 1339 681 proeclictce
1363 646 1551 685 Cleopatrae
1572 647 1703 686 frater.
1725 649 1832 687 Hujus
1851 651 2051 689 imperantis
2079 658 2195 682 nume-

1164 711 1292 739 rantur
1315 714 1397 741 anni
1421 714 1545 744 XXIX.
1568 715 1658 745 Filia
1675 715 1823 754 ‹y'usdem
1845 717 2026 756 Cleopatra
2046 717 2194 756 Laylda-

1164 783 1242 805 rum
1270 779 1401 814 yeneris
1419 781 1588 817 postrema
1604 780 1703 818 saiw
1729 782 1868 822 eJusqzce
1891 785 2091 822 imperantis
2117 787 2194 814 reci-

1167 842 1288 871 tantur
1316 844 1401 872 anni
1434 845 1543 875 XXII.
1579 847 1690 886 Neque
1718 849 1832 878 tamen
1868 848 1920 879 lue
1949 849 2194 880 dominationes

1164 911 1389 942 continentem
1413 913 1570 952 temporis
1593 916 1714 946 seriem
1737 915 1779 946 ab
1801 918 1900 947 initio
1913 917 2075 957 adfinem
2087 926 2147 957 per
2163 927 2195 948 sc

1164 979 1364 1018 seorsimque
1381 978 1558 1019 descriptae
1577 983 1690 1013 tenent
1700 994 1708 1021 ;
1725 991 1841 1014 veram
1859 986 1950 1015 inter
1966 994 2000 1015 se
2017 986 2195 1025 implicitre

1165 1046 1245 1078 aliae
1259 1046 1350 1078 alias
1372 1049 1521 1079 vicissim
1540 1053 1718 1089 occupant.
1738 1053 1823 1082 Nam
1844 1053 1907 1083 sub
1930 1061 2012 1084 novo
2030 1055 2191 1092 Dionyso,

1162 1115 1303 1155 filiabus
1317 1116 1388 1154 ejas
1410 1116 1615 1156 Cleopatrae,
1636 1127 1713 1158 (Ince
1732 1122 1764 1150 et
1784 1120 1994 1159 Tryplzoena,
2015 1123 2118 1161 atque
2131 1124 2194 1152 Be-

1165 1185 1287 1215 renicae
1300 1186 1394 1223 reynl
1409 1185 1494 1215 trien
1501 1186 1596 1216 niam
1608 1188 1645 1216 at
1651 1186 1817 1217 tributum
1831 1191 1880 1218 est
1888 1197 1899 1222 ,·
1911 1189 2044 1220 duabus
2059 1190 2194 1229 quidem

1165 1261 1278 1284 (mnus
1287 1262 1376 1284 unns
1387 1265 1394 1291 ;
1401 1256 1477 1292 post
1485 1254 1611 1284 oln'tnm
1622 1263 1696 1285 vero
1712 1256 1962 1294 (.'teopal1·aesezc
1981 1258 2193 1296 Trypleoence.

1166 1322 1336 1353 biennium
1367 1324 1427 1353 unt
1452 1324 1634 1354 Berenicce.
1662 1325 1830 1354 Nimirum
1855 1325 1996 1356 occcidit
2021 1328 2059 1356 ut
2091 1328 2192 1357 Ptole·

1167 1394 1270 1417 moeus
1287 1388 1423 1417 Romam
1439 1385 1718 1426 proficisceretur,
1745 1388 1865 1428 ibique
1884 1389 2105 1428 allquamrlm
2121 1391 2193 1421 sul».

1166 1453 1316 1489 sisteret;
1335 1450 1425 1489 filice
1443 1453 1554 1481 autem
1566 1472 1575 1485 ,
1595 1460 1700 1491 quum
1714 1454 1814 1490 patet·
1832 1452 2008 1484 rediturus
2026 1462 2088 1484 non
2109 1454 2193 1485 vide-

1166 1515 1276 1548 retur,
1300 1516 1394 1552 requi
1419 1514 1688 1553 yabernacnlum
1706 1515 1768 1546 sibi
1795 1515 2026 1551 vindicarent,
2046 1520 2117 1548 tam
2132 1518 2192 1548 alt-

1166 1578 1248 1617 (μιοί
1258 1579 1498 1616 consanyuc'nel
1511 1580 1683 1609 Berenicce
1693 1579 1890 1618 opemseren
1897 1582 1942 1610 tes
1952 1588 2079 1611 cumea
2094 1581 2192 1612 rebus

1164 1643 1374 1680 praeessent:
1392 1641 1494 1672 donee
1517 1642 1718 1673 Ptolemaeus
1748 1645 1852 1673 Roma
1878 1651 2035 1674 reversus
2056 1646 2115 1678 est,
2136 1647 2193 1684 qui

1167 1716 1242 1738 maz
1259 1709 1399 1747 pietatis
1419 1707 1678 1746 affectuumque
1701 1715 1782 1745 erya
1797 1707 1913 1745 filiam
1934 1708 2059 1738 oblitas
2073 1715 2193 1748 resque

1165 1773 1207 1803 ab
1223 1781 1262 1803 ea
1279 1774 1390 1812 qestas
1403 1780 1536 1806 carosus,
1558 1771 1699 1802 eatzclem
1711 1774 1817 1803 morte
1833 1772 2006 1803 multavit.

1206 1839 1233 1867 7.
1256 1838 1428 1875 Reynante
1443 1835 1642 1876 Cleopatra,
1654 1838 1783 1876 primos
1792 1835 1925 1876 quidem
1939 1838 2072 1876 imperii
2086 1845 2192 1867 annos

1167 1904 1420 1944 ipsifratrlque
1428 1905 1499 1943 ejus
1509 1906 1593 1935 natu
1607 1905 1758 1935 maximo
1775 1904 1955 1936 Ptolemaeo
1974 1904 2191 1936 tribuebant:

1165 1971 1317 2012 deinceps
1349 1972 1431 2003 aliis
1456 1972 1495 2002 ol)
1517 1971 1679 2011 ejusmodi
1697 1980 1850 2003 causam.
1883 1974 1993 2003 Novus
2025 1974 2191 2012 Dionysus

1166 2045 1235 2073 vita
1249 2042 1398 2077 arcessit,
1412 2041 1576 2080 quattuor
1588 2039 1704 2070 liberis
1718 2038 1855 2075 relictis,
1874 2038 2062 2069 Ptolema‘is*
2078 2047 2150 2069 nem
2154 2048 2192 2078 pe

1163 2110 1292 2141 dnobus
1309 2111 1341 2139 et
1369 2109 1550 2147 Cleopatra
1579 2110 1680 2146 atarto
1705 2110 1850 2139 Arsinoe.
1888 2107 1981 2138 Idem
2004 2108 2191 2146 nlaioribus

1165 2180 1251 2208 natu
1279 2177 1392 2207 liberis
1416 2178 1596 2216 imperium
1623 2178 1670 2205 ita
1705 2176 1842 2215 leyavit,
1878 2178 1914 2206 ut
1941 2177 2141 2207 Ptolemaeus
2161 2179 2192 2207 et

1168 2242 1347 2280 Cleopatra
1371 2241 1473 2271 simul
1501 2242 1692 2278 reynarent.
1716 2241 1798 2270 Hinc
1815 2240 2085 2279 qtcaclm'enniwn
2110 2249 2191 2271 era·

111 2346 130 2386 ξ
148 2352 177 2378 5.
195 2348 261 2378 not.
287 2352 312 2377 1.
332 2346 521 2387 ἀκούσης]
534 2348 577 2378 sic
593 2357 610 2379 e
627 2348 730 2379 latinis
746 2348 884 2379 correxit
896 2348 1084 2379 Letronnius
1107 2356 1162 2386 pro
1180 2356 1227 2386 vg.
1253 2346 1390 2382 ἑκούσης.
1413 2364 1450 2368 —
1477 2351 1506 2376 2.
1541 2347 1598 2376 ε’νν
1610 2344 1843 2384 εακαίδεκα]
1873 2345 1991 2376 Eodem
2018 2345 2111 2376 modo
2130 2349 2191 2384 Ap-

72 2393 181 2432 pianus
198 2394 232 2424 B.
247 2394 282 2423 C.
305 2395 336 2431 l,
354 2397 409 2424 102
424 2417 432 2431 ‚
450 2393 503 2423 ubi
518 2393 599 2424 vide.
614 2394 661 2424 cf.
677 2394 788 2425 Cicero
804 2396 848 2425 De
862 2403 932 2433 rege
950 2397 1036 2428 Alex.
1055 2403 1083 2434 p.
1101 2397 1150 2426 49.

110 2438 129 2478 ξ
146 2442 175 2469 6.
196 2440 265 2470 not.
285 2443 311 2469 1.
326 2440 388 2470 νέο
400 2451 412 2475 ς
428 2439 640 2480 Διόνυσος]
660 2445 742 2471 Duas
755 2441 908 2472 habemus
920 2442 1138 2481 inscriptiones
1156 2439 1215 2479 (N0
1230 2443 1266 2470 72
1281 2441 1312 2470 et
1330 2443 1368 2471 39
1382 2439 1431 2470 ed.
1448 2440 1529 2469 Letr.
1542 2440 1564 2477 ),
1585 2440 1614 2469 in
1629 2439 1745 2478 quibus
1762 2439 1953 2469 Ptolemaeus
1966 2439 2097 2468 voratur
2117 2440 2191 2472 Νέος

71 2484 234 2522 Διόνυσος,
249 2485 433 2526 Φιλοπάτωρ
451 2487 502 2517 καὶ
520 2487 717 2526 Φιλάδελφος.
739 2489 775 2518 ln
792 2488 883 2518 tertia
897 2489 1098 2528 inscriptione
1115 2488 1124 2527 (
1134 2489 1175 2518 N⁰
1191 2490 1223 2517 81
1247 2488 1329 2517 Letr.
1344 2487 1354 2524 )
1372 2495 1427 2517 rex
1444 2487 1575 2516 vocatur
1592 2496 1598 2515 :
1619 2487 1807 2525 Πτολεμαῖος
1825 2485 2010 2522 Φιλοπάτωρ
2030 2485 2081 2515 καὶ
2097 2484 2192 2515 Φιλά-

70 2530 184 2568 δελφος.
201 2531 298 2569 Igitur
311 2530 470 2569 epitheton
491 2532 555 2566 νέος
573 2534 608 2562 Δ.
623 2541 723 2571 quum
743 2533 814 2564 addi
829 2534 878 2565 vel
895 2535 999 2566 omitti
1018 2534 1121 2574 posset
1138 2533 1169 2562 in
1183 2532 1260 2563 actis
1282 2532 1432 2571 publice,
1448 2540 1510 2561 non
1530 2532 1693 2563 constituit
1714 2531 1840 2563 titulum
1861 2530 1996 2569 regium,
2019 2538 2114 2568 quem
2137 2530 2190 2560 ita-

70 2584 132 2615 que
141 2576 292 2607 exhibent
305 2577 400 2608 verba
415 2578 590 2617 φιλοπάτωρ
600 2581 652 2610 καὶ
673 2579 847 2620 φιλάδελφος
860 2605 868 2619 ‚
883 2582 966 2612 etex
984 2581 1030 2612 his
1043 2580 1111 2611 κατ’
1127 2579 1232 2618 ἐξοχὴν
1251 2578 1282 2608 id
1296 2578 1380 2617 quod
1398 2578 1500 2617 primo
1517 2578 1643 2616 ponitur
1659 2578 1744 2616 loco,
1760 2576 1945 2616 φιλοπάτωρ.
1962 2575 2041 2606 Vide
2060 2576 2190 2606 Letrou—

71 2622 162 2652 nium
178 2624 206 2653 11
220 2647 228 2661 ,
244 2631 274 2662 p.
294 2626 331 2654 82
345 2631 392 2662 sq.
409 2623 499 2662 Apud
513 2625 699 2656 Strabonem
716 2627 746 2656 et
763 2627 947 2658 Ciceronem
963 2637 1017 2658 rex
1030 2626 1185 2657 nominari
1200 2624 1279 2655 solet
1296 2624 1450 2660 Auletes,
1467 2624 1552 2663 quod
1572 2633 1745 2664 cognomen
1766 2632 1784 2654 a
1803 2624 1918 2663 populo
1935 2621 2144 2654 Alexandrino
2163 2622 2190 2651 ei

70 2667 205 2699 inditum
230 2669 296 2707 est,
313 2668 406 2699 sicuti
425 2670 593 2708 Euergetes
607 2672 634 2701 11
654 2679 673 2701 a
690 2671 785 2710 vulgo
802 2672 975 2703 vocabatur
1002 2672 1172 2712 Physcon,
1191 2672 1240 2702 Pt.
1257 2672 1347 2702 Soter
1364 2673 1391 2703 ll
1410 2671 1582 2710 Lallzyrus
1598 2671 1639 2709 (i.
1661 2680 1688 2702 e.
1707 2673 1828 2708 cicer),
1844 2668 2021 2700 Alexander
2044 2670 2055 2698 l
2078 2669 2189 2698 Coccex

71 2713 323 2752 (rubicundus,
344 2722 394 2754 ap.
410 2715 514 2746 Strab.
534 2719 567 2746 17
581 2740 589 2755 ,
607 2725 637 2755 p.
652 2717 729 2755 794)
745 2717 792 2748 vel
813 2718 1022 2758 Παρείσακτος
1037 2719 1236 2757 (intrusus,
1254 2717 1359 2748 Strab.
1376 2716 1417 2747 ib.
1429 2716 1451 2755 ).
1467 2719 1546 2753 Quae
1563 2716 1669 2747 omnia
1685 2716 1724 2747 ab
1738 2716 1816 2747 aclis
1831 2715 1963 2754 publicis
1981 2714 2082 2745 aliena
2104 2715 2188 2743 sunt.

69 2763 108 2791 V.
129 2762 276 2791 Letronn.
290 2760 310 2792 1.
330 2760 350 2791 Ι.
369 2769 397 2800 p.
414 2762 452 2791 78
468 2769 515 2800 sq.
531 2778 570 2783 —
584 2766 613 2792 2.
628 2762 732 2802 υἱὸς]
750 2763 833 2793 filius
849 2763 1038 2803 illegitimus.
1054 2765 1132 2794 Nam
1150 2763 1290 2802 Βερενίκη
1309 2763 1422 2801 (quam
1447 2762 1635 2801 Porphyrius
1655 2763 1851 2803 Κλεοπάτραν
1865 2761 1961 2799 dicit)
1987 2761 2062 2799 μόνη
2079 2760 2189 2810 Υνηζῖία

69 2807 97 2837 οἱ
111 2807 233 2845 (Soteri
248 2807 295 2844 ll)
309 2810 369 2837 τῶν
383 2806 500 2838 παίδων
521 2807 570 2846 ἦν,
592 2809 726 2839 Pausan.
742 2811 754 2840 l
768 2833 775 2846 ‚
793 2813 832 2848 9,
854 2815 881 2841 3.
899 2828 936 2832 -
956 2814 985 2841 3.
1002 2808 1250 2848 Κλεοπάτραν
1276 2810 1340 2845 τήν
1359 2811 1423 2839 καὶ
1443 2808 1689 2849 Τρύφαιναν]
1715 2809 1829 2840 Strabo
1845 2808 1933 2838 XVII
1947 2830 1955 2844 ‚
1981 2815 2011 2845 p.
2040 2809 2099 2837 796
2115 2807 2158 2836 ait
2182 2816 2187 2833 τ

69 2855 184 2888 Τοῦτον
198 2853 250 2892 μὲν
268 2852 320 2883 οὖν
335 2852 433 2891 (Ptol.
451 2853 604 2893 Auleten)
619 2857 646 2885 οἱ
661 2855 854 2896 Ἀλεξανδρεῖς
865 2856 1012 2892 ἐξέὸαλον.
1028 2858 1150 2894 Τριῶν
1166 2854 1193 2885 δ’
1209 2855 1293 2895 αὐτῷ
1306 2856 1476 2895 θυγατέρων
1490 2855 1604 2892 οὐσῶν,
1615 2855 1657 2885 ὧν
1673 2855 1728 2895 μία
1741 2855 1854 2895 γνησία
1867 2858 1885 2893 ἡ
1899 2852 2104 2893 πρεσὸυτάτη,
2119 2853 2188 2882 ταύ,

68 2909 122 2935 την
136 2898 286 2934 ἀνέδειξαν
304 2898 500 2938 βασίλισσαν·
515 2900 574 2930 υἱοὶ
589 2900 614 2930 δ’
632 2901 725 2931 αὐτοῦ
739 2901 793 2932 δύο
809 2902 912 2938 νήπιοι
928 2906 980 2939 τῆς
993 2902 1061 2933 τότε
1074 2901 1176 2942 χρείας
1190 2901 1345 2936 ἐξέπιπτον
1359 2903 1478 2936 τέλεως.
1495 2903 1541 2931 Ex
1557 2901 1730 2940 Porphyrio
1746 2904 1851 2932 autem
1870 2902 1956 2941 patet
1972 2907 2034 2929 non
2051 2900 2114 2929 tres
2135 2898 2187 2928 sed

69 2947 219 2984 quattuor
235 2945 313 2976 filias
330 2945 441 2984 fuisse,
456 2954 559 2986 neque
572 2956 666 2978 unam
678 2972 688 2986 ‚
703 2947 756 2979 sed
782 2948 860 2979 (luas
873 2951 943 2988 post
956 2949 1055 2988 patris
1068 2947 1282 2987 expulsionem
1303 2956 1432 2986 regnum
1451 2946 1632 2977 obtinuisse.
1652 2949 1748 2978 Error
1762 2947 1834 2978 inde
1856 2949 1949 2977 natus
1960 2969 1968 2983 ,
1989 2943 2074 2982 quod
2091 2943 2185 2995 Cleo-

72 2993 159 3031 patra
168 2992 348 3031 Tryphaena
361 2999 416 3032 per
429 2993 523 3024 breve
538 2994 661 3024 tantum
673 2995 799 3033 tempus
813 3003 873 3025 una
890 3003 962 3025 cuin
984 2996 1131 3026 Berenice
1147 2995 1306 3034 regnaret,
1321 2995 1478 3033 simulque
1490 2994 1591 3025 altera
1605 2995 1685 3025 esset
1699 2995 1864 3032 Cleopatra
1887 2992 1949 3023 filia
1960 3015 1967 3029 ‚
1983 2990 2188 3021 celeberrima

71 3036 133 3075 illa,
144 3036 413 3077 ουίΦιλοπάτορος
426 3046 600 3077 cognomen
614 3039 707 3070 fuisse
721 3047 759 3070 ex
770 3039 971 3079 inscriptione
981 3041 1069 3071 stelae
1081 3039 1262 3071 Turinensis
1275 3042 1472 3080 compertum
1487 3041 1650 3072 habemus.
1667 3041 1725 3072 Dio
1739 3040 1864 3071 cassius
1881 3039 2047 3077 (XXXlX‚
2062 3039 2111 3067 57.
2128 3038 2187 3071 58)

68 3092 196 3123 quoque
211 3085 281 3124 post
294 3083 421 3123 pulsum
439 3084 665 3123 Ptolemaeum,
681 3086 851 3116 Berenicen
866 3095 1007 3125 regnasse
1024 3085 1117 3124 dicit,
1132 3086 1225 3117 missa
1242 3087 1400 3118 mentione
1418 3087 1603 3126 Cleopatrae,
1620 3089 1657 3118 V.
1678 3087 1815 3118 Clinton.
1837 3088 1878 3116 ΙΙΙ
1889 3109 1897 3123 ,
1912 3094 1942 3124 p.
1962 3086 2018 3115 394
2032 3106 2041 3121 ,
2058 3084 2124 3113 not.
2149 3083 2186 3120 h·;

70 3131 218 3164 Letronn.
241 3131 286 3168 ll,
305 3139 334 3170 p.
353 3133 403 3162 71.
421 3148 461 3154 -
479 3133 509 3162 4.
534 3134 577 3162 De
594 3132 665 3171 fuga
681 3132 842 3163 Ptolemaei
859 3131 928 3171 (an.
952 3133 1010 3170 53)
1027 3141 1058 3163 ν.
1076 3134 1168 3171 Trog.
1186 3134 1295 3175 Pomp.
1318 3133 1440 3172 Prolog.
1465 3135 1522 3171 403
1540 3133 1609 3164 Liv.
1636 3133 1715 3172 Epit.
1744 3134 1798 3163 104
1813 3144 1821 3171 ;
1838 3131 1895 3162 Dio
1916 3132 2002 3161 Cass.
2027 3130 2159 3159 xxxix
2176 3153 2183 3164 ,

73 3179 186 3214 12-16;
213 3176 377 3207 Plutarch.
398 3177 467 3208 Cat.
491 3178 568 3208 min.
594 3182 642 3209 35.
666 3178 782 3209 Eodem
807 3180 948 3217 tempore
971 3179 1177 3217 Ptolemaeus,
1200 3179 1296 3210 frater
1326 3180 1406 3210 Ptol.
1432 3181 1552 3211 Auletae
1576 3180 1629 3220 qui
1651 3180 1682 3210 in
1704 3182 1809 3218 Cypro
1833 3177 2001 3217 regnabat,
2029 3183 2184 3206 venenum

68 3223 222 3262 sumpsit3
238 3223 398 3255 Plutarch.
420 3225 488 3254 Cal.
508 3224 584 3254 min.
605 3229 655 3256 36.
676 3227 721 3256 De
741 3225 800 3256 hoc
819 3234 850 3256 v.
867 3225 939 3255 Val.
960 3224 1087 3255 Maxim.
1103 3225 1143 3254 lX
1157 3247 1166 3261 ,
1181 3226 1217 3262 43
1237 3225 1294 3255 Dio
1311 3226 1395 3256 Cass.
1413 3227 1562 3263 XXXIX,
1581 3229 1628 3256 22.
1650 3227 1694 3256 De
1713 3223 1907 3255 restitutione
1927 3221 2047 3253 Auletae
2072 3229 2104 3250 v.
2129 3221 2185 3250 Dio

68 3271 153 3301 cass.
170 3270 190 3301 l.
207 3270 227 3300 l.
244 3278 271 3300 c.
290 3273 338 3300 55.
357 3273 405 3301 57.
423 3273 481 3308 58;
500 3271 567 3302 le.
589 3271 670 3310 Epit.
701 3275 776 3309 1053
792 3271 951 3302 Plutarch.
969 3272 1082 3302 Anton.
1099 3279 1126 3300 c.
1144 3273 1173 3301 3.
1191 3270 1301 3301 Cicero
1319 3273 1373 3311 Ep.
1390 3271 1429 3302 ad
1444 3274 1530 3303 Fam.
1547 3273 1577 3310 1,
1601 3276 1627 3302 1.
1645 3276 1672 3301 2.
1692 3274 1719 3301 4.
1740 3275 1768 3301 5.
1788 3273 1816 3301 7.
1837 3273 1865 3300 8.
1884 3287 1924 3294 --
1939 3272 1966 3299 5.
1983 3268 2183 3304 συνεσπωμέ-

71 3328 117 3353 νης
135 3315 245 3355 ἑαυτῇ]
261 3317 335 3346 Haec
347 3315 377 3346 in
389 3315 492 3349 latinis
509 3316 591 3348 haud
606 3319 689 3348 recte
701 3326 734 3348 se
747 3317 873 3348 hahent.
893 3319 937 3348 Dc
955 3325 987 3347 re
1001 3326 1030 3346 v.
1048 3316 1161 3347 Strabo
1178 3317 1263 3347 XVll
1278 3341 1285 3354 ‚
1305 3326 1332 3355 p.
1348 3321 1426 3355 7963
1443 3317 1498 3348 Dio
1512 3319 1596 3347 Cass.
1615 3316 1632 3345 l.
1650 3316 1669 3345 l.
1688 3324 1714 3345 c.
1736 3317 1785 3345 57.

111 3363 172 3401 §7.
204 3365 270 3394 not.
299 3367 323 3393 1.
340 3364 500 3394 Mortuum
515 3372 580 3395 esse
595 3373 700 3395 mense
715 3364 785 3403 Maji
800 3373 850 3395 an.
868 3367 899 3395 51
922 3373 961 3394 ex
975 3364 1133 3394 Ciceronis
1150 3365 1203 3402 Ep.
1220 3362 1258 3392 ml
1280 3363 1351 3393 l'am.
1373 3365 1465 3400 Vlll,
1486 3365 1501 3392 4
1517 3362 1684 3400 colligitur.
1704 3363 1741 3391 V.
1759 3361 1896 3392 Clinlon.
1921 3360 1938 3389 l.
1961 3359 1976 3388 l.
1998 3367 2024 3397 p.
2046 3362 2120 3393 395,
2137 3364 2179 3385 m.

1996 3418 2038 3442 46.
