2289 3728
35 166 80 196 32
752 150 1152 189 ΡΗιιοεΤΕΡΗΑΝι
1181 151 1429 207 CYRENAE1.

333 241 467 290 [ΠΕΡΙ
499 238 764 286 ΣίῬΥΜιιΣ.]

522 325 577 359 19.

89 392 330 440 Harpocratio
350 403 386 427 v.
410 386 586 437 Στρυμηε
607 385 835 436 Ἡρακλείδης
853 386 874 431 ἢ
895 386 1048 424 Φιλοστέ
1034 402 1069 414 -

36 465 138 501 φανος
155 451 187 485 ἐν
204 463 251 484 τι)
268 446 352 496 Περι
371 460 482 489 νησων
499 443 614 496 φησίν·
638 461 653 477 u
669 443 876 481 Ἀποικίαι
858 444 894 480 οέ
911 445 974 480 εἶσι
993 446 1070 482 Θα-

36 507 116 544 σίων
130 509 189 551 τῆς
200 503 340 556 Θράκης
354 503 451 547 Γάλη
455 504 516 553 Ιξνος
529 517 587 538 και
603 500 778 551 Στρύμη(
762 517 783 547 η
797 517 910 546 νησος
929 519 942 534 ›
959 499 1065 539 Ἔστι

36 565 70 601 δὲ
92 563 249 614 ἐμπόριον
270 560 426 600 Θασίων.
444 562 657 597 Heraclides
677 561 878 596 Ponticus
865 575 897 596 εν
912 561 961 596 τῶ
979 561 1035 597 Hs
1021 575 1070 611 ερι

35 621 146 666 νήσων
166 621 337 656 laudatur
356 632 415 666 ap.
434 620 561 667 Steph.
586 621 672 667 Byz.
696 632 730 656 V.
748 618 920 668 Ὠλίαρος.

170 712 295 750 ΠΕΡΙ
324 712 578 750 ΠΟΤΑΜΩΝ
608 711 927 750 ΠΑΡΑΔΟΞΩΝ.

521 812 582 834 20.

87 885 389 928 AthenaeusVIII,
399 896 437 931 p.
452 884 497 920 33
507 898 537 930 1,
548 887 598 922 D:
613 882 868 934 Φιλοστέφανος
881 881 914 919 δὲ
926 885 942 918 ὁ
956 884 1070 932 Κυρη·

37 947 128 984 ναῖος
145 941 206 990 μὲν
223 940 336 991 γένος,
359 942 625 993 Καλλιμάχου
608 941 642 978 οὲ
661 939 849 991 γνώριυος,
865 942 898 977 ἐν
916 955 964 976 τι)
982 938 1070 990 Περι

35 1015 102 1036 των
122 998 326 1049 παραδόξων
354 1014 534 1048 ποταμων,
562 1015 596 1036 εν
621 997 784 1050 Ἀροανίω
805 998 897 1047 (vgo
924 997 1068 1048 Ἀόρνι))

39 1072 122 1109 φησι
137 1072 186 1094 τω
203 1072 369 1107 ποταμι),
387 1057 442 1094 διὰ
462 1058 593 1095 Φενεοῦ
613 1056 737 1108 ῥέοντι,
757 1057 850 1105 ἰχθῦς
866 1059 951 1092 εἶναι
968 1058 1072 1106 φθεγ-

35 1135 119 1170 γομε
105 1119 197 1162 ’νους
211 1119 335 1168 ὁμοίως
346 1119 498 1170 κίγλαις·
513 1121 595 1156 καλε
583 1118 733 1156 eto-ome]
752 1116 870 1159 αὐτους
885 1117 1068 1160 ποικιλίας.

36 1180 91 1215 Cf.
108 1180 302 1216 Clearchus
318 1180 411 1216 ibid.
430 1192 468 1227 p.
490 1179 562 1214 332
575 1206 584 1223 ,
601 1180 641 1214 E.

522 1267 584 1291 21.

90 1330 293 1368 Herodian.
314 1330 364 1367 Π.
388 1343 463 1378 μον.
484 1330 516 1366 λ.
535 1343 574 1378 p.
602 1334 649 1372 42
663 1358 674 1375 ,
702 1341 753 1375 7·
745 1358 753 1366 .
775 1329 902 1374 Σῆθος,
922 1327 1076 1377 ποταμὸς

42 1387 210 1433 Σκυθίας,
240 1390 286 1429 ὡς
318 1386 586 1438 Φιλοστέφανος.
622 1390 722 1424 Num
750 1389 893 1423 huncce
920 1386 1076 1422 fluvium

40 1448 136 1482 inter
158 1444 370 1495 παραδόξους
388 1448 634 1492 recensuerit,
649 1448 687 1481 in
711 1446 835 1482 medio
857 1447 1044 1494 relinquo.

526 1534 586 1558 22.

93 1596 217 1633 Schol.
232 1597 384 1643 Dionys.
398 1597 480 1632 Per.
497 1595 571 1643 289
584 1596 630 1631 de
644 1596 807 1631 Eridano
826 1609 833 1630 :
848 1593 947 1640 Φησὶ
961 1594 996 1632 δὲ
1013 1597 1077 1633 Φι·

41 1651 245 1704 λοστέφανος
262 1653 328 1690 ὑπὸ
345 1655 410 1690 τῶν
432 1652 606 1704 ἐγχωρίων
627 1656 745 1690 τοῦτον
767 1652 824 1690 τὸν
846 1652 968 1704 χρόνον
992 1651 1077 1691 Ῥο-

43 1710 142 1747 δανὸν
160 1710 372 1760 ὠνομάσθαι.

525 1791 586 1828 23.

95 1868 241 1901 Tzetzes
257 1868 346 1913 Lyc.
372 1866 469 1911 1276
486 1879 494 1900 z
514 1864 628 1903 Τιτὼν
645 1864 801 1914 ποταμὸς
815 1864 966 1907 Ἰταλίας
982 1863 1080 1914 ἐγγὺς

44 1922 211 1972 Κιρκαίου
224 1951 233 1968 ,
250 1922 267 1959 ὃ
288 1922 454 1973 Κίρκαιον
473 1922 541 1959 ἀπὸ
561 1926 619 1968 τῆς
638 1922 770 1974 Κίρκης
786 1923 957 1961 καλεῖται.
979 1922 1024 1960 Ὁ
1044 1921 1079 1959 δὲ

45 1979 158 2018 Τιτὼν
183 1975 278 2022 οὗτος
296 1978 451 2029 ποταμὸς
472 1980 533 2017 οὐκ
553 1981 598 2022 εἷς
618 1980 793 2018 Θάλασσαν
814 1979 898 2031 ῥέει,
918 1981 994 2017 ἀλλ’
1017 1981 1080 2017 ὑπὸ

44 2041 106 2088 γῆς
123 2037 369 2084 καταπίνεται,
388 2037 433 2081 ὥς
450 2053 532 2089 φησι
550 2037 608 2075 καὶ
628 2038 895 2091 Φιλοστέφανος.

531 2126 595 2164 24.

96 2198 216 2243 Etym.
231 2198 282 2232 M.
299 2209 337 2244 p.
353 2195 444 2240 138,
464 2200 510 2238 24
527 2209 535 2231 :
552 2194 689 2246 Ἀρετὰν
704 2194 868 2247 (Ἀρήτην
886 2197 1002 2245 Sylb.)
1019 2210 1082 2232 πο-

46 2252 155 2302 ταμὸς
176 2252 414 2304 Κροτωνιάδος
429 2252 564 2304 χώρας,
581 2252 677 2305 παρὰ
695 2252 756 2298 τὴν
779 2253 916 2304 Ἀρέταν
936 2253 997 2299 τὴν
1018 2268 1082 2303 γυ-

373 2365 468 2415 [DE
497 2366 713 2404 STRYME.
733 2366 747 2415 ]

534 2441 590 2473 19.

90 2494 269 2525 Heraclides
294 2494 345 2524 vel
368 2494 631 2534 Philostephanus
659 2495 690 2525 in
707 2494 787 2526 libro
804 2496 851 2526 De
873 2495 982 2526 insulis
1006 2494 1049 2525 ait
1068 2507 1075 2525 ;

53 2560 66 2572 «
82 2545 220 2577 Coloniae
239 2544 424 2576 Thasiorum
441 2547 515 2577 sunt
536 2546 691 2586 Galepsus
712 2546 863 2578 Thracica
880 2548 912 2578 et
933 2548 1082 2586 Strymon

51 2597 163 2628 insula.
188 2610 200 2621 »ι

230 2653 296 2689 DE
325 2653 421 2691 FLU
430 2653 527 2691 VllS
556 2654 906 2694 MIRABILIBUS.

537 2730 595 2762 20.

95 2783 376 2822 Philostephanus,
400 2791 512 2820 genere
529 2785 722 2824 Cyrenaeus,
740 2785 924 2817 Callimachi
948 2785 1084 2826 discipu-

56 2837 121 2875 lus,
136 2835 167 2865 in
180 2835 261 2865 libro
277 2833 316 2864 de
340 2833 459 2865 Fluviis
483 2834 679 2866 mirabilibus
698 2836 730 2866 in
749 2836 885 2868 Aroanio
900 2836 1014 2875 fluvio,
1031 2837 1084 2876 qui

58 2889 217 2920 Pheneum
238 2886 364 2926 perfluit
379 2910 387 2924 ,
406 2887 505 2925 pisces
518 2895 583 2918 esse
593 2888 636 2918 ait
651 2897 760 2919 vocem
775 2890 902 2920 edentes
918 2889 1086 2920 turdorum

57 2940 124 2971 voci
138 2939 290 2978 similem3
312 2938 418 2969 vocari
431 2939 537 2969 autem
551 2947 602 2969 eas
614 2941 779 2979 poecilias.

536 2994 594 3025 21.

100 3049 234 3087 sethus,
251 3046 390 3087 Scythiae
407 3045 520 3076 fluvius
532 3070 540 3083 ,
557 3048 636 3078 teste
649 3048 901 3088 Philostephano.

540 3103 594 3133 22.

102 3158 273 3190 Eridanum
290 3156 548 3195 Philostephanus
574 3157 617 3188 ait
636 3158 675 3188 ab
698 3157 848 3198 indigenis
877 3166 960 3188 nunc
983 3158 1089 3189 vocari

62 3208 260 3240 Rhodanum.

544 3262 599 3293 23.

105 3315 196 3347 Titon
218 3315 315 3347 ltaliae
339 3314 454 3347 nux-ius
467 3315 505 3346 ad
524 3316 677 3347 Circaeum
689 3338 697 3354 ,
712 3315 794 3355 quod
809 3324 826 3346 a
844 3314 931 3347 Circe
948 3315 1088 3346 vocatur.

1130 239 1229 275 ναῗκα
1270 239 1430 287 Ἀλκίμου
1469 239 1642 288 (Ἀλκίνου
1684 242 1830 288 Sylh.),
1863 235 1902 285 ἧς
1941 247 2091 293 περιρρεῖ
2121 242 2159 278 τὸ

1130 300 1269 345 μνῆμα,
1289 299 1334 339 ὡς
1350 299 1518 347 μαρτυρεῖ
1535 298 1803 349 Φιλοστέφανος.

1615 380 1675 417 25.

1184 455 1306 489 Schol.
1331 455 1514 492 Theocrit.
1536 457 1580 499 V,
1602 459 1644 497 ΙΙ,
1665 468 1672 489 :
1691 453 1869 492 Ἄκτιον...
1885 453 1930 496 ὥς
1945 469 2028 505 φησι
2049 455 2159 493 Φιλο·

1132 510 1318 561 στέφανος,
1361 510 1433 547 ἐστὶ
1463 510 1579 553 Πανὸς
1607 510 1696 562 ἱερὸν
1730 511 1876 557 πλησίον
1906 513 2074 562 Κράθιδος
2104 527 2161 548 πο-

1132 571 1254 616 ταμοῦ.
1276 571 1331 604 De
1350 570 1532 606 Crathidis
1548 569 1651 605 fluvii
1670 572 1806 606 virtute
1826 572 1987 606 mirabili
2007 579 2160 609 constat.

1616 651 1677 688 26.

1185 725 1359 761 Choerob.
1383 737 1442 772 ap.
1464 726 1619 761 Bekker.
1640 727 1781 764 Anecd.
1804 740 1843 774 p.
1868 727 1964 764 1185
1988 739 1997 765 ε
2016 726 2161 773 Ἐλέας,

1133 779 1312 823 Ἐλέαντος
1329 810 1338 826 ,
1356 780 1451 832 παρὰ
1469 782 1738 834 Φιλοστεφοίνῳ·
1760 783 1834 820 ἔστι
1853 782 1888 821 δὲ
1905 786 2013 833 ὄνομα
2031 784 2161 836 κύριον.

1131 841 1298 875 Fortasse
1314 839 1417 874 fluvii
1436 853 1586 877 nomen.

1184 898 1458 945 Philostephani
1472 900 1611 933 mentio
1627 900 1750 934 nescio
1765 912 1809 934 an
1824 900 1958 935 lateat
1949 913 2006 948 ap.
2019 902 2164 940 Sotion.

1135 956 1181 992 Π.
1209 969 1339 1003 ποταμ.
1362 970 1395 991 κ.
1415 970 1513 1006 κρην.
1533 969 1567 993 c.
1596 957 1663 1001 34,
1687 958 1783 992 ubi:
1806 955 1983 995 Φαέθων
2005 957 2088 1009 φησὶ
2109 958 2166 995 τὸν

1133 1013 1166 1048 ἐν
1185 1012 1352 1064 Βοσπόρῳ
1380 1012 1535 1062 ποταμὸν
1555 1028 1660 1055 ουτως
1679 1017 1763 1050 εἰναι
1783 1015 1926 1085 ψυῇρὸν,
1947 1014 2036 1053 ὥστε
2061 1017 2147 1065 μηδὲ
2151 1032 2167 1052 ν

1132 1071 1198 1107 τῶν
1217 1070 1340 1121 ζῳων
1328 1070 1506 1120 υπομένειν
1524 1072 1626 1109 αὐτοῦ
1643 1071 1704 1118 τὴν
1724 1073 1938 1124 ψυγρότητα.

1296 1169 1414 1207 ΠΕΡΙ
1447 1170 1474 1206 Κ
1482 1170 1650 1208 ΡΗΝΩΝ
1681 1171 2006 1209 ΠΑΡΑΔΟΞΩΝ.

1622 1269 1681 1303 27.

1189 1350 1436 1395 Harpocratio
1463 1362 1491 1386 s.
1522 1362 1559 1386 v,
1582 1347 1816 1400 Λουτροφόρος
1837 1347 1896 1385 καὶ
1918 1350 2168 1400 λουτροφορεῖν.

1135 1402 1239 1448 ’Έθος
1258 1401 1299 1451 ἦν
1318 1411 1387 1448 τοῖς
1402 1409 1551 1456 γαμοῦσι
1579 1406 1706 1458 λουτρὰ
1733 1407 2021 1456 μεταπέμπεσθαι
2040 1409 2171 1450 ἑαυτοῖς

1136 1463 1225 1500 κατὰ
1239 1463 1301 1509 τὴν
1318 1467 1377 1501 τοῦ
1396 1464 1509 1514 γάμου
1529 1464 1662 1515 ἡμέραν
1673 1480 1680 1488 ·
1697 1464 1849 1514 ἔπεμπον
1866 1465 1900 1502 δὲ
1917 1465 1972 1502 ἐπὶ
1989 1469 2097 1502 ταῦτα
2113 1465 2171 1502 τὸν

1137 1521 1307 1572 ἐγγύτατα
1335 1521 1449 1571 γε’νους
1468 1522 1576 1559 παῖδα
1601 1522 1744 1574 ἄρρενα,
1773 1523 1831 1560 καὶ
1854 1518 1944 1560 οὗτοι
1967 1523 2171 1575 ἐλουτροφό-

1139 1595 1263 1632 ρουν...
1279 1580 1364 1619 (Ότι
1383 1581 1417 1617 δὲ
1434 1580 1477 1617 τὰ
1491 1580 1618 1632 λουτρὰ
1634 1581 1790 1631 ἐκόμιζον
1807 1584 1845 1619 ἐκ
1858 1585 1918 1628 τῆς
1935 1585 1993 1618 νῦν
2009 1582 2069 1630 μὲν
2088 1581 2172 1620 ’Ev-

1137 1638 1341 1690 νεακρούνου
1360 1637 1574 1687 καλουμένης
1599 1639 1746 1691 κρήνης,
1767 1640 1932 1691 πρότερον
1952 1639 1986 1677 δὲ
2007 1641 2174 1690 Καλλιρ-

1140 1695 1235 1747 ρόης,
1264 1696 1526 1747 Πολυστέφανος
1554 1698 1602 1747 (l.
1638 1698 1918 1751 Φιλοστέφανος)
1950 1701 1984 1736 ἐν
2010 1700 2058 1749 τῷ
2087 1698 2174 1748 Περὶ

1139 1756 1271 1805 κρηνῶν
1288 1754 1383 1806 φησί.

1422 1853 1455 1889 Π
1464 1852 1541 1889 EPI
1571 1852 1699 1889 ΕΥΡΗ
1706 1852 1891 1891 ΜΑΤΩΝ.

1193 1934 1294 1968 Inter
1318 1945 1381 1968 eos
1400 1934 1464 1980 qui
1486 1933 1574 1983 Περὶ
1600 1932 1802 1983 εὑρημάτων
1819 1935 2029 1982 scripserint
2050 1935 2176 1968 Philo-

1141 1992 1338 2039 stephanus
1370 1992 1543 2027 laudatur
1578 1992 1680 2039 apud
1712 1993 1825 2029 Clem.
1859 1994 1918 2028 Al.
1959 1993 2096 2030 Strom.
2134 1994 2174 2036 Ι,

1141 2063 1179 2098 p.
1205 2049 1287 2086 133.

1627 2119 1689 2157 28.

1197 2194 1358 2240 Servius,
1383 2193 1431 2228 ad
1457 2195 1586 2241 virgil.
1618 2194 1755 2241 Georg.
1779 2195 1820 2241 Ι,
1855 2206 1899 2241 19
1926 2207 1933 2228 :
1968 2195 2062 2230 Unci
2084 2206 2181 2241 puer

1145 2261 1364 2288 monstralot·
1381 2251 1530 2301 aratri.]
1552 2254 1630 2287 Alie·
1653 2253 1930 2300 Triptolemum,
1953 2254 2023 2287 alii
2045 2254 2177 2287 Osirim

1143 2364 1199 2395 Hic
1215 2372 1290 2395 vero
1303 2363 1397 2396 Titon
1414 2363 1528 2393 lluvius
1539 2371 1602 2393 non
1616 2362 1647 2393 in
1661 2372 1748 2394 mare
1762 2372 1795 2394 se
1808 2365 1979 2403 exonerat,
1993 2363 2047 2394 sed
2063 2372 2081 2394 a
2094 2365 2178 2394 terra

1142 2415 1341 2454 absorbetur,
1355 2415 1391 2446 ut
1404 2414 1664 2454 Philostephanus
1676 2414 1730 2445 ait.

1625 2474 1683 2505 24.

1184 2538 1295 2576 Arete,
1309 2536 1564 2568 crotoniatarum
1579 2535 1710 2575 regionis
1732 2535 1866 2574 fluvius,
1884 2544 1999 2566 nomen
2022 2534 2116 2564 habet
2136 2533 2177 2564 al»

1145 2591 1237 2620 Arete
1257 2588 1369 2620 Alcimi
1395 2588 1593 2627 (Alcinow)
1616 2595 1732 2624 uxore,
1756 2586 1848 2625 quus
1864 2588 2108 2617 monumentum
2131 2593 2178 2616 se-

1144 2640 1284 2680 pulcrale
1301 2639 1507 2678 circumfluit,
1520 2639 1601 2670 teste
1615 2638 1869 2678 PhilostephanO.

1626 2704 1682 2736 25.

1186 2771 1370 2808 Actium...‚
1392 2772 1427 2802 ut
1449 2770 1709 2810 Philostephanus
1733 2769 1796 2808 ait,
1821 2768 1913 2800 Panis
1939 2769 2046 2800 sanum
2069 2768 2117 2800 est
2139 2767 2177 2798 ad

1147 2823 1331 2856 Crathidem
1342 2822 1486 2853 fluvium.

1305 2897 1372 2935 DE
1401 2896 1651 2935 FONTIBUS
1681 2895 2022 2934 MIRABILIBUS.

1634 2979 1690 3010 27.

1190 3055 1258 3084 Mos
1277 3055 1344 3084 erat
1363 3055 1399 3084 ut
1420 3053 1544 3092 nuptias
1561 3050 1749 3083 celebraturi
1771 3058 1886 3090 aquam
1901 3048 1959 3081 sibi
1979 3047 2018 3079 ad
2032 3048 2180 3079 balneum

1149 3104 1307 3144 apportari
1321 3104 1371 3135 die
1383 3103 1510 3143 nuptias
1524 3103 1728 3134 antecedente
1744 3102 1901 3132 curarent.
1926 3099 2091 3131 mittebant
2107 3107 2181 3129 vero

1150 3157 1189 3188 ad
1204 3157 1265 3187 hoc
1277 3165 1412 3196 puerum
1429 3165 1541 3196 genere
1564 3156 1745 3196 proximum
1755 3178 1764 3194 ‚
1779 3162 1875 3193 quem
1894 3152 1964 3184 ideo
1978 3151 2180 3192 λουτροφόρον

1152 3208 1317 3239 vocabant.
1337 3212 1458 3249 Aquam
1472 3218 1546 3240 vero
1559 3208 1747 3240 hauriebant
1763 3216 1802 3238 ex
1821 3206 1905 3237 sonte
1918 3230 1926 3244 ‚
1947 3205 2001 3245 qui
2017 3213 2100 3235 nunc
2115 3205 2179 3235 En-

1152 3269 1325 3291 neacrunos
1340 3261 1530 3300 appellatur,
1544 3261 1631 3301 prius
1653 3259 1826 3290 vocabatur
1845 3257 2040 3293 Callirrhoe,
2068 3255 2113 3286 uti
2137 3255 2181 3287 ait

1153 3313 1424 3353 Philostephanus.
