2289 3728
129 169 200 200 276

125 249 281 296 γεύεσθαι
296 251 354 284 τοῦ
369 247 526 292 ἀλλήλων
545 245 699 294 αἵματος.
724 246 823 284 Μετὰ
839 247 872 283 δὲ
885 246 945 293 τὴν
962 248 1159 300 προσφορὰν

125 307 251 351 ταύτην
274 305 495 355 συγχρίεσθαι
512 304 574 349 τὴν
594 304 747 355 κεφαλὴν
772 305 887 356 μύρῳ,
917 306 1068 354 μάλιστα
1100 305 1161 354 μὲν

126 364 265 415 ῥοδίνῳ,
284 364 312 399 εἰ
330 363 364 399 δὲ
383 361 430 411 μὴ
444 392 452 408 ,
474 362 629 414 μηλίνῳ,
647 363 692 404 εἰς
711 362 749 399 τὸ
766 364 1018 414 ἀποκρούεσθαί
1037 379 1069 400 τι
1093 364 1162 401 ἀπὸ

123 426 181 458 τοῦ
198 421 321 466 τόπου,
343 421 400 457 καὶ
419 420 465 468 μὴ
486 420 699 470 βλάπτεσθαι
720 421 787 458 ἀπὸ
807 425 866 466 τῆς
881 425 948 459 τῶν
965 422 1062 459 οἴνων
1083 426 1161 458 ἀνα·

124 479 333 528 θυμιάσεως·
352 480 380 514 εἷ
401 478 435 515 δὲ
454 477 501 527 μὴ
514 507 523 524 ,
546 478 640 530 ἰρίνῳ
657 476 678 523 ἢ
699 479 861 530 ναρδίνῳ.

614 559 676 597 58.

175 629 308 663 Strabo
326 630 361 671 I,
383 641 420 676 p.
443 627 518 665 28:
536 625 622 665 “On
638 629 655 664 ὃ
672 628 815 679 Περσῶν
835 626 994 678 βασιλευς
1009 628 1066 664 τὸν
1084 628 1162 665 Χα-

122 684 289 722 λυὲώνιον
311 685 433 767 μόνονῩ
436 688 522 722 οἶνον
545 685 669 722 ἔπινεν·
690 686 726 723 ὅν
745 701 829 738 φησι
851 685 1075 727 Ποσειδώνιος
1097 686 1161 721 κάν

125 745 306 794 Δαμασκι)
324 746 383 789 τῆς
405 742 532 794 Συρίας
551 743 724 794 γίνεσθαι,
747 746 892 795 Περσῶν
913 744 1030 781 αὐτόθι
1052 758 1162 780 κατα-

122 801 360 853 φυτευσάντων
382 800 442 844 τὰς
462 801 650 850 ἀμπέλους.

611 879 672 926 59.

174 955 279 991 Idem
301 956 411 999 XVI,
432 968 472 1002 p.
501 961 574 1002 749
600 953 673 991 :‘H
701 954 734 990 δὲ
763 953 925 995 Σελευκὶς
953 952 1074 1003 ἀρίστη
1099 952 1161 1002 μέν

123 1014 196 1049 ἐστι
215 1014 281 1048 τῶν
301 1012 487 1061 λεχθεισῶν
507 1010 669 1061 μερίδων,
685 1012 842 1048 καλεῖται
865 1010 900 1047 δὲ
929 1010 1161 1061 Τετράπολις,

124 1070 183 1107 καὶ
205 1069 276 1107 ἔστι
304 1069 394 1106 κατὰ
425 1068 485 1110 τὰς
512 1067 694 1119 ἐξεχούσας
728 1069 760 1104 ἐν
795 1070 882 1117 αὐτῇ
915 1067 1053 1115 πόλεις,
1088 1067 1162 1103 ἐπεὶ

121 1128 258 1170 πλείους
271 1126 310 1178 γε’
331 1128 414 1163 εἰσι·
433 1126 592 1176 μέγισται
611 1125 645 1163 δὲ
665 1125 843 1176 τέτταρες,
861 1126 1050 1177 Ἀντιόχεια
1067 1129 1087 1171 ἡ
1105 1126 1161 1163 ἐπὶ

122 1186 244 1237 Δάφνῃ
277 1185 336 1222 καὶ
360 1184 547 1222 Σελεύκεια
572 1187 592 1229 ἠ
622 1185 655 1220 ἐν
678 1183 803 1235 Πιερία
824 1183 883 1221 καὶ
912 1184 1083 1233 Ἀπάμεια
1104 1184 1162 1220 καὶ

121 1245 328 1282 Λαοδίκεια·
359 1242 460 1294 αἵπερ
480 1242 538 1280 καὶ
564 1241 720 1291 ἐλέγοντο
745 1242 906 1288 ἀλλήλων
934 1242 1078 1293 ἀδελφαὶ
1107 1241 1162 1279 διὰ

121 1303 184 1346 τὴν
217 1302 390 1352 ὁμόνοιαν,
422 1300 593 1339 Σελεύκου
623 1304 683 1338 τοῦ
712 1301 906 1352 Νικάτορος
934 1301 1158 1349 κτίσματα...

122 1361 270 1402 Οἷκείως
291 1359 324 1397 δὲ
342 1363 383 1410 τῇ
404 1359 641 1410 Τετραπόλει,
656 1359 714 1395 καὶ
733 1361 779 1402 εἷς
797 1359 1007 1409 σατραπείας
1029 1359 1162 1410 διῄρετο

120 1419 287 1469 τέτταρας
306 1421 326 1463 ἡ
350 1418 535 1466 Σελευκὶς,
558 1417 602 1460 ὥς
635 1433 718 1468 φησι
745 1416 990 1463 Ποσειδώνιος,
1013 1418 1057 1459 εἷς
1081 1416 1162 1459 ὅσας

121 1477 180 1514 καὶ
198 1481 218 1523 ἡ
240 1477 348 1522 Κοίλη
371 1476 479 1527 Συρία
493 1506 501 1522 ,
524 1477 568 1518 εἷς
589 1475 669 1525 μίαν
690 1477 719 1512 δ’

608 1552 670 1587 (io.

174 1629 279 1664 Idem
301 1630 388 1664 XVI
403 1656 412 1671 ,
434 1641 473 1674 p.
496 1627 568 1673 755
589 1639 596 1663 :
620 1627 698 1664 Τῶν
718 1626 752 1663 δὲ
768 1625 893 1662 πεδίων
912 1625 1159 1677 (Coelesyriae)

120 1686 158 1723 τὸ
175 1685 234 1735 μὲν
254 1688 403 1737 πρῶτον,
423 1684 461 1721 τὸ
476 1685 542 1721 ἀπὸ
557 1687 615 1729 ’.ἧς
630 1684 813 1729 θαλάττης,
829 1685 975 1735 Μάκρας
991 1685 1160 1730 καλεῖται,

740 1478 761 1521 ἡ
785 1475 1052 1523 Μεσοποταμία.

121 1744 180 1780 καὶ
198 1743 323 1794 Μάκρα
342 1742 469 1779 πεδίον·
487 1744 520 1779 ἐν
538 1741 646 1792 τούτῳ
664 1740 698 1777 δὲ
717 1740 943 1782 Ποσειδώνιος
962 1743 1087 1791 ἱστορεῖ
1105 1739 1161 1777 τὸν

122 1800 291 1852 δράκοντα
325 1798 534 1836 πεπτωκότα
570 1801 734 1850 ὁραθῆναι
772 1797 903 1848 νεκρὸν,
949 1801 1056 1847 μῆκος
1100 1797 1160 1847 μὲν

121 1860 242 1910 σγεοόν
262 1875 294 1895 τι
312 1858 407 1896 *nott
425 1857 679 1907 *πλεθριαῗοη
709 1855 822 1907 πάχος
853 1857 896 1903 δ’,
924 1855 1006 1894 ὥσθ’
1038 1872 1162 1900 ιππεας

120 1917 328 1981 ἑκατέρωθεν
346 1930 591 1979 παρασταντας
611 1913 780 1958 ἀλλήλους
797 1913 844 1963 μὴ
863 1918 1024 1964 καθορᾶν,
1036 1914 1160 1964 χάσμα

121 1970 156 2007 δὲ
170 2000 180 2019 ,
200 1970 282 2006 ωστ’
298 1968 443 2007 ἔφιππον
462 1969 496 2005 δε
489 1967 637 2011 ξασθαι·
657 1970 717 2012 τ’ῆς
737 1966 772 2004 δὲ
789 1967 924 2019 φολίδος
940 1966 1096 2004 λεπίοα
1083 1967 1160 2003 εκά-

121 2043 204 2074 στην
223 2027 474 2078 ὑπεραίρουσαν
489 2029 620 2077 θυρεοῦ.

121 2139 303 2179 sanguinem
327 2138 552 2178 degustassent.
576 2138 651 2169 Post
672 2138 764 2168 istam
787 2137 983 2177 potationem
1002 2136 1163 2175 unguento

124 2193 221 2231 caput
243 2191 388 2228 illinunt,
408 2199 537 2221 rosaceo
555 2189 695 2221 maxime
707 2213 715 2227 ,
729 2191 785 2221 aut
798 2214 807 2229 ‚
830 2190 855 2220 si
873 2189 904 2220 id
921 2198 983 2219 non
1007 2188 1162 2228 suppetit,

122 2242 240 2273 melino
251 2267 259 2281 ,
274 2242 313 2273 ad
330 2241 560 2282 prohibendum
575 2242 667 2281 potus
681 2241 832 2272 effectum
844 2265 852 2280 ,
867 2241 899 2271 et
913 2249 952 2271 ne
967 2239 1030 2270 vini
1045 2247 1162 2278 vapore

123 2295 278 2327 laedantur
292 2295 332 2326 :si
342 2295 494 2326 melinum
503 2303 566 2325 non
574 2293 672 2332 adest,
681 2294 801 2325 liliaceo
809 2294 864 2324 aut
872 2293 1004 2324 nardino
1016 2293 1161 2323 utuntur.

617 2355 674 2386 58.

165 2413 330 2442 Persarum
346 2418 401 2441 rex
415 2409 646 2448 Chalybonium
660 2408 764 2439 solum
781 2408 889 2438 vinum
909 2407 1060 2446 bibebat,
1077 2406 1163 2446 quod

124 2462 309 2493 Posidonius
327 2461 371 2491 ait
392 2460 535 2491 Damasci
560 2460 591 2490 in
609 2459 697 2499 Syria
720 2468 847 2498 quoqne
863 2458 967 2497 nasci,
984 2459 1163 2497 transplan-

123 2516 197 2546 tatis
211 2524 248 2546 eo
261 2514 321 2544 loci
336 2513 452 2544 vitibus
465 2522 482 2543 a
498 2512 609 2543 Persis.

618 2567 676 2598 59.

167 2625 306 2655 Seleucis
319 2624 501 2663 portionum
522 2630 601 2661 quas
621 2621 765 2652 diximus
787 2622 907 2660 optima
927 2621 974 2651 est
995 2632 1002 2650 :
1030 2620 1163 2650 vocatur

127 2680 234 2708 antem
252 2675 426 2715 Tetrapolis
439 2684 457 2705 a
470 2676 622 2714 quattuor
634 2675 707 2705 ante
720 2674 839 2704 ceteras
855 2674 945 2712 (sunt
958 2672 1042 2703 enim
1060 2671 1163 2711 plures

127 2730 240 2767 etiam)
265 2727 439 2758 illustribus
458 2725 591 2756 urbibus
613 2725 703 2756 istius
727 2724 860 2763 regionis
872 2747 880 2762 ‚
898 2723 1064 2755 Antiochia
1080 2722 1161 2762 apud

127 2781 302 2819 Daphnen,
327 2778 466 2809 Seleucia
483 2777 514 2808 in
533 2777 633 2808 Pieria
647 2800 655 2815 ,
674 2779 816 2815 Apamea
840 2777 871 2806 et
889 2775 1042 2806 Laodicea
1061 2787 1067 2805 :
1091 2783 1164 2814 quse

127 2833 256 2871 propter
281 2829 481 2860 concordiam
510 2837 633 2859 sorores
657 2827 857 2859 dicebantur.
889 2828 987 2857 Porro
1010 2826 1103 2857 sicuti
1132 2826 1162 2856 in

128 2884 278 2922 ‹piattuor
291 2881 384 2911 nrbes
396 2904 404 2919 ,
419 2880 463 2910 sic
476 2880 570 2911 etiam
582 2903 590 2919 ,
606 2879 773 2910 Posidonio
789 2880 868 2910 teste
879 2902 888 2916 ,
906 2878 936 2909 in
951 2879 1102 2917 quattuor
1116 2886 1163 2908 sa-

128 2935 262 2974 trapias,
277 2932 547 2973 quemadmodum
565 2932 660 2963 etiam
679 2933 765 2962 Cava
781 2931 888 2971 Syria,
913 2931 1052 2962 seleucis
1065 2930 1164 2961 divisa

129 2990 196 3027 est,
210 2987 288 3018 dum
301 2984 528 3025 Mesopotamia
542 2984 665 3015 nonnisi
683 2993 779 3015 unam
793 2983 962 3023 satrapiam
976 2983 1151 3014 constituit.

616 3040 676 3072 60.

173 3099 247 3127 l‘ars
261 3102 444 3133 camporum
459 3093 558 3132 prima
580 3102 598 3123 a
617 3093 695 3124 mari
709 3094 832 3124 Macras
845 3093 990 3131 vocatur,
1014 3092 1045 3123 et
1059 3093 1165 3123 Macra

130 3157 277 3188 campus,
293 3148 323 3177 in
338 3155 401 3186 quo
417 3145 600 3177 Posidonius
613 3145 722 3177 scribit
742 3145 847 3176 visum
868 3145 962 3176 fuisse
983 3145 1164 3184 serpentem

131 3203 293 3232 mortuum
306 3197 405 3237 jugeri
420 3197 615 3235 longitudine
628 3221 636 3236 ‚
652 3196 859 3227 crassitudine
872 3197 962 3227 tanta
972 3219 980 3234 ,
996 3197 1031 3226 ut
1044 3195 1166 3234 equites

131 3262 172 3283 ex
187 3253 320 3289 utraque
334 3250 422 3288 parte
435 3247 630 3286 adsistentes,
642 3248 720 3278 alter
732 3247 866 3278 alterum
879 3246 985 3277 videre
999 3246 1142 3286 nequiret
1155 3257 1162 3284 ;

133 3305 211 3335 rictu
230 3312 284 3340 (Ὁ,
299 3300 355 3340 qni
370 3299 530 3330 hominem
550 3307 631 3338 equo
653 3298 840 3328 insidentem
868 3297 1038 3336 reciperet,
1060 3297 1164 3328 exuvii

133 3362 297 3397 squamam
315 3351 488 3392 ‹pianilibet
503 3350 611 3390 clypeo
625 3348 785 3387 majorem.

908 161 1164 199 POSIDONll
1196 160 1478 199 APAMENSlS

1710 275 1772 313 61.

1275 371 1408 406 Strabo
1428 370 1534 413 XVI,
1556 382 1594 416 p.
1618 368 1689 414 757
1714 369 1773 415 (de
1785 360 2006 404 'Phoenicum
2024 369 2182 405 inventis
2200 371 2258 404 lo-

1224 427 1370 475 quitur)
1391 440 1398 461 :
1420 427 1463 463 1Ξῖ
1477 425 1512 461 δὲ
1530 425 1578 462 δεῖ
1594 424 1814 476 Ποσειδωνίῳ
1830 428 2031 471 πιστεῦσαι,
2051 425 2109 462 καὶ
2125 427 2164 462 τὸ
2180 426 2258 477 περὶ

1223 486 1288 519 τῶν
1312 484 1450 531 ἀτόμων
1484 482 1596 531 δόγμα
1621 484 1771 520 παλαιοῦ
1807 485 1898 520 ἐστιν
1927 483 2046 534 ἀνδρὸς
2083 483 2258 529 Σιδονίου,

1224 540 1359 590 Μώχου
1371 570 1381 588 ,
1405 540 1470 590 πρὸ
1489 543 1556 577 τῶν
1573 543 1741 591 Τρωϊκῶν
1761 541 1894 592 χρόνων
1913 541 2100 592 γεγονότος.

1712 642 1774 680 62.

1276 730 1381 765 Idem
1401 731 1504 775 XIV,
1532 743 1570 778 p.
1599 731 1704 776 743.
1728 729 1955 772 Ποσειδώνιος
1978 729 2013 769 δέ
2033 745 2129 789 φησι
2148 746 2208 767 του
2227 732 2260 768 ἐν

1223 803 1265 837 τῃ
1285 786 1492 838 Βαὸυλωνίᾳ
1509 786 1620 839 ναφθα
1637 786 1697 829 τὰς
1714 787 1849 838 πηγὰς,
1864 804 1925 829 τας
1943 787 2004 835 μὲν
2021 791 2107 824 εἰναι
2121 789 2261 835 λευκου,

1224 845 1285 888 τὰς
1306 844 1341 883 δὲ
1362 845 1523 895 μέλανος·
1540 846 1668 883 τούτων
1686 844 1721 883 δὲ
1740 845 1800 888 τὰς
1829 845 1919 906 psitm
1919 849 2006 883 εἶναι
2025 845 2146 883 θείου
2134 850 2236 917 υγροῦ
2249 877 2260 894 ,

1223 904 1312 954 λεγω
1331 903 1370 949 δὴ
1386 902 1447 946 τὰς
1462 907 1519 941 τοῦ
1537 905 1683 941 λευκοῦ·
1700 902 1829 946 ταύτας
1844 897 1973 941 δἐἶναι
1989 904 2048 948 τὰς
2063 904 2262 948 ε’πισπώσας

1224 962 1284 1005 τὰς
1315 962 1458 1014 φλόγας·
1485 961 1546 1004 τὰς
1577 961 1611 998 δε
1643 965 1702 999 τοῦ
1735 961 1896 1011 μέλανος,
1927 962 2103 1014 ἀσφαλτου
2131 965 2236 1015 ὑγρᾶς
2249 993 2260 1012 ,

1224 1024 1251 1072 ᾧ
1269 1022 1345 1058 ἀντ’
1364 1019 1480 1058 ἐλαίου
1501 1035 1579 1063 τους
1599 1019 1744 1071 λυχνους
1768 1020 1917 1059 καίουσι.

1713 1120 1774 1157 63.

1277 1213 1381 1248 Idem
1410 1214 1521 1257 XVI,
1551 1226 1592 1260 p.
1624 1213 1696 1258 764
1725 1211 1797 1261 (de
1823 1214 1967 1248 ratione
1995 1214 2163 1261 loquitur
2191 1227 2263 1262 qua

1224 1272 1427 1319 asphaltum
1446 1284 1464 1306 e
1485 1272 1694 1306 Serbonide
1714 1272 1796 1306 lacu
1811 1273 1893 1318 Syri
1909 1272 2080 1318 educant)
2101 1283 2110 1309 ε
2131 1271 2264 1318 Γόητας

1225 1327 1259 1365 δὲ
1279 1328 1379 1370 ὄντας
1399 1328 1613 1373 σκηπτεσθαί
1631 1343 1732 1379 φησιν
1754 1328 1888 1380 ἐπῳδὰς
1908 1331 1924 1365 ὃ
1944 1328 2172 1372 Ποσειδώνιος
2187 1329 2264 1372 τοὺς

1225 1388 1439 1437 ἀνθρώπους,
1464 1386 1522 1423 καὶ
1544 1380 1626 1437 οῧρα
1647 1386 1705 1423 καὶ
1727 1386 1816 1423 ἄλλα
1839 1386 1973 1432 δυσώδη
1992 1386 2098 1438 ὑγρὰ,
2127 1387 2148 1424 ἃ
2167 1403 2265 1440 περι-

1224 1443 1464 1495 καταχέαντας
1483 1443 1543 1481 καὶ
1573 1444 1806 1488 ἐκπιοίσαντας
1830 1444 1970 1489 πήττειν
1990 1445 2051 1491 τὴν
2076 1445 2263 1498 ἄσφαλτον,

1224 1496 1297 1539 εἶτα
1321 1502 1472 1551 τέμνειν·
1495 1503 1524 1538 εἰ
1549 1501 1597 1551 μή
1616 1516 1666 1544 τις
1686 1502 1776 1538 ἐστὶν
1804 1501 2039 1548 ἐπιτηδειότης
2062 1505 2130 1540 τῶν
2155 1504 2263 1556 οὐρῶν

1223 1559 1381 1609 τοιαύτη,
1397 1559 1553 1610 καθάπερ
1568 1559 1627 1596 καὶ
1645 1561 1679 1596 ἓν
1693 1560 1767 1602 ταῖς
1777 1558 1917 1596 κύστεσι
1928 1561 1995 1595 τῶν
2004 1558 2190 1597 λιθιώντων
2205 1561 2264 1598 καὶ

1223 1620 1260 1655 ἐκ
1277 1620 1344 1655 τῶν
1365 1619 1534 1655 παιδικῶν
1555 1617 1663 1669 οὔρων
1682 1620 1703 1662 ἡ
1721 1616 1939 1668 χρυσοκόλλα
1961 1617 2177 1655 συνίσταται.
2202 1617 2265 1656 Ἐν

1224 1674 1314 1725 μέσῃ
1346 1674 1380 1712 δὲ
1413 1678 1456 1726 τῇ
1476 1674 1582 1724 λίμνῃ
1615 1674 1653 1711 τὸ
1677 1675 1782 1717 πάθος
1807 1674 2009 1724 συμὸαίνειν
2030 1674 2183 1726 εὔλογον,
2214 1675 2265 1713 ὅτι

1223 1731 1282 1769 καὶ
1303 1736 1324 1778 ἡ
1345 1732 1439 1782 πηγὴ
1465 1735 1522 1769 τοῦ
1553 1731 1658 1782 πυρὸς
1686 1732 1745 1768 καὶ
1764 1735 1824 1778 τῆς
1853 1732 2028 1783 ἀσφάλτου
2048 1732 2138 1770 κατὰ
2156 1732 2265 1781 μέσην

1224 1789 1317 1837 ἐστὶ,
1337 1791 1395 1829 καὶ
1415 1790 1452 1827 τὸ
1474 1792 1620 1835 πλῆθος·
1638 1790 1782 1833 ἄτακτος
1805 1790 1839 1828 δὲ
1856 1794 1876 1836 ἡ
1897 1790 2126 1841 ἀναφύσησις,
2141 1791 2192 1828 ὅτι
2208 1791 2265 1829 καὶ

1223 1853 1244 1895 ἦ
1278 1852 1335 1886 τοῦ
1368 1849 1473 1900 πυρὸς
1508 1848 1640 1894 κίνησις
1667 1850 1729 1885 οὐκ
1761 1849 1833 1900 ἔχει
1865 1848 1959 1893 τάξιν
1983 1853 2066 1897 ἡμῖν
2099 1849 2263 1901 φανερὰν,

1223 1907 1339 1958 ὥσπερ
1357 1907 1416 1944 καὶ
1440 1908 1553 1944 ἄλλων
1574 1907 1781 1956 πνευμάτων
1802 1909 1952 1945 πολλῶν.
1974 1909 2129 1946 Τοιαῦτα
2153 1907 2188 1946 δὲ
2206 1907 2265 1945 καὶ

1222 1967 1265 2004 τὰ
1281 1968 1313 2003 ἐν
1336 1965 1550 2017 Ἀπολλωνίᾳ
1567 1969 1608 2017 τῇ
1631 1965 1866 2017 Ἧπειρώτιδι.

1276 2027 1364 2072 Quae
1395 2021 1621 2061 antecedunt
1651 2026 1753 2073 apud
1778 2026 2000 2061 Strabonem
2028 2032 2064 2060 et
2092 2038 2174 2073 quae
2204 2038 2265 2061 se·-

1717 2138 1776 2169 61.

1267 2191 1299 2223 Si
1318 2191 1485 2223 Posidonio
1499 2191 1668 2230 credimus,
1681 2192 1777 2222 etiam
1788 2191 1956 2231 antiquum
1973 2191 2011 2222 de
2022 2192 2135 2225 atomis
2150 2191 2265 2231 dogma

1225 2244 1272 2274 est
1293 2243 1429 2274 hominis
1445 2243 1562 2275 Sidonii
1573 2267 1581 2282 ,
1599 2243 1738 2282 Moschi,
1754 2243 1808 2283 qui
1821 2245 1895 2274 ante
1911 2242 2039 2282 Trojani
2054 2242 2126 2274 belli
2141 2245 2265 2284 tempus

1224 2295 1315 2327 vixit.

1713 2355 1771 2387 62.

1266 2411 1451 2443 Posidonius
1474 2410 1583 2442 scribit
1600 2419 1618 2442 e
1643 2411 1785 2442 sontibus
1799 2410 1950 2450 naphthae
1963 2410 2144 2450 Babyloniis
2164 2419 2262 2451 quos·

1224 2462 1297 2493 dam
1322 2463 1446 2502 nigrum
1463 2462 1622 2501 naphtha,
1647 2462 1803 2502 quosdam
1826 2461 1934 2493 album
1951 2462 2125 2501 producere
2141 2475 2148 2493 τ
2166 2463 2264 2502 atque

1224 2523 1262 2545 ex
1286 2514 1322 2545 iis
1336 2515 1413 2545 alios
1432 2522 1497 2544 esse
1514 2513 1624 2553 liquidi
1639 2514 1800 2553 sulphuris
1812 2537 1821 2552 ,
1846 2522 1899 2544 eos
1923 2513 2042 2544 scilicet
2054 2537 2062 2552 ‚
2080 2513 2134 2553 qui
2153 2513 2263 2545 album

1224 2566 1364 2606 naphtha
1382 2566 1515 2603 habent,
1530 2565 1615 2604 quod
1631 2567 1662 2596 et
1678 2565 1815 2596 ssammoe
1828 2564 1982 2604 arripiant
2000 2576 2006 2594 :
2023 2573 2076 2595 eos
2094 2573 2169 2595 vero
2182 2589 2191 2604 ,
2202 2565 2258 2605 qui

1224 2618 1349 2657 nigrum
1363 2616 1499 2655 habent,
1515 2616 1680 2647 bituminis
1697 2615 1806 2656 liquidi
1820 2624 1886 2647 esse
1902 2615 1986 2656 quod
2002 2624 2059 2656 pro
2075 2615 2146 2647 oleo
2159 2616 2191 2647 in
2210 2616 2261 2648 lu-

1225 2669 1326 2701 cernis
1340 2669 1505 2708 usurpant.

1713 2722 1771 2754 63.

1266 2777 1454 2811 Posidonius
1479 2777 1589 2808 narrat
1604 2776 1748 2814 accolas,
1770 2775 1934 2815 praestigiis
1956 2775 2079 2807 deditos
2101 2775 2261 2814 homines,

1226 2831 1494 2864 incantationibus
1513 2829 1701 2870 quibusdam
1720 2829 1786 2866 uti,
1813 2829 1844 2858 et
1860 2828 1936 2859 lotia
1956 2829 1988 2859 et
2009 2827 2086 2859 alios
2106 2828 2261 2867 ejusmodi

1226 2883 1350 2914 [nitidos
1369 2882 1518 2913 humores
1534 2882 1711 2920 inspergere
1724 2882 1819 2918 atque
1834 2879 2029 2918 exprimere,
2047 2879 2164 2919 quibus
2177 2879 2261 2911 bitu-

1225 2943 1296 2966 men
1313 2933 1518 2972 coaguletur3
1539 2933 1645 2972 postea
1659 2930 1796 2961 incidere
1811 2939 1818 2959 :
1833 2929 1890 2960 nisi
1911 2929 1991 2961 sorte
2006 2930 2112 2970 aliqua
2129 2930 2195 2962 lotii
2214 2933 2261 2962 vis

1225 2991 1289 3025 est,
1307 2987 1409 3027 qualis
1422 2986 1454 3016 in
1469 2985 1574 3016 vesica
1591 2991 1701 3015 eorum
1713 3006 1720 3020 ,
1738 2982 1792 3021 qui
1810 2982 1931 3013 calculo
1945 2982 2108 3022 laborant,
2123 2984 2156 3014 et
2173 2985 2208 3014 ut
2220 2992 2261 3015 ex

1226 3038 1313 3078 pueri
1339 3038 1414 3069 lotio
1432 3035 1627 3076 chrysocolla
1653 3034 1829 3065 conficitur.
1854 3034 1890 3064 ln
1915 3033 2018 3064 medio
2040 3035 2148 3065 autem
2173 3035 2262 3066 lacus

1226 3090 1285 3121 ista
1299 3089 1425 3121 evenire
1438 3091 1684 3120 consentaneum
1706 3085 1818 3117 rationi
1842 3087 1900 3118 est.
1921 3086 2005 3126 Ignis
2020 3085 2104 3116 enim
2121 3094 2158 3117 ac
2174 3086 2260 3117 bitu·

1227 3141 1320 3172 minis
1339 3141 1408 3171 fons
1429 3143 1460 3172 et
1476 3141 1565 3180 copia
1588 3139 1619 3170 in
1638 3138 1743 3169 medio
1762 3141 1806 3169 est
1829 3151 1836 3169 :
1860 3137 1945 3177 quod
1963 3138 2071 3168 autem
2093 3145 2156 3168 non
2177 3139 2260 3169 stato

1226 3193 1351 3224 estiatur
1369 3195 1527 3232 tempore,
1543 3199 1637 3222 causa
1655 3191 1723 3229 est,
1738 3189 1811 3228 quia
1827 3189 1907 3228 ignis
1920 3191 2025 3219 motus
2037 3188 2180 3219 ordinem
2196 3197 2259 3220 non

1228 3244 1320 3274 hahet
1333 3243 1422 3275 nobis
1438 3242 1639 3274 manifestum
1650 3265 1658 3280 ,
1671 3239 1939 3280 quemadmodum
1955 3241 1985 3270 et
1999 3239 2172 3270 multorum
2185 3239 2259 3270 alio-

1228 3303 1297 3325 rum
1328 3294 1472 3325 flatuum.
1502 3293 1588 3326 Talia
1620 3292 1714 3324 etiam
1742 3290 1826 3330 apud
1852 3291 2046 3331 Apolloniam
2070 3290 2257 3329 Epiroticam

1226 3346 1386 3378 eveniunt.
