2338 3765
127 222 200 254 556

122 302 218 348 διέίῗη
238 317 274 338 τε
292 298 386 350 παρὰ
404 297 500 340 δόξαν
523 298 605 345 πεζῇ
624 296 679 332 τὸν
707 293 907 345 Εὐφράτην,
924 293 981 329 καὶ
996 293 1147 343 προσῆγε

122 360 178 398 τὸν
194 358 337 410 στρατὸν
352 359 393 407 τῇ
411 355 528 402 πόλει,
543 357 575 391 ἐν
590 348 613 404 ᾗ
626 352 686 394 τάς
701 367 736 388 τε
749 350 919 402 Τιγράνου
933 349 1148 390 παλλακίδας

123 416 354 469 φυλάττεσθαι
375 412 588 462 μεμαθήκεί,
615 409 673 447 καὶ
708 407 820 446 πολλὰ
847 409 913 444 τῶν
943 406 1072 459 σφόδρα
1094 421 1147 441 τι-

123 475 227 524 μίων.
288 469 542 510 Καταλελοίπει
562 468 596 505 δὲ
623 467 682 504 καὶ
714 466 789 509 τοὺς
809 465 1066 516 Τιγρανόκερτα
1084 479 1146 501 πο·

121 530 383 583 λιορκήσοντας,
404 527 463 564 καὶ
491 526 689 577 στράτευμα
711 524 795 561 ἄλλο
815 524 870 561 ἐπὶ
889 525 955 560 τῶν
977 521 1148 570 πολισμά-

123 606 188 627 των
222 587 265 626 τὰ
288 584 551 635 σπουδαιότερα.
610 584 649 633 (2)
680 581 782 621 Οὕτω
814 580 848 618 δὲ
881 584 942 627 τῆς
973 579 1150 631 Ἀρμενίας

121 646 211 685 κατὰ
229 645 340 683 πολλὰ
363 643 451 693 μέρη
486 639 796 693 πολιορκουμένης,
818 640 952 689 ἔπεμπε
975 638 1150 689 Τιγράνης

123 706 304 743 ἀνακαλῶν
327 701 557 752 Μιθριδάτην,
579 700 637 736 καὶ
659 699 803 751 στρατὸν
833 698 866 735 δὲ
898 697 975 747 περὶ
1000 696 1062 741 τὴν
1089 696 1150 732 πό-

121 765 188 810 λιν,
203 765 235 800 ἐν
257 757 279 812 ᾗ
296 760 354 802 τὰς
376 758 592 800 παλλακίδας
611 756 720 803 ἔθετο,
740 756 942 805 διέπεμπεν·
962 754 994 792 οἳ
1007 754 1064 791 καὶ
1081 769 1147 790 πα·

123 819 361 872 ραγεγονότες,
382 817 440 854 καὶ
475 815 586 867 τοξείᾳ
613 819 669 852 τοῦ
702 814 888 864 εΡωμαίων
918 810 1148 862 στρατοπέδου

121 879 181 922 τὰς
202 878 332 921 ἐξόδους
353 874 627 920 διακλείσαντες,
647 873 707 916 τάς
732 889 768 910 τε
794 870 1009 911 παλλακίδας
1027 868 1086 905 καὶ
1107 867 1149 904 τὰ

121 935 315 986 τιμιώτατα
335 936 401 971 τῶν
433 932 621 982 κειμηλίων
650 930 705 968 διὰ
732 930 848 972 νυκτὸς
873 927 1149 979 προεξέπεμψαν.

123 998 163 1045 (3)
185 993 344 1045 ζΗμέρας
368 992 403 1030 δὲ
424 990 659 1042 ἀνασχούσης,
687 989 744 1026 καὶ
770 991 837 1025 τῶν
859 985 1042 1035 Ῥωμαίων
1075 983 1148 1032 ἅμα

124 1052 214 1103 [καὶ]
243 1053 309 1088 τῶν
340 1051 490 1101 Θρακῶν
512 1046 671 1098 ἀνδρείως
692 1045 960 1095 ἀγωνιζομένων,
987 1041 1084 1094 φόνος
1113 1055 1148 1076 τε

123 1109 227 1152 πολὺς
241 1111 308 1146 τῶν
328 1106 512 1158 Ἀρμενίων
537 1105 686 1153 γίνεται,
710 1104 768 1140 καὶ
791 1101 919 1153 ζωγρίᾳ
936 1103 1001 1137 τῶν
1019 1102 1150 1149 ἀνῃρη-

126 1167 235 1217 μένων
266 1166 422 1202 ἑάλωσαν
444 1165 505 1201 οὖκ
534 1162 711 1203 ἐλάττους·
731 1160 774 1196 τὰ
797 1159 911 1208 μέντοι
927 1173 965 1208 γε
993 1172 1149 1208 προαπο·

124 1224 294 1262 σταλέντα
312 1221 489 1266 διεσώζετο
506 1221 588 1272 πρὸς
607 1218 796 1269 Τιγράνην.

175 1284 289 1321 LVII.
324 1279 478 1329 Δύναμιν
497 1278 531 1315 δὲ
563 1271 656 1319 οὗτος
690 1275 847 1326 ἀθροίσας
875 1272 963 1310 ὀκτὼ
985 1271 1152 1322 μυριάδας

123 1340 327 1388 κατέὸαινε,
349 1337 410 1383 τήν
435 1353 471 1373 τε
499 1333 774 1386 Τιγρανοκέρταν
796 1330 1056 1382 ἐξαιρησόμενος
1082 1332 1149 1366 τῶν

125 1398 333 1449 συνεχόντων
355 1395 413 1433 καὶ
430 1394 660 1443 ἀμυνούμενος
679 1390 754 1432 τοὺς
771 1388 968 1438 πολεμίους.
1004 1387 1151 1429 Φθάσας

126 1455 160 1492 δὲ
182 1455 240 1492 καὶ
252 1454 331 1491 ἰδὼν
350 1453 387 1490 τὸ
405 1450 590 1500 (Ρωμαίων
612 1449 723 1497 ὀλίγον
756 1446 999 1497 στρατόπεδον,
1026 1447 1150 1495 ὑπερο-

123 1513 263 1555 πτικοὺς
290 1511 384 1563 ἠφίει
399 1510 538 1560 λόγους,
559 1511 623 1553 ὡς,
646 1508 673 1543 εἰ
692 1505 750 1552 μὲν
774 1503 983 1556 πρεσὸευταὶ
1000 1504 1151 1553 παρεῖεν,

123 1571 262 1616 πολλοὶ,
282 1571 446 1621 φάμενος,
474 1567 655 1610 συν-ἦλθον·
675 1565 702 1600 εἷ
723 1563 756 1600 δὲ
776 1562 954 1611 πολέμιοι,
975 1563 1152 1603 παντελῶς

122 1629 248 1678 ὀλίγοι·
268 1628 326 1664 καὶ
347 1630 456 1663 ταῦτα
475 1623 578 1661 εἰπὼν
597 1619 917 1672 ἐστρατοπεδεύετο.
940 1618 984 1670 (¹2)
999 1618 1152 1657 Λεύκολ-

123 1687 180 1729 λος
212 1686 246 1722 δὲ
267 1685 372 1735 τέχνῃ
393 1683 452 1720 καὶ
471 1681 596 1732 μελέτῃ
614 1680 698 1731 πρὸς
717 1677 778 1724 τὴν
800 1678 917 1729 μάχην
948 1675 1153 1728 παραταξά-

124 1759 240 1793 μενος,
263 1743 320 1780 καὶ
337 1740 503 1793 θαρρύνας
518 1738 594 1781 τοὺς
608 1738 662 1774 ὑπ’
680 1736 792 1782 αὐτὸν,
807 1735 924 1787 τρέπει
940 1750 976 1772 τε
993 1734 1030 1771 τὸ
1048 1734 1152 1777 δεξιὸν

123 1801 217 1844 εὐθὺς
249 1800 369 1851 κέρας,
403 1793 477 1836 εἶτα
509 1797 618 1848 τούτῳ
655 1795 881 1850 συναπέκλινε
915 1793 953 1830 τὸ
988 1792 1152 1840 πλησίον,

125 1860 197 1905 ἑξῆς
214 1858 246 1895 δὲ
266 1857 471 1907 σύμπαντες.
495 1855 562 1893 Καὶ
582 1853 671 1899 δεινή
687 1869 735 1896 τις
756 1853 814 1890 καὶ
842 1851 1062 1902 ἀνεπίσχετος
1077 1851 1153 1893 τοὺς

124 1916 318 1967 Ἀρμενίους
349 1914 475 1965 ἐπέσχε
493 1912 622 1964 τροπή·
643 1912 700 1949 καὶ
722 1910 811 1948 κατὰ
830 1909 930 1959 λόγον
961 1912 982 1954 ἡ
999 1911 1066 1945 τῶν
1096 1911 1150 1945 ἀν·

124 1975 267 2026 θρώπων
302 1972 416 2010 εἵπετο
443 1972 564 2024 φθορά.
625 1971 662 2022 (3)
684 1968 857 2020 Τιγράνης
879 1967 912 2004 δὲ
945 1967 982 2004 τὸ
1001 1967 1153 2016 διάδημα

123 2033 182 2070 καὶ
203 2032 244 2069 τὰ
271 2032 466 2082 παράσημα
485 2033 545 2075 τῆς
577 2031 686 2080 ἀρχῆς
708 2027 831 2069 ἐπιθεὶς
850 2028 898 2077 τῷ
916 2025 1036 2073 παιδὶ,
1072 2025 1155 2077 πρός

123 2106 155 2126 τι
175 2092 240 2126 τῶν
260 2089 440 2140 ἐρυμάτων
461 2085 647 2138 διαφεύγει.
669 2084 713 2122 ‘O
743 2084 778 2121 δὲ
799 2083 991 2125 Λεύκολλος
1008 2081 1092 2133 πρὸς
1112 2082 1154 2119 τὰ

125 2146 383 2198 Τιγρανόκερτα
404 2143 642 2195 ἀναστρέψας,
675 2141 927 2193 προθυμότερον
949 2139 1151 2191 ἐπολιόρκει.

104 2241 110 2248 ,μ
126 2208 171 2243 Οἱ
193 2204 226 2241 δὲ
241 2203 331 2241 κατὰ
348 2202 408 2248 τὴν
429 2202 527 2240 πόλιν
545 2200 755 2251 Μιθριδάτου
767 2198 969 2251 στρατηγοὶ,
989 2199 1054 2233 τῶν
1069 2196 1155 2234 ὅλων

127 2262 360 2312 ἀπεγνωκότες
376 2291 385 2307 ,
406 2261 461 2299 ἐπὶ
482 2263 523 2311 τῇ
539 2258 688 2311 σφετέρᾳ
710 2257 863 2309 σωτηρίᾳ
878 2255 1064 2306 Λευκόλλῳ
1083 2271 1156 2292 πα-

130 2321 272 2372 ρέδοσαν
293 2319 354 2365 τὴν
373 2319 485 2357 πόλιν.

182 2380 321 2417 LVIII.
353 2376 397 2414 ‘O
417 2375 532 2425 μέντοι
552 2374 770 2426 Μιθριδάτης
789 2373 872 2423 πρὸς
892 2371 1067 2423 Τιγράνην
1085 2387 1156 2408 πα-

131 2435 319 2488 ραγεγονὼς
335 2432 553 2483 ἀνελάμὸανέ
565 2448 602 2470 τε
620 2433 734 2478 αὐτὸν,
754 2431 812 2468 καὶ
829 2429 1008 2480 βασιλικὴν
1031 2431 1157 2475 ἐσθῆτα

130 2493 309 2544 περιετίθει
326 2496 386 2538 τῆς
412 2491 573 2535 συνήθους
603 2492 664 2526 οὒκ
691 2488 961 2537 ἐλαττουμένην,
988 2487 1047 2524 καὶ
1075 2487 1156 2524 λαὸν

130 2552 292 2603 ἀθροίζειν
317 2549 571 2593 συνεὸούλευεν,
595 2548 682 2598 ἔχων
710 2546 767 2584 καὶ
796 2546 894 2588 αὐτὸς
928 2545 1071 2594 δύναμιν
1100 2547 1158 2581 οὐκ

1055 2602 1099 2640 ‘O
1124 2603 1158 2639 δὲ

130 2668 243 2703 πάντα
261 2668 309 2716 τῷ
327 2663 521 2714 Μιθριδάτῃ
546 2663 741 2712 ἐπέτρεπεν,
763 2661 796 2698 ἔν
816 2676 851 2697 τε
874 2663 922 2711 τῷ
941 2660 1084 2711 γενναίῳ
1100 2661 1158 2697 καὶ

129 2610 258 2658 ὀλίγην,
281 2610 325 2649 ὡς
347 2607 450 2643 πάλιν
471 2605 757 2655 ἀναμαχούμενον
778 2603 840 2649 τὴν
865 2604 978 2648 νίκην.

131 2726 260 2774 συνετῷ
274 2722 311 2759 τὸ
325 2721 427 2758 πλέον
441 2720 551 2769 νέμων
570 2721 661 2770 αὐτῷ
673 2750 681 2765 ,
699 2719 757 2756 καὶ
771 2720 846 2769 [ὡς]
863 2720 991 2766 μᾶλλον
1008 2719 1158 2768 ἀντέχειν

132 2784 178 2822 εἷς
192 2781 247 2817 τὸν
265 2779 347 2831 πρὸς
365 2779 559 2827 Ἱ)ωμαίους
573 2778 720 2826 πόλεμον
736 2776 927 2827 δυναμένῳ.
948 2777 989 2825 (2)
1006 2776 1112 2818 Αὐτὸς
1125 2775 1157 2812 δὲ

134 2839 216 2890 πρὸς
235 2838 291 2875 τὸν
324 2837 461 2888 Πάρθον
485 2836 677 2886 Φραδάτην
706 2834 965 2886 διεπρεσσεύετο
990 2850 1160 2886 παραχω-

136 2903 203 2948 ρεῖν
225 2897 318 2946 αὗτῷ
337 2895 398 2940 τὴν
424 2894 699 2942 Μεσοποταμίαν
716 2893 773 2930 καὶ
793 2892 853 2937 τὴν
874 2892 1077 2938 Ἀδιαῧηνὴν
1103 2892 1159 2929 καὶ

1044 202 1311 240 MEMNONJS

1209 296 1272 324 tem
1287 303 1360 325 cuni
1373 294 1514 333 equitatu
1530 295 1639 324 transit
1653 319 1659 332 ,
1678 296 1708 325 et
1722 303 1833 333 agmen
1848 294 1885 325 ad
1901 295 2010 326 urbem
2024 295 2170 333 adducit,
2185 296 2238 327 ubi

1209 366 1352 405 Tigranis
1369 366 1494 406 pellices
1510 388 1518 403 ‚
1533 367 1563 396 et
1578 365 1618 396 de
1635 365 1728 396 rebus
1744 366 1886 405 pretiosis
1905 375 1941 397 ac
1954 368 2033 398 caris
2053 377 2116 398 non
2142 377 2239 408 pauca

1211 439 1363 470 asservari
1376 439 1537 470 didicerat.
1554 439 1667 478 Copias
1683 440 1776 470 etiam
1787 463 1795 478 ‚
1813 448 1885 479 quae
1903 440 2124 479 Tigranocerta
2141 450 2240 481 oppu-

1213 513 1307 550 gnent
1318 535 1326 550 ,
1341 513 1371 542 et
1388 511 1463 541 alias
1475 535 1484 550 ,
1504 520 1576 550 quae
1596 511 1754 550 praecipua
1771 512 1835 542 illic
1851 512 1964 552 oppida
1981 514 2120 551 tentent,
2144 514 2239 545 relin-

1210 582 1288 621 quit.
1306 582 1349 620 (2)
1370 583 1451 612 Dum
1470 581 1529 611 hoc
1544 581 1638 611 inodo
1653 582 1800 613 Armenia
1821 583 1928 614 multis
1952 587 2153 624 oppugnatur
2169 594 2240 625 par-

1213 655 1304 694 tibus,
1317 655 1413 686 mittit
1427 654 1586 693 Tigranes,
1598 654 1651 694 qui
1661 654 1875 686 Mithridatem
1887 656 2045 686 revocent.
2062 644 2240 687 Exercitum

1211 725 1305 754 etiam
1319 724 1359 754 ad
1374 724 1541 754 tutandam
1556 723 1687 762 urbem,
1703 724 1733 754 in
1751 733 1813 763 qua
1827 724 1952 764 pellices
1964 726 2053 755 erant
2068 725 2241 765 dispositae,

1213 793 1367 832 irejiibet.
1395 793 1455 830 Qui
1482 802 1579 832 quum
1605 802 1642 824 eo
1660 793 1835 832 venissent,
1863 794 2039 825 interclusis
2057 795 2241 834 sagittarum

1211 871 1361 911 grandine
1374 872 1508 902 exitibus
1525 880 1541 902 e
1554 873 1769 902 Romanorum
1789 871 1917 910 castris,
1932 873 1963 903 et
1985 873 2193 911 concubinas,
2211 875 2243 904 et

1212 949 1303 980 gazas
1317 940 1456 980 periculo
1469 944 1631 980 exemptas
1644 940 1740 971 noctu
1754 940 1966 979 praemittunt.
1986 941 2028 980 (3)
2048 941 2107 972 Ubi
2120 941 2241 978 illuxit,

1211 1012 1343 1041 Romani
1366 1011 1397 1040 et
1412 1010 1549 1041 Thraces
1563 1009 1737 1040 certamine
1749 1018 1822 1040 cum
1837 1009 1992 1041 Armeniis
2006 1010 2126 1041 sortiter
2147 1010 2242 1050 inito,

1212 1078 1366 1117 prolixam
1384 1077 1496 1108 horum
1516 1077 1633 1108 faciunt
1651 1079 1809 1116 stragem,
1826 1085 1884 1107 nec
1900 1077 2064 1116 pauciores
2086 1078 2175 1109 vivos
2191 1087 2243 1108 ca-

1213 1146 1319 1184 piunt,
1339 1154 1433 1184 quam
1452 1144 1588 1176 caedunt.
1611 1145 1773 1175 Praernissa
1797 1144 1904 1175 tamen
1928 1143 1968 1174 ad
1988 1144 2154 1183 Tigranem
2176 1146 2245 1176 tuta

1212 1215 1341 1244 manent
1358 1215 1387 1244 et
1406 1213 1503 1244 salva.

1253 1283 1350 1312 Lvii.
1371 1281 1446 1318 Hic,
1461 1280 1621 1319 ortoginta
1637 1279 1775 1311 millibus
1789 1280 1977 1319 contractis,
1993 1280 2027 1310 ut
2040 1280 2244 1319 Tigranocer-

1214 1355 1277 1382 tam
1293 1350 1332 1381 ab
1352 1350 1535 1390 urgentibus
1549 1350 1639 1380 malis
1652 1349 1763 1388 eripiat
1775 1373 1783 1388 ,
1811 1349 2036 1389 propulsetque
2054 1349 2177 1388 hostes,
2194 1349 2247 1381 de-

1214 1419 1344 1450 scendit.
1362 1418 1534 1450 Confestim
1554 1426 1646 1455 vero,
1677 1418 1711 1447 ut
1727 1418 1941 1448 Romanorum
1969 1417 2142 1449 exilitatem
2169 1417 2247 1449 vidit

1213 1490 1389 1519 castrorum
1400 1511 1408 1526 ,
1424 1487 1558 1526 superba
1570 1496 1624 1526 per
1638 1488 1855 1525 contemptum
1867 1486 1906 1517 de
1920 1487 1956 1517 iis
1967 1487 2063 1517 verba
2074 1487 2170 1526 jacit:
2186 1501 2199 1513 ι(
2215 1488 2246 1519 Si

1213 1557 1304 1596 legati
1318 1557 1393 1587 sunt
1404 1580 1413 1595 ,
1431 1556 1533 1595 inquit
1544 1580 1553 1594 ,
1575 1555 1665 1585 multi
1679 1555 1771 1586 simul
1786 1557 1958 1586 venerunt:
1974 1556 2020 1586 sin
2037 1555 2160 1595 hostes,
2176 1565 2246 1596 per-

1214 1625 1315 1666 pauci.
1328 1624 1476 1661 »Quibus
1485 1623 1588 1662 dictis,
1601 1623 1710 1654 castris
1720 1623 1826 1653 locum
1840 1622 1957 1662 deligit.
1974 1624 2017 1662 (2)
2029 1626 2068 1654 At
2077 1623 2229 1655 Lucullus
2239 1649 2247 1663 ‚

1213 1693 1363 1733 singulari
1379 1694 1445 1723 arte
1459 1693 1490 1723 et
1506 1691 1609 1722 studio
1623 1691 1777 1722 instructa
1801 1691 1868 1722 acie
1880 1715 1888 1730 ‚
1912 1691 2038 1730 suisque
2053 1691 2168 1722 fiducia
2190 1701 2246 1732 per

1215 1762 1464 1794 cohortationem
1492 1760 1625 1799 injecta,
1653 1759 1803 1790 dextrum
1832 1768 1931 1790 cornu
1953 1760 2058 1791 statim
2083 1760 2115 1791 in
2143 1762 2247 1801 sugam

1215 1832 1298 1871 agit:
1318 1839 1393 1861 mox
1407 1829 1566 1860 inclinatio
1588 1828 1623 1859 fit
1639 1828 1671 1858 in
1693 1828 1856 1867 proximo,
1879 1827 1993 1859 dehine
2017 1829 2104 1868 terga
2121 1830 2251 1861 vertunt

1215 1908 1333 1931 omnes.
1352 1898 1510 1930 Grandem
1529 1898 1634 1937 itaque
1654 1900 1685 1928 et
1703 1897 1898 1936 praecipitem
1915 1897 2053 1928 Armenii
2070 1897 2175 1937 fugam
2198 1906 2250 1929 ca-

1217 1969 1363 2008 pessunt,
1381 1968 1411 1998 et
1434 1976 1490 2006 pro
1509 1966 1673 2012 hominum
1696 1974 1829 1996 numero
1848 1965 1950 2000 caedes
1966 1965 2119 2005 sequitur.
2139 1965 2183 2005 (3)
2201 1964 2252 1996 Ti-

1216 2047 1326 2079 granes
1343 2037 1449 2077 igitur,
1467 2036 1645 2067 diademate
1662 2038 1693 2066 et
1709 2035 1795 2075 regni
1811 2034 1983 2074 insignibus
2002 2034 2065 2066 tilio
2080 2034 2251 2074 impositis,

1217 2107 1256 2138 ad
1274 2106 1438 2138 castellum
1453 2104 1613 2146 quoddam
1630 2105 1736 2143 sugam
1749 2103 1869 2143 arripit.
1885 2102 2038 2134 Lucullus
2052 2111 2125 2134 vero
2136 2126 2145 2141 ,
2160 2102 2254 2142 signis

1217 2179 1301 2219 retro
1315 2176 1537 2216 Tigranocerta
1551 2182 1659 2205 versus
1672 2173 1766 2204 motis
1777 2197 1786 2212 ,
1807 2172 1926 2212 maj0re
1941 2172 2057 2204 conatu
2070 2173 2102 2203 in
2118 2171 2252 2203 obsidio·

1217 2255 1289 2278 nem
1307 2244 1469 2276 incumbit.
1505 2246 1588 2275 Tum
1608 2241 1798 2273 Mithridatis
1816 2241 1849 2272 in
1866 2241 1942 2272 urbe
1958 2241 2050 2280 legati
2063 2265 2071 2279 ,
2089 2239 2254 2280 desperata

1219 2323 1321 2345 rerum
1341 2321 1465 2344 summa
1475 2336 1483 2350 ,
1500 2310 1632 2343 Lucullo
1646 2319 1679 2342 se
1691 2309 1839 2341 dedidere
1850 2333 1858 2348 ,
1872 2310 2005 2340 salutem
2020 2308 2116 2348 pacti.

1259 2385 1371 2415 LVlII.
1391 2381 1588 2414 Mithridates
1605 2382 1712 2411 autem
1735 2379 1775 2409 ad
1797 2379 1963 2418 Tigranem
1988 2386 2149 2416 reversus,
2173 2377 2254 2408 fidu-

1220 2449 1301 2479 ciam
1325 2447 1352 2478 ei
1369 2446 1456 2476 addit
1473 2446 1506 2476 et
1527 2447 1673 2475 ornatum
1697 2442 1835 2482 regium,
1858 2441 1989 2472 adsueto
2012 2449 2075 2470 non
2094 2439 2254 2477 viliorem,

1221 2511 1408 2544 circumdat.
1435 2510 1598 2542 Exercitus
1617 2509 1710 2540 etiam
1734 2505 1898 2546 colligendi
1922 2505 2068 2545 proponit
2091 2504 2256 2535 consilium

1223 2580 1346 2619 (quum
1372 2579 1403 2608 et
1426 2577 1490 2616 ipse
1516 2583 1644 2606 manuni
1666 2582 1729 2604 non
1746 2571 2011 2603 contemnendam
2036 2569 2205 2608 haberet),
2222 2570 2257 2600 ut

1222 2645 1360 2676 victoriae
1378 2643 1493 2674 damna
1508 2641 1594 2672 bello
1614 2640 1850 2679 recuperaturo.
1870 2640 1990 2669 Verum
2005 2636 2076 2675 hic,
2094 2635 2170 2666 dum
2187 2635 2258 2674 plus

1224 2712 1346 2742 virtutis
1372 2711 1404 2741 et
1433 2708 1606 2749 prudentiae
1626 2706 1668 2737 illi
1695 2705 1825 2743 tribuit,
1854 2704 1885 2735 et
1914 2703 2013 2741 magis
2039 2703 2256 2732 Romanorum

1224 2774 1313 2804 bellis
1344 2772 1492 2802 idoneum
1527 2769 1711 2805 arbitratur,
1745 2765 1851 2796 omnia
1887 2762 2057 2795 Mithridati
2091 2761 2255 2801 permittit.

1230 2836 1272 2874 (2)
1290 2837 1358 2874 Ipse
1377 2832 1501 2864 interim
1516 2855 1523 2869 ,
1538 2830 1692 2869 legatione
1714 2827 1754 2858 ad
1772 2825 1959 2858 Phradatem
1973 2823 2128 2855 Parthum
2147 2822 2256 2859 missa,

1225 2894 1482 2934 Mesopotamiam
1507 2894 1538 2923 et
1567 2890 1747 2922 Adiabenen
1773 2889 1803 2918 et
1831 2894 1957 2925 magnas
1987 2893 2066 2924 quas
2095 2882 2259 2913 nominant

151 2956 2256 2982 Μ

177 3021 257 3051 LVI.
289 3022 312 3048 1.
328 3015 572 3056 Ἀριοῧαρζὰνην]
589 3018 633 3045 lta
650 3016 843 3054 stephanus-3
864 3015 1036 3052 llum-liei,
1054 3014 1206 3045 schottus
1222 3015 1251 3044 et
1272 3012 1400 3043 lieldwr.
1417 3007 1639 3049 Ἀριοῧαζάνην.
1656 3025 1695 3031 -
1709 3007 1845 3044 προσῆγε
1860 3001 1930 3041 τὸν]
1946 2999 2071 3031 emend.
2087 2997 2257 3035 Schaet'er.;

137 3067 309 3106 προσήγετο
326 3064 410 3102 vulg.
429 3081 468 3084 —
484 3066 512 3093 3.
533 3062 610 3101 ικαὶ]
627 3066 686 3091 τῶν
702 3061 849 3101 Θρακῶν]
863 3063 912 3091 καὶ
933 3061 1093 3100 supplevi,
1112 3062 1258 3090 monente
1273 3058 1442 3088 Schwt'ero.
1463 3074 1501 3080 --
1517 3052 1645 3093 ζωγρίᾳ]
1663 3051 1834 3086 Schacser.;
1851 3049 1973 3087 ζωγρίαι
1991 3045 2073 3076 libri.
2092 3089 2100 3098 '
2192 3088 2199 3096 Ι

181 3113 275 3142 LVll.
305 3115 331 3140 1.
357 3109 438 3139 ὀκτὼ
462 3107 623 3147 μυριάδας]
641 3108 800 3146 copiarum
821 3117 968 3137 numeros
991 3107 1081 3142 longe
1101 3107 1235 3144 majores
1260 3105 1346 3144 ponit
1364 3101 1522 3133 Plutarch.
1542 3098 1666 3130 Lucull.
1685 3102 1734 3128 26.
1753 3115 1793 3122 --
1816 3092 2070 3133 ἐξαιρησόμενος..
2086 3098 2257 3127 αμυνουμε-

139 3158 204 3197 νος]
220 3161 275 3195 Λ.;
293 3155 546 3195 ἐξαιρησάμενος..

566 3154 750 3193 ἀμυνόμενος
767 3154 851 3191 vulg.
868 3172 905 3175 —-
919 3154 972 3188 τήν
988 3164 1019 3183 τε
1045 3151 1302 3192 Τιγρανοκέρτοιν]
1323 3160 1391 3189 cap.
1411 3153 1448 3179 50
1460 3172 1468 3186 ,
1499 3152 1531 3185 1,
1549 3148 1579 3177 et
1597 3145 1701 3185 paullo
1720 3144 1799 3173 infra
1823 3141 1898 3171 urbs
1913 3139 2031 3170 dicitur
2056 3137 2094 3166 τὰ
2111 3134 2256 3174 Τιγρανό-

139 3215 248 3243 κερτα,
263 3205 297 3232 ut
313 3211 364 3240 ap.
381 3201 565 3232 Strabonem
581 3202 611 3230 et
626 3200 731 3238 steph.
750 3201 822 3238 Byr..
839 3199 919 3236 Quid
935 3199 1092 3229 Memnoni
1112 3199 1280 3237 placuerit,
1297 3197 1438 3227 dubium.
1452 3213 1491 3219 -—
1506 3198 1534 3224 2.
1547 3193 1616 3228 τοὺς
1631 3187 1817 3230 Ἀρμενίους]
1832 3187 1880 3218 ed-
1898 3185 2067 3224 &ephan-3
2083 3182 2144 3215 τθῖέ
2157 3180 2257 3220 ’Apim‘

142 3250 215 3284 νίοις
236 3249 319 3287 vulg.
336 3267 372 3273 -
387 3247 467 3277 κατὰ
483 3246 571 3285 λόγον
588 3245 736 3285 ...φθορῆ
759 3245 959 3275 Accuratioia
974 3254 1004 3274 v.
1021 3254 1069 3283 ap.
1088 3245 1246 3275 Plutarch.
1263 3242 1383 3273 Lucull.
1403 3250 1430 3270 c.
1447 3243 1483 3269 28
1501 3248 1561 3277 sq.;
1579 3236 1619 3267 cs.
1636 3236 1766 3274 Appian.
1786 3242 1814 3263 c.
1831 3235 1869 3263 85
1883 3239 1931 3269 sq.
1951 3255 1956 3260 .

184 3295 293 3324 LVlll.
324 3297 349 3323 l.
374 3289 551 3331 ἐπέτρεπεν]
567 3291 607 3321 al.
628 3291 801 3330 ὑπέτρεπεν.
817 3309 854 3315 -
870 3291 921 3319 καὶ
939 3292 978 3324 ὡς
997 3290 1148 3328 μᾶλλον...
1167 3288 1343 3329 δυναμένῳ]
1359 3286 1524 3317 Jacohsius
1541 3284 1579 3314 ad
1604 3282 1715 3313 Achill.
1733 3281 1803 3311 Tat.
1824 3287 1854 3317 p.
1873 3279 1943 3308 Gsili.
1962 3275 2045 3307 Libri
2070 3287 2076 3304 ε
2105 3273 2156 3303 καὶ
2181 3272 2256 3310 μᾶλ-

143 3342 193 3371 λον
211 3341 326 3380 ἀνέχειν
347 3341 385 3374 εἷς
405 3339 455 3369 τὸν
472 3349 504 3368 π.
522 3337 566 3368 Ῥ.
586 3349 618 3367 π.
638 3337 814 3375 δυνάμενον.
831 3356 867 3362 --
879 3335 1059 3374 (ῐ)ραδοίτ·ην]
1073 3336 1111 3366 al.
1129 3335 1272 3375 (Ινραάτην
1303 3354 1343 3360 -
1358 3333 1515 3370 Μεγάλους
1536 3327 1695 3368 Aeliam]
1715 3340 1728 3353 ι(
1748 3324 1898 3358 Fortassis
1915 3319 2106 3360 intelligendi
2129 3317 2259 3349 atllones
