2289 3728
894 146 1219 183 FRAGMENTA.

6 235 214 281 migraverit
230 232 259 281 )·,
291 234 347 267 hic
376 245 464 266 vero
496 244 503 268 :
538 232 704 278 Πολέμων
727 231 759 265 ἓν
780 233 821 279 τῇ
843 231 1030 279 Ἑλληνικῇ

5 290 135 340 ἱστορίᾳ
158 292 226 340 (de
252 292 424 337 Neptuno
451 298 485 325 et
511 292 657 324 Junone
680 289 725 323 de
745 301 834 335 agro
859 290 1031 334 Argolico

6 346 348 395 contendentibus).
374 349 424 384 De
452 354 669 395 argumento
700 347 821 393 operis
845 347 891 379 ita
924 346 1028 379 habet

6 407 245 441 Pilumnus:
274 423 287 436 ιι
321 406 357 440 Si
375 405 539 440 Athenaei
565 403 685 446 locos,
708 404 769 446 ubi
792 404 877 437 citat
909 403 1033 436 Hella-

5 463 118 506 dium‚
134 475 401 510 comparamus,
417 464 525 497 etiam
536 462 607 495 hoc
619 462 656 494 in
673 473 784 507 opere
795 461 1032 494 Polemonem

4 521 72 556 sibi
98 522 299 556 constitisse
317 528 351 555 et
369 527 408 554 ut
436 521 659 566 periegetam
681 531 808 553 verum
825 530 862 551 se
890 518 1034 564 gessisse

6 579 188 622 videmus3
219 580 335 614 altero
358 580 454 612 enim
485 578 568 612 loco
601 578 761 624 disputat
796 576 842 610 de
873 575 1035 609 donariis

6 637 182 684 Olympiae
209 636 413 677 asservatis,
436 636 551 669 altero
575 635 620 669 ‹le
642 635 806 668 donariis
830 634 1031 679 Delphicis.

5 695 86 740 Quo
116 695 143 729 si
172 693 277 728 addis
296 693 498 740 fragmenta
528 693 587 726 illa
613 704 632 726 a
664 692 762 725 Julio
797 690 970 725 Africano
1000 697 1035 724 et

5 752 194 786 scholiasta
224 750 392 786 Aristidis
420 757 578 792 servata,
599 751 662 796 qui
693 749 852 784 eundem
879 749 1033 789 librum,

6 821 116 857 quem
145 810 210 856 ipsi
237 808 365 843 dicunt
385 806 534 856 ἱστορίαν
559 805 779 851 Ἑλληνικήν,
803 806 848 841 de
872 807 1035 851 antiqui-

7 868 138 902 tatibus
164 869 347 914 Argoruni
374 865 572 909 adhibent,
598 873 699 912 apte,
720 872 759 899 ut
777 864 866 898 mihi
885 863 1036 910 quidem

6 926 164 970 videtur,
181 925 371 972 collegeris
385 922 588 960 Ἑλλαδικὸν
602 924 812 958 Ρο1011101115
826 935 902 956 11011
915 921 961 956 (10
977 934 1037 956 so—

7 985 47 1019 lis
65 984 234 1030 Delphis,
253 983 422 1028 Olympia
435 1009 444 1025 ,
469 983 575 1029 Argis
607 982 732 1023 fuisse,
750 981 886 1015 nedum
902 1008 910 1023 ‚
934 980 1037 1026 quod

7 1041 222 1076 lVelckeru's
232 1041 273 1088 (³¹)
286 1041 455 1086 opinatus
469 1047 560 1086 erat,
578 1040 623 1074 de
637 1041 713 1074 sola
727 1041 896 1086 Sicyone,
913 1038 977 1072 sed
991 1038 1037 1072 de

7 1100 108 1134 omni
132 1099 289 1141 Graecia,
318 1105 357 1132 ut
371 1105 627 1144 argumentum
646 1098 721 1132 fere
742 1097 840 1131 idem
857 1095 963 1130 fuisse
978 1108 1034 1130 ar-

8 1158 123 1191 bitrer
142 1162 251 1203 atque
272 1156 329 1202 id,
354 1156 457 1202 quod
478 1155 670 1190 Pausanias
694 1154 908 1200 complexus
930 1161 981 1187 est
1001 1154 1038 1187 in

4 1216 203 1263 scriptione
229 1213 463 1265 περιηγήσεως
484 1212 650 1254 Ἑλλάδος
682 1226 688 1247 :
713 1225 935 1259 quamquam
963 1213 1037 1246 Po-

7 1274 103 1307 lemo
118 1274 227 1308 etiam
244 1273 290 1307 de
303 1272 465 1307 Dodona
482 1272 658 1318 peculiari
671 1272 833 1306 sectione
850 1282 1038 1304 commen-

9 1338 101 1365 tatus
120 1338 214 1375 erat,
235 1330 338 1376 quod
359 1331 554 1364 Pausanias
574 1341 651 1364 non
673 1328 770 1363 fecit.
796 1329 899 1363 Hanc
929 1329 1040 1375 igitur

8 1386 208 1438 περιήγησιν
235 1386 402 1429 Ἑλλάδος
426 1396 568 1434 partein
596 1387 702 1422 fuisse
722 1388 888 1433 suspicor
916 1399 1038 1435 περιη-

7 1445 137 1494 γήσεως
159 1447 257 1480 1111115
278 1443 497 1493 οἰκουμένης,
532 1447 640 1491 eique
669 1452 869 1492 propterea
899 1451 1041 1479 ceteros

8 1506 150 1547 titulos,
169 1506 233 1551 qui
253 1503 299 1538 ad
312 1504 537 1551 singularum
555 1504 743 1538 civitatum
756 1503 966 1538 Graecarum
981 1515 1048 1550 pe—

8 1564 161 1610 riegesin
185 1562 370 1609 pertinere
392 1561 618 1605 viderentur,
632 1561 880 1607 subjiciendos
898 1562 1037 1608 putavi.

8 1622 116 1656 Secus
139 1620 319 1666 judicavit
344 1618 602 1655 Groddeckius
618 1619 719 1653 Initt.
755 1619 893 1654 Histor.
922 1619 1038 1653 Graec.

9 1680 135 1714 Litter.
152 1679 227 1714 vol.
243 1679 298 1721 ΙΙ,
319 1690 357 1724 p.
388 1677 435 1724 95
461 1689 468 1713 z
493 1695 505 1707 «
531 1678 682 1712 Polemo
703 1698 770 1721 ——-,
791 1678 854 1723 qui
874 1676 1040 1724 splendi—

9 1737 152 1773 dissima
163 1748 318 1783 quaeque
333 1736 488 1770 donaria
502 1736 538 1769 in
551 1735 877 1770 celeberrimarum
890 1734 1040 1769 urbium

9 1796 152 1843 templis
174 1796 335 1842 reposita
358 1794 561 1839 subjunctis
581 1794 879 1841 inscriptionibus
900 1795 938 1827 in
957 1794 1043 1839 plu—

8 1854 110 1889 ribus
130 1853 233 1887 libris
261 1852 506 1899 descripserat
530 1859 566 1886 et
593 1852 808 1887 Graecorum
829 1852 1039 1895 historiam,

9 1910 105 1960 λόγον
122 1907 336 1954 Ἑλληνικόν,
349 1910 404 1944 XI
418 1910 521 1944 libris
533 1922 617 1944 cum
629 1917 838 1956 temporum
849 1910 1040 1944 notatione

11 1976 247 2017 exposuerat,
274 1985 288 1999 »
325 1969 389 2014 qui
419 1968 576 2002 nimium
608 1968 739 2002 tribuit
763 1968 959 2002 mutationi
986 1967 1042 2001 isti

12 2028 106 2062 tituli
131 2024 359 2069 Ἑλλαδικοῧ,
385 2037 495 2071 quam
524 2025 670 2059 admisit
688 2025 806 2059 Julius
833 2026 1038 2068 Africanus,

16 2092 52 2119 et
84 2084 130 2120 de
161 2083 334 2118 undecim
368 2083 469 2117 libris
502 2083 663 2117 historiae
695 2083 909 2118 Graecorum
939 2082 1043 2129 quod

14 2142 166 2185 scribit,
189 2140 422 2176 Helladicum
444 2153 528 2174 cum
551 2152 662 2187 opere
680 2140 854 2175 adversus
868 2141 1042 2174 Timaeum

15 2200 115 2235 edito
131 2198 338 2234 confudisse
357 2197 519 2234 videtur.
535 2198 768 2244 Quamquam
789 2197 890 2244 apud
904 2199 1043 2232 Julium

15 2258 95 2293 Afr.
116 2258 137 2292 l.
159 2259 183 2294 l.
205 2258 233 2292 si
253 2258 386 2304 legitur
405 2254 573 2304 Πολέμων
603 2256 636 2291 ἐν
657 2258 699 2304 τῇ
718 2253 837 2305 πρώτῃ
863 2257 930 2291 τῶν
958 2253 1041 2307 Ἑλ-

15 2315 159 2359 ληνικῶν
185 2314 354 2363 ἱστοριῶν,
375 2313 548 2359 conjicias
572 2313 660 2348 inde
682 2314 791 2348 etiam
809 2314 1043 2349 Helladicum

16 2374 53 2407 in
70 2373 195 2420 plures
215 2372 330 2406 libros
349 2371 527 2417 partitum
553 2371 678 2414 fuisse,
700 2369 850 2407 fortasse
874 2372 1041 2407 similiter

17 2437 126 2476 atque
142 2429 326 2464 Pausaniae
342 2425 546 2478 περιήγησιν
567 2425 755 2476 (Ελλάὸος,
773 2436 814 2463 ut
832 2430 941 2476 primi
960 2430 1044 2464 libri

18 2488 151 2522 fuerint
172 2486 218 2521 de
239 2486 518 2532 antiquitatibus
537 2487 667 2521 Atticis
693 2488 793 2522 etsie
813 2499 945 2534 porro,
974 2487 1045 2522 Sed

17 2545 209 2579 historicos
226 2544 305 2578 noli
323 2550 455 2591 putare
471 2544 538 2578 hos
555 2544 669 2578 libros
694 2544 801 2579 fuisse
821 2558 828 2578 2
855 2557 940 2579 nam
957 2546 1044 2578 atti-

17 2603 68 2648 git
97 2602 246 2648 quidem
272 2601 424 2636 Polemo
453 2602 643 2636 historiam
676 2609 749 2636 tam
784 2604 821 2636 in
852 2602 1045 2637 Helladico

19 2672 130 2706 quam
162 2661 199 2693 in
231 2660 361 2694 ceteris
390 2660 672 2706 scriptionibus,
703 2673 832 2694 verum
860 2661 947 2695 facit
976 2661 1046 2695 hoc

19 2718 165 2752 nonnisi
198 2718 232 2750 in
269 2724 477 2751 transcursu
513 2725 549 2751 et
592 2718 703 2765 longe
745 2719 892 2764 parcius
934 2730 1044 2764 quam

22 2775 229 2818 Pausanias,
257 2781 297 2808 ut
322 2774 467 2808 minore
495 2776 603 2808 etiam
628 2787 738 2821 quarn
765 2776 824 2809 hic
841 2775 924 2820 jure
951 2777 1049 2810 inter

63 2884 104 2921 (⁴¹)
132 2883 253 2913 Etenim
280 2882 470 2913 Welckerus
495 2882 585 2921 Cycl.
610 2890 641 2921 p.
668 2887 723 2920 56,
747 2882 850 2913 Suidae
872 2885 1050 2916 testimonio

23 2929 136 2967 fidens,
151 2929 352 2959 Polemonem
372 2928 585 2959 Helladiczcm
597 2928 852 2967 cognominatum
867 2938 934 2961 esse
945 2934 1052 2962 censet

22 2975 112 3006 sicuti
122 2976 161 3006 ab
172 2974 240 3006 aliis
252 2975 414 3014 Sicyonius
427 2975 530 3005 <lictus
540 2974 596 3013 situ
608 2982 734 3005 causam
748 2983 823 3005 vero
834 2975 927 3014 hujus
940 2985 1051 3016 cogno-

23 3021 113 3052 minis
125 3022 156 3052 in
168 3030 203 3051 eo
220 3022 360 3052 invenire
381 3021 438 3051 sibi
452 3020 589 3059 videtur,
604 3021 689 3059 quod
705 3020 832 3052 Polemo
847 3022 961 3053 librum
978 3024 1053 3054 scri-

23 3068 83 3106 psit
94 3067 133 3099 de
150 3068 319 3107 pictoribus
334 3068 503 3107 Sicyoniis,
518 3075 653 3106 quorum
671 3069 754 3098 secta
774 3068 931 3099 Helladica
945 3071 1052 3110 appel-

25 3114 80 3145 lari
93 3114 181 3145 solet.
201 3127 216 3141 «
229 3116 308 3150 Quae
322 3114 487 3152 sententia,
503 3113 657 3144 Prellerus
669 3114 724 3152 ait,
739 3114 861 3145 etiamsi
876 3114 914 3146 de
928 3114 1054 3147 1101111110

25 3160 64 3190 ad
86 3160 201 3191 librum
223 3169 295 3191 eum
318 3160 534 3197 transtuleris,
548 3161 655 3190 tamen
677 3161 837 3198 augustior
860 3163 927 3199 est,
954 3170 1053 3200 quum

25 3208 108 3237 secta
124 3206 284 3237 Helladiea
300 3205 469 3244 diceretur,
493 3215 556 3236 non
578 3206 652 3245 quia
673 3205 805 3245 Sicyone
827 3206 974 3245 florebat,
1001 3208 1053 3239 sed

26 3252 99 3290 quia
118 3252 260 3291 opposita
275 3254 342 3282 erat
355 3252 498 3283 Asiaticae
511 3275 519 3290 ,
544 3253 578 3282 ut
594 3253 610 3282 ὁ
627 3252 799 3286 Ἑλλαδικὸς
824 3260 866 3282 5(·.
883 3253 970 3291 λόγος
995 3253 1053 3283 1111-

27 3299 110 3328 nime
123 3298 159 3328 sit
179 3298 259 3328 idem
275 3298 359 3338 quod
379 3299 395 3328 ὀ
413 3300 587 3334 Σικυώνιος.
606 3312 621 3325 υ
1031 3333 1046 3347 s

170 3362 355 3384 FRAGMENTx
378 3363 501 3384 lllS'ron.
526 3364 577 3385 GR.
602 3372 633 3377 -·
655 3363 724 3385 VOL-
748 3363 789 3384 ΙΙΙ.

2046 151 2115 180 113

1098 234 1287 266 historicos
1304 235 1398 278 apud
1418 234 1565 267 Suiilnm
1590 240 1814 266 nuuwretur.
1837 234 1889 266 lh·
1909 240 2117 277 temporum

1097 291 1285 323 notatione
1321 292 1420 335 quod
1454 292 1578 324 scribit
1614 290 1889 332 Groddcckius,
1924 291 2041 324 cernis
2074 303 2116 322 ex

1096 347 1140 379 fr.
1177 347 1217 380 13
1251 349 1485 381 Polemonem
1516 356 1681 394 tempora
1707 348 1919 393 regulorum
1954 348 2116 392 Argivo—

1095 416 1176 437 rum
1195 404 1396 437 distinxissc
1408 431 1416 444 ,
1432 405 1492 438 scd
1512 414 1615 439 erant
1630 406 1715 439 tales
1730 406 1945 450 quaestiones
1959 405 2007 438 illi
2028 406 2119 438 aetali

1093 462 1175 494 satis
1190 462 1347 506 usitat-(r,
1370 474 1489 506 neque
1507 470 1701 508 propterea
1723 463 1768 496 (10
1790 475 1901 507 opere
1920 463 2121 496 chronolo-

1094 519 1176 565 gico
1189 519 1438 565 cogitandum.
1458 521 1540 553 llaee
1557 521 1728 554 hactenus
1743 520 1787 553 dc
1802 528 2018 565 argumento
2036 521 2121 554 Hel-

1095 576 1217 611 ladici.
1236 575 1292 610 Ad
1307 577 1519 621 scrupulum
1536 578 1697 610 Athenaei
1713 578 1814 622 quod
1826 580 1972 619 attinet,
1992 585 2120 611 tenen-

1096 632 1184 666 dum
1205 633 1298 666 hauc
1315 632 1509 666 formulam
1529 631 1696 678 Πολέμων
1712 631 1731 675 ἢ
1748 632 1835 672 ὅστις
1850 636 1866 668 ὁ
1882 633 2026 674 ποιήσας
2041 635 2117 669 κτλ.

1097 703 1172 724 11011
1184 697 1256 724 tam
1271 689 1309 724 id
1321 689 1538 738 significare,
1549 691 1783 725 Polemonem
1794 692 1890 724 hunc
1902 692 2036 725 librum
2046 704 2123 726 non

1095 748 1297 794 scripsisse,
1320 760 1431 794 quam
1458 747 1613 781 dubium
1636 747 1740 781 fuisse
1762 748 1912 782 Polemo
1941 750 2124 796 scripserit

1095 817 1141 839 311
1163 806 1271 848 311115;
1301 806 1343 840 cf.
1365 818 1445 852 quae
1465 805 1510 839 de
1531 805 1708 839 similibus
1728 805 1892 839 formulis
1920 805 1965 840 de
1985 808 2099 840 carmi
2113 828 2122 831 -

1095 863 1202 898 nibus
1220 863 1501 909 posthomericis
1522 863 1702 908 usurpatis
1731 862 1897 896 disseruit
1926 863 2125 898 Nitzschins

1095 921 1278 956 Meletem.
1297 922 1351 955 De
1364 921 1449 956 hist.
1467 921 1578 954 Hom.
1597 920 1681 955 fase.
1703 920 1737 953 II
1750 946 1759 961 ,
1780 932 1815 966 p.
1837 920 1897 955 lv.
1916 921 1988 954 Kil.
2014 922 2123 965 1837,

1095 991 1132 1025 p.
1159 979 1286 1026 193cf.
1307 979 1409 1014 Hall.
1427 979 1473 1013 Α.
1491 978 1534 1013 L.
1558 976 1668 1019 1838,
1685 978 1984 1023 Ergoeuzzmg.s·bl.
2002 980 2049 1012 N>
2070 980 2124 1013 18.

1099 1038 1142 1071 Et
1158 1044 1257 1083 patet
1270 1037 1376 1071 talem
1393 1035 1663 1070 dubitationem
1679 1035 1783 1069 facile
1793 1035 1953 1068 suboriri
1967 1038 2126 1081 potuisse

1098 1094 1143 1128 de
1159 1094 1268 1138 libro,
1286 1106 1395 1140 quern
1410 1095 1568 1128 maxime
1580 1094 1618 1127 in
1631 1092 1800 1126 manibus
1811 1093 2126 1138 peregrinantium

1098 1142 1204 1185 fuisse
1225 1152 1402 1186 credibile
1431 1158 1501 1193 est,
1524 1152 1624 1184 sicuti
1646 1149 1724 1184 fieri
1747 1150 1839 1183 solet
1865 1151 1901 1182 111
1922 1149 2023 1183 libris
2044 1149 2126 1184 diu-

1098 1217 1208 1243 turno
1227 1211 1474 1256 popularique
1488 1221 1554 1244 usu
1570 1210 1676 1251 tritis,
1692 1214 1732 1242 ut
1746 1208 1810 1242 abs
1824 1219 1899 1253 quo
1914 1208 2025 1253 primi
2040 1207 2126 1242 editi

1097 1270 1166 1301 sint
1184 1269 1305 1302 minus
1316 1269 1502 1314 principio
1515 1274 1714 1314 quaeratur,
1735 1265 1870 1300 deinde
1889 1265 2045 1299 dubium
2056 1264 2128 1299 fiat.

1098 1327 1330 1372 Quamquam
1349 1326 1581 1361 Helladicum
1608 1324 1817 1360 Polemonis
1837 1335 1927 1369 opus
1947 1335 2020 1357 esse
2045 1323 2130 1357 lite-

1099 1386 1185 1418 ratis
1201 1385 1328 1419 saltem
1348 1384 1562 1418 hominibus
1580 1384 1663 1417 satis
1686 1382 1920 1428 exploratum
1941 1380 2047 1415 fuisse
2072 1382 2128 1414 vi—

1100 1441 1221 1485 detur,
1242 1455 1357 1488 quum
1371 1442 1416 1477 ab
1433 1442 1533 1476 Julio
1550 1441 1726 1475 Africano
1743 1446 1777 1474 et
1795 1440 1986 1473 scholiasta
2002 1439 2130 1473 Aristi-

1100 1500 1155 1534 dis
1166 1500 1264 1535 idem
1273 1502 1306 1534 ei
1316 1502 1393 1535 sine
1404 1501 1477 1534 ulla
1489 1500 1658 1534 cautione
1671 1498 1912 1539 adscribatur,
1924 1496 2130 1531 dummodo

1099 1566 1199 1594 recte
1222 1558 1388 1605 judicem
1416 1556 1626 1602 Ἑλληνικὴν
1655 1555 1806 1606 ἱστορίαν
1828 1556 1925 1590 1ἀο111
1947 1568 2039 1602 opus
2060 1568 2132 1591 esse

1101 1617 1204 1663 quod
1220 1615 1439 1653 Ἑλλαδικόν,
1463 1633 1476 1647 »
1494 1641 1544 1648 -
1559 1618 1637 1663 Ego
1655 1614 1806 1661 quidem
1833 1614 1931 1648 Julio
1958 1614 2131 1648 Africano

1101 1682 1136 1709 et
1150 1675 1377 1718 Scholiastae,
1397 1676 1435 1709 in
1449 1674 1584 1709 tradito
1604 1673 1763 1707 auctoris
1780 1673 1931 1706 nomine
1945 1672 2043 1706 bona
2060 1670 2132 1706 fide.

1101 1734 1418 1780 acquiescentibus
1443 1732 1543 1766 haud
1574 1732 1732 1766 multum
1761 1730 1967 1764 tribuerim.
1998 1731 2132 1764 Mirum

1101 1798 1223 1825 autem
1238 1797 1289 1825 est
1299 1791 1517 1825 Athenaeum
1531 1790 1587 1824 vel
1600 1789 1722 1836 potius
1735 1788 1810 1832 ejus
1824 1794 2027 1828 auctorem,
2044 1786 2132 1821 dum

1103 1848 1149 1882 de
1166 1848 1348 1883 Helladici
1365 1855 1515 1882 auctore
1536 1847 1670 1882 dubius
1685 1846 1839 1887 haereat,
1857 1856 1903 1878 110
1922 1844 2031 1878 semel
2051 1845 2131 1889 qui·

1104 1906 1188 1940 dem
1217 1905 1396 1951 ejusmodi
1418 1906 1588 1940 cautione
1615 1904 1667 1938 uti
1686 1904 1723 1936 in
1748 1902 1917 1948 plurimis
1935 1902 2003 1935 illis
2023 1902 2130 1941 locis,

1103 1964 1165 1998 ubi
1182 1964 1322 2010 singula
1342 1963 1553 1998 Polemonis
1570 1972 1685 2008 opera
1703 1961 1759 1994 vel
1778 1960 1938 2006 singulos
1955 1959 2068 1992 libros
2087 1958 2133 1992 de

1101 2033 1184 2056 arce
1205 2022 1436 2064 Atheniensi,
1459 2020 1504 2055 de
1528 2019 1786 2065 Sicyoniorum
1806 2018 1957 2063 poecile,
1986 2016 2032 2050 de
2059 2018 2129 2050 Laa

1104 2080 1416 2115 cedaemoniorum
1432 2076 1630 2124 ἀναθήμασι
1651 2084 1720 2112 ete.
1745 2077 1891 2110 excitat.
1911 2076 2043 2109 Nonne
2057 2075 2132 2108 haec

1105 2140 1141 2172 in
1155 2150 1233 2173 eam
1246 2138 1370 2184 potius
1384 2137 1525 2171 ducunt
1538 2135 1752 2170 sententiam
1763 2161 1771 2177 ,
1787 2140 1827 2167 ut
1840 2140 2036 2166 statuamus
2051 2133 2135 2166 Hel·

1104 2196 1265 2231 ladicum
1285 2208 1363 2229 non
1391 2195 1497 2228 fuisse
1522 2194 1777 2228 collectionem
1800 2191 2001 2231 librorum,
2023 2201 2130 2234 quain

1104 2254 1150 2289 de
1169 2255 1320 2300 singulis
1338 2253 1485 2289 Graeciae
1504 2250 1716 2298 regionibus
1735 2249 1942 2295 singillatim
1965 2246 2134 2281 ediderat

1108 2312 1116 2359 (
1131 2313 1180 2346 ita
1195 2314 1292 2346 enim
1307 2312 1491 2346 Prellerus
1505 2310 1638 2344 sentire
1657 2308 1804 2342 videtur
1819 2308 1827 2354 )
1843 2333 1851 2349 ,
1871 2306 1934 2340 sed
1949 2306 2133 2339 diversum

1106 2371 1212 2417 plane
1234 2382 1346 2417 opus,
1376 2369 1526 2402 illorum
1547 2367 1648 2412 quasi
1671 2366 1876 2412 epitomen,
1907 2364 1942 2397 in
1970 2364 2134 2409 peregri-

1107 2429 1271 2463 nantium
1293 2439 1378 2462 usus
1406 2426 1670 2472 compositam,
1703 2431 1812 2469 atque
1830 2422 2040 2456 dubitatum
2061 2432 2135 2455 esse

1107 2499 1194 2521 num
1215 2498 1293 2521 eam
1312 2487 1387 2532 ipse
1404 2485 1556 2518 Polemo
1577 2496 1623 2518 an
1639 2484 1729 2517 alius
1748 2480 1899 2526 quidam
1920 2479 2136 2513 elaborave-

1108 2545 1165 2587 rit,
1183 2545 1287 2578 sicuti
1303 2542 1431 2577 eadem
1444 2542 1628 2576 dubitatio
1647 2540 1692 2574 de
1708 2537 1867 2573 Atthidis
1884 2537 2136 2571 Philochoreae

1108 2601 1332 2648 compendio
1354 2600 1455 2646 apud
1474 2611 1542 2633 nos
1562 2598 1729 2632 invaluit.
1752 2597 1868 2630 Porro
1899 2606 1944 2629 ex
1964 2593 2136 2629 Africano

1108 2659 1224 2704 liquet
1238 2659 1402 2705 primum
1417 2656 1598 2691 Helladici
1614 2655 1749 2689 librum
1762 2653 1867 2687 fuisse
1885 2652 1930 2686 de
1944 2652 2134 2699 Argolide,

1109 2729 1185 2751 non
1201 2728 1291 2750 vero
1311 2715 1356 2749 de
1378 2716 1516 2757 Attica,
1537 2712 1771 2748 statuendum
1791 2713 1902 2759 igitur
1922 2722 1965 2744 ex
1988 2710 2137 2744 Prelleri

1108 2775 1284 2809 sententia
1298 2772 1393 2807 foret
1408 2773 1639 2814 Athenaeum,
1656 2771 1816 2816 primum
1830 2770 1884 2804 De
1899 2768 2065 2813 acropoli
2079 2770 2139 2802 At-

1111 2833 1180 2866 tica
1204 2831 1341 2865 librum
1364 2829 1589 2870 laudantem,
1624 2839 1700 2862 non
1720 2828 1933 2861 continuam
1958 2825 2136 2859 libroruin

1110 2890 1232 2935 operis
1250 2889 1380 2922 seriem
1393 2915 1401 2930 ,
1434 2887 1499 2922 sed
1520 2887 1750 2933 singulorum
1778 2885 1959 2930 capitum,
1979 2895 2137 2928 quorum

1109 2946 1304 2988 nonnulla,
1324 2946 1416 2979 sicut
1431 2944 1523 2977 illud
1534 2945 1588 2978 De
1605 2954 1689 2977 arce
1701 2970 1709 2985 ,
1727 2943 1810 2976 item
1832 2942 1868 2974 in
1883 2941 2006 2986 plures
2026 2939 2140 2973 libros

1111 3005 1222 3038 totius
1236 3003 1423 3049 dispertita
1439 3002 1573 3036 fuerint
1584 3028 1592 3043 ,
1607 3000 1804 3035 divisiones
1815 2999 1946 3033 afferre
1961 2997 2137 3031 maluisse.

1111 3061 1223 3107 Quod
1253 3062 1316 3095 etsi
1342 3059 1420 3094 fieri
1451 3058 1635 3093 interdum
1667 3058 1774 3099 solet,
1797 3058 1833 3090 in
1857 3067 1900 3090 eo
1927 3062 2047 3089 tamen
2077 3056 2138 3100 qui

1112 3131 1210 3154 nunc
1229 3126 1280 3153 est
1298 3130 1423 3153 rerum
1437 3123 1545 3159 statu,
1563 3116 1624 3150 ubi
1643 3116 1764 3150 onmia
1782 3127 1823 3148 ex
1843 3112 2028 3147 levissimis
2042 3110 2139 3145 indi-

1115 3177 1177 3210 ciis
1197 3174 1445 3210 construenda
1473 3181 1575 3215 sunt,
1607 3173 1792 3207 sententiae
1822 3170 1975 3205 Prelleri
2000 3167 2136 3217 (modo

1115 3240 1214 3268 recte
1238 3234 1359 3266 virum
1377 3231 1626 3266 doctissimum
1649 3227 1915 3272 intellexerim)
1936 3235 2065 3272 parum
2084 3223 2136 3256 fa-

1113 3303 1198 3325 vere
1221 3290 1379 3324 videtur.
