2338 3765
955 208 1279 249 FRAGMENTA.

60 299 220 352 γάγοντο,
236 298 371 349 Πύρρον
387 296 420 334 δὲ
434 299 500 333 τῶν
516 299 574 342 τῆς
588 295 734 338 Ἰταλίας
752 295 948 341 ἀπήλασαν·
965 297 1005 347 (4)
1023 295 1085 333 ὅσα

61 373 96 394 τε
106 357 188 409 πρὸς
202 355 458 407 Καρχηδονίους
471 354 529 392 καὶ
544 354 699 392 Ἀννίὸαν
713 353 899 402 Ῥωμαίοις
911 354 1083 404 ἐπράχθη,

61 414 119 451 καὶ
139 413 202 450 ὅσα
222 413 304 464 πρὸς
325 412 469 463 Ἴδηρας
495 412 610 455 ἄλλοις
626 427 661 449 τε
683 411 741 448 καὶ
763 410 931 449 Σκιπίωνι
950 425 1084 459 κατωρ-

60 465 173 511 θώθη,
202 465 260 502 καὶ
284 466 328 506 ὡς
347 464 442 515 παρὰ
463 466 530 500 τῶν
551 463 698 515 Ἰὸήρων
722 462 881 513 βασιλεὺς
906 461 1085 514 ψηφισθεὶς

60 524 120 559 οὐκ
138 521 290 566 ἐδέξατο·
310 521 402 564 ὅπως
419 520 453 558 δὲ
471 521 767 568 καταπολεμηθεὶς
783 520 902 572 ἔφυγεν
920 519 1086 561 Ἀννίὸας’

59 580 118 616 καὶ
141 581 186 622 ὡς
203 580 310 630 πέραν
342 582 398 616 τοῦ
420 578 538 616 Ἰονίου
567 578 738 628 Ῥωμαῖοι
759 578 941 624 διέὲησαν·
965 576 1024 614 καὶ
1043 579 1088 618 ὡς

60 636 215 688 Περσεὺς
234 639 251 673 ὃ
271 636 452 674 Φιλίππου
470 636 530 681 τὴν
550 636 758 674 Μακεδόνων
776 635 884 687 ἀρχὴν
907 634 1088 683 ἐκδεξάμε-

58 710 131 740 νος,
147 694 206 732 καὶ
221 694 282 737 τὰς
298 693 464 739 συνθήκας
481 694 541 736 τὰς
557 693 638 745 πρὸς
651 695 708 731 τὸν
730 695 832 731 αὐτοῦ
850 692 983 744 πατέρα
1002 693 1090 731 ‘Peo-

59 752 172 800 μαίοις
185 751 411 802 γεγενημένας
426 751 557 797 νεότητι
572 754 672 788 κινῶν
690 750 953 800 κατεπολεμήθη
965 780 974 795 ,
990 750 1088 788 Παύ-

59 811 119 847 λου
146 810 184 847 τὸ
214 811 291 846 κατ’
326 808 426 846 αὐτὸν
448 810 703 853 ἀναστήσαντος
730 809 912 859 τρόπαιον·
933 806 1024 850 ὅπως
1054 823 1089 844 τε

59 866 183 918 (πρὸς)
200 866 369 917 Ἀντίοχον
384 866 440 903 τὸν
456 866 584 916 Συρίας
601 866 659 903 καὶ
673 869 910 916 Κομμαγηνῆς
926 866 983 903 καὶ
997 865 1089 904 Ἰου-

59 925 157 967 δαίας
178 924 323 974 βασιλέα
345 923 420 961 δυσὶ
444 922 573 974 μάχαις
599 923 799 968 νικήσαντες
826 926 887 969 τῆς
920 922 1090 974 Εὐρώπης

58 982 254 1026 ἐξέὸαλλον.
266 981 322 1020 Τὰ
336 981 397 1031 μὲν
411 976 467 1019 οῦν
483 981 560 1033 περὶ
574 984 634 1026 τῆς
648 981 849 1031 Ῥωμαϊκῆς
863 984 971 1033 ἀρχῆς
987 980 1090 1032 μέχρι

57 1041 155 1078 τοῦδε
172 1040 288 1077 δίεισιν
303 1042 319 1077 ὁ
339 1040 564 1090 συγγραφεύς.

110 1099 247 1136 XXVI.
280 1095 479 1135 Ἀναλαὸὼν
511 1095 545 1133 δὲ
577 1095 719 1148 γράφει,
739 1095 829 1138 ὅπως
846 1095 1089 1148 εΗρακλεῶται

59 1155 411 1207 διαπρεσὸευσάμενοι
439 1154 521 1206 πρὸς
541 1153 618 1197 τοὺς
637 1156 704 1190 τῶν
725 1153 911 1203 εΡωμαίων
939 1170 1089 1205 στρατη-

58 1212 136 1262 γοὺς
154 1213 210 1250 ἐπὶ
221 1213 281 1258 τὴν
302 1212 420 1250 Ἀσίαν
437 1211 706 1257 διαὲεὸηκότας,
730 1211 886 1261 ἀσμένως
903 1228 939 1249 τε
965 1212 1091 1250 ἀπεδέ-

56 1275 190 1323 χθησαν
201 1272 258 1309 καὶ
274 1273 454 1316 ἐπιστολῆς
471 1270 773 1322 φιλοφρονούμενοι
785 1270 917 1321 ἔτυχον,
930 1271 1088 1310 Ποπλίου

57 1330 230 1379 Αἷμυλίου
257 1330 384 1376 ταύτην
408 1329 695 1379 ἀποστείλαντος,
719 1330 752 1366 ἐν
769 1324 793 1380 ᾗ
809 1330 923 1381 φιλίαν
949 1346 985 1367 τε
1005 1331 1089 1382 πρὸς

58 1388 179 1431 αὐτοὺς
195 1391 257 1434 τῆς
276 1387 469 1438 συγκλήτου
489 1388 613 1438 βουλῆς
641 1390 839 1438 ὑπισχνεῖτο
857 1389 916 1425 καὶ
933 1388 976 1426 τὰ
999 1389 1088 1426 ἄλλα

57 1446 217 1498 προνοίας
253 1461 290 1482 τε
328 1445 387 1482 καὶ
420 1446 638 1494 ἐπιμελείας,
679 1445 817 1482 ἐπειδάν
855 1462 944 1489 τινος
978 1448 1088 1484 αὐτῶν

58 1504 204 1551 δέοιντο,
229 1505 400 1554 μηδεμιᾶς
427 1504 653 1555 ὑστερεῖσθαι.
677 1503 847 1554 Ἵ“στερον
871 1503 906 1542 δὲ
932 1505 1091 1556 καὶπρὸς

59 1561 246 1613 Κορνήλιον
268 1561 447 1599 Σκιπίωνα
466 1560 522 1598 τὸν
536 1560 597 1606 τὴν
628 1560 761 1607 Arm-qv
784 1561 975 1611 Ῥωμαίοις
1001 1579 1089 1609 κτη-

57 1618 204 1666 σάμενον
234 1618 468 1668 διαπέμπουσι
497 1618 698 1669 πρεσὸείαν,
730 1622 791 1664 τὴν
819 1619 1089 1670 ὡμολογημένην

57 1676 172 1727 φιλίαν
191 1677 440 1728 ἐπικυροῦντες.
501 1677 542 1726 (2)
562 1676 664 1714 Μετὰ
696 1680 807 1713 ταῦτα
829 1678 863 1714 δὲ
887 1677 989 1715 πάλιν
1008 1677 1091 1729 πρὸς

55 1734 112 1771 τὸν
130 1734 230 1772 αὐτὸν
242 1734 560 1785 διαπρεσέεύονται,
573 1734 787 1771 διαλλάττειν
803 1735 1091 1786 πρὸςεΡωμαίους

57 1792 227 1836 ἀξιοῦντες
255 1791 477 1842 τὸνβασιλέα
513 1792 708 1842 Ἀντίοχον·
741 1793 799 1829 καί
819 1793 982 1844 ψήφισμα
1007 1793 1090 1844 πρὸς

59 1850 161 1888 αὐτὸν
191 1850 359 1902 ἔγραψαν,
392 1853 638 1901 παραινοῦντες
675 1850 776 1887 αὐτὸν
801 1850 862 1896 τὴν
897 1851 980 1903 πρὸς
1000 1851 1092 1889 Ῥω-

58 1909 179 1958 μαίους
203 1907 433 1945 διαλύσασθαι
453 1907 590 1958 ἔχθραν.
608 1907 652 1945 ‘O
673 1908 707 1944 δὲ
731 1908 919 1960 Κορνήλιος
937 1908 1091 1946 Σκιπίων

58 1966 331 2003 ἀντεπιστέλλων
352 1968 420 2008 τοῖς
437 1964 695 2017 <Ηρακλεώταις
713 1997 722 2015 ,
750 1966 932 2018 ἐπιγράφει
953 1966 1060 2010 οὕτως
1078 1979 1086 1986 ·

59 2041 73 2057 t«
102 2023 256 2062 Σκιπίων
290 2023 479 2074 στρατηγὸς
511 2022 701 2066 ἀνθύπατος
731 2023 943 2071 ζΡωμαίων,
983 2024 1091 2076 Ἡρα-

58 2084 217 2119 κλεωτῶν
237 2085 280 2132 τῆ
302 2083 408 2134 βουλῇ
425 2081 483 2119 καὶ
502 2084 551 2132 τῷ
575 2081 674 2134 δήμῳ
695 2082 828 2134 χαίρειν
848 2095 855 2103 ·
882 2100 896 2116 »
918 2084 951 2119 ἐν
982 2084 1090 2133 ταύτῃ

59 2140 121 2186 τήν
141 2156 177 2177 τε
206 2141 292 2193 πρὸς
318 2139 440 2182 αὐτοὺς
461 2139 594 2177 εὔνοιαν
615 2140 839 2186 ἐπιὸεὸαιῶν,
862 2141 920 2177 καὶ
939 2144 982 2183 ὡς
1015 2142 1092 2178 δια-

57 2198 220 2235 λύσαιντο
237 2197 406 2245 Ῥωμαῖοι
422 2197 483 2242 τὴν
501 2197 584 2249 πρὸς
604 2197 774 2248 Ἀντίοχον
788 2198 919 2248 μάχην.
937 2198 991 2236 Τὰ
1006 2198 1092 2235 αὐτὰ

61 2256 95 2293 δὲ
118 2255 256 2307 Λευκίῳ
285 2255 439 2297 Πόπλιος
460 2256 648 2307 Κορνήλιος
669 2255 855 2294 Σκιπίωνὸ
874 2257 1017 2307 ἀδελφὸς
1035 2256 1093 2293 καὶ

60 2314 252 2364 στρατηγὸς
271 2318 331 2351 τοῦ
369 2317 530 2351 ναυτικοῦ
562 2320 633 2356 τοῖς
664 2313 926 2364 ἹΙρακλεώταις
959 2315 1093 2364 διαπρε-

60 2371 309 2422 σὸευσαμένοις
331 2370 485 2423 ἀντέγραι
509 2387 537 2408 ε.

59 2433 103 2473 εἷς
122 2429 238 2482 μάχην
255 2429 427 2481 Ἀντίοχος
443 2429 633 2477 Ῥωμαίοις
652 2430 803 2476 κατέστη
818 2461 826 2475 ,
846 2430 904 2467 καὶ
925 2430 988 2466 ἀνὰ
1004 2430 1093 2481 κρά-

60 2504 113 2531 τος
129 2489 286 2534 ἡττηθεὶς
306 2488 361 2526 ἐπὶ
379 2487 564 2533 συνθήκαις
593 2488 773 2525 διελύσατο
797 2487 859 2534 τὴν
892 2487 1033 2538 ἔχθραν,
1057 2488 1093 2525 αἳ

61 2546 120 2584 καὶ
141 2549 202 2592 τῆς
228 2545 341 2589 Ἀσίας
363 2545 467 2583 αὐτὸν
488 2546 625 2592 ἁπάσης
644 2548 819 2597 ἀπεῖργον,
840 2546 899 2583 καὶ
923 2546 999 2588 τοὺς
1021 2546 1093 2583 ἐλέ-

66 2619 195 2655 φαντας
220 2603 279 2640 καὶ
318 2605 384 2640 τῶν
401 2605 491 2648 νηῶν
527 2607 784 2654 συναφηροῦντο
803 2603 859 2640 τὸν
883 2603 1016 2653 στόλον,
1035 2607 1095 2650 τῆς

61 2663 302 2711 Κομμαγηνῆς
334 2661 427 2712 αὐτῷ
446 2660 505 2697 καὶ
525 2664 584 2706 τῆς
606 2661 773 2703 Ἰουδαίας
793 2663 838 2703 εἷς
869 2660 979 2712 ἀρχὴν
1007 2664 1093 2698 ὑπο-

60 2718 283 2768 λειπομένων.
341 2716 379 2768 (4)
402 2716 448 2756 ‘H
476 2717 510 2753 δὲ
537 2720 602 2754 τῶν
625 2717 874 2768 Ἡρακλεωτῶν
897 2719 992 2760 πόλις
1012 2718 1095 2768 πρὸς

60 2775 136 2819 τοὺς
153 2776 436 2825 ἔκπεμπομένους
452 2774 549 2826 παρὰ
570 2778 636 2812 τῶν
652 2775 838 2825 Ῥωμαίων
856 2778 923 2813 τῶν
941 2792 1093 2827 στρατη-

61 2836 130 2884 γῶν
153 2833 333 2884 διαδόχους
369 2832 413 2869 τὰ
434 2831 522 2869 αὐτά
553 2847 590 2869 τε
626 2833 906 2884 διεπρεσὸεύετυ,
940 2834 999 2870 καὶ
1021 2840 1095 2876 ταῖς

61 2891 194 2940 ὁμοίαις
214 2891 449 2933 ἀντεδεξιοῦτο
481 2889 626 2932 εὐνοίαις
653 2890 712 2928 καὶ
736 2891 1016 2942 φιλοφρονήσεσι,
1037 2892 1095 2929 καὶ

61 2949 155 2992 τέλος
172 2952 337 2995 συνθῆκαι
360 2949 530 3008 προῆλθον
545 2947 736 2997 <Ρωμαίοις
752 2964 788 2985 τε
808 2949 866 2986 καὶ
888 2949 1093 3000 Ἡρακλεώ-

598 2372 639 2424 (3)
662 2373 748 2410 Μετ’
768 2374 804 2410 οὐ
826 2372 911 2409 πολὺ
934 2372 969 2409 δὲ
989 2373 1093 2409 πάλιν

62 3022 157 3053 ταις,
180 3006 227 3055 μὴ
249 3007 364 3058 φίλους
393 3010 479 3043 εἶναι
500 3006 600 3055 μόνον
623 3006 712 3043 ἀλλὰ
733 3007 792 3043 καὶ
811 3007 1018 3057 συμμάχους
1033 3008 1092 3043 ἀλ-

62 3064 195 3110 λήλοις,
215 3065 292 3102 καθ’
325 3059 372 3101 ῶν
395 3079 431 3100 τε
462 3063 520 3101 καὶ
547 3063 633 3113 ὑπὲρ
668 3059 714 3101 ῶν
749 3065 896 3109 δεηθεῖεν
927 3063 1092 3116 ἑκάτεροι.

66 3123 136 3160 Καὶ
149 3124 274 3173 χαλκοῖ
288 3125 429 3164 πίνακες
447 3121 504 3159 δύο
527 3122 587 3164 τὰς
604 3121 787 3171 ὁμολογίας
804 3121 880 3164 ἰ’σας
895 3122 951 3159 καὶ
975 3124 1094 3171 ὁμοίας

2098 225 2172 256 539

1146 303 1217 334 dem
1233 305 1413 338 domuerint
1428 310 1458 339 et
1481 309 1636 348 Pyrrhum
1655 311 1741 341 ltalia
1766 311 1960 350 expulerint;
1982 312 2024 351 (J.)
2042 320 2174 351 quaeque

1145 374 1217 395 cum
1234 367 1541 407 Carthaginiensibus
1559 373 1590 402 et
1608 373 1759 403 Annibale
1781 374 1903 412 negotia
1917 374 2127 413 consecerint5
2145 376 2175 405 et

1146 439 1216 469 qum
1232 434 1341 462 contra
1361 434 1513 473 Hispanos
1525 445 1623 475 quum
1635 438 1685 468 alii
1703 440 1770 469 tum
1793 439 1895 478 Scipio
1912 441 2011 470 Marte
2037 439 2175 470 secundo

1146 494 1342 532 pereger-inu
1361 497 1458 535 utque
1475 498 1524 527 hic
1539 498 1747 537 Hispanorum
1768 501 1894 532 decreto
1912 510 1966 532 rex
1980 502 2175 541 appellatus,

1150 567 1301 597 honorem
1316 576 1378 598 non
1392 568 1574 601 admiserit:
1595 573 1631 602 ut
1652 572 1826 603 debellatus
1841 574 1970 604 Annibal
1992 574 2123 612 sugerit3
2142 576 2177 603 nt

1148 632 1269 662 lonium
1286 641 1373 664 mare
1394 635 1629 675 transmissum,
1644 639 1675 668 et
1693 646 1766 668 cum
1785 641 1895 669 Perseo
1907 663 1915 677 ‚
1937 639 2069 678 Philippi
2086 639 2117 669 in
2132 648 2177 669 re-

1148 706 1208 736 gno
1224 697 1433 729 Macedonum
1451 700 1591 739 haerede,
1606 703 1682 734 dum
1697 705 1798 736 [ledus
1811 715 1882 736 cum
1898 708 1985 745 patre
1999 715 2016 736 a
2032 707 2178 737 Romanis

1149 776 1330 807 percussum
1353 769 1482 808 juvenili
1509 771 1687 803 temeritate
1708 773 1874 812 rescindit,
1905 774 1944 804 sit
1966 774 2176 811 debellatum,

1150 836 1274 868 AEiuilio
1288 838 1397 868 Paullo
1415 838 1453 870 de
1466 840 1532 878 ipso
1555 840 1792 881 triumphantc;
1810 843 1847 873 ut
1868 843 2057 874 Antiochum
2079 845 2176 883 Syr-ian

1149 904 1180 933 et
1200 904 1389 943 Comagena>
1405 906 1436 935 et
1450 905 1570 936 Judaeae
1587 915 1688 946 regem
1701 933 1709 947 ‚
1726 908 1849 940 duabus
1868 911 1977 949 pugnis
1991 911 2157 942 infractum
2169 936 2178 949 ‚

1149 979 1188 1001 ex
1207 972 1332 1011 Europa
1354 972 1513 1011 ejecerint.
1532 973 1589 1004 Illa
1608 974 1699 1014 igitur
1724 976 1887 1016 hucusque
1904 978 1942 1009 de
1962 978 2091 1018 imperio
2116 980 2178 1009 lto-

1150 1044 1244 1066 mano
1261 1039 1488 1077 commemorat
1503 1039 1623 1070 auctor.

1190 1105 1304 1135 XXVI.
1327 1104 1449 1136 Exinde
1465 1107 1656 1145 propositam
1673 1107 1730 1138 sibi
1752 1108 1915 1140 historiam
1932 1110 1974 1141 ita
1988 1112 2150 1142 continuat
2173 1124 2178 1141 :

1151 1172 1363 1204 Heraclienses
1377 1174 1591 1204 Romanorum
1609 1174 1705 1206 duces
1722 1175 1753 1206 in
1767 1176 1871 1207 Asiam
1887 1177 2094 1216 transgressos
2107 1179 2180 1210 mis-

1150 1242 1191 1272 sis
1207 1241 1318 1280 legatis
1331 1243 1542 1281 conveniunt,
1562 1243 1617 1282 qui
1638 1244 1771 1275 comiter
1784 1246 1904 1284 accepti
1917 1246 2021 1278 literas
2037 1247 2182 1278 humani-

1149 1311 1222 1342 tatis
1237 1312 1345 1351 plenas
1358 1311 1398 1342 ab
1409 1312 1534 1343 AEmilio
1546 1313 1656 1343 Paullo
1671 1314 1861 1353 retulerant,
1873 1315 1987 1354 quibus
2003 1317 2034 1347 et
2046 1317 2182 1348 amicum

1152 1380 1223 1420 ipsis
1237 1380 1304 1411 fore
1317 1381 1461 1411 senatum
1474 1404 1483 1419 ‚
1497 1389 1556 1412 nec
1570 1381 1634 1412 ulla
1650 1381 1680 1412 in
1705 1390 1739 1413 re
1758 1382 1958 1421 prudentiam
1973 1385 2183 1416 Romanorum

1150 1452 1181 1481 et
1197 1458 1306 1480 curam
1330 1450 1375 1490 (si
1392 1450 1521 1490 quando
1547 1451 1595 1483 his
1612 1451 1790 1491 indigeant)
1810 1452 1989 1483 defuturam
2005 1454 2182 1493 pollicetur.

1149 1523 1304 1562 DeInceps
1317 1522 1414 1553 etiam
1432 1521 1474 1552 ad
1488 1522 1670 1553 Cornelium
1687 1523 1883 1562 Scipionem,
1903 1523 1958 1563 qui
1977 1523 2113 1554 Africam
2127 1525 2186 1554 Ro·

1150 1592 1252 1622 manis
1278 1591 1361 1623 bello
1384 1591 1535 1630 asseruit,
1561 1591 1750 1630 legationem
1774 1590 1908 1629 misere,
1929 1592 2078 1622 testatam
2100 1592 2186 1631 prius

1150 1659 1321 1691 amicitiam
1336 1661 1373 1691 ut
1386 1659 1622 1691 confirmarent.
1645 1660 1688 1699 (2)
1710 1661 1751 1691 Et
1768 1660 1908 1699 posthaec
1929 1660 2064 1691 eundem
2081 1669 2188 1691 rursus

1150 1740 1204 1771 per
1217 1731 1334 1769 legatos
1349 1731 1459 1769 orant,
1483 1731 1519 1761 ut
1536 1729 1726 1761 Antiochum
1750 1729 1927 1768 ingratiam
1953 1731 2084 1769 reponat
2104 1729 2186 1769 apud

1150 1801 1307 1830 Romanos
1322 1809 1329 1829 ε
1345 1802 1376 1830 et
1389 1798 1560 1838 perscripto
1571 1799 1608 1829 ad
1624 1807 1728 1838 regem
1744 1798 1918 1838 plebiscito,
1933 1800 1968 1828 ut
1982 1798 2099 1829 bellum
2114 1807 2187 1829 con-

1150 1873 1200 1901 tra
1215 1872 1374 1901 Romanos
1387 1869 1540 1909 deponat,
1555 1869 1774 1900 adhortantur.
1792 1868 1957 1900 Cornelius
1970 1869 2065 1899 etiam
2080 1868 2186 1908 Scipio

1152 1938 1343 1970 Heracleotis
1356 1938 1531 1969 rescribens
1551 1938 1610 1969 hac
1625 1937 1826 1976 inscriptione
1846 1936 1946 1968 utitur
1965 1949 1972 1968 :
1996 1938 2106 1977 Scipio
2126 1939 2184 1968 im-

1150 2012 1295 2050 perator
1310 2018 1439 2049 procos.
1460 2012 1703 2047 ‚Romanorumn
1721 2011 1857 2040 tenatui
1869 2009 2060 2049 populoque
2076 2011 2186 2039 Hera-

1151 2080 1333 2111 cliensium
1345 2080 1504 2111 salutem.
1522 2081 1562 2111 Et
1575 2079 1623 2111 his
1638 2079 1738 2110 literis
1752 2079 2004 2110 benevolentiam
2018 2087 2090 2118 erga
2106 2079 2188 2118 ipsos

1153 2151 1256 2181 ratam
1272 2152 1303 2182 et
1316 2150 1438 2181 firmam
1459 2158 1524 2181 esse
1540 2151 1571 2180 et
1585 2149 1703 2180 bellum
1723 2157 1797 2180 cum
1818 2149 1972 2180 Antiocho
1985 2148 2113 2179 solvisse
2126 2150 2185 2179 Ro·

1152 2228 1262 2250 manos
1272 2219 1417 2249 affirmat.
1432 2219 1547 2250 Eadem
1560 2228 1632 2258 quac
1643 2219 1759 2250 Lucius
1770 2219 1865 2250 etiam
1877 2219 2008 2249 Publius
2023 2218 2188 2250 Cornelius

1152 2289 1255 2329 Scipio
1278 2289 1345 2328 ejus
1369 2290 1465 2320 frater
1482 2290 1513 2320 et
1532 2288 1638 2320 classis
1657 2289 1825 2328 praeseetus
1851 2287 2102 2319 Heracliensibus
2118 2288 2188 2326 post

1152 2359 1279 2389 missam
1292 2358 1478 2397 legationem
1494 2357 1666 2397 respondit.
1688 2358 1731 2396 (3)
1745 2356 1836 2388 Brevi
1852 2358 1921 2396 post
1934 2356 2106 2387 Antiochus
2120 2355 2187 2386 bel-

1153 2428 1218 2459 lum
1233 2428 1384 2459 adversus
1397 2429 1555 2458 Romanos
1575 2426 1784 2465 redintegrat,
1801 2427 1833 2457 et
1846 2425 1956 2465 proelio
1971 2425 2102 2456 summis
2114 2424 2187 2454 viri-

1153 2497 1211 2528 bus
1237 2496 1405 2527 commisso
1431 2496 1536 2526 victus
1557 2504 1645 2526 arma
1671 2495 1819 2534 deponit,
1847 2494 1932 2534 pacis
1957 2492 2189 2524 conditionibus

1153 2565 1307 2605 acceptis,
1322 2573 1393 2604 quae
1417 2565 1448 2596 et
1461 2565 1528 2596 tota
1541 2572 1613 2596 eum
1631 2564 1702 2595 Asia
1718 2563 1841 2594 minore
1861 2562 2052 2601 excludunt,
2069 2563 2101 2592 et
2124 2561 2187 2592 ele—

1153 2635 1278 2675 phantis
1294 2635 1489 2673 naviumque
1513 2634 1610 2664 classe
1627 2633 1770 2673 privant,
1791 2634 1970 2671 Comagena
1990 2633 2021 2662 et
2045 2630 2133 2670 Syria
2156 2631 2189 2660 ct

1153 2705 1264 2737 Judaea
1283 2703 1505 2735 tantummodo
1527 2703 1651 2734 relictis.
1671 2704 1715 2743 (4)
1736 2701 1983 2734 Heracliensium
2006 2700 2119 2731 dehinc.
2141 2700 2186 2729 ci-

1154 2778 1233 2808 vitas
1249 2776 1288 2808 ad
1302 2777 1530 2817 imperatorum
1552 2777 1785 2812 Romanorum,
1803 2782 1884 2813 quos
1900 2772 1994 2803 modo
2014 2771 2099 2809 dixi,
2115 2779 2186 2801 suc-

1154 2856 1291 2879 cessores
1305 2848 1379 2879 item
1399 2847 1516 2886 legatos
1536 2846 1620 2877 misit
1640 2846 1672 2876 et
1694 2844 1802 2875 eadem
1825 2843 1924 2883 gratia
1939 2844 1970 2873 et
1991 2841 2186 2872 humanitate

1153 2919 1275 2959 potitur
1291 2931 1298 2950 ι
1317 2918 1418 2949 donec
1431 2917 1471 2947 ad
1483 2918 1540 2947 has
1552 2915 1680 2947 tandem
1695 2915 1777 2954 leges
1796 2914 1877 2945 inter
1893 2916 2051 2944 Romanos
2069 2913 2100 2942 et
2121 2913 2184 2942 He-

1153 2989 1321 3020 raclienses
1333 2996 1515 3027 processum
1532 2988 1596 3024 est,
1612 2988 1648 3016 ut
1665 2994 1729 3016 non
1743 2984 1837 3015 modo
1851 2982 2021 3014 amicitiam
2037 2982 2115 3012 inter
2133 2990 2184 3017 se,

1154 3066 1263 3089 verum
1292 3056 1388 3087 etiam
1413 3055 1612 3093 societatem,
1640 3055 1749 3084 contra
1772 3061 1852 3092 quos
1874 3053 1904 3082 et
1926 3058 2058 3089 quorum
2085 3048 2184 3087 gratia

1154 3136 1233 3166 opus
1249 3127 1305 3165 sit,
1321 3126 1434 3156 colant.
1459 3126 1602 3164 Suntque
1618 3124 1741 3155 foederis
1763 3123 1857 3161 hujus
1876 3123 1966 3161 pacta
1980 3119 2117 3157 ejusdem
2134 3119 2182 3148 te-

65 3260 104 3266 —
115 3244 144 3272 4.
161 3242 300 3281 βασιλεὺς
314 3243 389 3282 ψηφ.
400 3242 410 3282 ]
422 3242 470 3273 Cf.
485 3242 550 3273 Liv.
567 3239 682 3272 XXVI!
696 3265 703 3279 ,
718 3245 746 3273 9.
761 3241 872 3281 Polyb.
885 3243 912 3272 X
923 3265 931 3280 ,
948 3245 994 3273 38.
1009 3262 1047 3268 -
1060 3242 1094 3272 τὸ
1108 3241 1175 3271 κατ’
1188 3241 1278 3272 αὐτὸν
1292 3239 1452 3280 τρόπαιον]
1464 3240 1530 3270 κατ’
1546 3240 1640 3270 αὐτοῦ
1652 3238 1805 3276 Scaliger3
1818 3236 1899 3267 idem
1913 3243 1987 3265 mox
2001 3232 2180 3272 propositio-

67 3295 138 3317 nem
152 3288 241 3326 πρὸς,
255 3288 290 3318 ut
306 3287 518 3318 abundantem
530 3311 538 3325 ‚
556 3288 716 3327 expungit.

108 3335 220 3364 xxvi.
250 3338 274 3364 1.
293 3334 577 3374 φιλοφρονούμενοι]
596 3338 630 3364 Α.
647 3334 822 3374 φιλοφρόνου
838 3335 890 3374 μὲν
910 3335 992 3373 vulg⁴
1008 3355 1045 3360 -
1061 3339 1088 3365 2.
1108 3336 1179 3374 πρὸς
1193 3333 1283 3364 αὐτὸν
1302 3332 1452 3372 ἔγραψαν]
1469 3336 1503 3363 Α.
1520 3331 1789 3370 προσαντέγραψαν
1807 3329 1889 3365 vulg.
1912 3346 1950 3353 -
1965 3322 2181 3362 &calewobzil

67 3383 102 3410 A.
122 3380 292 3410 διαλύεσθαι
311 3382 393 3419 vulg.
412 3398 452 3402 —
466 3380 606 3419 Λευκίῳ]
624 3384 664 3417 Α,
685 3381 833 3420 Σελευκίῳ
854 3381 936 3417 vulg.
950 3398 990 3402 --
1007 3385 1033 3411 3.
1057 3383 1262 3420 Κομμαγηνῆς
1281 3378 1588 3418 wbr‹}‘›jSt011l1ani1s;
1609 3379 1645 3407 K.
1663 3376 1762 3405 αὐτῶν
1780 3373 1860 3404 lihri.
