2338 3765
953 150 1275 191 FRAGMENTA.

60 244 145 284 quot
157 237 313 271 millium
325 239 458 283 spatio,
477 238 646 284 prodidit
661 238 707 272 de
717 240 928 272 eoeeetsimoe
941 239 1088 285 quidem

59 299 137 340 ejus
149 307 233 341 qua?
246 297 356 328 ceteri
374 308 385 327 :
403 297 495 328 imas
510 296 654 330 radices
666 296 786 330 dem-is
799 297 956 342 altisque
971 298 1089 343 reple-

59 360 116 387 tas
142 354 241 387 silvis
258 355 441 398 incognito
460 365 593 400 genere
621 354 805 394 arborum,
836 358 1088 401 proceritatem

58 411 294 457 spectabilem
324 422 400 444 esse
431 412 539 445 enodi
571 414 703 454 nitore,
733 410 881 456 frontes
915 416 1091 459 cupressis

56 469 207 511 similes,
244 475 456 515 proeterque
485 472 705 513 gravitatem
740 470 861 504 odoris
897 473 996 504 tenui
1027 482 1090 504 eas

57 526 189 560 obduci
209 527 382 572 lanugine
400 538 412 559 :
434 527 559 572 quibus
575 527 707 560 addita
727 535 823 569 arte,
844 540 950 574 posse
965 529 1091 574 quales

55 595 76 617 e
92 584 263 629 bombyce
272 591 391 618 vestes
402 584 546 630 confici.
561 585 739 619 Verticem
749 586 954 619 altisetiam
963 593 1090 619 aestate

55 645 191 688 operiri
208 642 354 676 nivibus.
369 643 538 676 Decumis
557 655 595 676 se
614 655 655 677 eo
660 646 870 689 pervenisse
884 647 1027 686 castris,
1055 652 1091 678 et
1106 643 1109 649 ¹

55 701 151 733 ultra
171 699 394 745 adfluviicm,
413 703 473 746 qui
489 700 562 734 Ger
578 709 780 743 vocaretur,
797 713 868 748 per
876 702 1091 736 solitudines

55 761 155 805 nigri
176 759 335 805 pulveris
358 756 594 792 eminentibus
620 760 799 793 interdum
824 761 929 793 velut
954 763 1091 794 exustis

54 816 237 857 cautibus,
282 816 362 850 loca
393 815 656 850 inhabitabilia
677 814 841 861 fervere,
883 830 1090 863 quanquam

54 873 204 908 hiberno
224 881 395 920 tempore,
420 882 622 920 expertum.
642 875 715 919 Qui
729 878 919 921 proximos
939 873 1090 908 inhabi—

54 938 131 965 tent
147 933 278 975 saltus,
313 929 463 976 refertos
493 931 770 978 elephantorum
788 930 1031 978 ferarumque
1055 939 1092 966 et

52 992 270 1036 serpentium
277 993 377 1024 omni
383 1001 525 1035 genere,
545 990 575 1025 C
577 993 725 1024 anarios
735 991 933 1037 appellari.
946 990 1091 1037 Quippe

53 1049 188 1081 victum
208 1051 286 1093 ejus
305 1048 478 1081 animalis
492 1051 738 1094 promiscuum
756 1047 815 1081 his
830 1059 920 1088 esse,
945 1055 983 1082 et
996 1048 1087 1081 divi-

53 1105 128 1138 dua
137 1103 310 1149 ferarum
331 1109 489 1142 viscera.
508 1107 680 1140 sanctam
697 1105 908 1153 sEthiopum
926 1114 1086 1152 gentem,

53 1174 139 1208 quos
164 1164 335 1198 Perorsos
362 1171 512 1206 vocant,
539 1168 629 1198 satis
648 1171 800 1200 constat.
821 1164 935 1206 suba,
963 1164 1090 1198 Ptole-

53 1224 139 1255 msei
154 1230 276 1265 pater,
308 1225 370 1268 qui
391 1226 530 1270 primus
550 1225 690 1269 utrique
712 1223 952 1257 lllauritanice
971 1226 1090 1269 impe-

54 1284 159 1323 ravit,
176 1282 376 1316 studiorum
389 1282 560 1315 claritate
571 1282 845 1315 memorabilior
856 1284 965 1315 etiam
981 1293 1090 1327 quam

52 1351 183 1387 regno,
219 1340 360 1373 similia
390 1339 558 1385 prodidit
585 1339 632 1373 de
664 1339 817 1373 Atlante
847 1351 858 1372 .·
882 1346 1092 1386 prce-terque

52 1401 159 1445 gigni
178 1398 229 1431 ibi
249 1396 417 1439 herbam,
447 1396 689 1443 euphorbiam
706 1401 853 1431 nomine
866 1424 875 1440 ,
901 1398 949 1431 ab
968 1400 1090 1430 inven-

55 1464 130 1490 tore
146 1456 287 1489 medico
299 1467 362 1489 suo
378 1456 621 1502 appellatam.
641 1454 752 1500 Cujus
770 1457 925 1489 lacteum
946 1467 1089 1488 succum

56 1516 154 1548 miris
177 1513 343 1547 laudibus
363 1513 526 1547 celebrat
543 1516 578 1546 in
594 1514 762 1547 claritate
781 1517 882 1548 visus
894 1521 1092 1559 contraque

52 1579 237 1618 serpentes
261 1579 297 1605 et
321 1583 465 1605 venena
485 1575 627 1613 omnia,
655 1575 831 1618 privatim
852 1572 973 1605 dicato
988 1573 1090 1607 'colu-

54 1633 163 1664 mine.
180 1628 399 1664 Praecedunt
413 1629 483 1663 alia
498 1628 667 1675 quaedam
683 1629 729 1663 de
744 1630 891 1664 Atlante
907 1629 1087 1674 fabulosa,

54 1700 135 1734 quae
153 1688 198 1722 ab
216 1689 399 1722 Hannone
419 1688 457 1721 in
480 1687 629 1734 Periplo
649 1687 686 1736 (S
708 1691 751 1728 14
776 1687 834 1722 ed.
852 1686 991 1734 Kluge)
1011 1689 1091 1734 pri-

53 1758 153 1780 mum
193 1752 342 1780 narrata
373 1757 448 1780 esse
485 1745 682 1789 videntur-3
718 1747 856 1780 Plinius
882 1746 1051 1781 sumserit
1072 1758 1091 1780 e

53 1803 163 1841 Juba.
198 1804 359 1838 Plinium
379 1803 568 1850 exscripsit
594 1804 740 1838 Solinus
761 1817 791 1838 c.
823 1808 869 1845 24
894 1802 970 1849 (ed.
993 1803 1088 1848 Traj.

53 1862 101 1897 ad
134 1862 209 1898 Rh.
244 1860 384 1909 1689),
425 1861 488 1896 sed
520 1863 717 1896 temerario
751 1863 836 1905 illo,
872 1874 947 1907 quo
977 1862 1088 1905 solet,

53 1920 182 1957 modo.
204 1921 326 1966 Quare
339 1920 522 1954 rationem
537 1919 612 1966 ejus
625 1933 702 1954 non
715 1920 906 1956 habemus.
922 1920 1091 1955 Ceterum

52 1979 113 2013 hic
135 1979 255 2014 statim
273 1978 452 2024 subjicere
475 1979 582 2013 liceat
610 1979 734 2013 locum
760 1990 803 2013 ex
835 1979 932 2013 libro
954 1977 1000 2013 de
1022 1979 1091 2012 Eu-

52 2037 211 2084 phorbia
230 2037 473 2084 superstitem.

543 2142 603 2174 27.

371 2224 436 2258 DE
465 2222 763 2258 EUPHORBIA.

106 2316 246 2350 Plinius
275 2316 395 2360 XXV,
418 2328 444 2352 s,
471 2315 539 2359 28,
558 2328 598 2362 p.
622 2316 670 2350 60
695 2328 702 2349 :

54 2382 253 2410 nostrorum
274 2381 384 2408 oetate
402 2386 469 2408 rese
484 2375 512 2408 J
510 2374 581 2408 uba
600 2372 812 2422 (herbam),
830 2387 938 2420 quam
960 2376 1090 2422 appel-

60 2434 148 2466 lavit
174 2431 439 2478 Euphorbium,
473 2433 607 2466 medici
631 2436 688 2466 sui
716 2436 876 2468 nomine.
903 2433 1036 2466 Frater
1061 2436 1091 2466 is

731 2318 877 2350 Invenit
891 2324 928 2350 et
940 2324 1089 2363 patrum

48 2489 131 2536 fuit
155 2490 296 2532 Musce,
320 2501 344 2523 a
373 2502 443 2536 quo
470 2491 598 2524 Divum
625 2492 826 2535 Augustum
847 2499 1090 2524 conservatum

58 2548 342 2583 indicavimus...
369 2548 446 2581 Sed
472 2548 581 2581 Juboe
608 2549 780 2582 volumen
804 2560 944 2594 quoque
970 2557 1092 2582 eustat

56 2606 102 2639 de
118 2617 164 2639 ea
192 2605 322 2647 herba,
356 2612 391 2639 et
423 2606 563 2639 clarum
585 2609 826 2652 prceconium.
845 2608 991 2640 Invenit
1008 2619 1090 2641 eam

58 2665 95 2696 in
113 2670 232 2697 monte
247 2664 396 2697 Atlante
424 2675 434 2695 :
452 2667 573 2709 specie
589 2663 718 2708 thyrsi,
731 2661 846 2707 foliis
864 2664 1088 2701 aeantlzinis.

62 2721 98 2752 V
96 2723 126 2754 is
145 2728 250 2755 tanta
276 2728 345 2763 est,
376 2728 414 2754 ut
430 2733 449 2754 e
476 2722 670 2767 longinquo
699 2733 823 2755 saccus
849 2725 1060 2768 eoectptatm·
1079 2736 1090 2756 .-

59 2781 188 2812 incisoe
200 2786 316 2820 conto,
336 2779 492 2812 subditis
506 2780 688 2825 excipulis
700 2780 902 2813 ventriculo
916 2779 1064 2814 haedina
1076 2807 1086 2822 ,

61 2835 192 2870 limnor
212 2837 316 2870 lactis
329 2837 474 2870 videtur
489 2834 640 2881 effluere
660 2849 671 2869 .·
688 2840 844 2870 siccatus
862 2849 970 2882 quum
991 2841 1084 2880 coiit,

58 2892 174 2927 thuris
191 2892 353 2939 effigiem
371 2894 492 2930 habet.
515 2895 587 2939 Qui
603 2895 777 2941 eolligunt
794 2895 928 2927 clarius
949 2895 1088 2933 vident,

61 2951 200 2985 Contra
222 2959 404 2998 serpentes
432 2953 606 2995 medetur,
637 2963 850 2998 quacunque
870 2960 980 2998 parte
1005 2965 1092 2999 per-

60 3020 164 3042 cussa
188 3021 195 3042 :
221 3012 349 3043 vertice
371 3012 499 3051 inciso,
535 3017 571 3043 et
592 3010 856 3043 medicamento
874 3010 1013 3044 addito.
1034 3011 1094 3044 Ibi

65 3067 210 3107 Gaetuli,
237 3069 298 3112 qui
317 3067 455 3112 legunt,
486 3066 635 3099 hoedino
654 3067 747 3099 lacte
767 3066 1004 3100 adulterant:
1029 3069 1096 3101 scd

62 3124 280 3157 discernitur
299 3126 391 3169 igni.
421 3124 471 3157 Id
491 3127 587 3158 enim
606 3125 704 3170 quod
728 3127 907 3157 sincerum
931 3136 1002 3158 non
1024 3133 1084 3167 est,

52 3178 322 3223 fastidiendum
336 3182 481 3215 odorem
494 3181 615 3217 habet.

118 3237 235 3283 Hujus
256 3235 421 3285 βιὸλιδίου
436 3239 602 3272 meminit
617 3239 724 3272 etiam
746 3240 905 3274 Galenus
919 3238 1089 3286 Φαρμακ.

66 3292 153 3329 κατὰ
167 3293 246 3343 γένη
265 3294 328 3331 lib.
349 3296 418 3342 IX,
435 3309 465 3329 e.
495 3300 525 3342 ἃ,
544 3303 578 3330 ct
597 3297 829 3331 Dioscorides
850 3298 914 3331 lib.
938 3298 1005 3339 111,
1024 3298 1086 3343 96.

2107 171 2179 205 473

1152 241 1255 275 Jubae
1289 242 1454 278 libellum
1488 243 1573 293 Περὶ
1607 245 1693 281 ὀποῦ
1729 257 1996 285 commemorat
2027 251 2186 287 Galenus

1152 304 1241 332 tom.
1261 301 1309 343 ΙΙ,
1329 313 1366 346 p.
1389 314 1474 348 297.
1495 303 1549 338 Cf.
1570 304 1741 351 stephan.
1759 307 1865 344 Thes.
1881 320 1915 342 v,
1939 306 2129 358 εὐφόρῧιον.

1639 396 1700 431 28.

1205 483 1341 517 Plinius
1360 485 1423 528 VI,
1445 498 1470 520 s.
1495 486 1540 520 36
1554 514 1562 529 ,
1582 501 1620 534 p.
1644 488 1714 535 393
1732 502 1739 523 t
1758 491 1835 524 Nee
1857 492 2103 527 lllauritanioe
2124 498 2183 527 in—

1149 541 1311 574 sularum
1334 545 1465 576 certior
1480 542 1596 586 fama
1627 554 1691 582 avt.
1726 548 1870 582 Paucas
1906 551 2010 584 modo
2044 560 2185 586 constat

1150 610 1226 631 esse
1253 611 1301 632 ea:
1330 600 1480 634 adverso
1514 603 1737 646 Autololum,
1765 619 1788 638 a
1821 608 1917 641 Juba
1936 617 2116 654 repertas,
2148 613 2184 643 in

1151 656 1281 701 quibus
1304 657 1523 692 Gaetulicam
1540 672 1742 705 purpuram
1765 666 1905 708 tingere
1925 668 2140 704 instituerat,

1204 712 1225 760 3
1262 713 1323 758 37.
1354 714 1465 757 Sunt,
1500 720 1564 762 qui
1592 719 1687 751 ultra
1715 732 1778 753 eas
1807 722 2026 756 Fortunatas
2052 733 2189 769 putant

1151 783 1244 813 esse,
1275 773 1524 819 quasdamque
1550 775 1688 811 alias...
1720 778 1817 811 Juba
1837 780 1883 812 de
1905 781 2115 816 Fortunatis
2134 786 2186 816 ita

1153 832 1339 875 inquisivit
1363 843 1375 864 .·
1394 831 1460 864 sub
1482 833 1632 866 meridie
1655 846 1793 880 quoque
1814 840 1955 882 positas
1974 851 2050 873 esse
2065 853 2185 887 prope

1154 899 1321 921 occasum
1335 914 1346 928 ,
1368 901 1392 921 a
1414 889 1648 935 Purpurariis
1670 892 1855 926 DCXXV
1872 897 1964 932 mill,
1979 909 2175 943 passuum,

1155 948 1207 979 sic
1227 953 1267 979 ut
1284 946 1379 981 CCL
1400 959 1512 993 supra
1536 959 1701 982 occasum
1722 953 1912 997 navigetur
1930 966 1941 985 .·
1970 955 2103 989 deinde
2117 968 2188 1002 per

1153 1005 1311 1037 LXXV
1326 1005 1418 1040 mill.
1434 1018 1608 1052 passuum
1637 1014 1735 1040 ortus
1749 1016 1912 1054 petatur.
1934 1012 2099 1047 Primam
2117 1025 2185 1049 vo-

1151 1064 1228 1095 cari
1245 1062 1419 1096 Ombrion
1443 1064 1553 1097 nullis
1571 1064 1807 1110 (edificiorum
1830 1071 1990 1113 vestigiis
2019 1083 2030 1102 .·
2050 1070 2186 1105 habere

1153 1122 1190 1152 in
1207 1121 1384 1154 montibus
1402 1129 1588 1167 stagnum,
1625 1120 1772 1157 arbores
1799 1126 1933 1159 similes
1942 1124 2087 1170 ferula?
2108 1141 2119 1162 .·
2138 1142 2186 1163 ea:

1152 1178 1280 1223 quibus
1296 1191 1393 1225 aqua
1408 1183 1650 1226 exprimatur,
1671 1193 1719 1215 ex
1735 1185 1853 1227 nigris
1868 1195 2014 1229 amara,
2033 1198 2081 1219 ex·
2097 1199 2184 1220 ean-

1154 1235 1357 1270 didioribus
1371 1240 1476 1283 potui
1497 1239 1680 1282 jucunda.
1699 1240 1864 1274 Alteram
1887 1243 2043 1276 insulam
2072 1245 2185 1279 Jiuio-

1151 1296 1254 1327 niam
1269 1295 1455 1340 appellari
1464 1308 1477 1337 ;
1497 1299 1534 1329 in
1551 1308 1596 1330 ea
1609 1297 1807 1331 (ediculam
1822 1310 1897 1332 esse
1909 1307 2046 1334 tantum
2063 1302 2187 1348 lapide

1151 1360 1384 1388 ezrstructam.
1412 1354 1468 1387 Ab
1488 1366 1533 1387 ea
1554 1357 1590 1388 in
1618 1357 1732 1389 vicino
1762 1356 1888 1389 eodem
1907 1361 2051 1392 nomine
2068 1363 2186 1393 mino—

1150 1422 1237 1444 rem.
1270 1411 1413 1445 Deinde
1440 1412 1661 1458 Caprariam
1687 1414 1832 1447 lacertis
1852 1416 2053 1461 grandibus
2077 1416 2185 1461 reler-

1153 1475 1243 1503 tam.
1264 1470 1311 1502 In
1334 1478 1526 1516 conspectu
1547 1483 1672 1505 earum
1689 1483 1766 1505 esse
1794 1473 1829 1507 N
1829 1475 1994 1516 ivariam,
2018 1488 2103 1521 quoe
2120 1476 2187 1510 hoc

1151 1538 1281 1560 nomen
1299 1531 1441 1574 accepit
1459 1540 1482 1561 a
1495 1537 1673 1574 perpetua
1694 1532 1788 1571 nive,
1812 1531 2033 1568 nebulosam.
2056 1534 2186 1568 Proxi-

1151 1596 1249 1617 mam
1270 1587 1304 1617 ei
1324 1585 1527 1618 Canariam
1550 1589 1668 1619 vocari
1684 1599 1707 1619 a
1725 1588 1955 1622 multitudine
1974 1601 2106 1623 canum
2125 1593 2184 1623 in—

1149 1645 1270 1687 gentis
1288 1644 1578 1687 magnitiulinis5
1594 1655 1642 1677 ex
1655 1644 1780 1690 quibus
1791 1646 1960 1691 perducti
1976 1654 2059 1680 sunt
2079 1648 2108 1681 J
2106 1649 2187 1682 uboe

1150 1700 1220 1733 (luo
1242 1712 1252 1732 .·
1280 1709 1532 1747 apparentque
1553 1702 1602 1735 ibi
1622 1705 1767 1749 vestigia
1786 1703 2039 1749 (edificiorum.
2067 1706 2185 1750 Quum

1150 1765 1270 1791 autem
1288 1770 1411 1791 omnes
1426 1762 1531 1804 copia
1543 1771 1733 1804 pomorum
1751 1768 1787 1794 et
1802 1764 1921 1794 avium
1941 1765 2058 1795 omnis
2068 1774 2185 1807 gene-

1150 1817 1201 1847 ris
1217 1815 1418 1857 abundent,
1442 1815 1540 1849 hanc
1557 1824 1594 1849 et
1600 1819 1776 1863 palmetis
1788 1826 1954 1863 caryotas
1958 1817 2181 1863 ferentibus,

1150 1883 1195 1904 ac
1221 1884 1311 1906 nuce
1327 1876 1441 1920 pinea
1460 1872 1664 1909 abundare.
1695 1876 1783 1909 Esse
1810 1879 1953 1922 copiam
1986 1885 2022 1910 et
2049 1880 2181 1915 mellis.

1150 1930 1337 1975 Papi-rum
1355 1943 1493 1977 quoque
1509 1939 1543 1965 et
1563 1933 1695 1966 siluros
1713 1936 1749 1966 in
1774 1934 1943 1967 amnibus
1958 1938 2062 1981 gigni
2085 1948 2095 1968 .·
2123 1939 2184 1969 in-

1139 1985 1279 2031 festari
1297 2000 1361 2022 eas
1381 1989 1523 2029 belluis,
1560 2003 1642 2036 quae
1662 1992 1898 2037 expellantur
1919 1994 2078 2035 assidue,
2110 2007 2183 2040 pu-

1150 2047 1396 2082 trescentibus.

1638 2130 1699 2164 29.

1203 2202 1341 2237 Plinius
1372 2206 1415 2247 V,
1451 2216 1493 2238 10
1506 2231 1515 2247 ‚
1544 2217 1581 2250 p.
1613 2203 1682 2245 314
1716 2216 1723 2237 ε
1761 2204 1801 2238 N
1801 2205 1869 2237 ilus
1913 2207 2059 2238 incertis
2087 2213 2182 2239 ortus

1139 2257 1321 2303 fontibus,
1358 2265 1385 2295 it
1404 2274 1476 2308 per
1492 2263 1634 2296 deserta
1660 2269 1697 2295 et
1723 2262 1894 2295 ardentia
1916 2274 1926 2294 .·
1953 2270 1990 2296 et
2008 2265 2181 2298 immenso

1151 2318 1384 2365 longitudinis
1415 2323 1535 2366 spatio
1569 2320 1780 2361 ambulans,
1817 2317 2006 2366 famaque
2043 2329 2182 2356 tantum

1149 2377 1278 2409 inermi
1304 2380 1454 2422 quaesitu
1479 2380 1655 2422 cognitus,
1688 2380 1764 2411 sine
1786 2375 1910 2420 bellis,
1935 2391 2018 2424 quoe
2046 2387 2184 2413 ceteras

1149 2445 1271 2467 omnes
1283 2442 1397 2468 terras
1409 2438 1587 2471 invenere.
1605 2436 1792 2481 Originem
1808 2434 1866 2482 (ut
1875 2437 1901 2473 J
1903 2437 1973 2470 uba
1988 2449 2055 2470 rex
2062 2441 2186 2483 potuit

1150 2492 1342 2539 inquirere)
1360 2496 1397 2526 in
1412 2501 1532 2527 monte
1544 2491 1730 2537 inferioris
1739 2494 1992 2535 lllauritanioe,
2014 2506 2084 2527 non
2093 2507 2182 2540 pro-

1149 2551 1210 2582 cul
1225 2550 1371 2585 Oceano
1391 2551 1518 2591 habet,
1548 2552 1628 2584 lacu
1641 2555 1814 2598 protinus
1830 2559 2047 2597 stagnante,
2073 2565 2182 2598 quam

1148 2615 1287 2641 ‘vocant
1301 2608 1473 2642 Nilidem.
1492 2610 1517 2641 I
1517 2609 1551 2641 bi
1555 2611 1678 2654 pisces
1695 2612 1920 2654 reperiuntur
1933 2610 2101 2651 alabetoe,
2123 2623 2184 2644 co—

1149 2668 1276 2706 racini,
1291 2669 1324 2699 si
1328 2667 1398 2699 luri
1403 2694 1412 2701 .
1426 2666 1778 2713 Crocodilusquoque
1790 2668 1875 2701 inde
1882 2667 1924 2701 ob
1932 2676 2182 2712 argumentum

1150 2723 1218 2757 hoc
1237 2724 1419 2758 Caesarea³
1436 2728 1472 2757 in
1490 2726 1574 2759 Iseo
1589 2725 1729 2758 dicatus
1744 2725 1791 2758 ab
1808 2737 1849 2759 eo
1863 2733 2046 2771 spectatur
2058 2725 2179 2760 hodie.

1150 2780 1339 2814 Proeterea
1376 2779 1600 2815 observatum
1633 2789 1700 2823 est,
1742 2790 1853 2828 prout
1881 2785 1918 2815 in
1950 2783 2183 2816 illauritania

1154 2840 1253 2871 nives
1271 2839 1472 2885 imbresque
1490 2843 1717 2881 satiaverint,
1751 2843 1802 2873 ita
1821 2841 1949 2874 Nilum
1971 2844 2179 2877 increscere.

1153 2895 1210 2927 Eu·
1226 2894 1293 2929 hoc
1312 2896 1392 2929 lacu
1403 2894 1576 2942 profusus
1593 2897 1807 2943 indignatur
1810 2897 1932 2941 fluere
1943 2909 2013 2942 per
2028 2910 2181 2931 arenosa

1150 2961 1187 2986 et
1201 2955 1425 2999 squalentia,
1451 2956 1643 3001 conditque
1658 2967 1697 2988 se
1716 2956 1859 3001 aliquot
1877 2955 2019 2988 (lieriim
2038 2957 2176 2990 itinere.

1150 3010 1246 3043 Mooe
1261 3011 1335 3044 alio
1357 3012 1439 3044 lacu
1459 3015 1598 3056 majore
1621 3015 1657 3045 in
1683 3012 1920 3046 Coesariensis
1935 3013 2181 3046 Mauritaniae

1148 3075 1256 3112 gente
1287 3069 1549 3114 Illassoesylzim
1584 3072 1751 3116 erumpit,
1790 3077 1826 3103 et
1858 3069 2042 3103 hominum
2070 3076 2181 3102 coetus

1153 3126 1264 3159 veluti
1278 3128 1530 3172 circumspicit,
1558 3127 1682 3160 iisdem
1696 3127 1909 3160 animalium
1930 3128 2151 3172 argumentis
2167 3138 2177 3157 .-

1150 3184 1277 3217 iterum
1297 3187 1420 3217 arenis
1439 3192 1601 3230 receptus
1616 3185 1782 3219 conditur
1798 3196 1917 3217 rursus
1940 3185 1984 3217 X
1982 3206 1998 3216 ⁴«
2010 3184 2026 3195 ”
2040 3183 2177 3216 dierum

1150 3240 1301 3274 desertis
1323 3242 1375 3274 ad
1389 3245 1579 3288 plurimos
1605 3242 1788 3287 AEtteiope.‹·
1809 3254 1820 3274 :
1843 3249 1951 3287 atque
1970 3240 2030 3273 ubi
2051 3243 2177 3272 iterum

1151 3301 1300 3332 senserit
1335 3299 1533 3344 hominemJ
1565 3301 1724 3345 prosilit,
1757 3296 1867 3342 ,litate
1897 3296 1955 3345 (ut
1987 3297 2179 3330 verisimile
