<?xml version="1.0" encoding="UTF-8"?>
<!DOCTYPE html PUBLIC "-//W3C//DTD XHTML 1.0 Transitional//EN"
    "http://www.w3.org/TR/xhtml1/DTD/xhtml1-transitional.dtd">
<html xmlns="http://www.w3.org/1999/xhtml" xml:lang="en" lang="en">
 <head>
  <title>
</title>
<meta http-equiv="Content-Type" content="text/html;charset=utf-8" />
  <meta name='ocr-system' content='tesseract 3.04.00' />
  <meta name='ocr-capabilities' content='ocr_page ocr_carea ocr_par ocr_line ocrx_word'/>
</head>
<body>
  <div class='ocr_page' id='page_1' title='image "./fragmentahistori03mueluoft_0404.png"; bbox 0 0 2338 3765; ppageno 0'>
   <div class='ocr_carea' id='block_1_1' title="bbox 101 176 172 206">
    <p class='ocr_par' dir='ltr' id='par_1_1' title="bbox 101 176 172 206">
     <span class='ocr_line' id='line_1_1' title="bbox 101 176 172 206; baseline 0 -1"><span class='ocrx_word' id='word_1_1' title='bbox 101 176 172 206; x_wconf 65' lang='lat'><strong>:534</strong></span> 
     </span>
    </p>
   </div>
   <div class='ocr_carea' id='block_1_2' title="bbox 89 249 1130 1330">
    <p class='ocr_par' dir='ltr' id='par_1_2' title="bbox 94 249 1130 590">
     <span class='ocr_line' id='line_1_2' title="bbox 97 249 1130 304; baseline 0.002 -17"><span class='ocrx_word' id='word_1_2' title='bbox 97 251 181 302; x_wconf 79' lang='grc' dir='ltr'>πρὸς</span> <span class='ocrx_word' id='word_1_3' title='bbox 203 249 388 295; x_wconf 83' lang='grc' dir='ltr'>Ἀλυάττην</span> <span class='ocrx_word' id='word_1_4' title='bbox 409 249 465 287; x_wconf 83' lang='grc' dir='ltr'><strong>τὸν</strong></span> <span class='ocrx_word' id='word_1_5' title='bbox 487 250 607 287; x_wconf 82' lang='grc' dir='ltr'>Λυδῶν</span> <span class='ocrx_word' id='word_1_6' title='bbox 629 250 773 300; x_wconf 79' lang='grc' dir='ltr'>βασιλέα</span> <span class='ocrx_word' id='word_1_7' title='bbox 793 252 846 287; x_wconf 82' lang='grc' dir='ltr'><strong>ἐπ’</strong></span> <span class='ocrx_word' id='word_1_8' title='bbox 867 253 1009 304; x_wconf 78' lang='grc' dir='ltr'>ἐκτομῇ.</span> <span class='ocrx_word' id='word_1_9' title='bbox 1033 255 1078 292; x_wconf 84' lang='grc' dir='ltr'><strong>Οἱ</strong></span> <span class='ocrx_word' id='word_1_10' title='bbox 1095 253 1130 291; x_wconf 84' lang='grc' dir='ltr'><strong>δὲ</strong></span> 
     </span>
     <span class='ocr_line' id='line_1_3' title="bbox 97 306 1130 360; baseline 0.004 -15"><span class='ocrx_word' id='word_1_11' title='bbox 97 308 326 359; x_wconf 48' lang='grc' dir='ltr'>προσσχόντες</span> <span class='ocrx_word' id='word_1_12' title='bbox 345 309 386 358; x_wconf 76' lang='grc'><strong>(4)</strong></span> <span class='ocrx_word' id='word_1_13' title='bbox 405 307 517 359; x_wconf 82' lang='grc' dir='ltr'>Σάμῳ</span> <span class='ocrx_word' id='word_1_14' title='bbox 535 308 645 345; x_wconf 82' lang='grc' dir='ltr'><strong>ἱκέται</strong></span> <span class='ocrx_word' id='word_1_15' title='bbox 663 311 722 354; x_wconf 78' lang='grc' dir='ltr'><strong>τῆς</strong></span> <span class='ocrx_word' id='word_1_16' title='bbox 737 306 852 360; x_wconf 69' lang='grc' dir='ltr'>”Ηρας</span> <span class='ocrx_word' id='word_1_17' title='bbox 876 310 1050 359; x_wconf 85' lang='grc' dir='ltr'>ἐγένοντο,</span> <span class='ocrx_word' id='word_1_18' title='bbox 1071 312 1130 349; x_wconf 84' lang='grc' dir='ltr'><strong>καὶ</strong></span> 
     </span>
     <span class='ocr_line' id='line_1_4' title="bbox 97 365 1130 419; baseline 0.004 -17"><span class='ocrx_word' id='word_1_19' title='bbox 97 365 218 408; x_wconf 68' lang='grc' dir='ltr'>αὐτοὺς</span> <span class='ocrx_word' id='word_1_20' title='bbox 233 365 361 414; x_wconf 82' lang='grc' dir='ltr'>Σάμιοι</span> <span class='ocrx_word' id='word_1_21' title='bbox 379 366 573 413; x_wconf 83' lang='grc' dir='ltr'>αἰσθόμενοι</span> <span class='ocrx_word' id='word_1_22' title='bbox 587 365 625 402; x_wconf 80' lang='grc' dir='ltr'><strong>τὸ</strong></span> <span class='ocrx_word' id='word_1_23' title='bbox 639 365 779 415; x_wconf 83' lang='grc' dir='ltr'>σύμπαν</span> <span class='ocrx_word' id='word_1_24' title='bbox 793 367 978 418; x_wconf 80' lang='grc' dir='ltr'>ἐρρύσαντο</span> <span class='ocrx_word' id='word_1_25' title='bbox 993 370 1047 419; x_wconf 78' lang='lat'>(5).</span> <span class='ocrx_word' id='word_1_26' title='bbox 1065 371 1130 408; x_wconf 88' lang='grc' dir='ltr'><strong>Πε-</strong></span> 
     </span>
     <span class='ocr_line' id='line_1_5' title="bbox 97 422 1127 477; baseline 0.004 -17"><span class='ocrx_word' id='word_1_27' title='bbox 97 424 250 474; x_wconf 80' lang='grc' dir='ltr'>ρίανδρος</span> <span class='ocrx_word' id='word_1_28' title='bbox 268 422 301 460; x_wconf 77' lang='grc' dir='ltr'><strong>δὲ</strong></span> <span class='ocrx_word' id='word_1_29' title='bbox 316 422 555 474; x_wconf 74' lang='grc' dir='ltr'>Ψαμμητίχῳ</span> <span class='ocrx_word' id='word_1_30' title='bbox 575 423 757 475; x_wconf 83' lang='grc' dir='ltr'>Κέρκυραν</span> <span class='ocrx_word' id='word_1_31' title='bbox 776 425 967 477; x_wconf 77' lang='grc' dir='ltr'>παραδοὺς,</span> <span class='ocrx_word' id='word_1_32' title='bbox 984 426 1073 469; x_wconf 76' lang='grc' dir='ltr'>ὅστις</span> <span class='ocrx_word' id='word_1_33' title='bbox 1090 422 1127 473; x_wconf 67' lang='grc' dir='ltr'><strong>ἦν</strong></span> 
     </span>
     <span class='ocr_line' id='line_1_6' title="bbox 96 480 1123 535; baseline 0.003 -16"><span class='ocrx_word' id='word_1_34' title='bbox 96 481 226 533; x_wconf 81' lang='grc' dir='ltr'>Γόργου</span> <span class='ocrx_word' id='word_1_35' title='bbox 245 483 284 531; x_wconf 85' lang='lat' dir='ltr'><strong>(c)</strong></span> <span class='ocrx_word' id='word_1_36' title='bbox 307 480 369 530; x_wconf 82' lang='grc' dir='ltr'><strong>μὲν</strong></span> <span class='ocrx_word' id='word_1_37' title='bbox 394 482 479 527; x_wconf 82' lang='grc' dir='ltr'>υἱὸς,</span> <span class='ocrx_word' id='word_1_38' title='bbox 497 481 695 533; x_wconf 72' lang='grc' dir='ltr'>ἀδελφιδοὺς</span> <span class='ocrx_word' id='word_1_39' title='bbox 723 480 758 519; x_wconf 81' lang='grc' dir='ltr'><strong>δὲ</strong></span> <span class='ocrx_word' id='word_1_40' title='bbox 779 484 911 535; x_wconf 81' lang='grc' dir='ltr'>ἑαυτῷ,</span> <span class='ocrx_word' id='word_1_41' title='bbox 935 486 1123 530; x_wconf 78' lang='grc' dir='ltr'>ἐπανῆλθεν</span> 
     </span>
     <span class='ocr_line' id='line_1_7' title="bbox 94 539 338 590; baseline 0.008 -14"><span class='ocrx_word' id='word_1_42' title='bbox 94 541 140 582; x_wconf 82' lang='grc' dir='ltr'><strong>εἷς</strong></span> <span class='ocrx_word' id='word_1_43' title='bbox 164 539 338 590; x_wconf 86' lang='grc' dir='ltr'>Κόρινθον.</span> 
     </span>
    </p>

    <p class='ocr_par' dir='ltr' id='par_1_3' title="bbox 89 596 1127 1330">
     <span class='ocr_line' id='line_1_8' title="bbox 145 596 1125 651; baseline 0.003 -16"><span class='ocrx_word' id='word_1_44' title='bbox 145 596 229 636; x_wconf 65' lang='grc' dir='ltr'><strong>εΌτι</strong></span> <span class='ocrx_word' id='word_1_45' title='bbox 245 597 431 648; x_wconf 81' lang='grc' dir='ltr'>ἐκδέκτορα</span> <span class='ocrx_word' id='word_1_46' title='bbox 452 599 512 642; x_wconf 79' lang='grc' dir='ltr'>τ’ἧς</span> <span class='ocrx_word' id='word_1_47' title='bbox 530 597 708 648; x_wconf 84' lang='grc' dir='ltr'>βασιλείας</span> <span class='ocrx_word' id='word_1_48' title='bbox 723 598 888 636; x_wconf 79' lang='grc' dir='ltr'>κατέλιπε</span> <span class='ocrx_word' id='word_1_49' title='bbox 912 598 953 650; x_wconf 89' lang='grc'><strong>(7)</strong></span> <span class='ocrx_word' id='word_1_50' title='bbox 977 599 1125 651; x_wconf 89' lang='grc' dir='ltr'>Περίαν-</span> 
     </span>
     <span class='ocr_line' id='line_1_9' title="bbox 94 654 1127 708; baseline 0.001 -15"><span class='ocrx_word' id='word_1_51' title='bbox 94 657 170 706; x_wconf 85' lang='grc' dir='ltr'>δρος</span> <span class='ocrx_word' id='word_1_52' title='bbox 201 655 360 707; x_wconf 79' lang='grc' dir='ltr'>Κύψελον</span> <span class='ocrx_word' id='word_1_53' title='bbox 391 656 433 706; x_wconf 87' lang='grc'><strong>(8)</strong></span> <span class='ocrx_word' id='word_1_54' title='bbox 466 654 524 692; x_wconf 81' lang='grc' dir='ltr'><strong>τὸν</strong></span> <span class='ocrx_word' id='word_1_55' title='bbox 557 654 688 706; x_wconf 85' lang='grc' dir='ltr'>Γόργου</span> <span class='ocrx_word' id='word_1_56' title='bbox 716 657 843 703; x_wconf 86' lang='grc' dir='ltr'>παῖδα,</span> <span class='ocrx_word' id='word_1_57' title='bbox 872 661 930 694; x_wconf 78' lang='grc' dir='ltr'><strong>τοῦ</strong></span> <span class='ocrx_word' id='word_1_58' title='bbox 963 656 1127 708; x_wconf 78' lang='grc' dir='ltr'>σφετέρου</span> 
     </span>
     <span class='ocr_line' id='line_1_10' title="bbox 95 712 1127 766; baseline 0.002 -16"><span class='ocrx_word' id='word_1_59' title='bbox 95 715 262 765; x_wconf 74' lang='grc' dir='ltr'>ἀδελφοῦ,</span> <span class='ocrx_word' id='word_1_60' title='bbox 303 712 337 756; x_wconf 82' lang='grc' dir='ltr'><strong>ὃς</strong></span> <span class='ocrx_word' id='word_1_61' title='bbox 369 714 408 750; x_wconf 79' lang='grc' dir='ltr'>ἐκ</span> <span class='ocrx_word' id='word_1_62' title='bbox 446 712 628 765; x_wconf 83' lang='grc' dir='ltr'>Κερκύρας</span> <span class='ocrx_word' id='word_1_63' title='bbox 664 714 867 766; x_wconf 79' lang='grc' dir='ltr'>ἀφικόμενος</span> <span class='ocrx_word' id='word_1_64' title='bbox 909 715 1127 766; x_wconf 81' lang='grc' dir='ltr'>ἐτυράννευσε</span> 
     </span>
     <span class='ocr_line' id='line_1_11' title="bbox 94 771 1126 824; baseline 0.001 -14"><span class='ocrx_word' id='word_1_65' title='bbox 94 771 260 823; x_wconf 84' lang='grc' dir='ltr'>Κορίνθου</span> <span class='ocrx_word' id='word_1_66' title='bbox 281 771 363 822; x_wconf 72' lang='grc' dir='ltr'>ἄχρι</span> <span class='ocrx_word' id='word_1_67' title='bbox 385 771 485 808; x_wconf 77' lang='grc' dir='ltr'>αὐτὸν</span> <span class='ocrx_word' id='word_1_68' title='bbox 513 771 698 814; x_wconf 84' lang='grc' dir='ltr'>συστάντες</span> <span class='ocrx_word' id='word_1_69' title='bbox 724 772 810 815; x_wconf 80' lang='grc' dir='ltr'>τινὲς</span> <span class='ocrx_word' id='word_1_70' title='bbox 842 775 908 810; x_wconf 86' lang='grc' dir='ltr'><strong>τῶν</strong></span> <span class='ocrx_word' id='word_1_71' title='bbox 938 773 1126 824; x_wconf 75' lang='grc' dir='ltr'>Κορινθίων</span> 
     </span>
     <span class='ocr_line' id='line_1_12' title="bbox 92 828 1126 882; baseline 0.001 -15"><span class='ocrx_word' id='word_1_72' title='bbox 92 830 257 876; x_wconf 86' lang='grc' dir='ltr'>ἔκτειναν,</span> <span class='ocrx_word' id='word_1_73' title='bbox 270 829 401 881; x_wconf 83' lang='grc' dir='ltr'>βραχὺν</span> <span class='ocrx_word' id='word_1_74' title='bbox 417 828 536 880; x_wconf 84' lang='grc' dir='ltr'>χρόνον</span> <span class='ocrx_word' id='word_1_75' title='bbox 551 829 771 881; x_wconf 74' lang='grc' dir='ltr'>κατασχόντα</span> <span class='ocrx_word' id='word_1_76' title='bbox 786 830 847 877; x_wconf 76' lang='grc' dir='ltr'><strong>τὴν</strong></span> <span class='ocrx_word' id='word_1_77' title='bbox 859 831 1052 882; x_wconf 81' lang='grc' dir='ltr'>τυραννίδα,</span> <span class='ocrx_word' id='word_1_78' title='bbox 1068 832 1126 868; x_wconf 79' lang='grc' dir='ltr'><strong>καὶ</strong></span> 
     </span>
     <span class='ocr_line' id='line_1_13' title="bbox 90 886 1124 938; baseline 0.001 -14"><span class='ocrx_word' id='word_1_79' title='bbox 90 887 153 934; x_wconf 77' lang='grc' dir='ltr'><strong>τὴν</strong></span> <span class='ocrx_word' id='word_1_80' title='bbox 173 888 272 924; x_wconf 90' lang='grc' dir='ltr'>πόλιν</span> <span class='ocrx_word' id='word_1_81' title='bbox 290 887 545 938; x_wconf 85' lang='grc' dir='ltr'>ἠλευθέρωσαν.</span> <span class='ocrx_word' id='word_1_82' title='bbox 566 886 610 925; x_wconf 91' lang='grc' dir='ltr'>Ὁ</span> <span class='ocrx_word' id='word_1_83' title='bbox 628 886 662 924; x_wconf 81' lang='grc' dir='ltr'><strong>δὲ</strong></span> <span class='ocrx_word' id='word_1_84' title='bbox 683 888 789 937; x_wconf 80' lang='grc' dir='ltr'>δῆμος</span> <span class='ocrx_word' id='word_1_85' title='bbox 806 888 865 931; x_wconf 91' lang='grc' dir='ltr'><strong>τάς</strong></span> <span class='ocrx_word' id='word_1_86' title='bbox 884 904 920 926; x_wconf 89' lang='grc' dir='ltr'><strong>τε</strong></span> <span class='ocrx_word' id='word_1_87' title='bbox 935 888 1041 931; x_wconf 85' lang='grc' dir='ltr'>οἰκίας</span> <span class='ocrx_word' id='word_1_88' title='bbox 1057 892 1124 926; x_wconf 83' lang='grc' dir='ltr'><strong>τῶν</strong></span> 
     </span>
     <span class='ocr_line' id='line_1_14' title="bbox 90 943 1125 995; baseline 0.002 -14"><span class='ocrx_word' id='word_1_89' title='bbox 90 944 261 995; x_wconf 87' lang='grc' dir='ltr'>τυράννων</span> <span class='ocrx_word' id='word_1_90' title='bbox 278 943 477 995; x_wconf 77' lang='grc' dir='ltr'>κατέσκαψε</span> <span class='ocrx_word' id='word_1_91' title='bbox 489 973 499 992; x_wconf 82' lang='lat'>,</span> <span class='ocrx_word' id='word_1_92' title='bbox 514 943 573 980; x_wconf 81' lang='grc' dir='ltr'><strong>καὶ</strong></span> <span class='ocrx_word' id='word_1_93' title='bbox 596 944 654 987; x_wconf 86' lang='grc' dir='ltr'><strong>τὰς</strong></span> <span class='ocrx_word' id='word_1_94' title='bbox 673 946 789 988; x_wconf 81' lang='grc' dir='ltr'>οὐσίας</span> <span class='ocrx_word' id='word_1_95' title='bbox 812 945 1012 995; x_wconf 78' lang='grc' dir='ltr'>ἐδήμευσεν,</span> <span class='ocrx_word' id='word_1_96' title='bbox 1036 946 1125 983; x_wconf 78' lang='grc' dir='ltr'>ἄτα-</span> 
     </span>
     <span class='ocr_line' id='line_1_15' title="bbox 91 1000 1127 1055; baseline 0.002 -16"><span class='ocrx_word' id='word_1_97' title='bbox 91 1001 153 1055; x_wconf 77' lang='grc' dir='ltr'><strong>φόν</strong></span> <span class='ocrx_word' id='word_1_98' title='bbox 176 1017 213 1039; x_wconf 89' lang='grc' dir='ltr'><strong>τε</strong></span> <span class='ocrx_word' id='word_1_99' title='bbox 234 1000 373 1052; x_wconf 81' lang='grc' dir='ltr'>ἐξώρισε</span> <span class='ocrx_word' id='word_1_100' title='bbox 397 1001 453 1038; x_wconf 84' lang='grc' dir='ltr'><strong>τὸν</strong></span> <span class='ocrx_word' id='word_1_101' title='bbox 476 1001 651 1053; x_wconf 77' lang='grc' dir='ltr'>Κύψελον,</span> <span class='ocrx_word' id='word_1_102' title='bbox 679 1003 737 1039; x_wconf 85' lang='grc' dir='ltr'><strong>καὶ</strong></span> <span class='ocrx_word' id='word_1_103' title='bbox 759 1006 825 1040; x_wconf 80' lang='grc' dir='ltr'><strong>τῶν</strong></span> <span class='ocrx_word' id='word_1_104' title='bbox 852 1003 1028 1054; x_wconf 89' lang='grc' dir='ltr'>προγόνων</span> <span class='ocrx_word' id='word_1_105' title='bbox 1050 1003 1127 1047; x_wconf 80' lang='grc' dir='ltr'>τοὺς</span> 
     </span>
     <span class='ocr_line' id='line_1_16' title="bbox 91 1059 1126 1112; baseline 0 -14"><span class='ocrx_word' id='word_1_106' title='bbox 91 1060 218 1112; x_wconf 71' lang='grc' dir='ltr'>τάφους</span> <span class='ocrx_word' id='word_1_107' title='bbox 244 1059 424 1111; x_wconf 82' lang='grc' dir='ltr'>ἀνορύξας,</span> <span class='ocrx_word' id='word_1_108' title='bbox 444 1060 487 1097; x_wconf 81' lang='grc' dir='ltr'><strong>τὰ</strong></span> <span class='ocrx_word' id='word_1_109' title='bbox 509 1062 593 1097; x_wconf 86' lang='grc' dir='ltr'>ὀστᾶ</span> <span class='ocrx_word' id='word_1_110' title='bbox 616 1060 804 1112; x_wconf 75' lang='grc' dir='ltr'>ἐξέρριψεν’</span> <span class='ocrx_word' id='word_1_111' title='bbox 833 1062 932 1104; x_wconf 81' lang='grc' dir='ltr'>αὐτὸς</span> <span class='ocrx_word' id='word_1_112' title='bbox 952 1061 986 1099; x_wconf 83' lang='grc' dir='ltr'><strong>δὲ</strong></span> <span class='ocrx_word' id='word_1_113' title='bbox 1007 1077 1126 1112; x_wconf 85' lang='grc' dir='ltr'>παρα-</span> 
     </span>
     <span class='ocr_line' id='line_1_17' title="bbox 91 1117 1124 1169; baseline 0.001 -15"><span class='ocrx_word' id='word_1_114' title='bbox 91 1121 213 1169; x_wconf 73' lang='grc' dir='ltr'>χρῆμα</span> <span class='ocrx_word' id='word_1_115' title='bbox 241 1117 479 1162; x_wconf 76' lang='grc' dir='ltr'>κατεστήσατο</span> <span class='ocrx_word' id='word_1_116' title='bbox 508 1119 547 1167; x_wconf 86' lang='grc'><strong>(9)</strong></span> <span class='ocrx_word' id='word_1_117' title='bbox 568 1118 743 1155; x_wconf 88' lang='grc' dir='ltr'>πολιτείαν</span> <span class='ocrx_word' id='word_1_118' title='bbox 773 1117 923 1155; x_wconf 84' lang='grc' dir='ltr'>τοιάνδε·</span> <span class='ocrx_word' id='word_1_119' title='bbox 952 1118 1033 1167; x_wconf 88' lang='grc' dir='ltr'>μίαν</span> <span class='ocrx_word' id='word_1_120' title='bbox 1063 1118 1124 1167; x_wconf 82' lang='grc' dir='ltr'><strong>μὲν</strong></span> 
     </span>
     <span class='ocr_line' id='line_1_18' title="bbox 92 1174 1125 1226; baseline 0.001 -14"><span class='ocrx_word' id='word_1_121' title='bbox 92 1176 223 1212; x_wconf 85' lang='grc' dir='ltr'>ὀκτάδα</span> <span class='ocrx_word' id='word_1_122' title='bbox 240 1177 301 1225; x_wconf 74' lang='grc'><strong>(111)</strong></span> <span class='ocrx_word' id='word_1_123' title='bbox 319 1175 520 1226; x_wconf 65' lang='grc' dir='ltr'>προδούλων</span> <span class='ocrx_word' id='word_1_124' title='bbox 532 1174 705 1222; x_wconf 82' lang='grc' dir='ltr'>ἐποίησεν,</span> <span class='ocrx_word' id='word_1_125' title='bbox 722 1177 759 1212; x_wconf 84' lang='grc' dir='ltr'>ἐκ</span> <span class='ocrx_word' id='word_1_126' title='bbox 771 1174 807 1212; x_wconf 80' lang='grc' dir='ltr'><strong>δὲ</strong></span> <span class='ocrx_word' id='word_1_127' title='bbox 820 1177 887 1212; x_wconf 86' lang='grc' dir='ltr'><strong>τῶν</strong></span> <span class='ocrx_word' id='word_1_128' title='bbox 903 1177 1032 1213; x_wconf 84' lang='grc' dir='ltr'>λοιπῶν</span> <span class='ocrx_word' id='word_1_129' title='bbox 1050 1179 1125 1226; x_wconf 86' lang='grc' dir='ltr'>βου-</span> 
     </span>
     <span class='ocr_line' id='line_1_19' title="bbox 89 1232 1125 1286; baseline 0.001 -16"><span class='ocrx_word' id='word_1_130' title='bbox 89 1232 153 1277; x_wconf 78' lang='grc' dir='ltr'><strong>λὴν</strong></span> <span class='ocrx_word' id='word_1_131' title='bbox 173 1232 350 1277; x_wconf 85' lang='grc' dir='ltr'>κατέλεξεν</span> <span class='ocrx_word' id='word_1_132' title='bbox 383 1234 512 1284; x_wconf 88' lang='grc' dir='ltr'>ἀνδρῶν</span> <span class='ocrx_word' id='word_1_133' title='bbox 533 1233 575 1272; x_wconf 87' lang='grc' dir='ltr'><strong>θ’.</strong></span> <span class='ocrx_word' id='word_1_134' title='bbox 600 1233 735 1279; x_wconf 81' lang='grc' dir='ltr'>Ζήτει</span> <span class='ocrx_word' id='word_1_135' title='bbox 763 1234 803 1270; x_wconf 81' lang='grc' dir='ltr'><strong>ἐν</strong></span> <span class='ocrx_word' id='word_1_136' title='bbox 830 1235 885 1285; x_wconf 76' lang='grc' dir='ltr'><strong>τῷ</strong></span> <span class='ocrx_word' id='word_1_137' title='bbox 918 1233 1029 1286; x_wconf 83' lang='grc' dir='ltr'>Περὶ</span> <span class='ocrx_word' id='word_1_138' title='bbox 1049 1250 1125 1272; x_wconf 89' lang='grc' dir='ltr'><strong>πο-</strong></span> 
     </span>
     <span class='ocr_line' id='line_1_20' title="bbox 90 1292 279 1330; baseline 0.005 -2"><span class='ocrx_word' id='word_1_139' title='bbox 90 1292 279 1330; x_wconf 84' lang='grc' dir='ltr'>λιτικῶν.</span> 
     </span>
    </p>
   </div>
   <div class='ocr_carea' id='block_1_3' title="bbox 578 1379 640 1415">
    <p class='ocr_par' dir='ltr' id='par_1_4' title="bbox 578 1379 640 1415">
     <span class='ocr_line' id='line_1_21' title="bbox 578 1379 640 1415; baseline 0.016 -1"><span class='ocrx_word' id='word_1_140' title='bbox 578 1379 640 1415; x_wconf 81' lang='grc'><strong>61.</strong></span> 
     </span>
    </p>
   </div>
   <div class='ocr_carea' id='block_1_4' title="bbox 89 1479 1125 2228">
    <p class='ocr_par' dir='ltr' id='par_1_5' title="bbox 89 1479 1125 2228">
     <span class='ocr_line' id='line_1_22' title="bbox 146 1479 1122 1532; baseline -0.001 -13"><span class='ocrx_word' id='word_1_141' title='bbox 146 1482 246 1520; x_wconf 87' lang='lat' dir='ltr'><strong>Ibid.</strong></span> <span class='ocrx_word' id='word_1_142' title='bbox 271 1496 279 1518; x_wconf 79' lang='lat' dir='ltr'>z</span> <span class='ocrx_word' id='word_1_143' title='bbox 309 1479 396 1525; x_wconf 65' lang='grc' dir='ltr'><strong>ςὈτι</strong></span> <span class='ocrx_word' id='word_1_144' title='bbox 415 1479 544 1532; x_wconf 87' lang='grc' dir='ltr'>Μύρων</span> <span class='ocrx_word' id='word_1_145' title='bbox 567 1483 584 1518; x_wconf 83' lang='grc' dir='ltr'>ὃ</span> <span class='ocrx_word' id='word_1_146' title='bbox 614 1481 813 1519; x_wconf 84' lang='grc' dir='ltr'>Σικυωνίων</span> <span class='ocrx_word' id='word_1_147' title='bbox 847 1481 1024 1532; x_wconf 79' lang='grc' dir='ltr'>βασιλεὺς,</span> <span class='ocrx_word' id='word_1_148' title='bbox 1053 1480 1122 1518; x_wconf 81' lang='grc' dir='ltr'><strong>ἀπὸ</strong></span> 
     </span>
     <span class='ocr_line' id='line_1_23' title="bbox 94 1535 1125 1591; baseline -0.002 -13"><span class='ocrx_word' id='word_1_149' title='bbox 94 1539 306 1591; x_wconf 83' lang='grc' dir='ltr'>Ὀρθαγόρου</span> <span class='ocrx_word' id='word_1_150' title='bbox 322 1539 481 1589; x_wconf 84' lang='grc' dir='ltr'>κατάγων</span> <span class='ocrx_word' id='word_1_151' title='bbox 500 1540 538 1576; x_wconf 82' lang='grc' dir='ltr'><strong>τὸ</strong></span> <span class='ocrx_word' id='word_1_152' title='bbox 555 1540 667 1589; x_wconf 85' lang='grc' dir='ltr'>γένος,</span> <span class='ocrx_word' id='word_1_153' title='bbox 686 1535 727 1586; x_wconf 74' lang='grc' dir='ltr'><strong>ἦν</strong></span> <span class='ocrx_word' id='word_1_154' title='bbox 744 1539 821 1591; x_wconf 87' lang='grc' dir='ltr'>περί</span> <span class='ocrx_word' id='word_1_155' title='bbox 840 1556 876 1577; x_wconf 91' lang='grc' dir='ltr'><strong>τε</strong></span> <span class='ocrx_word' id='word_1_156' title='bbox 894 1540 936 1577; x_wconf 83' lang='grc' dir='ltr'><strong>τὰ</strong></span> <span class='ocrx_word' id='word_1_157' title='bbox 959 1540 1048 1578; x_wconf 85' lang='grc' dir='ltr'>ἄλλα</span> <span class='ocrx_word' id='word_1_158' title='bbox 1068 1541 1125 1578; x_wconf 84' lang='grc' dir='ltr'><strong>καὶ</strong></span> 
     </span>
     <span class='ocr_line' id='line_1_24' title="bbox 89 1597 1123 1649; baseline -0.001 -15"><span class='ocrx_word' id='word_1_159' title='bbox 89 1597 167 1648; x_wconf 80' lang='grc' dir='ltr'>περὶ</span> <span class='ocrx_word' id='word_1_160' title='bbox 186 1598 245 1640; x_wconf 87' lang='grc' dir='ltr'><strong>τὰς</strong></span> <span class='ocrx_word' id='word_1_161' title='bbox 257 1600 419 1649; x_wconf 83' lang='grc' dir='ltr'>γυναῖκας</span> <span class='ocrx_word' id='word_1_162' title='bbox 434 1597 621 1640; x_wconf 83' lang='grc' dir='ltr'>ἀκόλαστος</span> <span class='ocrx_word' id='word_1_163' title='bbox 632 1613 639 1620; x_wconf 93' lang='grc'>·</span> <span class='ocrx_word' id='word_1_164' title='bbox 657 1598 694 1635; x_wconf 79' lang='grc' dir='ltr'><strong>οὐ</strong></span> <span class='ocrx_word' id='word_1_165' title='bbox 711 1599 753 1648; x_wconf 89' lang='grc'><strong>(1)</strong></span> <span class='ocrx_word' id='word_1_166' title='bbox 772 1598 883 1648; x_wconf 84' lang='grc' dir='ltr'>λάθρα</span> <span class='ocrx_word' id='word_1_167' title='bbox 896 1598 1012 1647; x_wconf 81' lang='grc' dir='ltr'>μόνον,</span> <span class='ocrx_word' id='word_1_168' title='bbox 1034 1597 1123 1634; x_wconf 84' lang='grc' dir='ltr'>ἀλλὰ</span> 
     </span>
     <span class='ocr_line' id='line_1_25' title="bbox 91 1655 1123 1708; baseline -0.001 -16"><span class='ocrx_word' id='word_1_169' title='bbox 91 1655 150 1693; x_wconf 79' lang='grc' dir='ltr'><strong>καὶ</strong></span> <span class='ocrx_word' id='word_1_170' title='bbox 167 1658 320 1708; x_wconf 79' lang='grc' dir='ltr'>φανερῶς</span> <span class='ocrx_word' id='word_1_171' title='bbox 335 1655 542 1706; x_wconf 84' lang='grc' dir='ltr'>βιασάμενος</span> <span class='ocrx_word' id='word_1_172' title='bbox 560 1655 707 1706; x_wconf 74' lang='grc' dir='ltr'>ᾔσχυνεν</span> <span class='ocrx_word' id='word_1_173' title='bbox 723 1671 730 1678; x_wconf 90' lang='grc'><em>·</em></span> <span class='ocrx_word' id='word_1_174' title='bbox 747 1657 912 1693; x_wconf 88' lang='grc' dir='ltr'>τελευτῶν</span> <span class='ocrx_word' id='word_1_175' title='bbox 933 1655 968 1692; x_wconf 84' lang='grc' dir='ltr'><strong>δὲ</strong></span> <span class='ocrx_word' id='word_1_176' title='bbox 986 1655 1044 1692; x_wconf 82' lang='grc' dir='ltr'><strong>καὶ</strong></span> <span class='ocrx_word' id='word_1_177' title='bbox 1064 1659 1123 1692; x_wconf 82' lang='grc' dir='ltr'><strong>τοῦ</strong></span> 
     </span>
     <span class='ocr_line' id='line_1_26' title="bbox 94 1713 1124 1765; baseline -0.003 -13"><span class='ocrx_word' id='word_1_178' title='bbox 94 1714 276 1764; x_wconf 82' lang='grc' dir='ltr'>Ἱσοδήμου</span> <span class='ocrx_word' id='word_1_179' title='bbox 287 1718 344 1751; x_wconf 77' lang='grc' dir='ltr'><strong>τοῦ</strong></span> <span class='ocrx_word' id='word_1_180' title='bbox 358 1715 504 1765; x_wconf 74' lang='grc' dir='ltr'>ἀδελφοῦ</span> <span class='ocrx_word' id='word_1_181' title='bbox 520 1719 665 1763; x_wconf 84' lang='grc' dir='ltr'>γυναῖκα</span> <span class='ocrx_word' id='word_1_182' title='bbox 678 1713 891 1764; x_wconf 70' lang='grc' dir='ltr'>ἐμοίχευσεν.</span> <span class='ocrx_word' id='word_1_183' title='bbox 911 1713 956 1752; x_wconf 82' lang='lat' dir='ltr'><strong>‘O</strong></span> <span class='ocrx_word' id='word_1_184' title='bbox 968 1713 1002 1751; x_wconf 82' lang='grc' dir='ltr'><strong>δὲ</strong></span> <span class='ocrx_word' id='word_1_185' title='bbox 1019 1715 1124 1764; x_wconf 82' lang='grc' dir='ltr'>ᾐσθη·</span> 
     </span>
     <span class='ocr_line' id='line_1_27' title="bbox 90 1771 1122 1824; baseline -0.001 -15"><span class='ocrx_word' id='word_1_186' title='bbox 90 1772 209 1821; x_wconf 80' lang='grc' dir='ltr'>μένος,</span> <span class='ocrx_word' id='word_1_187' title='bbox 224 1771 387 1824; x_wconf 87' lang='grc' dir='ltr'>πρότερον</span> <span class='ocrx_word' id='word_1_188' title='bbox 405 1771 465 1821; x_wconf 82' lang='grc' dir='ltr'><strong>μὲν</strong></span> <span class='ocrx_word' id='word_1_189' title='bbox 483 1771 670 1822; x_wconf 71' lang='grc' dir='ltr'>ἡσύχαζεν,</span> <span class='ocrx_word' id='word_1_190' title='bbox 685 1772 814 1809; x_wconf 81' lang='grc' dir='ltr'>ἐλθόντι</span> <span class='ocrx_word' id='word_1_191' title='bbox 827 1772 860 1809; x_wconf 81' lang='grc' dir='ltr'><strong>δὲ</strong></span> <span class='ocrx_word' id='word_1_192' title='bbox 877 1774 914 1809; x_wconf 84' lang='grc' dir='ltr'>ἐκ</span> <span class='ocrx_word' id='word_1_193' title='bbox 930 1771 1063 1817; x_wconf 73' lang='grc' dir='ltr'>Λιὸύης</span> <span class='ocrx_word' id='word_1_194' title='bbox 1079 1771 1122 1821; x_wconf 85' lang='lat'><strong>(2)</strong></span> 
     </span>
     <span class='ocr_line' id='line_1_28' title="bbox 89 1823 1125 1882; baseline -0.002 -15"><span class='ocrx_word' id='word_1_195' title='bbox 89 1832 138 1882; x_wconf 82' lang='grc' dir='ltr'><strong>τῷ</strong></span> <span class='ocrx_word' id='word_1_196' title='bbox 176 1829 280 1882; x_wconf 82' lang='grc' dir='ltr'>ἑτέρῳ</span> <span class='ocrx_word' id='word_1_197' title='bbox 318 1831 453 1881; x_wconf 74' lang='grc' dir='ltr'>ἀδελῳῷ</span> <span class='ocrx_word' id='word_1_198' title='bbox 485 1828 629 1881; x_wconf 76' lang='grc' dir='ltr'>ἔφρασεν</span> <span class='ocrx_word' id='word_1_199' title='bbox 665 1831 858 1879; x_wconf 82' lang='grc' dir='ltr'>ἀδημονῶν.</span> <span class='ocrx_word' id='word_1_200' title='bbox 888 1823 957 1867; x_wconf 48' lang='grc' dir='ltr'><strong>γΗν</strong></span> <span class='ocrx_word' id='word_1_201' title='bbox 997 1829 1034 1873; x_wconf 85' lang='grc' dir='ltr'><strong>δ’,</strong></span> <span class='ocrx_word' id='word_1_202' title='bbox 1080 1826 1125 1871; x_wconf 85' lang='grc' dir='ltr'><strong>ὥς</strong></span> 
     </span>
     <span class='ocr_line' id='line_1_29' title="bbox 92 1883 1124 1940; baseline 0 -15"><span class='ocrx_word' id='word_1_203' title='bbox 92 1903 210 1940; x_wconf 78' lang='grc' dir='ltr'>φασιν,</span> <span class='ocrx_word' id='word_1_204' title='bbox 241 1886 342 1930; x_wconf 80' lang='grc' dir='ltr'>αὐτὸς</span> <span class='ocrx_word' id='word_1_205' title='bbox 375 1888 436 1937; x_wconf 83' lang='grc' dir='ltr'><strong>μὲν</strong></span> <span class='ocrx_word' id='word_1_206' title='bbox 463 1889 594 1930; x_wconf 80' lang='grc' dir='ltr'>ἁπλοῦς</span> <span class='ocrx_word' id='word_1_207' title='bbox 616 1887 654 1924; x_wconf 84' lang='grc' dir='ltr'><strong>τὸ</strong></span> <span class='ocrx_word' id='word_1_208' title='bbox 682 1883 760 1934; x_wconf 67' lang='grc' dir='ltr'>ἦθος</span> <span class='ocrx_word' id='word_1_209' title='bbox 782 1888 840 1925; x_wconf 84' lang='grc' dir='ltr'><strong>καὶ</strong></span> <span class='ocrx_word' id='word_1_210' title='bbox 869 1887 1015 1938; x_wconf 80' lang='grc' dir='ltr'>ἄκακος,</span> <span class='ocrx_word' id='word_1_211' title='bbox 1042 1891 1059 1926; x_wconf 89' lang='grc' dir='ltr'><strong><em>ὃ</em></strong></span> <span class='ocrx_word' id='word_1_212' title='bbox 1088 1887 1124 1925; x_wconf 78' lang='grc' dir='ltr'><strong>δὲ</strong></span> 
     </span>
     <span class='ocr_line' id='line_1_30' title="bbox 95 1945 1120 1998; baseline 0 -15"><span class='ocrx_word' id='word_1_213' title='bbox 95 1946 299 1991; x_wconf 81' lang='grc' dir='ltr'>Κλεισθένης</span> <span class='ocrx_word' id='word_1_214' title='bbox 324 1946 364 1996; x_wconf 86' lang='grc'><strong>(3)</strong></span> <span class='ocrx_word' id='word_1_215' title='bbox 391 1945 511 1988; x_wconf 87' lang='grc' dir='ltr'>δόλιος.</span> <span class='ocrx_word' id='word_1_216' title='bbox 539 1945 611 1984; x_wconf 88' lang='grc' dir='ltr'><strong>Καί</strong></span> <span class='ocrx_word' id='word_1_217' title='bbox 627 1961 710 1983; x_wconf 86' lang='grc' dir='ltr'>ποτε</span> <span class='ocrx_word' id='word_1_218' title='bbox 727 1945 984 1995; x_wconf 82' lang='grc' dir='ltr'>πυνθανομένου</span> <span class='ocrx_word' id='word_1_219' title='bbox 1006 1946 1038 1983; x_wconf 89' lang='grc' dir='ltr'><strong>τί</strong></span> <span class='ocrx_word' id='word_1_220' title='bbox 1053 1946 1120 1998; x_wconf 81' lang='grc' dir='ltr'><strong>χρὴ</strong></span> 
     </span>
     <span class='ocr_line' id='line_1_31' title="bbox 90 1998 1121 2056; baseline 0.002 -16"><span class='ocrx_word' id='word_1_221' title='bbox 90 2009 212 2050; x_wconf 88' lang='grc' dir='ltr'>ποιεῖν,</span> <span class='ocrx_word' id='word_1_222' title='bbox 241 2004 339 2046; x_wconf 80' lang='grc' dir='ltr'>αὐτὸς</span> <span class='ocrx_word' id='word_1_223' title='bbox 362 2004 423 2053; x_wconf 82' lang='grc' dir='ltr'><strong>μὲν</strong></span> <span class='ocrx_word' id='word_1_224' title='bbox 444 1998 536 2041; x_wconf 65' lang='grc' dir='ltr'>εἶπεν</span> <span class='ocrx_word' id='word_1_225' title='bbox 556 2004 626 2042; x_wconf 77' lang='grc' dir='ltr'>οὐδ’</span> <span class='ocrx_word' id='word_1_226' title='bbox 647 2003 687 2041; x_wconf 82' lang='grc' dir='ltr'><strong>ἂν</strong></span> <span class='ocrx_word' id='word_1_227' title='bbox 715 2003 796 2053; x_wconf 89' lang='grc' dir='ltr'>μίαν</span> <span class='ocrx_word' id='word_1_228' title='bbox 818 2003 951 2055; x_wconf 79' lang='grc' dir='ltr'>ἡμέραν</span> <span class='ocrx_word' id='word_1_229' title='bbox 971 2004 1121 2056; x_wconf 76' lang='grc' dir='ltr'>ἀνασχέ-</span> 
     </span>
     <span class='ocr_line' id='line_1_32' title="bbox 89 2060 1120 2113; baseline 0 -14"><span class='ocrx_word' id='word_1_230' title='bbox 89 2066 167 2099; x_wconf 87' lang='grc' dir='ltr'>σθαι</span> <span class='ocrx_word' id='word_1_231' title='bbox 184 2065 323 2099; x_wconf 81' lang='grc' dir='ltr'>τοιαῦτα</span> <span class='ocrx_word' id='word_1_232' title='bbox 342 2060 475 2107; x_wconf 84' lang='grc' dir='ltr'>παθὼν,</span> <span class='ocrx_word' id='word_1_233' title='bbox 496 2060 584 2098; x_wconf 81' lang='grc' dir='ltr'>ἀλλὰ</span> <span class='ocrx_word' id='word_1_234' title='bbox 601 2060 644 2098; x_wconf 82' lang='grc' dir='ltr'><strong>δι’</strong></span> <span class='ocrx_word' id='word_1_235' title='bbox 660 2061 875 2112; x_wconf 78' lang='grc' dir='ltr'>αὐτοχειρίας</span> <span class='ocrx_word' id='word_1_236' title='bbox 892 2061 992 2099; x_wconf 79' lang='grc' dir='ltr'>αὐτὸν</span> <span class='ocrx_word' id='word_1_237' title='bbox 1010 2061 1066 2099; x_wconf 81' lang='grc' dir='ltr'><strong>τὸν</strong></span> <span class='ocrx_word' id='word_1_238' title='bbox 1082 2063 1120 2113; x_wconf 82' lang='grc'><strong>(4)</strong></span> 
     </span>
     <span class='ocr_line' id='line_1_33' title="bbox 90 2117 1122 2171; baseline -0.001 -14"><span class='ocrx_word' id='word_1_239' title='bbox 90 2120 264 2170; x_wconf 81' lang='grc' dir='ltr'>δράσαντα</span> <span class='ocrx_word' id='word_1_240' title='bbox 284 2119 562 2168; x_wconf 76' lang='grc' dir='ltr'>τιμωρήσασθαι.</span> <span class='ocrx_word' id='word_1_241' title='bbox 580 2117 709 2168; x_wconf 71' lang='grc' dir='ltr'>’Ἔλεγε</span> <span class='ocrx_word' id='word_1_242' title='bbox 735 2119 769 2156; x_wconf 79' lang='grc' dir='ltr'><strong>δὲ</strong></span> <span class='ocrx_word' id='word_1_243' title='bbox 799 2123 908 2157; x_wconf 80' lang='grc' dir='ltr'>ταῦτα</span> <span class='ocrx_word' id='word_1_244' title='bbox 927 2119 986 2156; x_wconf 81' lang='grc' dir='ltr'><strong>καὶ</strong></span> <span class='ocrx_word' id='word_1_245' title='bbox 1003 2119 1122 2171; x_wconf 86' lang='grc' dir='ltr'>παρώ-</span> 
     </span>
     <span class='ocr_line' id='line_1_34' title="bbox 91 2176 1124 2228; baseline 0 -14"><span class='ocrx_word' id='word_1_246' title='bbox 91 2177 161 2220; x_wconf 84' lang='grc' dir='ltr'>ξυνε</span> <span class='ocrx_word' id='word_1_247' title='bbox 186 2177 243 2214; x_wconf 80' lang='grc' dir='ltr'><strong>τὸν</strong></span> <span class='ocrx_word' id='word_1_248' title='bbox 275 2176 459 2226; x_wconf 83' lang='grc' dir='ltr'>Ἰσόδημον</span> <span class='ocrx_word' id='word_1_249' title='bbox 485 2176 543 2213; x_wconf 80' lang='grc' dir='ltr'><strong>ἐπὶ</strong></span> <span class='ocrx_word' id='word_1_250' title='bbox 559 2176 615 2214; x_wconf 84' lang='grc' dir='ltr'><strong>τὸν</strong></span> <span class='ocrx_word' id='word_1_251' title='bbox 634 2176 805 2228; x_wconf 85' lang='grc' dir='ltr'>Μύρωνα,</span> <span class='ocrx_word' id='word_1_252' title='bbox 822 2176 1051 2214; x_wconf 59' lang='grc' dir='ltr'>ἐπιδουλεύων</span> <span class='ocrx_word' id='word_1_253' title='bbox 1081 2180 1124 2228; x_wconf 78' lang='grc' dir='ltr'><strong>τῇ</strong></span> 
     </span>
    </p>
   </div>
   <div class='ocr_carea' id='block_1_5' title="bbox 89 2285 1725 2327">
    <p class='ocr_par' dir='ltr' id='par_1_6' title="bbox 89 2285 1725 2327">
     <span class='ocr_line' id='line_1_35' title="bbox 89 2285 1725 2327; baseline -0.001 -10"><span class='ocrx_word' id='word_1_254' title='bbox 89 2306 129 2313; x_wconf 83' lang='grc'><strong>-</strong></span> <span class='ocrx_word' id='word_1_255' title='bbox 150 2289 180 2318; x_wconf 84' lang='grc'><strong>4.</strong></span> <span class='ocrx_word' id='word_1_256' title='bbox 208 2286 496 2327; x_wconf 80' lang='grc' dir='ltr'>προσσχόντες]</span> <span class='ocrx_word' id='word_1_257' title='bbox 525 2287 710 2327; x_wconf 78' lang='grc' dir='ltr'>προσχόντες</span> <span class='ocrx_word' id='word_1_258' title='bbox 736 2287 848 2318; x_wconf 83' lang='lat' dir='ltr'><strong>codex.</strong></span> <span class='ocrx_word' id='word_1_259' title='bbox 882 2287 933 2318; x_wconf 79' lang='lat' dir='ltr'><strong>Sic</strong></span> <span class='ocrx_word' id='word_1_260' title='bbox 962 2287 1056 2318; x_wconf 84' lang='lat' dir='ltr'><strong>etiam</strong></span> <span class='ocrx_word' id='word_1_261' title='bbox 1092 2286 1192 2318; x_wconf 83' lang='lat' dir='ltr'>codex</span> <span class='ocrx_word' id='word_1_262' title='bbox 1221 2286 1421 2317; x_wconf 79' lang='lat' dir='ltr'><strong>Florentinus</strong></span> <span class='ocrx_word' id='word_1_263' title='bbox 1448 2285 1597 2316; x_wconf 84' lang='lat' dir='ltr'><strong>Herodoti</strong></span> <span class='ocrx_word' id='word_1_264' title='bbox 1626 2285 1647 2316; x_wconf 90' lang='lat' dir='ltr'><strong>l.</strong></span> <span class='ocrx_word' id='word_1_265' title='bbox 1670 2285 1692 2316; x_wconf 94' lang='lat' dir='ltr'><strong>l.</strong></span> <span class='ocrx_word' id='word_1_266' title='bbox 1717 2297 1725 2316; x_wconf 93' lang='lat'><strong>:</strong></span> 
     </span>
    </p>
   </div>
   <div class='ocr_carea' id='block_1_6' title="bbox 892 169 1416 212">
    <p class='ocr_par' dir='ltr' id='par_1_7' title="bbox 892 169 1416 212">
     <span class='ocr_line' id='line_1_36' title="bbox 892 169 1416 212; baseline 0.013 -7"><span class='ocrx_word' id='word_1_267' title='bbox 892 169 1097 208; x_wconf 89' lang='lat' dir='ltr'><strong>NlCOLAI</strong></span> <span class='ocrx_word' id='word_1_268' title='bbox 1127 172 1416 212; x_wconf 75' lang='lat' dir='ltr'><strong>DAMASCEN!</strong></span> 
     </span>
    </p>
   </div>
   <div class='ocr_carea' id='block_1_7' title="bbox 1187 264 2223 577">
    <p class='ocr_par' dir='ltr' id='par_1_8' title="bbox 1187 264 2223 577">
     <span class='ocr_line' id='line_1_37' title="bbox 1192 264 2223 311; baseline 0.011 -18"><span class='ocrx_word' id='word_1_269' title='bbox 1192 271 1297 303; x_wconf 88' lang='lat' dir='ltr'><strong>mero,</strong></span> <span class='ocrx_word' id='word_1_270' title='bbox 1321 264 1361 295; x_wconf 92' lang='lat' dir='ltr'><strong>ad</strong></span> <span class='ocrx_word' id='word_1_271' title='bbox 1378 265 1523 304; x_wconf 78' lang='lat' dir='ltr'><strong>Alyatten</strong></span> <span class='ocrx_word' id='word_1_272' title='bbox 1552 266 1714 305; x_wconf 75' lang='lat' dir='ltr'>Lydorum</span> <span class='ocrx_word' id='word_1_273' title='bbox 1737 275 1839 306; x_wconf 84' lang='lat' dir='ltr'><strong>regem</strong></span> <span class='ocrx_word' id='word_1_274' title='bbox 1856 268 1956 308; x_wconf 82' lang='lat' dir='ltr'>misit,</span> <span class='ocrx_word' id='word_1_275' title='bbox 1981 269 2013 300; x_wconf 91' lang='lat' dir='ltr'><strong>in</strong></span> <span class='ocrx_word' id='word_1_276' title='bbox 2031 271 2122 311; x_wconf 75' lang='lat' dir='ltr'><strong>quus</strong></span> <span class='ocrx_word' id='word_1_277' title='bbox 2146 281 2223 305; x_wconf 84' lang='lat' dir='ltr'><strong>usus</strong></span> 
     </span>
     <span class='ocr_line' id='line_1_38' title="bbox 1189 333 2221 380; baseline 0.009 -18"><span class='ocrx_word' id='word_1_278' title='bbox 1189 333 1413 364; x_wconf 89' lang='lat' dir='ltr'><strong>castrarentur.</strong></span> <span class='ocrx_word' id='word_1_279' title='bbox 1430 334 1469 365; x_wconf 81' lang='lat' dir='ltr'><strong>lli</strong></span> <span class='ocrx_word' id='word_1_280' title='bbox 1490 334 1609 365; x_wconf 77' lang='lat' dir='ltr'><strong>veroin</strong></span> <span class='ocrx_word' id='word_1_281' title='bbox 1631 336 1762 366; x_wconf 89' lang='lat' dir='ltr'><strong>Samum</strong></span> <span class='ocrx_word' id='word_1_282' title='bbox 1781 336 1973 376; x_wconf 84' lang='lat' dir='ltr'>appellentes</span> <span class='ocrx_word' id='word_1_283' title='bbox 1994 339 2128 370; x_wconf 69' lang='lat' dir='ltr'><strong>,lunonis</strong></span> <span class='ocrx_word' id='word_1_284' title='bbox 2145 349 2221 380; x_wconf 88' lang='lat' dir='ltr'><strong>sup-</strong></span> 
     </span>
     <span class='ocr_line' id='line_1_39' title="bbox 1190 401 2222 446; baseline 0.008 -15"><span class='ocrx_word' id='word_1_285' title='bbox 1190 401 1286 440; x_wconf 86' lang='lat' dir='ltr'><strong>plices</strong></span> <span class='ocrx_word' id='word_1_286' title='bbox 1300 401 1373 433; x_wconf 84' lang='lat' dir='ltr'><strong>sacti</strong></span> <span class='ocrx_word' id='word_1_287' title='bbox 1386 426 1395 441; x_wconf 91' lang='lat'>‚</span> <span class='ocrx_word' id='word_1_288' title='bbox 1412 403 1443 433; x_wconf 89' lang='lat' dir='ltr'><strong>et</strong></span> <span class='ocrx_word' id='word_1_289' title='bbox 1457 410 1475 432; x_wconf 92' lang='lat' dir='ltr'><strong>a</strong></span> <span class='ocrx_word' id='word_1_290' title='bbox 1488 402 1618 442; x_wconf 88' lang='lat' dir='ltr'><strong>Samiis,</strong></span> <span class='ocrx_word' id='word_1_291' title='bbox 1634 403 1689 443; x_wconf 89' lang='lat' dir='ltr'><strong>qui</strong></span> <span class='ocrx_word' id='word_1_292' title='bbox 1707 404 1807 434; x_wconf 91' lang='lat' dir='ltr'><strong>totam</strong></span> <span class='ocrx_word' id='word_1_293' title='bbox 1825 412 1890 435; x_wconf 90' lang='lat' dir='ltr'><strong>rem</strong></span> <span class='ocrx_word' id='word_1_294' title='bbox 1904 408 2143 446; x_wconf 81' lang='lat' dir='ltr'><strong>compererant,</strong></span> <span class='ocrx_word' id='word_1_295' title='bbox 2154 416 2222 439; x_wconf 87' lang='lat' dir='ltr'><strong>ser-</strong></span> 
     </span>
     <span class='ocr_line' id='line_1_40' title="bbox 1189 469 2222 512; baseline 0.008 -13"><span class='ocrx_word' id='word_1_296' title='bbox 1189 469 1250 499; x_wconf 84' lang='lat' dir='ltr'><strong>vati</strong></span> <span class='ocrx_word' id='word_1_297' title='bbox 1276 470 1360 500; x_wconf 94' lang='lat' dir='ltr'><strong>sunt.</strong></span> <span class='ocrx_word' id='word_1_298' title='bbox 1386 469 1568 507; x_wconf 85' lang='lat' dir='ltr'>Periander,</span> <span class='ocrx_word' id='word_1_299' title='bbox 1596 472 1763 510; x_wconf 84' lang='lat' dir='ltr'>postquam</span> <span class='ocrx_word' id='word_1_300' title='bbox 1789 473 1963 512; x_wconf 87' lang='lat' dir='ltr'><strong>Corcyram</strong></span> <span class='ocrx_word' id='word_1_301' title='bbox 1989 475 2222 507; x_wconf 88' lang='lat' dir='ltr'><strong>Psammeticho</strong></span> 
     </span>
     <span class='ocr_line' id='line_1_41' title="bbox 1187 537 2124 577; baseline 0.006 -8"><span class='ocrx_word' id='word_1_302' title='bbox 1187 537 1282 577; x_wconf 84' lang='lat' dir='ltr'><strong>Gorgi</strong></span> <span class='ocrx_word' id='word_1_303' title='bbox 1296 537 1399 569; x_wconf 80' lang='lat' dir='ltr'><strong>fratris</strong></span> <span class='ocrx_word' id='word_1_304' title='bbox 1413 537 1478 569; x_wconf 90' lang='lat' dir='ltr'><strong>tilio</strong></span> <span class='ocrx_word' id='word_1_305' title='bbox 1491 538 1682 577; x_wconf 90' lang='lat' dir='ltr'><strong>tradiderat,</strong></span> <span class='ocrx_word' id='word_1_306' title='bbox 1704 540 1894 572; x_wconf 88' lang='lat' dir='ltr'><strong>Corinthum</strong></span> <span class='ocrx_word' id='word_1_307' title='bbox 1907 542 1955 573; x_wconf 91' lang='lat' dir='ltr'><strong>est</strong></span> <span class='ocrx_word' id='word_1_308' title='bbox 1971 550 2124 575; x_wconf 87' lang='lat' dir='ltr'><strong>reversus.</strong></span> 
     </span>
    </p>
   </div>
   <div class='ocr_carea' id='block_1_8' title="bbox 1230 607 2227 653">
    <p class='ocr_par' dir='ltr' id='par_1_9' title="bbox 1230 607 2227 653">
     <span class='ocr_line' id='line_1_42' title="bbox 1230 607 2227 653; baseline 0.009 -16"><span class='ocrx_word' id='word_1_309' title='bbox 1230 609 1454 638; x_wconf 84' lang='lat' dir='ltr'><strong>successorum</strong></span> <span class='ocrx_word' id='word_1_310' title='bbox 1482 607 1570 647; x_wconf 84' lang='lat' dir='ltr'><strong>regni</strong></span> <span class='ocrx_word' id='word_1_311' title='bbox 1596 609 1766 641; x_wconf 85' lang='lat' dir='ltr'><strong>Periander</strong></span> <span class='ocrx_word' id='word_1_312' title='bbox 1786 610 1914 651; x_wconf 90' lang='lat' dir='ltr'><strong>reliquit</strong></span> <span class='ocrx_word' id='word_1_313' title='bbox 1937 613 2106 652; x_wconf 78' lang='lat' dir='ltr'>Cypselum</span> <span class='ocrx_word' id='word_1_314' title='bbox 2129 615 2227 653; x_wconf 76' lang='lat' dir='ltr'><strong>Gorgi</strong></span> 
     </span>
    </p>
   </div>
   <div class='ocr_carea' id='block_1_9' title="bbox 1186 681 2223 870">
    <p class='ocr_par' dir='ltr' id='par_1_10' title="bbox 1186 681 2223 870">
     <span class='ocr_line' id='line_1_43' title="bbox 1186 681 2220 728; baseline 0.008 -16"><span class='ocrx_word' id='word_1_315' title='bbox 1186 681 1288 713; x_wconf 83' lang='lat' dir='ltr'><strong>fratris</strong></span> <span class='ocrx_word' id='word_1_316' title='bbox 1304 682 1416 720; x_wconf 86' lang='lat' dir='ltr'><strong>tilium,</strong></span> <span class='ocrx_word' id='word_1_317' title='bbox 1431 682 1535 722; x_wconf 86' lang='lat' dir='ltr'><strong>quiex</strong></span> <span class='ocrx_word' id='word_1_318' title='bbox 1547 684 1688 724; x_wconf 84' lang='lat' dir='ltr'><strong>Corcyra</strong></span> <span class='ocrx_word' id='word_1_319' title='bbox 1698 685 1886 717; x_wconf 87' lang='lat' dir='ltr'><strong>Corinthum</strong></span> <span class='ocrx_word' id='word_1_320' title='bbox 1903 687 2062 727; x_wconf 82' lang='lat' dir='ltr'><strong>profectus</strong></span> <span class='ocrx_word' id='word_1_321' title='bbox 2079 689 2220 728; x_wconf 88' lang='lat' dir='ltr'><strong>tyranni-</strong></span> 
     </span>
     <span class='ocr_line' id='line_1_44' title="bbox 1188 751 2223 793; baseline 0.009 -11"><span class='ocrx_word' id='word_1_322' title='bbox 1188 751 1260 784; x_wconf 90' lang='lat' dir='ltr'><strong>dem</strong></span> <span class='ocrx_word' id='word_1_323' title='bbox 1275 761 1329 792; x_wconf 93' lang='lat' dir='ltr'><strong>per</strong></span> <span class='ocrx_word' id='word_1_324' title='bbox 1346 751 1442 784; x_wconf 81' lang='lat' dir='ltr'><strong>breve</strong></span> <span class='ocrx_word' id='word_1_325' title='bbox 1455 753 1581 792; x_wconf 88' lang='lat' dir='ltr'><strong>tempus</strong></span> <span class='ocrx_word' id='word_1_326' title='bbox 1593 753 1749 793; x_wconf 92' lang='lat' dir='ltr'><strong>obtinuit,</strong></span> <span class='ocrx_word' id='word_1_327' title='bbox 1764 754 1866 787; x_wconf 86' lang='lat' dir='ltr'><strong>donec</strong></span> <span class='ocrx_word' id='word_1_328' title='bbox 1884 756 2124 789; x_wconf 88' lang='lat' dir='ltr'><strong>Corinthiorum</strong></span> <span class='ocrx_word' id='word_1_329' title='bbox 2141 767 2223 791; x_wconf 88' lang='lat' dir='ltr'><strong>non-</strong></span> 
     </span>
     <span class='ocr_line' id='line_1_45' title="bbox 1187 824 2220 870; baseline 0.009 -16"><span class='ocrx_word' id='word_1_330' title='bbox 1187 824 1265 855; x_wconf 90' lang='lat' dir='ltr'><strong>nulli</strong></span> <span class='ocrx_word' id='word_1_331' title='bbox 1279 824 1310 854; x_wconf 90' lang='lat' dir='ltr'><strong>in</strong></span> <span class='ocrx_word' id='word_1_332' title='bbox 1325 824 1492 855; x_wconf 81' lang='lat' dir='ltr'><strong>factionem</strong></span> <span class='ocrx_word' id='word_1_333' title='bbox 1510 825 1661 856; x_wconf 87' lang='lat' dir='ltr'><strong>coeuntes</strong></span> <span class='ocrx_word' id='word_1_334' title='bbox 1676 834 1750 858; x_wconf 90' lang='lat' dir='ltr'><strong>eum</strong></span> <span class='ocrx_word' id='word_1_335' title='bbox 1766 829 1922 860; x_wconf 86' lang='lat' dir='ltr'><strong>necarunt</strong></span> <span class='ocrx_word' id='word_1_336' title='bbox 1942 829 2121 870; x_wconf 88' lang='lat' dir='ltr'><strong>urbemque</strong></span> <span class='ocrx_word' id='word_1_337' title='bbox 2140 831 2220 864; x_wconf 88' lang='lat' dir='ltr'><strong>libe-</strong></span> 
     </span>
    </p>
   </div>
   <div class='ocr_carea' id='block_1_10' title="bbox 1186 897 2223 1352">
    <p class='ocr_par' dir='ltr' id='par_1_11' title="bbox 1186 897 2223 1352">
     <span class='ocr_line' id='line_1_46' title="bbox 1187 897 2221 943; baseline 0.008 -16"><span class='ocrx_word' id='word_1_338' title='bbox 1187 898 1306 929; x_wconf 83' lang='lat' dir='ltr'><strong>rarunt.</strong></span> <span class='ocrx_word' id='word_1_339' title='bbox 1332 897 1473 937; x_wconf 91' lang='lat' dir='ltr'><strong>Populus</strong></span> <span class='ocrx_word' id='word_1_340' title='bbox 1497 906 1573 929; x_wconf 77' lang='lat' dir='ltr'><strong>vero</strong></span> <span class='ocrx_word' id='word_1_341' title='bbox 1599 897 1714 930; x_wconf 90' lang='lat' dir='ltr'><strong>domus</strong></span> <span class='ocrx_word' id='word_1_342' title='bbox 1738 900 1948 938; x_wconf 86' lang='lat' dir='ltr'><strong>tyrannorum</strong></span> <span class='ocrx_word' id='word_1_343' title='bbox 1973 902 2040 933; x_wconf 89' lang='lat' dir='ltr'><strong>solo</strong></span> <span class='ocrx_word' id='word_1_344' title='bbox 2061 903 2221 943; x_wconf 69' lang='lat' dir='ltr'><strong>aequavit,</strong></span> 
     </span>
     <span class='ocr_line' id='line_1_47' title="bbox 1186 966 2220 1009; baseline 0.008 -13"><span class='ocrx_word' id='word_1_345' title='bbox 1186 966 1268 997; x_wconf 89' lang='lat' dir='ltr'><strong>bona</strong></span> <span class='ocrx_word' id='word_1_346' title='bbox 1285 975 1394 997; x_wconf 86' lang='lat' dir='ltr'><strong>eorum</strong></span> <span class='ocrx_word' id='word_1_347' title='bbox 1417 966 1608 1006; x_wconf 80' lang='lat' dir='ltr'><strong>publicavit,</strong></span> <span class='ocrx_word' id='word_1_348' title='bbox 1632 967 1800 1008; x_wconf 85' lang='lat' dir='ltr'>Cypselum</span> <span class='ocrx_word' id='word_1_349' title='bbox 1817 969 2013 1009; x_wconf 88' lang='lat' dir='ltr'><strong>insepultum</strong></span> <span class='ocrx_word' id='word_1_350' title='bbox 2035 973 2126 1002; x_wconf 85' lang='lat' dir='ltr'><strong>extra</strong></span> <span class='ocrx_word' id='word_1_351' title='bbox 2142 972 2220 1004; x_wconf 86' lang='lat' dir='ltr'><strong>lines</strong></span> 
     </span>
     <span class='ocr_line' id='line_1_48' title="bbox 1186 1035 2221 1081; baseline 0.008 -15"><span class='ocrx_word' id='word_1_352' title='bbox 1186 1035 1328 1075; x_wconf 89' lang='lat' dir='ltr'><strong>projecit,</strong></span> <span class='ocrx_word' id='word_1_353' title='bbox 1343 1039 1375 1067; x_wconf 82' lang='lat' dir='ltr'><strong>et</strong></span> <span class='ocrx_word' id='word_1_354' title='bbox 1388 1035 1544 1075; x_wconf 82' lang='lat' dir='ltr'><strong>majomm</strong></span> <span class='ocrx_word' id='word_1_355' title='bbox 1558 1038 1625 1076; x_wconf 85' lang='lat' dir='ltr'><strong>ejus</strong></span> <span class='ocrx_word' id='word_1_356' title='bbox 1640 1045 1710 1068; x_wconf 88' lang='lat' dir='ltr'><strong>ossa</strong></span> <span class='ocrx_word' id='word_1_357' title='bbox 1723 1046 1740 1069; x_wconf 89' lang='lat' dir='ltr'><strong>e</strong></span> <span class='ocrx_word' id='word_1_358' title='bbox 1754 1038 1907 1078; x_wconf 87' lang='lat' dir='ltr'>sepulcris</span> <span class='ocrx_word' id='word_1_359' title='bbox 1921 1039 2035 1071; x_wconf 80' lang='lat' dir='ltr'><strong>effossa</strong></span> <span class='ocrx_word' id='word_1_360' title='bbox 2050 1040 2221 1081; x_wconf 87' lang='lat' dir='ltr'><strong>dissipavit.</strong></span> 
     </span>
     <span class='ocr_line' id='line_1_49' title="bbox 1187 1106 2219 1146; baseline 0.006 -10"><span class='ocrx_word' id='word_1_361' title='bbox 1187 1108 1233 1137; x_wconf 82' lang='lat' dir='ltr'><strong>Ac</strong></span> <span class='ocrx_word' id='word_1_362' title='bbox 1266 1106 1332 1145; x_wconf 88' lang='lat' dir='ltr'><strong>ipse</strong></span> <span class='ocrx_word' id='word_1_363' title='bbox 1357 1106 1523 1137; x_wconf 83' lang='lat' dir='ltr'><strong>confestim</strong></span> <span class='ocrx_word' id='word_1_364' title='bbox 1547 1106 1777 1146; x_wconf 84' lang='lat' dir='ltr'><strong>rempublicam</strong></span> <span class='ocrx_word' id='word_1_365' title='bbox 1807 1108 1866 1140; x_wconf 90' lang='lat' dir='ltr'><strong>sibi</strong></span> <span class='ocrx_word' id='word_1_366' title='bbox 1889 1109 2055 1141; x_wconf 79' lang='lat' dir='ltr'><strong>constituit</strong></span> <span class='ocrx_word' id='word_1_367' title='bbox 2078 1110 2163 1142; x_wconf 88' lang='lat' dir='ltr'><strong>hunc</strong></span> <span class='ocrx_word' id='word_1_368' title='bbox 2188 1111 2219 1143; x_wconf 91' lang='lat' dir='ltr'><strong>in</strong></span> 
     </span>
     <span class='ocr_line' id='line_1_50' title="bbox 1188 1173 2223 1219; baseline 0.007 -15"><span class='ocrx_word' id='word_1_369' title='bbox 1188 1173 1320 1205; x_wconf 89' lang='lat' dir='ltr'><strong>modum</strong></span> <span class='ocrx_word' id='word_1_370' title='bbox 1344 1184 1351 1205; x_wconf 90' lang='lat'>:</span> <span class='ocrx_word' id='word_1_371' title='bbox 1368 1182 1465 1205; x_wconf 92' lang='lat' dir='ltr'><strong>unam</strong></span> <span class='ocrx_word' id='word_1_372' title='bbox 1485 1174 1630 1206; x_wconf 84' lang='lat' dir='ltr'><strong>octadem</strong></span> <span class='ocrx_word' id='word_1_373' title='bbox 1652 1175 1823 1215; x_wconf 77' lang='lat' dir='ltr'><strong>praesidum</strong></span> <span class='ocrx_word' id='word_1_374' title='bbox 1848 1177 1940 1216; x_wconf 82' lang='lat' dir='ltr'><strong>fecit,</strong></span> <span class='ocrx_word' id='word_1_375' title='bbox 1961 1186 2001 1209; x_wconf 93' lang='lat' dir='ltr'><strong>ex</strong></span> <span class='ocrx_word' id='word_1_376' title='bbox 2021 1178 2150 1219; x_wconf 90' lang='lat' dir='ltr'><strong>reliquis</strong></span> <span class='ocrx_word' id='word_1_377' title='bbox 2173 1188 2223 1211; x_wconf 90' lang='lat' dir='ltr'><strong>se-</strong></span> 
     </span>
     <span class='ocr_line' id='line_1_51' title="bbox 1187 1242 2220 1285; baseline 0.005 -11"><span class='ocrx_word' id='word_1_378' title='bbox 1187 1244 1297 1274; x_wconf 89' lang='lat' dir='ltr'><strong>natum</strong></span> <span class='ocrx_word' id='word_1_379' title='bbox 1323 1243 1416 1283; x_wconf 84' lang='lat' dir='ltr'><strong>elegit</strong></span> <span class='ocrx_word' id='word_1_380' title='bbox 1438 1242 1581 1274; x_wconf 87' lang='lat' dir='ltr'><strong>virorum</strong></span> <span class='ocrx_word' id='word_1_381' title='bbox 1596 1243 1871 1285; x_wconf 73' lang='lat' dir='ltr'><strong>(quadraqinta)</strong></span> <span class='ocrx_word' id='word_1_382' title='bbox 1892 1254 2017 1278; x_wconf 77' lang='lat' dir='ltr'><strong>novem.</strong></span> <span class='ocrx_word' id='word_1_383' title='bbox 2044 1249 2165 1284; x_wconf 80' lang='lat' dir='ltr'><strong>Quoere</strong></span> <span class='ocrx_word' id='word_1_384' title='bbox 2180 1249 2220 1279; x_wconf 78' lang='lat' dir='ltr'><strong>in</strong></span> 
     </span>
     <span class='ocr_line' id='line_1_52' title="bbox 1190 1310 1628 1352; baseline 0 -9"><span class='ocrx_word' id='word_1_385' title='bbox 1190 1314 1273 1343; x_wconf 78' lang='lat' dir='ltr'><strong>Exc.</strong></span> <span class='ocrx_word' id='word_1_386' title='bbox 1299 1310 1344 1344; x_wconf 83' lang='lat' dir='ltr'><strong>De</strong></span> <span class='ocrx_word' id='word_1_387' title='bbox 1356 1311 1456 1343; x_wconf 80' lang='lat' dir='ltr'><strong>rebus</strong></span> <span class='ocrx_word' id='word_1_388' title='bbox 1466 1312 1628 1352; x_wconf 75' lang='lat' dir='ltr'><strong>politicis.</strong></span> 
     </span>
    </p>
   </div>
   <div class='ocr_carea' id='block_1_11' title="bbox 1676 1392 1730 1423">
    <p class='ocr_par' dir='ltr' id='par_1_12' title="bbox 1676 1392 1730 1423">
     <span class='ocr_line' id='line_1_53' title="bbox 1676 1392 1730 1423; baseline 0 -1"><span class='ocrx_word' id='word_1_389' title='bbox 1676 1392 1730 1423; x_wconf 72' lang='lat'><strong>61.</strong></span> 
     </span>
    </p>
   </div>
   <div class='ocr_carea' id='block_1_12' title="bbox 1186 1484 2229 2221">
    <p class='ocr_par' dir='ltr' id='par_1_13' title="bbox 1186 1484 2229 2221">
     <span class='ocr_line' id='line_1_54' title="bbox 1227 1484 2219 1526; baseline 0.003 -11"><span class='ocrx_word' id='word_1_390' title='bbox 1227 1486 1339 1525; x_wconf 81' lang='lat' dir='ltr'><strong>Myron</strong></span> <span class='ocrx_word' id='word_1_391' title='bbox 1353 1484 1571 1524; x_wconf 75' lang='lat' dir='ltr'><strong>Sicyoniorum</strong></span> <span class='ocrx_word' id='word_1_392' title='bbox 1591 1485 1764 1525; x_wconf 81' lang='lat' dir='ltr'><strong>tyrannus,</strong></span> <span class='ocrx_word' id='word_1_393' title='bbox 1788 1485 1828 1516; x_wconf 95' lang='lat' dir='ltr'><strong>ab</strong></span> <span class='ocrx_word' id='word_1_394' title='bbox 1849 1485 2026 1525; x_wconf 82' lang='lat' dir='ltr'><strong>Orthagora</strong></span> <span class='ocrx_word' id='word_1_395' title='bbox 2042 1495 2140 1526; x_wconf 85' lang='lat' dir='ltr'><strong>genus</strong></span> <span class='ocrx_word' id='word_1_396' title='bbox 2158 1486 2219 1518; x_wconf 85' lang='lat' dir='ltr'><strong>du-</strong></span> 
     </span>
     <span class='ocr_line' id='line_1_55' title="bbox 1186 1542 2223 1583; baseline 0.003 -11"><span class='ocrx_word' id='word_1_397' title='bbox 1186 1551 1278 1582; x_wconf 86' lang='lat' dir='ltr'><strong>cens,</strong></span> <span class='ocrx_word' id='word_1_398' title='bbox 1295 1543 1364 1574; x_wconf 91' lang='lat' dir='ltr'><strong>tum</strong></span> <span class='ocrx_word' id='word_1_399' title='bbox 1385 1542 1417 1573; x_wconf 93' lang='lat' dir='ltr'><strong>in</strong></span> <span class='ocrx_word' id='word_1_400' title='bbox 1439 1542 1568 1582; x_wconf 89' lang='lat' dir='ltr'><strong>reliquis</strong></span> <span class='ocrx_word' id='word_1_401' title='bbox 1583 1543 1651 1573; x_wconf 87' lang='lat' dir='ltr'><strong>tum</strong></span> <span class='ocrx_word' id='word_1_402' title='bbox 1669 1543 1753 1573; x_wconf 86' lang='lat' dir='ltr'><strong>cirea</strong></span> <span class='ocrx_word' id='word_1_403' title='bbox 1772 1543 1921 1574; x_wconf 85' lang='lat' dir='ltr'><strong>mulieres</strong></span> <span class='ocrx_word' id='word_1_404' title='bbox 1937 1542 2108 1583; x_wconf 84' lang='lat' dir='ltr'><strong>flagitiosus</strong></span> <span class='ocrx_word' id='word_1_405' title='bbox 2133 1545 2223 1583; x_wconf 78' lang='lat' dir='ltr'><strong>erat,</strong></span> 
     </span>
     <span class='ocr_line' id='line_1_56' title="bbox 1187 1600 2223 1641; baseline 0.002 -10"><span class='ocrx_word' id='word_1_406' title='bbox 1187 1609 1265 1640; x_wconf 92' lang='lat' dir='ltr'><strong>quas</strong></span> <span class='ocrx_word' id='word_1_407' title='bbox 1278 1609 1341 1631; x_wconf 93' lang='lat' dir='ltr'><strong>non</strong></span> <span class='ocrx_word' id='word_1_408' title='bbox 1357 1600 1537 1631; x_wconf 91' lang='lat' dir='ltr'><strong>clanculum</strong></span> <span class='ocrx_word' id='word_1_409' title='bbox 1554 1600 1649 1631; x_wconf 85' lang='lat' dir='ltr'><strong>modo</strong></span> <span class='ocrx_word' id='word_1_410' title='bbox 1668 1600 1723 1631; x_wconf 90' lang='lat' dir='ltr'><strong>sed</strong></span> <span class='ocrx_word' id='word_1_411' title='bbox 1734 1601 1838 1640; x_wconf 87' lang='lat' dir='ltr'><strong>palam</strong></span> <span class='ocrx_word' id='word_1_412' title='bbox 1849 1601 1945 1632; x_wconf 89' lang='lat' dir='ltr'><strong>etiam</strong></span> <span class='ocrx_word' id='word_1_413' title='bbox 1963 1603 2111 1641; x_wconf 87' lang='lat' dir='ltr'><strong>stuprans</strong></span> <span class='ocrx_word' id='word_1_414' title='bbox 2124 1601 2223 1633; x_wconf 92' lang='lat' dir='ltr'><strong>deho-</strong></span> 
     </span>
     <span class='ocr_line' id='line_1_57' title="bbox 1187 1658 2221 1691; baseline 0.002 -2"><span class='ocrx_word' id='word_1_415' title='bbox 1187 1659 1334 1689; x_wconf 80' lang='lat' dir='ltr'><strong>nestavit.</strong></span> <span class='ocrx_word' id='word_1_416' title='bbox 1351 1660 1514 1690; x_wconf 85' lang='lat' dir='ltr'><strong>Postremo</strong></span> <span class='ocrx_word' id='word_1_417' title='bbox 1528 1658 1623 1689; x_wconf 91' lang='lat' dir='ltr'><strong>etiam</strong></span> <span class='ocrx_word' id='word_1_418' title='bbox 1638 1658 1776 1690; x_wconf 90' lang='lat' dir='ltr'><strong>Isodemi</strong></span> <span class='ocrx_word' id='word_1_419' title='bbox 1792 1659 1897 1691; x_wconf 80' lang='lat' dir='ltr'><strong>fratris</strong></span> <span class='ocrx_word' id='word_1_420' title='bbox 1913 1668 2046 1691; x_wconf 85' lang='lat' dir='ltr'><strong>uxorem</strong></span> <span class='ocrx_word' id='word_1_421' title='bbox 2060 1660 2221 1691; x_wconf 88' lang='lat' dir='ltr'><strong>adultera-</strong></span> 
     </span>
     <span class='ocr_line' id='line_1_58' title="bbox 1189 1716 2222 1758; baseline 0.004 -12"><span class='ocrx_word' id='word_1_422' title='bbox 1189 1716 1245 1748; x_wconf 84' lang='lat' dir='ltr'><strong>vit.</strong></span> <span class='ocrx_word' id='word_1_423' title='bbox 1260 1716 1354 1752; x_wconf 91' lang='lat' dir='ltr'><strong>Quod</strong></span> <span class='ocrx_word' id='word_1_424' title='bbox 1367 1716 1419 1747; x_wconf 92' lang='lat' dir='ltr'><strong>illc</strong></span> <span class='ocrx_word' id='word_1_425' title='bbox 1433 1716 1569 1748; x_wconf 82' lang='lat' dir='ltr'><strong>sentiens</strong></span> <span class='ocrx_word' id='word_1_426' title='bbox 1582 1716 1719 1756; x_wconf 91' lang='lat' dir='ltr'><strong>primum</strong></span> <span class='ocrx_word' id='word_1_427' title='bbox 1735 1716 1863 1756; x_wconf 88' lang='lat' dir='ltr'><strong>quidem</strong></span> <span class='ocrx_word' id='word_1_428' title='bbox 1874 1717 2012 1757; x_wconf 89' lang='lat' dir='ltr'><strong>quietem</strong></span> <span class='ocrx_word' id='word_1_429' title='bbox 2026 1719 2149 1758; x_wconf 77' lang='lat' dir='ltr'><strong>agebat,</strong></span> <span class='ocrx_word' id='word_1_430' title='bbox 2165 1718 2222 1750; x_wconf 88' lang='lat' dir='ltr'><strong>ad-</strong></span> 
     </span>
     <span class='ocr_line' id='line_1_59' title="bbox 1188 1774 2224 1816; baseline 0.001 -10"><span class='ocrx_word' id='word_1_431' title='bbox 1188 1774 1326 1806; x_wconf 88' lang='lat' dir='ltr'><strong>venienti</strong></span> <span class='ocrx_word' id='word_1_432' title='bbox 1344 1775 1449 1805; x_wconf 90' lang='lat' dir='ltr'><strong>autem</strong></span> <span class='ocrx_word' id='word_1_433' title='bbox 1468 1783 1485 1805; x_wconf 92' lang='lat' dir='ltr'><strong>e</strong></span> <span class='ocrx_word' id='word_1_434' title='bbox 1509 1774 1608 1814; x_wconf 86' lang='lat' dir='ltr'><strong>Libya</strong></span> <span class='ocrx_word' id='word_1_435' title='bbox 1631 1774 1719 1805; x_wconf 81' lang='lat' dir='ltr'><strong>fratri</strong></span> <span class='ocrx_word' id='word_1_436' title='bbox 1738 1774 1826 1806; x_wconf 91' lang='lat' dir='ltr'><strong>alteri</strong></span> <span class='ocrx_word' id='word_1_437' title='bbox 1853 1783 1920 1806; x_wconf 89' lang='lat' dir='ltr'><strong>rem</strong></span> <span class='ocrx_word' id='word_1_438' title='bbox 1939 1776 2080 1807; x_wconf 81' lang='lat' dir='ltr'><strong>narravit</strong></span> <span class='ocrx_word' id='word_1_439' title='bbox 2104 1775 2224 1816; x_wconf 80' lang='lat' dir='ltr'><strong>ingenti</strong></span> 
     </span>
     <span class='ocr_line' id='line_1_60' title="bbox 1187 1832 2229 1874; baseline 0.003 -11"><span class='ocrx_word' id='word_1_440' title='bbox 1187 1833 1320 1864; x_wconf 85' lang='lat' dir='ltr'><strong>affectus</strong></span> <span class='ocrx_word' id='word_1_441' title='bbox 1333 1841 1480 1864; x_wconf 76' lang='lat' dir='ltr'><strong>mcerore.</strong></span> <span class='ocrx_word' id='word_1_442' title='bbox 1497 1834 1534 1864; x_wconf 89' lang='lat' dir='ltr'><strong>Et</strong></span> <span class='ocrx_word' id='word_1_443' title='bbox 1551 1833 1616 1873; x_wconf 86' lang='lat' dir='ltr'><strong>ipse</strong></span> <span class='ocrx_word' id='word_1_444' title='bbox 1629 1832 1771 1873; x_wconf 86' lang='lat' dir='ltr'><strong>quidem,</strong></span> <span class='ocrx_word' id='word_1_445' title='bbox 1786 1833 1833 1864; x_wconf 93' lang='lat' dir='ltr'><strong>uti</strong></span> <span class='ocrx_word' id='word_1_446' title='bbox 1847 1833 1963 1873; x_wconf 87' lang='lat' dir='ltr'><strong>serunt,</strong></span> <span class='ocrx_word' id='word_1_447' title='bbox 1975 1834 2109 1874; x_wconf 85' lang='lat' dir='ltr'><strong>simplex</strong></span> <span class='ocrx_word' id='word_1_448' title='bbox 2122 1834 2229 1867; x_wconf 81' lang='lat' dir='ltr'><strong>indole</strong></span> 
     </span>
     <span class='ocr_line' id='line_1_61' title="bbox 1186 1891 2219 1930; baseline 0 -8"><span class='ocrx_word' id='word_1_449' title='bbox 1186 1892 1217 1922; x_wconf 89' lang='lat' dir='ltr'><strong>et</strong></span> <span class='ocrx_word' id='word_1_450' title='bbox 1244 1891 1416 1930; x_wconf 85' lang='lat' dir='ltr'><strong>innocuus,</strong></span> <span class='ocrx_word' id='word_1_451' title='bbox 1442 1893 1553 1922; x_wconf 84' lang='lat' dir='ltr'><strong>contra</strong></span> <span class='ocrx_word' id='word_1_452' title='bbox 1577 1891 1751 1922; x_wconf 81' lang='lat' dir='ltr'><strong>Clisthenes</strong></span> <span class='ocrx_word' id='word_1_453' title='bbox 1777 1891 1826 1922; x_wconf 86' lang='lat' dir='ltr'><strong>vir</strong></span> <span class='ocrx_word' id='word_1_454' title='bbox 1844 1891 1932 1923; x_wconf 76' lang='lat' dir='ltr'><strong>valer</strong></span> <span class='ocrx_word' id='word_1_455' title='bbox 1958 1893 2038 1924; x_wconf 89' lang='lat' dir='ltr'><strong>erat.</strong></span> <span class='ocrx_word' id='word_1_456' title='bbox 2057 1892 2219 1930; x_wconf 76' lang='lat' dir='ltr'><strong>Quaerenti</strong></span> 
     </span>
     <span class='ocr_line' id='line_1_62' title="bbox 1186 1949 2228 1990; baseline 0.002 -10"><span class='ocrx_word' id='word_1_457' title='bbox 1186 1949 1347 1990; x_wconf 90' lang='lat' dir='ltr'><strong>quondam</strong></span> <span class='ocrx_word' id='word_1_458' title='bbox 1361 1949 1436 1989; x_wconf 88' lang='lat' dir='ltr'><strong>quid</strong></span> <span class='ocrx_word' id='word_1_459' title='bbox 1453 1949 1633 1980; x_wconf 81' lang='lat' dir='ltr'><strong>laciendum</strong></span> <span class='ocrx_word' id='word_1_460' title='bbox 1652 1950 1710 1988; x_wconf 90' lang='lat' dir='ltr'><strong>sit,</strong></span> <span class='ocrx_word' id='word_1_461' title='bbox 1733 1949 1909 1981; x_wconf 86' lang='lat' dir='ltr'><strong>Clisthenes</strong></span> <span class='ocrx_word' id='word_1_462' title='bbox 1921 1949 2002 1981; x_wconf 86' lang='lat' dir='ltr'><strong>dixit</strong></span> <span class='ocrx_word' id='word_1_463' title='bbox 2026 1959 2060 1981; x_wconf 89' lang='lat' dir='ltr'><strong>se</strong></span> <span class='ocrx_word' id='word_1_464' title='bbox 2073 1951 2160 1982; x_wconf 87' lang='lat' dir='ltr'><strong>certe</strong></span> <span class='ocrx_word' id='word_1_465' title='bbox 2182 1959 2228 1982; x_wconf 76' lang='lat' dir='ltr'><strong>nev</strong></span> 
     </span>
     <span class='ocr_line' id='line_1_63' title="bbox 1188 2007 2225 2049; baseline 0.001 -11"><span class='ocrx_word' id='word_1_466' title='bbox 1188 2017 1243 2048; x_wconf 88' lang='lat' dir='ltr'><strong>per</strong></span> <span class='ocrx_word' id='word_1_467' title='bbox 1266 2017 1367 2039; x_wconf 88' lang='lat' dir='ltr'><strong>unum</strong></span> <span class='ocrx_word' id='word_1_468' title='bbox 1391 2007 1521 2049; x_wconf 88' lang='lat' dir='ltr'><strong>quidem</strong></span> <span class='ocrx_word' id='word_1_469' title='bbox 1537 2007 1621 2039; x_wconf 83' lang='lat' dir='ltr'><strong>diem</strong></span> <span class='ocrx_word' id='word_1_470' title='bbox 1643 2009 1765 2039; x_wconf 79' lang='lat' dir='ltr'><strong>tantam</strong></span> <span class='ocrx_word' id='word_1_471' title='bbox 1787 2016 1957 2048; x_wconf 84' lang='lat' dir='ltr'><strong>passurum</strong></span> <span class='ocrx_word' id='word_1_472' title='bbox 1974 2007 2202 2039; x_wconf 89' lang='lat' dir='ltr'><strong>contumeliam</strong></span> <span class='ocrx_word' id='word_1_473' title='bbox 2215 2034 2225 2047; x_wconf 86' lang='lat'>,</span> 
     </span>
     <span class='ocr_line' id='line_1_64' title="bbox 1188 2066 2224 2106; baseline 0 -9"><span class='ocrx_word' id='word_1_474' title='bbox 1188 2066 1243 2097; x_wconf 91' lang='lat' dir='ltr'><strong>sed</strong></span> <span class='ocrx_word' id='word_1_475' title='bbox 1257 2075 1313 2098; x_wconf 91' lang='lat' dir='ltr'><strong>sua</strong></span> <span class='ocrx_word' id='word_1_476' title='bbox 1326 2066 1426 2106; x_wconf 85' lang='lat' dir='ltr'><strong>ipsius</strong></span> <span class='ocrx_word' id='word_1_477' title='bbox 1438 2075 1536 2097; x_wconf 91' lang='lat' dir='ltr'><strong>manu</strong></span> <span class='ocrx_word' id='word_1_478' title='bbox 1549 2067 1589 2098; x_wconf 91' lang='lat' dir='ltr'><strong>ab</strong></span> <span class='ocrx_word' id='word_1_479' title='bbox 1604 2067 1735 2097; x_wconf 86' lang='lat' dir='ltr'><strong>auctore</strong></span> <span class='ocrx_word' id='word_1_480' title='bbox 1747 2066 1813 2104; x_wconf 90' lang='lat' dir='ltr'><strong>ejus</strong></span> <span class='ocrx_word' id='word_1_481' title='bbox 1828 2074 1937 2106; x_wconf 86' lang='lat' dir='ltr'><strong>poenas</strong></span> <span class='ocrx_word' id='word_1_482' title='bbox 1959 2066 2053 2097; x_wconf 82' lang='lat' dir='ltr'><strong>fuisse</strong></span> <span class='ocrx_word' id='word_1_483' title='bbox 2071 2066 2224 2106; x_wconf 87' lang='lat' dir='ltr'><strong>repetitu-</strong></span> 
     </span>
     <span class='ocr_line' id='line_1_65' title="bbox 1191 2123 2221 2163; baseline 0.001 -9"><span class='ocrx_word' id='word_1_484' title='bbox 1191 2133 1274 2155; x_wconf 91' lang='lat' dir='ltr'><strong>rum.</strong></span> <span class='ocrx_word' id='word_1_485' title='bbox 1292 2124 1414 2160; x_wconf 82' lang='lat' dir='ltr'><strong>Quibus</strong></span> <span class='ocrx_word' id='word_1_486' title='bbox 1427 2123 1532 2155; x_wconf 87' lang='lat' dir='ltr'><strong>verbis</strong></span> <span class='ocrx_word' id='word_1_487' title='bbox 1548 2123 1727 2155; x_wconf 90' lang='lat' dir='ltr'><strong>Isodemum</strong></span> <span class='ocrx_word' id='word_1_488' title='bbox 1752 2123 1784 2154; x_wconf 93' lang='lat' dir='ltr'><strong>in</strong></span> <span class='ocrx_word' id='word_1_489' title='bbox 1801 2125 1965 2163; x_wconf 80' lang='lat' dir='ltr'><strong>Myronem</strong></span> <span class='ocrx_word' id='word_1_490' title='bbox 1982 2123 2131 2155; x_wconf 86' lang='lat' dir='ltr'><strong>excitavit</strong></span> <span class='ocrx_word' id='word_1_491' title='bbox 2153 2123 2221 2155; x_wconf 81' lang='lat' dir='ltr'><strong>insi-</strong></span> 
     </span>
     <span class='ocr_line' id='line_1_66' title="bbox 1186 2181 2223 2221; baseline 0 -8"><span class='ocrx_word' id='word_1_492' title='bbox 1186 2182 1292 2220; x_wconf 87' lang='lat' dir='ltr'><strong>diose,</strong></span> <span class='ocrx_word' id='word_1_493' title='bbox 1311 2181 1478 2221; x_wconf 85' lang='lat' dir='ltr'><strong>tyrannide</strong></span> <span class='ocrx_word' id='word_1_494' title='bbox 1502 2190 1534 2212; x_wconf 90' lang='lat' dir='ltr'><strong>se</strong></span> <span class='ocrx_word' id='word_1_495' title='bbox 1561 2181 1739 2221; x_wconf 89' lang='lat' dir='ltr'><strong>potiturum</strong></span> <span class='ocrx_word' id='word_1_496' title='bbox 1755 2190 1900 2221; x_wconf 91' lang='lat' dir='ltr'><strong>sperans,</strong></span> <span class='ocrx_word' id='word_1_497' title='bbox 1917 2181 1942 2213; x_wconf 90' lang='lat' dir='ltr'><strong>si</strong></span> <span class='ocrx_word' id='word_1_498' title='bbox 1964 2183 2096 2221; x_wconf 84' lang='lat' dir='ltr'><strong>Myrone</strong></span> <span class='ocrx_word' id='word_1_499' title='bbox 2121 2182 2223 2213; x_wconf 90' lang='lat' dir='ltr'><strong>inter-</strong></span> 
     </span>
    </p>
   </div>
   <div class='ocr_carea' id='block_1_13' title="bbox 1753 2285 2222 2325">
    <p class='ocr_par' dir='ltr' id='par_1_14' title="bbox 1753 2285 2222 2325">
     <span class='ocr_line' id='line_1_67' title="bbox 1753 2285 2222 2325; baseline 0.002 -10"><span class='ocrx_word' id='word_1_500' title='bbox 1753 2285 1973 2325; x_wconf 76' lang='grc' dir='ltr'>προσσχόντων</span> <span class='ocrx_word' id='word_1_501' title='bbox 2003 2285 2222 2325; x_wconf 83' lang='grc' dir='ltr'>(προσχόντων</span> 
     </span>
    </p>
   </div>
   <div class='ocr_carea' id='block_1_14' title="bbox 87 2331 2223 3345">
    <p class='ocr_par' dir='ltr' id='par_1_15' title="bbox 87 2331 2223 2930">
     <span class='ocr_line' id='line_1_68' title="bbox 88 2331 2221 2373; baseline -0.001 -9"><span class='ocrx_word' id='word_1_502' title='bbox 88 2334 184 2372; x_wconf 89' lang='lat' dir='ltr'><strong>cett.)</strong></span> <span class='ocrx_word' id='word_1_503' title='bbox 201 2334 233 2364; x_wconf 80' lang='grc' dir='ltr'><strong>δὲ</strong></span> <span class='ocrx_word' id='word_1_504' title='bbox 249 2335 290 2368; x_wconf 85' lang='grc' dir='ltr'><strong>εἰς</strong></span> <span class='ocrx_word' id='word_1_505' title='bbox 308 2334 409 2373; x_wconf 78' lang='grc' dir='ltr'>Σάμον</span> <span class='ocrx_word' id='word_1_506' title='bbox 428 2337 489 2363; x_wconf 87' lang='grc' dir='ltr'><strong>τῶν</strong></span> <span class='ocrx_word' id='word_1_507' title='bbox 506 2334 642 2371; x_wconf 78' lang='grc' dir='ltr'>ἀγόντων</span> <span class='ocrx_word' id='word_1_508' title='bbox 658 2334 727 2369; x_wconf 83' lang='grc' dir='ltr'>τοὺς</span> <span class='ocrx_word' id='word_1_509' title='bbox 743 2335 853 2369; x_wconf 81' lang='grc' dir='ltr'>παῖδας</span> <span class='ocrx_word' id='word_1_510' title='bbox 868 2334 1045 2373; x_wconf 77' lang='grc' dir='ltr'>Κορινθίων.</span> <span class='ocrx_word' id='word_1_511' title='bbox 1061 2352 1101 2359; x_wconf 93' lang='lat'>-</span> <span class='ocrx_word' id='word_1_512' title='bbox 1115 2337 1145 2364; x_wconf 84' lang='lat'><strong>5.</strong></span> <span class='ocrx_word' id='word_1_513' title='bbox 1164 2334 1280 2364; x_wconf 79' lang='lat' dir='ltr'><strong>Praeter</strong></span> <span class='ocrx_word' id='word_1_514' title='bbox 1295 2331 1491 2363; x_wconf 90' lang='lat' dir='ltr'><strong>Herodotum</strong></span> <span class='ocrx_word' id='word_1_515' title='bbox 1508 2331 1547 2361; x_wconf 84' lang='lat' dir='ltr'><strong>de</strong></span> <span class='ocrx_word' id='word_1_516' title='bbox 1560 2331 1609 2362; x_wconf 90' lang='lat' dir='ltr'><strong>his</strong></span> <span class='ocrx_word' id='word_1_517' title='bbox 1626 2332 1805 2362; x_wconf 85' lang='lat' dir='ltr'><strong>conferendi</strong></span> <span class='ocrx_word' id='word_1_518' title='bbox 1823 2332 1989 2370; x_wconf 86' lang='lat' dir='ltr'><strong>Dionysius</strong></span> <span class='ocrx_word' id='word_1_519' title='bbox 2002 2331 2221 2364; x_wconf 74' lang='lat' dir='ltr'><strong>Chalcidensis</strong></span> 
     </span>
     <span class='ocr_line' id='line_1_69' title="bbox 90 2377 2216 2420; baseline -0.002 -8"><span class='ocrx_word' id='word_1_520' title='bbox 90 2382 146 2420; x_wconf 80' lang='lat' dir='ltr'><strong>(fr.</strong></span> <span class='ocrx_word' id='word_1_521' title='bbox 167 2381 221 2419; x_wconf 86' lang='grc'><strong>13)</strong></span> <span class='ocrx_word' id='word_1_522' title='bbox 237 2383 269 2411; x_wconf 93' lang='lat' dir='ltr'><strong>et</strong></span> <span class='ocrx_word' id='word_1_523' title='bbox 286 2382 423 2411; x_wconf 84' lang='lat' dir='ltr'><strong>Antenor</strong></span> <span class='ocrx_word' id='word_1_524' title='bbox 436 2381 465 2410; x_wconf 87' lang='grc' dir='ltr'><strong>ἐν</strong></span> <span class='ocrx_word' id='word_1_525' title='bbox 480 2382 641 2419; x_wconf 77' lang='grc' dir='ltr'>Κρητικοῖς</span> <span class='ocrx_word' id='word_1_526' title='bbox 655 2389 705 2419; x_wconf 86' lang='lat' dir='ltr'><strong>ap.</strong></span> <span class='ocrx_word' id='word_1_527' title='bbox 719 2380 880 2411; x_wconf 81' lang='lat' dir='ltr'><strong>Plutarch.</strong></span> <span class='ocrx_word' id='word_1_528' title='bbox 895 2382 940 2411; x_wconf 90' lang='lat' dir='ltr'><strong>De</strong></span> <span class='ocrx_word' id='word_1_529' title='bbox 952 2383 1024 2411; x_wconf 86' lang='lat' dir='ltr'><strong>Her.</strong></span> <span class='ocrx_word' id='word_1_530' title='bbox 1041 2381 1116 2410; x_wconf 93' lang='lat' dir='ltr'><strong>mal.</strong></span> <span class='ocrx_word' id='word_1_531' title='bbox 1131 2388 1159 2410; x_wconf 86' lang='lat' dir='ltr'><strong>c.</strong></span> <span class='ocrx_word' id='word_1_532' title='bbox 1175 2384 1226 2417; x_wconf 82' lang='lat'><strong>22,</strong></span> <span class='ocrx_word' id='word_1_533' title='bbox 1242 2388 1274 2417; x_wconf 92' lang='lat' dir='ltr'><strong>p.</strong></span> <span class='ocrx_word' id='word_1_534' title='bbox 1290 2382 1361 2416; x_wconf 79' lang='lat'><strong>800,</strong></span> <span class='ocrx_word' id='word_1_535' title='bbox 1376 2380 1413 2408; x_wconf 91' lang='lat' dir='ltr'><strong>C.</strong></span> <span class='ocrx_word' id='word_1_536' title='bbox 1427 2397 1467 2404; x_wconf 89' lang='grc'><strong>--</strong></span> <span class='ocrx_word' id='word_1_537' title='bbox 1478 2382 1506 2408; x_wconf 87' lang='grc'><strong>6.</strong></span> <span class='ocrx_word' id='word_1_538' title='bbox 1522 2377 1564 2415; x_wconf 84' lang='grc' dir='ltr'><strong>ἦν</strong></span> <span class='ocrx_word' id='word_1_539' title='bbox 1578 2377 1744 2417; x_wconf 88' lang='grc' dir='ltr'>Γόργου]</span> <span class='ocrx_word' id='word_1_540' title='bbox 1757 2377 1910 2417; x_wconf 81' lang='grc' dir='ltr'>καγὸργου</span> <span class='ocrx_word' id='word_1_541' title='bbox 1927 2377 2039 2408; x_wconf 88' lang='lat' dir='ltr'><strong>codex.</strong></span> <span class='ocrx_word' id='word_1_542' title='bbox 2056 2377 2106 2408; x_wconf 80' lang='lat' dir='ltr'><strong>Cf.</strong></span> <span class='ocrx_word' id='word_1_543' title='bbox 2121 2386 2216 2417; x_wconf 82' lang='lat' dir='ltr'><strong>supra</strong></span> 
     </span>
     <span class='ocr_line' id='line_1_70' title="bbox 90 2423 2222 2466; baseline -0.003 -6"><span class='ocrx_word' id='word_1_544' title='bbox 90 2430 127 2460; x_wconf 79' lang='lat' dir='ltr'><strong>fr.</strong></span> <span class='ocrx_word' id='word_1_545' title='bbox 141 2429 192 2465; x_wconf 85' lang='lat'><strong>58,</strong></span> <span class='ocrx_word' id='word_1_546' title='bbox 210 2428 275 2458; x_wconf 91' lang='lat' dir='ltr'><strong>not.</strong></span> <span class='ocrx_word' id='word_1_547' title='bbox 293 2429 323 2457; x_wconf 85' lang='lat'><strong>7.</strong></span> <span class='ocrx_word' id='word_1_548' title='bbox 339 2444 378 2448; x_wconf 91' lang='lat'><strong>—</strong></span> <span class='ocrx_word' id='word_1_549' title='bbox 392 2425 639 2466; x_wconf 81' lang='grc' dir='ltr'>7.κατέλιπε]</span> <span class='ocrx_word' id='word_1_550' title='bbox 654 2428 813 2457; x_wconf 80' lang='grc' dir='ltr'>κατέλειπε</span> <span class='ocrx_word' id='word_1_551' title='bbox 825 2427 936 2457; x_wconf 81' lang='lat' dir='ltr'><strong>codex.</strong></span> <span class='ocrx_word' id='word_1_552' title='bbox 951 2446 991 2453; x_wconf 89' lang='lat'>-</span> <span class='ocrx_word' id='word_1_553' title='bbox 1004 2430 1034 2458; x_wconf 84' lang='lat'><strong>8.</strong></span> <span class='ocrx_word' id='word_1_554' title='bbox 1049 2424 1247 2465; x_wconf 77' lang='grc' dir='ltr'>Κύψελον]</span> <span class='ocrx_word' id='word_1_555' title='bbox 1262 2424 1445 2456; x_wconf 82' lang='lat' dir='ltr'><strong>Aristoteles</strong></span> <span class='ocrx_word' id='word_1_556' title='bbox 1468 2423 1532 2454; x_wconf 79' lang='lat' dir='ltr'><strong>l‘ol.</strong></span> <span class='ocrx_word' id='word_1_557' title='bbox 1552 2425 1597 2462; x_wconf 92' lang='lat' dir='ltr'><strong>V,</strong></span> <span class='ocrx_word' id='word_1_558' title='bbox 1621 2427 1657 2461; x_wconf 88' lang='grc'><strong>9,</strong></span> <span class='ocrx_word' id='word_1_559' title='bbox 1677 2428 1714 2454; x_wconf 80' lang='lat'><strong>22</strong></span> <span class='ocrx_word' id='word_1_560' title='bbox 1735 2425 1929 2463; x_wconf 88' lang='lat' dir='ltr'><strong>postremum</strong></span> <span class='ocrx_word' id='word_1_561' title='bbox 1947 2424 2089 2455; x_wconf 88' lang='lat' dir='ltr'><strong>Corinthi</strong></span> <span class='ocrx_word' id='word_1_562' title='bbox 2108 2426 2222 2463; x_wconf 88' lang='lat' dir='ltr'><strong>tyran-</strong></span> 
     </span>
     <span class='ocr_line' id='line_1_71' title="bbox 91 2470 2220 2512; baseline -0.001 -7"><span class='ocrx_word' id='word_1_563' title='bbox 91 2483 167 2506; x_wconf 87' lang='lat' dir='ltr'><strong>num</strong></span> <span class='ocrx_word' id='word_1_564' title='bbox 184 2473 298 2504; x_wconf 87' lang='lat' dir='ltr'><strong>diserte</strong></span> <span class='ocrx_word' id='word_1_565' title='bbox 320 2473 396 2503; x_wconf 84' lang='lat' dir='ltr'><strong>dicit</strong></span> <span class='ocrx_word' id='word_1_566' title='bbox 413 2473 677 2503; x_wconf 83' lang='lat' dir='ltr'><strong>Psammetichum</strong></span> <span class='ocrx_word' id='word_1_567' title='bbox 696 2473 822 2504; x_wconf 83' lang='lat' dir='ltr'><strong>Gordiae</strong></span> <span class='ocrx_word' id='word_1_568' title='bbox 847 2472 958 2503; x_wconf 79' lang='lat' dir='ltr'><strong>silium.</strong></span> <span class='ocrx_word' id='word_1_569' title='bbox 975 2475 1057 2504; x_wconf 88' lang='lat' dir='ltr'><strong>Num</strong></span> <span class='ocrx_word' id='word_1_570' title='bbox 1073 2475 1217 2512; x_wconf 85' lang='lat' dir='ltr'><strong>putemus</strong></span> <span class='ocrx_word' id='word_1_571' title='bbox 1230 2474 1368 2509; x_wconf 80' lang='lat' dir='ltr'><strong>Gorgnm</strong></span> <span class='ocrx_word' id='word_1_572' title='bbox 1385 2470 1464 2501; x_wconf 89' lang='lat' dir='ltr'><strong>dnos</strong></span> <span class='ocrx_word' id='word_1_573' title='bbox 1485 2470 1628 2501; x_wconf 82' lang='lat' dir='ltr'><strong>habuisse</strong></span> <span class='ocrx_word' id='word_1_574' title='bbox 1652 2470 1732 2500; x_wconf 86' lang='lat' dir='ltr'><strong>lilios</strong></span> <span class='ocrx_word' id='word_1_575' title='bbox 1756 2472 1825 2500; x_wconf 91' lang='lat' dir='ltr'><strong>tum</strong></span> <span class='ocrx_word' id='word_1_576' title='bbox 1841 2470 1872 2500; x_wconf 91' lang='lat' dir='ltr'><strong>in</strong></span> <span class='ocrx_word' id='word_1_577' title='bbox 1889 2473 2028 2509; x_wconf 86' lang='lat' dir='ltr'><strong>Corcyra</strong></span> <span class='ocrx_word' id='word_1_578' title='bbox 2040 2472 2200 2502; x_wconf 85' lang='lat' dir='ltr'><strong>versantes</strong></span> <span class='ocrx_word' id='word_1_579' title='bbox 2211 2494 2220 2509; x_wconf 91' lang='lat'><strong>,</strong></span> 
     </span>
     <span class='ocr_line' id='line_1_72' title="bbox 90 2515 2222 2558; baseline -0.002 -6"><span class='ocrx_word' id='word_1_580' title='bbox 90 2522 224 2552; x_wconf 88' lang='lat' dir='ltr'><strong>alterum</strong></span> <span class='ocrx_word' id='word_1_581' title='bbox 246 2520 511 2551; x_wconf 82' lang='lat' dir='ltr'><strong>Psammetichum</strong></span> <span class='ocrx_word' id='word_1_582' title='bbox 525 2543 533 2555; x_wconf 88' lang='lat'><strong>‚</strong></span> <span class='ocrx_word' id='word_1_583' title='bbox 549 2520 682 2550; x_wconf 87' lang='lat' dir='ltr'><strong>alterum</strong></span> <span class='ocrx_word' id='word_1_584' title='bbox 699 2519 892 2558; x_wconf 73' lang='lat' dir='ltr'><strong>Cypselum?</strong></span> <span class='ocrx_word' id='word_1_585' title='bbox 906 2521 973 2551; x_wconf 84' lang='lat' dir='ltr'><strong>Non</strong></span> <span class='ocrx_word' id='word_1_586' title='bbox 992 2519 1098 2551; x_wconf 87' lang='lat' dir='ltr'><strong>credo.</strong></span> <span class='ocrx_word' id='word_1_587' title='bbox 1113 2518 1177 2550; x_wconf 81' lang='lat' dir='ltr'><strong>Nisi</strong></span> <span class='ocrx_word' id='word_1_588' title='bbox 1192 2517 1309 2548; x_wconf 84' lang='lat' dir='ltr'><strong>librarii</strong></span> <span class='ocrx_word' id='word_1_589' title='bbox 1325 2515 1467 2556; x_wconf 84' lang='lat' dir='ltr'><strong>sphalma</strong></span> <span class='ocrx_word' id='word_1_590' title='bbox 1483 2518 1547 2554; x_wconf 90' lang='lat' dir='ltr'><strong>est,</strong></span> <span class='ocrx_word' id='word_1_591' title='bbox 1562 2515 1841 2555; x_wconf 83' lang='lat' dir='ltr'><strong>Psammetichum,</strong></span> <span class='ocrx_word' id='word_1_592' title='bbox 1863 2516 2060 2555; x_wconf 83' lang='lat' dir='ltr'><strong>tyrannidem</strong></span> <span class='ocrx_word' id='word_1_593' title='bbox 2075 2518 2222 2557; x_wconf 87' lang='lat' dir='ltr'><strong>nactum,</strong></span> 
     </span>
     <span class='ocr_line' id='line_1_73' title="bbox 89 2561 2219 2607; baseline -0.001 -9"><span class='ocrx_word' id='word_1_594' title='bbox 89 2567 287 2607; x_wconf 83' lang='lat' dir='ltr'><strong>peregrinum</strong></span> <span class='ocrx_word' id='word_1_595' title='bbox 304 2566 383 2596; x_wconf 87' lang='lat' dir='ltr'><strong>istud</strong></span> <span class='ocrx_word' id='word_1_596' title='bbox 397 2574 512 2597; x_wconf 78' lang='lat' dir='ltr'><strong>nomen</strong></span> <span class='ocrx_word' id='word_1_597' title='bbox 526 2573 600 2596; x_wconf 86' lang='lat' dir='ltr'><strong>cnm</strong></span> <span class='ocrx_word' id='word_1_598' title='bbox 614 2566 720 2603; x_wconf 75' lang='lat' dir='ltr'><strong>gentili</strong></span> <span class='ocrx_word' id='word_1_599' title='bbox 737 2566 863 2597; x_wconf 84' lang='lat' dir='ltr'><strong>familiae</strong></span> <span class='ocrx_word' id='word_1_600' title='bbox 877 2568 1072 2606; x_wconf 85' lang='lat' dir='ltr'><strong>permutasse</strong></span> <span class='ocrx_word' id='word_1_601' title='bbox 1086 2564 1275 2604; x_wconf 88' lang='lat' dir='ltr'><strong>putaverim.</strong></span> <span class='ocrx_word' id='word_1_602' title='bbox 1292 2566 1335 2593; x_wconf 85' lang='lat' dir='ltr'><strong>De</strong></span> <span class='ocrx_word' id='word_1_603' title='bbox 1348 2563 1483 2601; x_wconf 87' lang='lat' dir='ltr'><strong>Cypselo</strong></span> <span class='ocrx_word' id='word_1_604' title='bbox 1498 2562 1659 2593; x_wconf 83' lang='lat' dir='ltr'><strong>Periandri</strong></span> <span class='ocrx_word' id='word_1_605' title='bbox 1674 2561 1759 2601; x_wconf 89' lang='lat' dir='ltr'><strong>apud</strong></span> <span class='ocrx_word' id='word_1_606' title='bbox 1771 2562 1940 2600; x_wconf 75' lang='lat' dir='ltr'><strong>Diogenem</strong></span> <span class='ocrx_word' id='word_1_607' title='bbox 1955 2562 2019 2593; x_wconf 81' lang='lat' dir='ltr'><strong>silio</strong></span> <span class='ocrx_word' id='word_1_608' title='bbox 2029 2585 2037 2600; x_wconf 92' lang='lat'><strong>,</strong></span> <span class='ocrx_word' id='word_1_609' title='bbox 2049 2571 2089 2595; x_wconf 85' lang='lat' dir='ltr'><strong>ex</strong></span> <span class='ocrx_word' id='word_1_610' title='bbox 2103 2565 2219 2595; x_wconf 82' lang='lat' dir='ltr'><strong>nostrae</strong></span> 
     </span>
     <span class='ocr_line' id='line_1_74' title="bbox 90 2607 2222 2651; baseline -0.001 -7"><span class='ocrx_word' id='word_1_611' title='bbox 90 2613 228 2644; x_wconf 82' lang='lat' dir='ltr'><strong>historiae</strong></span> <span class='ocrx_word' id='word_1_612' title='bbox 247 2612 367 2643; x_wconf 88' lang='lat' dir='ltr'><strong>ratione</strong></span> <span class='ocrx_word' id='word_1_613' title='bbox 388 2612 515 2651; x_wconf 83' lang='lat' dir='ltr'><strong>cogitari</strong></span> <span class='ocrx_word' id='word_1_614' title='bbox 532 2612 653 2651; x_wconf 81' lang='lat' dir='ltr'><strong>nequit.</strong></span> <span class='ocrx_word' id='word_1_615' title='bbox 674 2631 712 2636; x_wconf 90' lang='lat'>—</span> <span class='ocrx_word' id='word_1_616' title='bbox 730 2616 758 2642; x_wconf 83' lang='lat'><strong>9.</strong></span> <span class='ocrx_word' id='word_1_617' title='bbox 782 2623 802 2641; x_wconf 91' lang='grc' dir='ltr'>κ</span> <span class='ocrx_word' id='word_1_618' title='bbox 815 2611 1085 2651; x_wconf 85' lang='grc' dir='ltr'>ατεστήσατο]</span> <span class='ocrx_word' id='word_1_619' title='bbox 1101 2611 1324 2651; x_wconf 78' lang='grc' dir='ltr'>ἐστρατεύσατο</span> <span class='ocrx_word' id='word_1_620' title='bbox 1344 2608 1456 2639; x_wconf 85' lang='lat' dir='ltr'><strong>codex.</strong></span> <span class='ocrx_word' id='word_1_621' title='bbox 1475 2608 1568 2638; x_wconf 88' lang='lat' dir='ltr'><strong>Posui</strong></span> <span class='ocrx_word' id='word_1_622' title='bbox 1586 2607 1719 2639; x_wconf 82' lang='lat' dir='ltr'><strong>verbum</strong></span> <span class='ocrx_word' id='word_1_623' title='bbox 1735 2608 1901 2639; x_wconf 86' lang='lat' dir='ltr'><strong>usitatum.</strong></span> <span class='ocrx_word' id='word_1_624' title='bbox 1926 2608 2072 2639; x_wconf 86' lang='lat' dir='ltr'><strong>Nicolans</strong></span> <span class='ocrx_word' id='word_1_625' title='bbox 2092 2608 2222 2641; x_wconf 84' lang='lat' dir='ltr'><strong>sortasse</strong></span> 
     </span>
     <span class='ocr_line' id='line_1_75' title="bbox 88 2654 2223 2699; baseline -0.002 -8"><span class='ocrx_word' id='word_1_626' title='bbox 88 2659 210 2699; x_wconf 86' lang='lat' dir='ltr'><strong>scripsit</strong></span> <span class='ocrx_word' id='word_1_627' title='bbox 232 2658 518 2698; x_wconf 84' lang='grc' dir='ltr'>ἐπραγματεύσατο,</span> <span class='ocrx_word' id='word_1_628' title='bbox 537 2657 623 2698; x_wconf 88' lang='lat' dir='ltr'><strong>quod</strong></span> <span class='ocrx_word' id='word_1_629' title='bbox 637 2657 676 2688; x_wconf 90' lang='lat' dir='ltr'><strong>ad</strong></span> <span class='ocrx_word' id='word_1_630' title='bbox 689 2658 804 2688; x_wconf 85' lang='lat' dir='ltr'><strong>tradita</strong></span> <span class='ocrx_word' id='word_1_631' title='bbox 819 2657 948 2697; x_wconf 87' lang='lat' dir='ltr'><strong>propius</strong></span> <span class='ocrx_word' id='word_1_632' title='bbox 993 2658 1166 2690; x_wconf 75' lang='lat' dir='ltr'><strong>accederet.</strong></span> <span class='ocrx_word' id='word_1_633' title='bbox 1184 2676 1226 2684; x_wconf 90' lang='lat'>-</span> <span class='ocrx_word' id='word_1_634' title='bbox 1251 2660 1297 2687; x_wconf 91' lang='lat'><strong>10.</strong></span> <span class='ocrx_word' id='word_1_635' title='bbox 1317 2654 1484 2695; x_wconf 84' lang='grc' dir='ltr'>ὁκτάδα]</span> <span class='ocrx_word' id='word_1_636' title='bbox 1504 2657 1662 2686; x_wconf 88' lang='lat' dir='ltr'><strong>Numerus</strong></span> <span class='ocrx_word' id='word_1_637' title='bbox 1676 2654 1835 2686; x_wconf 81' lang='lat' dir='ltr'><strong>cohaerere</strong></span> <span class='ocrx_word' id='word_1_638' title='bbox 1859 2654 1984 2685; x_wconf 88' lang='lat' dir='ltr'><strong>videtur</strong></span> <span class='ocrx_word' id='word_1_639' title='bbox 1996 2663 2070 2685; x_wconf 86' lang='lat' dir='ltr'><strong>cum</strong></span> <span class='ocrx_word' id='word_1_640' title='bbox 2090 2664 2223 2689; x_wconf 89' lang='lat' dir='ltr'><strong>numero</strong></span> 
     </span>
     <span class='ocr_line' id='line_1_76' title="bbox 90 2700 2221 2746; baseline -0.001 -10"><span class='ocrx_word' id='word_1_641' title='bbox 90 2706 274 2746; x_wconf 86' lang='lat' dir='ltr'><strong>phylarum,</strong></span> <span class='ocrx_word' id='word_1_642' title='bbox 289 2713 361 2744; x_wconf 86' lang='lat' dir='ltr'><strong>quae</strong></span> <span class='ocrx_word' id='word_1_643' title='bbox 380 2704 456 2734; x_wconf 87' lang='lat' dir='ltr'><strong>olim</strong></span> <span class='ocrx_word' id='word_1_644' title='bbox 479 2705 562 2743; x_wconf 88' lang='lat' dir='ltr'><strong>apud</strong></span> <span class='ocrx_word' id='word_1_645' title='bbox 589 2704 770 2735; x_wconf 82' lang='lat' dir='ltr'><strong>Corinthios</strong></span> <span class='ocrx_word' id='word_1_646' title='bbox 783 2704 1011 2742; x_wconf 77' lang='lat' dir='ltr'><strong>obtinuerant,</strong></span> <span class='ocrx_word' id='word_1_647' title='bbox 1028 2706 1059 2735; x_wconf 84' lang='lat' dir='ltr'><strong>et</strong></span> <span class='ocrx_word' id='word_1_648' title='bbox 1076 2704 1199 2735; x_wconf 85' lang='lat' dir='ltr'><strong>sublata</strong></span> <span class='ocrx_word' id='word_1_649' title='bbox 1212 2702 1379 2742; x_wconf 82' lang='lat' dir='ltr'><strong>tyrannide</strong></span> <span class='ocrx_word' id='word_1_650' title='bbox 1390 2724 1397 2738; x_wconf 93' lang='lat'><strong>‚</strong></span> <span class='ocrx_word' id='word_1_651' title='bbox 1418 2710 1479 2732; x_wconf 87' lang='lat' dir='ltr'><strong>una</strong></span> <span class='ocrx_word' id='word_1_652' title='bbox 1496 2710 1570 2732; x_wconf 88' lang='lat' dir='ltr'><strong>eum</strong></span> <span class='ocrx_word' id='word_1_653' title='bbox 1585 2701 1653 2732; x_wconf 87' lang='lat' dir='ltr'><strong>aliis</strong></span> <span class='ocrx_word' id='word_1_654' title='bbox 1667 2700 1775 2740; x_wconf 83' lang='lat' dir='ltr'><strong>priscis</strong></span> <span class='ocrx_word' id='word_1_655' title='bbox 1788 2700 1940 2731; x_wconf 86' lang='lat' dir='ltr'><strong>institutis</strong></span> <span class='ocrx_word' id='word_1_656' title='bbox 1957 2701 2138 2732; x_wconf 65' lang='lat' dir='ltr'><strong>instauratae</strong></span> <span class='ocrx_word' id='word_1_657' title='bbox 2152 2702 2221 2734; x_wconf 84' lang='lat' dir='ltr'><strong>sue·</strong></span> 
     </span>
     <span class='ocr_line' id='line_1_77' title="bbox 90 2748 2220 2790; baseline -0.002 -7"><span class='ocrx_word' id='word_1_658' title='bbox 90 2753 163 2783; x_wconf 84' lang='lat' dir='ltr'><strong>rint.</strong></span> <span class='ocrx_word' id='word_1_659' title='bbox 181 2751 291 2783; x_wconf 82' lang='lat' dir='ltr'><strong>Suidas</strong></span> <span class='ocrx_word' id='word_1_660' title='bbox 313 2760 343 2781; x_wconf 85' lang='lat' dir='ltr'><strong>v.</strong></span> <span class='ocrx_word' id='word_1_661' title='bbox 368 2750 490 2781; x_wconf 84' lang='grc' dir='ltr'>πάντα</span> <span class='ocrx_word' id='word_1_662' title='bbox 516 2752 616 2782; x_wconf 84' lang='grc' dir='ltr'>ὀκτώ</span> <span class='ocrx_word' id='word_1_663' title='bbox 633 2764 639 2782; x_wconf 87' lang='lat'>:</span> <span class='ocrx_word' id='word_1_664' title='bbox 710 2753 739 2781; x_wconf 76' lang='lat' dir='ltr'><strong>oi,</strong></span> <span class='ocrx_word' id='word_1_665' title='bbox 752 2751 783 2781; x_wconf 78' lang='grc' dir='ltr'><strong>δὲ</strong></span> <span class='ocrx_word' id='word_1_666' title='bbox 803 2751 848 2781; x_wconf 86' lang='grc' dir='ltr'><strong>ὅτι</strong></span> <span class='ocrx_word' id='word_1_667' title='bbox 868 2752 987 2788; x_wconf 76' lang='grc' dir='ltr'>Ἀλήτης</span> <span class='ocrx_word' id='word_1_668' title='bbox 1001 2752 1080 2781; x_wconf 82' lang='grc' dir='ltr'>κατὰ</span> <span class='ocrx_word' id='word_1_669' title='bbox 1094 2750 1235 2790; x_wconf 81' lang='grc' dir='ltr'>χρησμὸν</span> <span class='ocrx_word' id='word_1_670' title='bbox 1257 2749 1326 2783; x_wconf 76' lang='grc' dir='ltr'>τοὺς</span> <span class='ocrx_word' id='word_1_671' title='bbox 1346 2748 1519 2788; x_wconf 75' lang='grc' dir='ltr'>Κορινθίους</span> <span class='ocrx_word' id='word_1_672' title='bbox 1540 2748 1719 2783; x_wconf 84' lang='grc' dir='ltr'>συνοικίζων</span> <span class='ocrx_word' id='word_1_673' title='bbox 1739 2748 1821 2778; x_wconf 82' lang='grc' dir='ltr'>ὀκτὼ</span> <span class='ocrx_word' id='word_1_674' title='bbox 1834 2748 1925 2787; x_wconf 79' lang='grc' dir='ltr'>φυλὰς</span> <span class='ocrx_word' id='word_1_675' title='bbox 1938 2748 2064 2784; x_wconf 86' lang='grc' dir='ltr'>ἐποίησε</span> <span class='ocrx_word' id='word_1_676' title='bbox 2075 2748 2144 2785; x_wconf 82' lang='grc' dir='ltr'>τοὺς</span> <span class='ocrx_word' id='word_1_677' title='bbox 2162 2759 2220 2781; x_wconf 89' lang='grc' dir='ltr'><strong>πο-</strong></span> 
     </span>
     <span class='ocr_line' id='line_1_78' title="bbox 87 2792 2221 2838; baseline -0.002 -9"><span class='ocrx_word' id='word_1_678' title='bbox 87 2799 188 2837; x_wconf 83' lang='grc' dir='ltr'>λίτας,</span> <span class='ocrx_word' id='word_1_679' title='bbox 205 2799 256 2828; x_wconf 85' lang='grc' dir='ltr'><strong>καὶ</strong></span> <span class='ocrx_word' id='word_1_680' title='bbox 273 2797 354 2828; x_wconf 86' lang='grc' dir='ltr'>ὀκτὼ</span> <span class='ocrx_word' id='word_1_681' title='bbox 375 2799 448 2837; x_wconf 81' lang='grc' dir='ltr'>μέρη</span> <span class='ocrx_word' id='word_1_682' title='bbox 465 2799 518 2835; x_wconf 78' lang='grc' dir='ltr'><strong>τὴν</strong></span> <span class='ocrx_word' id='word_1_683' title='bbox 532 2798 629 2828; x_wconf 79' lang='grc' dir='ltr'>πόλιν.</span> <span class='ocrx_word' id='word_1_684' title='bbox 647 2800 680 2828; x_wconf 87' lang='grc'><strong>111</strong></span> <span class='ocrx_word' id='word_1_685' title='bbox 694 2806 781 2836; x_wconf 86' lang='lat' dir='ltr'><strong>seqq.</strong></span> <span class='ocrx_word' id='word_1_686' title='bbox 797 2807 948 2828; x_wconf 77' lang='lat' dir='ltr'><strong>numerus</strong></span> <span class='ocrx_word' id='word_1_687' title='bbox 963 2798 1079 2838; x_wconf 77' lang='grc' dir='ltr'>ἀνδρῶν</span> <span class='ocrx_word' id='word_1_688' title='bbox 1096 2796 1119 2827; x_wconf 71' lang='grc' dir='ltr'>(ι’</span> <span class='ocrx_word' id='word_1_689' title='bbox 1132 2797 1238 2835; x_wconf 86' lang='lat' dir='ltr'><strong>aperte</strong></span> <span class='ocrx_word' id='word_1_690' title='bbox 1252 2797 1421 2833; x_wconf 88' lang='lat' dir='ltr'><strong>corruptus</strong></span> <span class='ocrx_word' id='word_1_691' title='bbox 1434 2795 1498 2832; x_wconf 87' lang='lat' dir='ltr'><strong>est;</strong></span> <span class='ocrx_word' id='word_1_692' title='bbox 1517 2794 1647 2825; x_wconf 78' lang='lat' dir='ltr'><strong>sortasse</strong></span> <span class='ocrx_word' id='word_1_693' title='bbox 1663 2794 1723 2825; x_wconf 87' lang='lat' dir='ltr'><strong>fuit</strong></span> <span class='ocrx_word' id='word_1_694' title='bbox 1737 2793 1762 2824; x_wconf 89' lang='lat' dir='ltr'><strong>o&#39;</strong></span> <span class='ocrx_word' id='word_1_695' title='bbox 1784 2794 1832 2824; x_wconf 84' lang='lat' dir='ltr'><strong>vel</strong></span> <span class='ocrx_word' id='word_1_696' title='bbox 1844 2792 1901 2833; x_wconf 62' lang='lat' dir='ltr'><strong>uis.</strong></span> <span class='ocrx_word' id='word_1_697' title='bbox 1926 2795 2074 2824; x_wconf 90' lang='lat' dir='ltr'><strong>Ceterum</strong></span> <span class='ocrx_word' id='word_1_698' title='bbox 2093 2803 2166 2834; x_wconf 79' lang='lat' dir='ltr'><strong>quae.</strong></span> <span class='ocrx_word' id='word_1_699' title='bbox 2181 2794 2221 2828; x_wconf 90' lang='lat' dir='ltr'><strong>de</strong></span> 
     </span>
     <span class='ocr_line' id='line_1_79' title="bbox 89 2839 2221 2883; baseline -0.001 -7"><span class='ocrx_word' id='word_1_700' title='bbox 89 2844 325 2877; x_wconf 87' lang='lat' dir='ltr'><strong>Corinthiorum</strong></span> <span class='ocrx_word' id='word_1_701' title='bbox 345 2844 420 2883; x_wconf 89' lang='lat' dir='ltr'><strong>reip.</strong></span> <span class='ocrx_word' id='word_1_702' title='bbox 441 2844 559 2875; x_wconf 77' lang='lat' dir='ltr'><strong>ratione</strong></span> <span class='ocrx_word' id='word_1_703' title='bbox 573 2845 734 2882; x_wconf 83' lang='lat' dir='ltr'><strong>comperta</strong></span> <span class='ocrx_word' id='word_1_704' title='bbox 757 2843 926 2881; x_wconf 83' lang='lat' dir='ltr'><strong>habemus,</strong></span> <span class='ocrx_word' id='word_1_705' title='bbox 944 2844 1014 2874; x_wconf 82' lang='lat' dir='ltr'><strong>vide</strong></span> <span class='ocrx_word' id='word_1_706' title='bbox 1027 2852 1078 2883; x_wconf 89' lang='lat' dir='ltr'><strong>ap.</strong></span> <span class='ocrx_word' id='word_1_707' title='bbox 1104 2842 1225 2873; x_wconf 83' lang='lat' dir='ltr'><strong>Mulier.</strong></span> <span class='ocrx_word' id='word_1_708' title='bbox 1244 2844 1322 2872; x_wconf 84' lang='lat' dir='ltr'><strong>Dor.</strong></span> <span class='ocrx_word' id='word_1_709' title='bbox 1347 2842 1392 2879; x_wconf 93' lang='grc'><strong>11,</strong></span> <span class='ocrx_word' id='word_1_710' title='bbox 1416 2849 1445 2880; x_wconf 86' lang='lat' dir='ltr'><strong>p.</strong></span> <span class='ocrx_word' id='word_1_711' title='bbox 1471 2845 1522 2871; x_wconf 80' lang='grc'><strong>151</strong></span> <span class='ocrx_word' id='word_1_712' title='bbox 1551 2849 1598 2880; x_wconf 86' lang='lat' dir='ltr'><strong>sq.</strong></span> <span class='ocrx_word' id='word_1_713' title='bbox 1617 2839 1722 2871; x_wconf 80' lang='lat' dir='ltr'><strong>Verba</strong></span> <span class='ocrx_word' id='word_1_714' title='bbox 1748 2841 1861 2877; x_wconf 84' lang='grc' dir='ltr'>Ζήτει..</span> <span class='ocrx_word' id='word_1_715' title='bbox 1885 2841 2049 2871; x_wconf 86' lang='grc' dir='ltr'>πολιτικῶν</span> <span class='ocrx_word' id='word_1_716' title='bbox 2066 2840 2097 2871; x_wconf 84' lang='grc' dir='ltr'>ἰι]</span> <span class='ocrx_word' id='word_1_717' title='bbox 2111 2841 2221 2874; x_wconf 84' lang='lat' dir='ltr'><strong>codiee</strong></span> 
     </span>
     <span class='ocr_line' id='line_1_80' title="bbox 90 2886 1859 2930; baseline -0.002 -9"><span class='ocrx_word' id='word_1_718' title='bbox 90 2891 172 2921; x_wconf 85' lang='lat' dir='ltr'><strong>male</strong></span> <span class='ocrx_word' id='word_1_719' title='bbox 184 2891 194 2930; x_wconf 96' lang='lat'>(</span> <span class='ocrx_word' id='word_1_720' title='bbox 204 2900 244 2921; x_wconf 87' lang='lat' dir='ltr'><strong>ex</strong></span> <span class='ocrx_word' id='word_1_721' title='bbox 259 2890 416 2929; x_wconf 78' lang='lat' dir='ltr'><strong>margine)</strong></span> <span class='ocrx_word' id='word_1_722' title='bbox 431 2890 616 2929; x_wconf 85' lang='lat' dir='ltr'><strong>transposita</strong></span> <span class='ocrx_word' id='word_1_723' title='bbox 632 2890 778 2927; x_wconf 83' lang='lat' dir='ltr'><strong>leguntur</strong></span> <span class='ocrx_word' id='word_1_724' title='bbox 793 2890 823 2920; x_wconf 90' lang='lat' dir='ltr'><strong>in</strong></span> <span class='ocrx_word' id='word_1_725' title='bbox 838 2890 899 2920; x_wconf 86' lang='lat' dir='ltr'><strong>tine</strong></span> <span class='ocrx_word' id='word_1_726' title='bbox 913 2889 1031 2929; x_wconf 64' lang='lat' dir='ltr'><strong>paginae</strong></span> <span class='ocrx_word' id='word_1_727' title='bbox 1046 2892 1115 2928; x_wconf 88' lang='lat' dir='ltr'><strong>post</strong></span> <span class='ocrx_word' id='word_1_728' title='bbox 1130 2888 1227 2918; x_wconf 82' lang='lat' dir='ltr'><strong>verba</strong></span> <span class='ocrx_word' id='word_1_729' title='bbox 1243 2899 1250 2917; x_wconf 76' lang='lat' dir='ltr'><em>z</em></span> <span class='ocrx_word' id='word_1_730' title='bbox 1276 2887 1336 2917; x_wconf 85' lang='grc' dir='ltr'><strong>ἀπὸ</strong></span> <span class='ocrx_word' id='word_1_731' title='bbox 1353 2886 1539 2926; x_wconf 80' lang='grc' dir='ltr'>Ὀρθαγόρου</span> <span class='ocrx_word' id='word_1_732' title='bbox 1553 2886 1695 2924; x_wconf 80' lang='grc' dir='ltr'>κατάγων</span> <span class='ocrx_word' id='word_1_733' title='bbox 1709 2887 1743 2917; x_wconf 79' lang='grc' dir='ltr'><strong>τὸ</strong></span> <span class='ocrx_word' id='word_1_734' title='bbox 1763 2887 1859 2926; x_wconf 82' lang='grc' dir='ltr'>γένος.</span> 
     </span>
    </p>

    <p class='ocr_par' dir='ltr' id='par_1_16' title="bbox 89 2931 2221 3345">
     <span class='ocr_line' id='line_1_81' title="bbox 131 2931 2221 2974; baseline -0.002 -7"><span class='ocrx_word' id='word_1_735' title='bbox 131 2939 181 2968; x_wconf 76' lang='lat' dir='ltr'><strong>Gt.</strong></span> <span class='ocrx_word' id='word_1_736' title='bbox 209 2935 290 2968; x_wconf 83' lang='lat' dir='ltr'><strong>cod.</strong></span> <span class='ocrx_word' id='word_1_737' title='bbox 309 2938 421 2966; x_wconf 85' lang='lat' dir='ltr'><strong>Escor.</strong></span> <span class='ocrx_word' id='word_1_738' title='bbox 437 2935 505 2973; x_wconf 85' lang='lat' dir='ltr'><strong>sol.</strong></span> <span class='ocrx_word' id='word_1_739' title='bbox 528 2939 566 2967; x_wconf 71' lang='grc'><strong>94</strong></span> <span class='ocrx_word' id='word_1_740' title='bbox 579 2959 587 2974; x_wconf 91' lang='grc'>,</span> <span class='ocrx_word' id='word_1_741' title='bbox 607 2940 644 2966; x_wconf 80' lang='grc'><strong>30</strong></span> <span class='ocrx_word' id='word_1_742' title='bbox 660 2944 715 2966; x_wconf 76' lang='lat' dir='ltr'><strong>vso</strong></span> <span class='ocrx_word' id='word_1_743' title='bbox 728 2954 767 2960; x_wconf 89' lang='lat'><em>-</em></span> <span class='ocrx_word' id='word_1_744' title='bbox 781 2941 818 2966; x_wconf 72' lang='lat'><strong>85</strong></span> <span class='ocrx_word' id='word_1_745' title='bbox 835 2960 843 2974; x_wconf 88' lang='lat'><strong>‚</strong></span> <span class='ocrx_word' id='word_1_746' title='bbox 865 2938 881 2966; x_wconf 77' lang='lat'>4</span> <span class='ocrx_word' id='word_1_747' title='bbox 900 2945 965 2966; x_wconf 79' lang='lat' dir='ltr'><strong>vso.</strong></span> <span class='ocrx_word' id='word_1_748' title='bbox 987 2938 1031 2966; x_wconf 76' lang='lat' dir='ltr'><strong>De</strong></span> <span class='ocrx_word' id='word_1_749' title='bbox 1050 2935 1086 2965; x_wconf 77' lang='lat' dir='ltr'><strong>iis</strong></span> <span class='ocrx_word' id='word_1_750' title='bbox 1112 2942 1184 2973; x_wconf 84' lang='lat' dir='ltr'><strong>quae</strong></span> <span class='ocrx_word' id='word_1_751' title='bbox 1207 2933 1238 2964; x_wconf 92' lang='lat' dir='ltr'><strong>h.</strong></span> <span class='ocrx_word' id='word_1_752' title='bbox 1259 2933 1297 2964; x_wconf 88' lang='lat' dir='ltr'><strong>sr.</strong></span> <span class='ocrx_word' id='word_1_753' title='bbox 1316 2933 1487 2964; x_wconf 84' lang='lat' dir='ltr'><strong>traduntur</strong></span> <span class='ocrx_word' id='word_1_754' title='bbox 1502 2933 1629 2963; x_wconf 88' lang='lat' dir='ltr'><strong>aliunde</strong></span> <span class='ocrx_word' id='word_1_755' title='bbox 1643 2941 1705 2965; x_wconf 91' lang='lat' dir='ltr'><strong>non</strong></span> <span class='ocrx_word' id='word_1_756' title='bbox 1726 2935 1861 2965; x_wconf 86' lang='lat' dir='ltr'><strong>constat.</strong></span> <span class='ocrx_word' id='word_1_757' title='bbox 1887 2934 1991 2963; x_wconf 87' lang='lat' dir='ltr'><strong>Pauca</strong></span> <span class='ocrx_word' id='word_1_758' title='bbox 2005 2931 2067 2970; x_wconf 91' lang='lat' dir='ltr'><strong>illa,</strong></span> <span class='ocrx_word' id='word_1_759' title='bbox 2087 2940 2160 2971; x_wconf 83' lang='lat' dir='ltr'><strong>quae</strong></span> <span class='ocrx_word' id='word_1_760' title='bbox 2179 2931 2221 2963; x_wconf 83' lang='lat' dir='ltr'><strong>de</strong></span> 
     </span>
     <span class='ocr_line' id='line_1_82' title="bbox 89 2977 2220 3022; baseline -0.002 -8"><span class='ocrx_word' id='word_1_761' title='bbox 89 2982 371 3022; x_wconf 85' lang='lat' dir='ltr'><strong>Orthagoridarnm</strong></span> <span class='ocrx_word' id='word_1_762' title='bbox 395 2981 559 3021; x_wconf 79' lang='lat' dir='ltr'><strong>tyrannide</strong></span> <span class='ocrx_word' id='word_1_763' title='bbox 581 2984 655 3012; x_wconf 86' lang='lat' dir='ltr'><strong>nota</strong></span> <span class='ocrx_word' id='word_1_764' title='bbox 679 2984 773 3019; x_wconf 88' lang='lat' dir='ltr'><strong>sunt,</strong></span> <span class='ocrx_word' id='word_1_765' title='bbox 801 2982 872 3012; x_wconf 74' lang='lat' dir='ltr'><strong>vide</strong></span> <span class='ocrx_word' id='word_1_766' title='bbox 890 2982 972 3021; x_wconf 85' lang='lat' dir='ltr'><strong>apud</strong></span> <span class='ocrx_word' id='word_1_767' title='bbox 1001 2981 1127 3013; x_wconf 80' lang='lat' dir='ltr'><strong>Mulier.</strong></span> <span class='ocrx_word' id='word_1_768' title='bbox 1155 2983 1233 3011; x_wconf 84' lang='lat' dir='ltr'><strong>Dor.</strong></span> <span class='ocrx_word' id='word_1_769' title='bbox 1261 2982 1292 3017; x_wconf 91' lang='lat' dir='ltr'><strong>l,</strong></span> <span class='ocrx_word' id='word_1_770' title='bbox 1333 2990 1361 3018; x_wconf 88' lang='lat' dir='ltr'><strong>p.</strong></span> <span class='ocrx_word' id='word_1_771' title='bbox 1395 2982 1535 3011; x_wconf 61' lang='grc'><strong>161164.</strong></span> <span class='ocrx_word' id='word_1_772' title='bbox 1563 2979 1743 3010; x_wconf 88' lang='lat' dir='ltr'><strong>Herodotus</strong></span> <span class='ocrx_word' id='word_1_773' title='bbox 1768 2981 1810 3010; x_wconf 75' lang='lat' dir='ltr'><strong>Vl</strong></span> <span class='ocrx_word' id='word_1_774' title='bbox 1822 3002 1830 3016; x_wconf 92' lang='lat'>‚</span> <span class='ocrx_word' id='word_1_775' title='bbox 1857 2982 1913 3009; x_wconf 83' lang='grc'><strong>126</strong></span> <span class='ocrx_word' id='word_1_776' title='bbox 1936 2980 2071 3009; x_wconf 89' lang='lat' dir='ltr'><strong>stemma</strong></span> <span class='ocrx_word' id='word_1_777' title='bbox 2089 2977 2220 3009; x_wconf 87' lang='lat' dir='ltr'><strong>exhibet</strong></span> 
     </span>
     <span class='ocr_line' id='line_1_83' title="bbox 91 3023 2217 3066; baseline -0.002 -7"><span class='ocrx_word' id='word_1_778' title='bbox 91 3029 150 3059; x_wconf 86' lang='lat' dir='ltr'><strong>hoc</strong></span> <span class='ocrx_word' id='word_1_779' title='bbox 178 3042 184 3059; x_wconf 88' lang='lat'>:</span> <span class='ocrx_word' id='word_1_780' title='bbox 210 3027 363 3060; x_wconf 83' lang='lat' dir='ltr'><strong>Andreas</strong></span> <span class='ocrx_word' id='word_1_781' title='bbox 391 3028 463 3066; x_wconf 90' lang='lat' dir='ltr'><strong>(qui</strong></span> <span class='ocrx_word' id='word_1_782' title='bbox 488 3027 571 3058; x_wconf 87' lang='lat' dir='ltr'><strong>filius</strong></span> <span class='ocrx_word' id='word_1_783' title='bbox 599 3027 783 3065; x_wconf 80' lang='lat' dir='ltr'><strong>Orthagorae</strong></span> <span class='ocrx_word' id='word_1_784' title='bbox 809 3027 903 3058; x_wconf 78' lang='lat' dir='ltr'><strong>fuisse</strong></span> <span class='ocrx_word' id='word_1_785' title='bbox 926 3028 1060 3065; x_wconf 83' lang='lat' dir='ltr'><strong>‹lebet);</strong></span> <span class='ocrx_word' id='word_1_786' title='bbox 1085 3027 1179 3065; x_wconf 88' lang='lat' dir='ltr'><strong>hujus</strong></span> <span class='ocrx_word' id='word_1_787' title='bbox 1211 3026 1293 3057; x_wconf 82' lang='lat' dir='ltr'><strong>tilius</strong></span> <span class='ocrx_word' id='word_1_788' title='bbox 1314 3028 1457 3064; x_wconf 78' lang='lat' dir='ltr'><strong>Myron;</strong></span> <span class='ocrx_word' id='word_1_789' title='bbox 1479 3025 1574 3064; x_wconf 87' lang='lat' dir='ltr'><strong>hujus</strong></span> <span class='ocrx_word' id='word_1_790' title='bbox 1595 3026 1614 3056; x_wconf 84' lang='lat' dir='ltr'><strong>f.</strong></span> <span class='ocrx_word' id='word_1_791' title='bbox 1634 3027 1885 3064; x_wconf 77' lang='lat' dir='ltr'><strong>Aristonymus;</strong></span> <span class='ocrx_word' id='word_1_792' title='bbox 1911 3023 2004 3063; x_wconf 88' lang='lat' dir='ltr'><strong>hujus</strong></span> <span class='ocrx_word' id='word_1_793' title='bbox 2022 3024 2046 3055; x_wconf 75' lang='lat' dir='ltr'><strong>t&#39;.</strong></span> <span class='ocrx_word' id='word_1_794' title='bbox 2076 3023 2217 3055; x_wconf 71' lang='lat' dir='ltr'><strong>Clisthe-</strong></span> 
     </span>
     <span class='ocr_line' id='line_1_84' title="bbox 92 3069 2218 3112; baseline -0.003 -6"><span class='ocrx_word' id='word_1_795' title='bbox 92 3084 157 3106; x_wconf 71' lang='lat' dir='ltr'><strong>nes.</strong></span> <span class='ocrx_word' id='word_1_796' title='bbox 187 3069 279 3112; x_wconf 80' lang='lat' dir='ltr'><strong>Quod</strong></span> <span class='ocrx_word' id='word_1_797' title='bbox 304 3082 377 3104; x_wconf 91' lang='lat' dir='ltr'><strong>eum</strong></span> <span class='ocrx_word' id='word_1_798' title='bbox 405 3074 518 3104; x_wconf 83' lang='lat' dir='ltr'><strong>nostris</strong></span> <span class='ocrx_word' id='word_1_799' title='bbox 546 3073 674 3103; x_wconf 91' lang='lat' dir='ltr'><strong>minime</strong></span> <span class='ocrx_word' id='word_1_800' title='bbox 701 3073 852 3112; x_wconf 82' lang='lat' dir='ltr'><strong>quadrat,</strong></span> <span class='ocrx_word' id='word_1_801' title='bbox 881 3073 960 3104; x_wconf 87' lang='lat' dir='ltr'><strong>adeo</strong></span> <span class='ocrx_word' id='word_1_802' title='bbox 987 3076 1022 3104; x_wconf 95' lang='lat' dir='ltr'><strong>ut</strong></span> <span class='ocrx_word' id='word_1_803' title='bbox 1047 3075 1078 3104; x_wconf 89' lang='lat' dir='ltr'><strong>in</strong></span> <span class='ocrx_word' id='word_1_804' title='bbox 1095 3074 1143 3104; x_wconf 89' lang='lat' dir='ltr'><strong>his</strong></span> <span class='ocrx_word' id='word_1_805' title='bbox 1165 3073 1257 3103; x_wconf 86' lang='lat' dir='ltr'><strong>sicuti</strong></span> <span class='ocrx_word' id='word_1_806' title='bbox 1284 3074 1313 3104; x_wconf 90' lang='lat' dir='ltr'><strong>in</strong></span> <span class='ocrx_word' id='word_1_807' title='bbox 1331 3072 1540 3104; x_wconf 79' lang='lat' dir='ltr'><strong>Corinthiacis</strong></span> <span class='ocrx_word' id='word_1_808' title='bbox 1557 3072 1698 3102; x_wconf 82' lang='lat' dir='ltr'><strong>diversos</strong></span> <span class='ocrx_word' id='word_1_809' title='bbox 1723 3072 1815 3110; x_wconf 89' lang='lat' dir='ltr'><strong>plane</strong></span> <span class='ocrx_word' id='word_1_810' title='bbox 1840 3071 1941 3101; x_wconf 80' lang='lat' dir='ltr'><strong>sontes</strong></span> <span class='ocrx_word' id='word_1_811' title='bbox 1962 3070 2108 3101; x_wconf 86' lang='lat' dir='ltr'><strong>Nicolaus</strong></span> <span class='ocrx_word' id='word_1_812' title='bbox 2131 3069 2218 3108; x_wconf 82' lang='lat' dir='ltr'><strong>(sive</strong></span> 
     </span>
     <span class='ocr_line' id='line_1_85' title="bbox 92 3115 2215 3161; baseline -0.003 -8"><span class='ocrx_word' id='word_1_813' title='bbox 92 3122 252 3161; x_wconf 76' lang='lat' dir='ltr'><strong>Ephorus)</strong></span> <span class='ocrx_word' id='word_1_814' title='bbox 269 3123 301 3152; x_wconf 89' lang='lat' dir='ltr'><strong>et</strong></span> <span class='ocrx_word' id='word_1_815' title='bbox 320 3120 499 3152; x_wconf 85' lang='lat' dir='ltr'><strong>Herodotus</strong></span> <span class='ocrx_word' id='word_1_816' title='bbox 515 3120 693 3150; x_wconf 86' lang='lat' dir='ltr'><strong>adhibuisse</strong></span> <span class='ocrx_word' id='word_1_817' title='bbox 718 3119 863 3150; x_wconf 86' lang='lat' dir='ltr'><strong>debeant.</strong></span> <span class='ocrx_word' id='word_1_818' title='bbox 888 3121 1035 3150; x_wconf 81' lang='lat' dir='ltr'><strong>Ceterum</strong></span> <span class='ocrx_word' id='word_1_819' title='bbox 1061 3120 1255 3151; x_wconf 87' lang='lat' dir='ltr'><strong>Clisthenem</strong></span> <span class='ocrx_word' id='word_1_820' title='bbox 1273 3128 1335 3149; x_wconf 86' lang='lat' dir='ltr'><strong>non</strong></span> <span class='ocrx_word' id='word_1_821' title='bbox 1353 3119 1559 3149; x_wconf 86' lang='lat' dir='ltr'><strong>successionis</strong></span> <span class='ocrx_word' id='word_1_822' title='bbox 1578 3118 1673 3156; x_wconf 89' lang='lat' dir='ltr'><strong>serie,</strong></span> <span class='ocrx_word' id='word_1_823' title='bbox 1691 3117 1744 3148; x_wconf 89' lang='lat' dir='ltr'><strong>sed</strong></span> <span class='ocrx_word' id='word_1_824' title='bbox 1760 3117 1791 3147; x_wconf 75' lang='lat' dir='ltr'><strong>vi</strong></span> <span class='ocrx_word' id='word_1_825' title='bbox 1808 3116 2004 3156; x_wconf 79' lang='lat' dir='ltr'><strong>tyrannidem</strong></span> <span class='ocrx_word' id='word_1_826' title='bbox 2025 3115 2215 3154; x_wconf 80' lang='lat' dir='ltr'><strong>obtinuisse,</strong></span> 
     </span>
     <span class='ocr_line' id='line_1_86' title="bbox 91 3163 2214 3208; baseline -0.003 -9"><span class='ocrx_word' id='word_1_827' title='bbox 91 3169 192 3208; x_wconf 74' lang='lat' dir='ltr'><strong>colligi</strong></span> <span class='ocrx_word' id='word_1_828' title='bbox 215 3168 309 3199; x_wconf 88' lang='lat' dir='ltr'><strong>etiam</strong></span> <span class='ocrx_word' id='word_1_829' title='bbox 332 3177 370 3198; x_wconf 88' lang='lat' dir='ltr'><strong>ex</strong></span> <span class='ocrx_word' id='word_1_830' title='bbox 390 3167 556 3198; x_wconf 82' lang='lat' dir='ltr'><strong>Aristotele</strong></span> <span class='ocrx_word' id='word_1_831' title='bbox 578 3167 696 3205; x_wconf 84' lang='lat' dir='ltr'><strong>potest,</strong></span> <span class='ocrx_word' id='word_1_832' title='bbox 712 3166 764 3205; x_wconf 90' lang='lat' dir='ltr'><strong>qui</strong></span> <span class='ocrx_word' id='word_1_833' title='bbox 779 3166 822 3196; x_wconf 89' lang='lat' dir='ltr'><strong>ita</strong></span> <span class='ocrx_word' id='word_1_834' title='bbox 842 3166 937 3196; x_wconf 72' lang='lat' dir='ltr'><strong>habet</strong></span> <span class='ocrx_word' id='word_1_835' title='bbox 959 3166 1048 3197; x_wconf 81' lang='lat' dir='ltr'><strong>l‘olit.</strong></span> <span class='ocrx_word' id='word_1_836' title='bbox 1066 3170 1110 3201; x_wconf 84' lang='lat' dir='ltr'><strong>V,</strong></span> <span class='ocrx_word' id='word_1_837' title='bbox 1132 3170 1183 3204; x_wconf 91' lang='grc'><strong>10,</strong></span> <span class='ocrx_word' id='word_1_838' title='bbox 1199 3170 1216 3197; x_wconf 87' lang='grc'>3</span> <span class='ocrx_word' id='word_1_839' title='bbox 1237 3179 1242 3196; x_wconf 77' lang='lat'>2</span> <span class='ocrx_word' id='word_1_840' title='bbox 1261 3165 1447 3197; x_wconf 71' lang='grc' dir='ltr'>Μεταὸάλλει</span> <span class='ocrx_word' id='word_1_841' title='bbox 1468 3166 1499 3196; x_wconf 83' lang='grc' dir='ltr'><strong>δὲ</strong></span> <span class='ocrx_word' id='word_1_842' title='bbox 1516 3166 1566 3195; x_wconf 81' lang='grc' dir='ltr'><strong>καὶ</strong></span> <span class='ocrx_word' id='word_1_843' title='bbox 1581 3165 1622 3199; x_wconf 83' lang='grc' dir='ltr'><strong>εἷς</strong></span> <span class='ocrx_word' id='word_1_844' title='bbox 1644 3163 1804 3203; x_wconf 85' lang='grc' dir='ltr'>τυραννίδα</span> <span class='ocrx_word' id='word_1_845' title='bbox 1819 3164 1972 3202; x_wconf 83' lang='grc' dir='ltr'>τυραννὶς,</span> <span class='ocrx_word' id='word_1_846' title='bbox 1996 3163 2099 3202; x_wconf 86' lang='grc' dir='ltr'>ὥσπερ</span> <span class='ocrx_word' id='word_1_847' title='bbox 2121 3163 2139 3199; x_wconf 87' lang='grc' dir='ltr'>ἡ</span> <span class='ocrx_word' id='word_1_848' title='bbox 2162 3163 2214 3192; x_wconf 93' lang='grc' dir='ltr'><strong>Σι-</strong></span> 
     </span>
     <span class='ocr_line' id='line_1_87' title="bbox 92 3209 2215 3253; baseline -0.003 -7"><span class='ocrx_word' id='word_1_849' title='bbox 92 3218 207 3250; x_wconf 83' lang='grc' dir='ltr'>κυῶνος</span> <span class='ocrx_word' id='word_1_850' title='bbox 220 3217 239 3251; x_wconf 90' lang='grc' dir='ltr'>ἡ</span> <span class='ocrx_word' id='word_1_851' title='bbox 252 3217 305 3245; x_wconf 80' lang='grc' dir='ltr'><strong>τοῦ</strong></span> <span class='ocrx_word' id='word_1_852' title='bbox 322 3214 467 3253; x_wconf 65' lang='grc' dir='ltr'>Μύρωνος</span> <span class='ocrx_word' id='word_1_853' title='bbox 483 3213 523 3248; x_wconf 81' lang='grc' dir='ltr'><strong>εἰς</strong></span> <span class='ocrx_word' id='word_1_854' title='bbox 537 3214 590 3249; x_wconf 76' lang='grc' dir='ltr'><strong>τὴν</strong></span> <span class='ocrx_word' id='word_1_855' title='bbox 613 3213 818 3247; x_wconf 74' lang='grc' dir='ltr'>Κλεισθένους.</span> <span class='ocrx_word' id='word_1_856' title='bbox 836 3211 895 3241; x_wconf 83' lang='lat' dir='ltr'><strong>Ubi</strong></span> <span class='ocrx_word' id='word_1_857' title='bbox 912 3211 1013 3242; x_wconf 80' lang='lat' dir='ltr'><strong>brevis</strong></span> <span class='ocrx_word' id='word_1_858' title='bbox 1026 3212 1194 3251; x_wconf 80' lang='lat' dir='ltr'><strong>temporis,</strong></span> <span class='ocrx_word' id='word_1_859' title='bbox 1213 3221 1276 3252; x_wconf 91' lang='lat' dir='ltr'><strong>quo</strong></span> <span class='ocrx_word' id='word_1_860' title='bbox 1293 3214 1433 3250; x_wconf 89' lang='lat' dir='ltr'><strong>tyrannis</strong></span> <span class='ocrx_word' id='word_1_861' title='bbox 1446 3214 1513 3242; x_wconf 88' lang='lat' dir='ltr'><strong>erat</strong></span> <span class='ocrx_word' id='word_1_862' title='bbox 1527 3219 1621 3250; x_wconf 80' lang='lat' dir='ltr'><strong>penes</strong></span> <span class='ocrx_word' id='word_1_863' title='bbox 1636 3210 1831 3247; x_wconf 90' lang='lat' dir='ltr'><strong>lsodemum‚</strong></span> <span class='ocrx_word' id='word_1_864' title='bbox 1846 3209 1900 3249; x_wconf 92' lang='lat' dir='ltr'><strong>qui</strong></span> <span class='ocrx_word' id='word_1_865' title='bbox 1916 3209 2076 3240; x_wconf 86' lang='lat' dir='ltr'><strong>Clisthene</strong></span> <span class='ocrx_word' id='word_1_866' title='bbox 2089 3217 2215 3240; x_wconf 83' lang='lat' dir='ltr'><strong>suasore</strong></span> 
     </span>
     <span class='ocr_line' id='line_1_88' title="bbox 93 3254 2213 3300; baseline -0.003 -8"><span class='ocrx_word' id='word_1_867' title='bbox 93 3265 253 3300; x_wconf 85' lang='lat' dir='ltr'><strong>Myronem</strong></span> <span class='ocrx_word' id='word_1_868' title='bbox 280 3261 452 3296; x_wconf 82' lang='lat' dir='ltr'><strong>interfecit,</strong></span> <span class='ocrx_word' id='word_1_869' title='bbox 479 3260 632 3289; x_wconf 82' lang='lat' dir='ltr'><strong>rationem</strong></span> <span class='ocrx_word' id='word_1_870' title='bbox 658 3258 842 3289; x_wconf 72' lang='lat' dir='ltr'><strong>Ariston-los</strong></span> <span class='ocrx_word' id='word_1_871' title='bbox 871 3267 932 3288; x_wconf 89' lang='lat' dir='ltr'><strong>non</strong></span> <span class='ocrx_word' id='word_1_872' title='bbox 959 3258 1079 3288; x_wconf 87' lang='lat' dir='ltr'><strong>habuit.</strong></span> <span class='ocrx_word' id='word_1_873' title='bbox 1098 3278 1137 3283; x_wconf 89' lang='lat'><strong>-—</strong></span> <span class='ocrx_word' id='word_1_874' title='bbox 1157 3263 1182 3289; x_wconf 89' lang='lat'><strong>1.</strong></span> <span class='ocrx_word' id='word_1_875' title='bbox 1207 3258 1311 3289; x_wconf 85' lang='lat' dir='ltr'><strong>Malim</strong></span> <span class='ocrx_word' id='word_1_876' title='bbox 1337 3258 1482 3297; x_wconf 80' lang='lat' dir='ltr'><strong>supplere</strong></span> <span class='ocrx_word' id='word_1_877' title='bbox 1499 3270 1505 3288; x_wconf 89' lang='lat'><strong>:</strong></span> <span class='ocrx_word' id='word_1_878' title='bbox 1523 3257 1581 3298; x_wconf 80' lang='grc' dir='ltr'>[ἃς]</span> <span class='ocrx_word' id='word_1_879' title='bbox 1596 3257 1642 3288; x_wconf 82' lang='grc' dir='ltr'><strong>οὐ.</strong></span> <span class='ocrx_word' id='word_1_880' title='bbox 1660 3274 1700 3278; x_wconf 95' lang='grc'><strong>-</strong></span> <span class='ocrx_word' id='word_1_881' title='bbox 1718 3261 1746 3286; x_wconf 83' lang='lat'><strong>2.</strong></span> <span class='ocrx_word' id='word_1_882' title='bbox 1765 3255 1931 3296; x_wconf 75' lang='grc' dir='ltr'>Λιῧύης]</span> <span class='ocrx_word' id='word_1_883' title='bbox 1956 3255 2065 3291; x_wconf 74' lang='grc' dir='ltr'>λυὸύης</span> <span class='ocrx_word' id='word_1_884' title='bbox 2085 3254 2155 3285; x_wconf 90' lang='lat' dir='ltr'><strong>cod.</strong></span> <span class='ocrx_word' id='word_1_885' title='bbox 2174 3275 2213 3280; x_wconf 89' lang='lat'><em>-</em></span> 
     </span>
     <span class='ocr_line' id='line_1_89' title="bbox 96 3300 2213 3345; baseline -0.002 -7"><span class='ocrx_word' id='word_1_886' title='bbox 96 3313 119 3338; x_wconf 74' lang='grc'><strong>3.</strong></span> <span class='ocrx_word' id='word_1_887' title='bbox 151 3307 317 3345; x_wconf 73' lang='grc' dir='ltr'>Κλεισθ.)</span> <span class='ocrx_word' id='word_1_888' title='bbox 345 3306 528 3341; x_wconf 76' lang='grc' dir='ltr'>Κλεοσθένης</span> <span class='ocrx_word' id='word_1_889' title='bbox 554 3305 621 3335; x_wconf 70' lang='grc'><strong>0011.</strong></span> <span class='ocrx_word' id='word_1_890' title='bbox 638 3304 668 3334; x_wconf 88' lang='grc'><strong>11.</strong></span> <span class='ocrx_word' id='word_1_891' title='bbox 694 3304 714 3335; x_wconf 94' lang='grc' dir='ltr'><strong>Ι.</strong></span> <span class='ocrx_word' id='word_1_892' title='bbox 739 3306 769 3335; x_wconf 89' lang='lat' dir='ltr'><strong>et</strong></span> <span class='ocrx_word' id='word_1_893' title='bbox 797 3304 896 3342; x_wconf 76' lang='lat' dir='ltr'><strong>infra;</strong></span> <span class='ocrx_word' id='word_1_894' title='bbox 923 3304 968 3335; x_wconf 89' lang='lat' dir='ltr'><strong>bis</strong></span> <span class='ocrx_word' id='word_1_895' title='bbox 991 3307 1095 3336; x_wconf 79' lang='lat' dir='ltr'><strong>tamen</strong></span> <span class='ocrx_word' id='word_1_896' title='bbox 1120 3306 1202 3336; x_wconf 82' lang='lat' dir='ltr'><strong>recte</strong></span> <span class='ocrx_word' id='word_1_897' title='bbox 1228 3304 1374 3335; x_wconf 84' lang='lat' dir='ltr'><strong>scribitur</strong></span> <span class='ocrx_word' id='word_1_898' title='bbox 1405 3305 1592 3339; x_wconf 76' lang='grc' dir='ltr'>Κλεισθένης.</span> <span class='ocrx_word' id='word_1_899' title='bbox 1610 3320 1647 3325; x_wconf 87' lang='lat'><strong>—-</strong></span> <span class='ocrx_word' id='word_1_900' title='bbox 1664 3303 1818 3333; x_wconf 59' lang='grc' dir='ltr'>ἐμαυτὸν</span> <span class='ocrx_word' id='word_1_901' title='bbox 1833 3301 1913 3342; x_wconf 87' lang='grc' dir='ltr'>τὸν]</span> <span class='ocrx_word' id='word_1_902' title='bbox 1930 3302 1981 3332; x_wconf 84' lang='grc' dir='ltr'><strong>τὸν</strong></span> <span class='ocrx_word' id='word_1_903' title='bbox 1997 3300 2153 3341; x_wconf 76' lang='lat' dir='ltr'><strong>supplevi.</strong></span> <span class='ocrx_word' id='word_1_904' title='bbox 2173 3317 2213 3323; x_wconf 91' lang='lat'><strong>-—-</strong></span> 
     </span>
    </p>
   </div>
  </div>
 </body>
</html>
