2338 3765
133 185 207 217 386

134 264 235 301 αὐτὸν
265 261 421 308 ἐκέλευε,
446 259 503 296 καὶ
520 258 594 295 ἐπεὶ
613 257 810 300 ἐξείλκυσαν
833 258 863 293 οἱ
885 256 1086 307 θεράποντες
1111 255 1170 292 καὶ

136 321 284 360 ἐναντίον
312 319 460 364 ἔστησαν
478 320 536 354 τοῦ
553 315 725 366 ἅρματος,
743 307 837 351 εἶπεν
859 317 877 351 ὃ
898 314 1027 364 Γύγης·
1051 332 1065 347 u
1087 313 1169 351 Ἐν-

136 383 244 416 ταῦθα
270 376 310 422 δή
333 391 369 414 σε
389 374 476 427 χρὴ,
493 367 521 411 (ἶ)
539 372 638 420 Λίξε,
664 371 864 423 κατορύξαι·
887 375 987 409 τοῦτο
1003 371 1069 423 γὰρ
1086 373 1169 420 ἡμῖν

133 436 368 486 συγκείμενον.
401 453 413 466 υ
437 433 507 471 Καὶ
533 432 566 474 ὃς
588 432 649 480 (65)
682 430 775 468 οὐδὲν
802 430 1064 473 ὑποθωπεύσας·
1086 447 1099 462 «
1123 429 1170 467 Σὲ

136 494 197 545 μὲν
217 488 286 540 οὖν,
302 493 364 544 ἔφη
378 522 386 541 ,
409 494 519 528 ταῦτα
535 491 655 526 παθεῖν
671 488 891 540 δικαιότερον,
910 487 944 531 ὃς
958 487 1019 538 ἐμὲ
1037 487 1169 524 διώκων

135 552 383 605 ἐκτρεπόμενον
405 548 501 590 ὁδοὺς
524 544 622 593 ἦλθες
641 549 679 585 οὐ
699 546 895 598 πρεπούσας
918 546 1064 598 βασιλεῖ.
1086 563 1100 578 υ
1122 547 1167 583 Οἱ

135 610 169 648 δὲ
188 610 278 662 φίλοι
297 609 352 645 τὸν
373 605 505 656 Γύγην,
522 605 578 643 ἐπὶ
594 604 747 647 συννοίας
760 605 941 655 γενόμενον
960 603 1067 641 πολὺν
1087 603 1169 654 χρό-

134 683 201 714 νον,
223 667 362 705 ἔπεισαν
393 668 528 715 ἀφεῖναι
556 662 656 706 Αίξον
688 663 745 712 (66)
775 666 834 699 τοῦ
860 662 1021 699 θανάτου.
1047 661 1117 699 Καὶ
1137 659 1170 701 ὃς

135 726 200 778 ἔφη
230 722 452 775 ὀμωμοκέναι
472 721 656 773 κατορύξαι
678 720 779 758 αὐτὸν
798 720 875 758 ἔνθα
897 720 937 757 ἂν
954 719 1051 770 τύχοι
1071 720 1169 769 πρῶ-

134 800 207 822 τον·
230 785 260 821 οἱ
281 784 309 820 δ’
340 781 491 834 ἔφασαν·
513 799 527 813 «
555 778 718 819 Ἐπειδὰν
748 778 936 830 τελευτήσῃ
952 808 962 827 ,
991 780 1170 828 τοιγαροῦν

135 845 281 881 ἐνταῦθα
297 838 492 890 κατόρυξον,
511 838 568 876 καὶ
584 837 708 888 εὕορκά
726 852 778 874 σοι
798 836 907 874 ἔσται.
928 854 942 868 »
960 835 1004 873 ‘O
1022 834 1057 872 δὲ
1078 835 1172 871 ἐπεί-

136 904 200 947 σθη
231 914 267 937 τε
296 898 354 936 καὶ
375 897 431 934 διὰ
454 900 564 933 ταῦτα
593 897 703 946 ἀφῆκε
735 894 850 938 Αίξον.
876 894 976 932 Μετὰ
1000 893 1035 930 δὲ
1064 896 1172 929 ταῦτα

134 959 190 996 ἐπὶ
219 959 354 995 δεῖπνον
376 955 539 1005 ἐκάλεσε,
561 954 675 1005 χαμαί
703 969 739 990 τε
763 953 918 989 ἀνέκλινε
945 951 1003 988 καὶ
1022 950 1065 987 τὰ
1088 952 1173 987 ὀστᾶ

136 1016 311 1068 παρετίθει
338 1012 453 1065 φαῦλά
472 1028 509 1050 τε
529 1011 642 1059 σιτία,
665 1012 774 1048 πίνειν
803 1025 839 1047 τε
862 1009 932 1053 ὅξος
958 1008 1085 1059 ἐνέχει·
1115 1008 1174 1045 καί

135 1092 208 1118 πως
226 1076 426 1112 δειπνοῦντα
441 1072 542 1123 ἤρετο
556 1071 632 1123 (67),
652 1072 724 1112 πῶς
740 1084 778 1119 γε
798 1067 962 1113 δειπνοίη,
980 1067 1022 1105 ‘0
1035 1066 1063 1103 δ’
1080 1060 1173 1103 εἶπεν

140 1153 154 1167 α
166 1134 232 1176 ε,Ως
248 1132 336 1175 εἰκὸς
349 1130 446 1182 παρὰ
461 1130 557 1181 ἀνδρὶ
572 1131 696 1181 ἐχθρῷ.
711 1148 723 1161 υ
740 1128 784 1166 Ὁ
800 1126 835 1164 δὲ
846 1126 995 1177 γελάσας
1012 1120 1049 1164 εὖ
1064 1126 1174 1176 μάλα,

138 1195 205 1230 τῶν
227 1193 322 1242 αὑτῷ
342 1188 606 1240 παρακειμένων
623 1185 888 1238 ἐπεδαψιλεύετό
904 1200 939 1221 τε
961 1186 1021 1234 (aa)
1044 1184 1103 1221 καὶ
1119 1185 1173 1221 εὐ-

139 1250 338 1301 μενέστερος
356 1247 501 1297 ἐγένετο.
535 1245 668 1298 Χρόνου
692 1244 726 1282 δὲ
758 1243 951 1304 προϊόντος,
981 1242 1175 1293 διαλλαγεὶς

138 1308 234 1357 φίλον
262 1307 450 1352 ἐποιήσατο
483 1305 540 1342 καὶ
561 1303 656 1341 οὐδὲν
684 1302 735 1340 ἔτι
764 1306 854 1353 εἶχεν
888 1303 921 1338 ἐν
952 1300 1073 1351 γνώμῃ
1105 1303 1173 1338 τῶν

138 1365 260 1402 πάλαι.

628 1474 687 1509 50,

191 1594 282 1628 Exc.
302 1594 357 1627 De
374 1593 441 1627 ins.
465 1604 472 1625 :
493 1588 576 1627 ‘'O-rt
594 1589 627 1624 ἐν
645 1586 797 1632 Ἀθήναις
808 1587 981 1638 Δημοφῶν
998 1585 1177 1623 ἐδασίλευ-

140 1665 196 1687 σεν
207 1680 217 1698 ,
235 1649 285 1698 ἐφ’
300 1643 336 1685 οῧ
352 1647 516 1699 Ὀρέστης
534 1644 813 1697 μητροκτονήσας
827 1646 873 1686 εἷς
888 1643 1028 1689 Ἀθήνας
1041 1639 1103 1690 ἧκε
1118 1644 1176 1693 (1),

140 1706 228 1756 μετὰ
259 1706 293 1743 δὲ
323 1709 441 1743 τοῦτον
474 1703 661 1749 Ὀξύντης,
695 1701 783 1751 μετὰ
818 1701 853 1739 δὲ
880 1703 1006 1739 ἐκεῖνον
1043 1701 1178 1751 Θυμοί-

139 1782 211 1811 της,
226 1764 271 1810 ὃς,
288 1767 346 1801 τοῦ
364 1762 492 1814 πατρὸς
508 1761 786 1807 τελευτήσαντος,
805 1759 902 1802 εἰδὼς
919 1759 980 1806 τὴν
1001 1759 1177 1811 βασιλείαν

139 1826 188 1874 τῷ
214 1822 344 1874 γνησίῳ
368 1822 504 1873 ἀδελφῷ
532 1819 786 1872 προσήκουσαν,
816 1817 1046 1870 δολοφονήσας
1078 1819 1178 1856 αὐτὸν

142 1881 290 1931 κατέσχε
310 1880 371 1926 τὴν
393 1878 502 1931 ἀρχήν
525 1878 579 1928 (2).

625 1990 686 2026 51.

192 2111 280 2146 Exc.
303 2111 358 2144 De
377 2109 462 2146 virt.
491 2122 498 2143 z
516 2105 600 2143 ’Ότι
622 2105 853 2155 Ἱππομένης,
873 2107 890 2142 ὁ
910 2104 1096 2150 Ἀθηναίων
1118 2103 1179 2156 ἄρ-

140 2182 224 2218 χων,
251 2165 388 2210 ἐξέπεσε
408 2168 468 2211 τῆς
498 2166 606 2217 ἀρχῆς
626 2164 668 2201 δι’
687 2163 800 2201 αἰτίαν
823 2162 969 2202 τοιάνδε,
996 2156 1065 2200 ὟΗν
1086 2163 1180 2214 αὐτῷ

141 2225 315 2275 θυγάτηρ,
333 2223 453 2269 ἥντινα
474 2226 541 2260 τῶν
559 2224 674 2260 ἀστῶν
696 2223 736 2272 (1)
759 2237 846 2265 τινος
865 2222 976 2273 λάθρα
994 2219 1180 2271 αἰσχύναν-

935 171 1137 209 NICOLAI
1168 168 1458 208 DAMASCENI

1233 259 1386 297 ministri,
1414 259 1445 289 et
1465 259 1538 288 ante
1560 239 1691 286 currum
1718 253 1879 284 hominem
1904 252 2128 292 collocassent,
2161 265 2177 279 «
2207 251 2271 291 lbi,

1238 324 1340 362 Gyges
1363 320 1485 360 inquit,
1510 327 1566 358 ego
1588 320 1638 356 te,
1656 326 1675 348 o
1692 316 1788 354 Lixe,
1814 315 1962 347 defodere
1986 315 2097 347 debeo.
2117 315 2169 347 Sic
2186 315 2271 347 enim

1233 385 1316 415 inter
1331 392 1389 414 nos
1406 381 1568 413 convenit.
1587 393 1600 406 n
1617 380 1673 411 Ille
1687 387 1762 410 vero
1775 377 1853 408 nihil
1864 377 2089 409 subblandiens
2106 390 2114 409 ι
2134 390 2149 405 «
2163 379 2208 410 Te
2220 386 2274 418 po-

1233 448 1307 486 tius,
1319 447 1380 485 ait,
1392 447 1450 477 hoc
1465 445 1528 485 pati
1544 453 1598 484 par
1614 444 1680 482 est,
1691 442 1746 482 qui
1759 450 1811 473 me
1821 441 2006 482 adspectum
2015 442 2108 473 tuum
2119 441 2271 473 vitantem

1233 516 1424 549 persequens
1440 507 1507 538 vias
1529 514 1635 545 regem
1655 504 1740 535 haud
1753 503 1901 536 decentes
1913 504 2070 545 ingressus
2090 512 2135 536 es.
2161 506 2274 536 »Tum

1235 570 1326 602 amici
1345 570 1423 609 Gygi
1439 568 1493 599 diu
1511 567 1723 608 cogitabundo
1745 566 1938 607 suadebant,
1958 569 1996 598 ut
2019 567 2134 599 Lixum
2150 567 2271 608 suppli-

1233 634 1281 664 cio
1298 634 1452 664 liberaret
1464 643 1472 672 ;
1488 633 1520 664 et
1532 640 1634 672 quum
1648 640 1701 663 rex
1714 632 1836 671 J'urasse
1849 640 1881 663 se
1894 630 2013 663 diceret
2026 639 2058 663 se
2074 631 2274 667 defossurum

1234 706 1306 728 eum
1342 705 1405 736 quo
1444 696 1514 727 loco
1546 695 1685 735 primum
1725 695 1960 735 conspexisset,
1997 694 2229 735 responderunt
2265 709 2272 727 :

1235 774 1249 787 «ι
1271 759 1406 796 Quando
1420 758 1486 789 vita
1505 757 1674 790 defunctus
1688 758 1766 796 erit,
1783 758 1853 789 tum
1875 757 1973 789 hoc-ce
1998 757 2067 788 loco
2091 766 2165 789 eum
2187 758 2275 790 deso-

1234 822 1318 861 ‹lias,
1333 824 1364 853 et
1377 821 1465 852 salva
1479 820 1539 852 erit
1550 819 1852 860 fidesjurisjurandi.
1871 833 1886 846 »ι
1899 819 2022 856 Quibus
2034 819 2088 851 ille
2105 828 2273 860 persuasus

1232 884 1351 916 Lixum
1374 882 1503 914 dimisit.
1532 883 1643 914 Postea
1665 881 1706 914 ad
1733 881 1917 913 conw'vium
1948 882 2097 921 vocavit,
2123 882 2277 923 humique

1235 946 1426 977 decumbere
1436 945 1552 985 jubens
1564 953 1633 976 ossa
1644 944 1794 984 cibosque
1806 944 1885 976 viles
1895 944 2095 985 apponebat,
2107 946 2140 977 et
2149 946 2277 977 acetum

1234 1010 1406 1042 bibendum
1414 1010 1441 1041 ei
1452 1009 1648 1041 infundebat.
1658 1012 1702 1041 Ac
1710 1009 1789 1041 forte
1798 1010 1977 1041 coenantem
1987 1009 2202 1049 interrogavit,
2213 1018 2278 1050 quo

1236 1072 1330 1105 modo
1349 1081 1474 1104 coenare
1490 1072 1549 1104 sihi
1572 1071 1746 1103 videretur.
1771 1071 1819 1103 Ad
1835 1071 1920 1112 quod
1946 1072 1998 1104 ille
2015 1085 2022 1103 2
2048 1084 2063 1099 «ε
2084 1072 2136 1103 Uti
2153 1080 2210 1112 par
2229 1073 2277 1104 est

1235 1137 1317 1176 apud
1332 1136 1436 1167 virum
1452 1136 1618 1167 inimicum
1632 1148 1647 1163 »
1665 1135 1837 1175 respondit.
1864 1135 1946 1168 Risit
1963 1135 2004 1166 de
2016 1144 2054 1167 eo
2067 1135 2153 1167 dicto
2175 1137 2279 1176 Gyges

1236 1196 1441 1226 vehementer
1452 1219 1460 1233 ,
1479 1194 1587 1234 etiam
1604 1194 1790 1226 clementior
1804 1193 1844 1225 de
1860 1193 1938 1225 cibis
1956 1193 2016 1225 sibi
2034 1194 2183 1234 appositis
2196 1193 2277 1226 Lixo

1237 1255 1439 1294 largiebatur.
1466 1253 1690 1294 progrediente
1722 1252 1836 1284 deinde
1857 1254 1999 1293 tempore
2019 1252 2051 1284 in
2072 1251 2205 1293 gratiam
2228 1260 2278 1284 re-

1238 1313 1326 1345 diens
1341 1314 1374 1345 in
1401 1312 1511 1344 amicis
1528 1321 1602 1344 eum
1617 1311 1772 1352 habebat,
1798 1311 1938 1352 pristinae
1955 1311 2131 1343 inimicitiae
2147 1319 2277 1352 prorsus

1239 1372 1368 1404 oblitus.

1722 1477 1778 1509 50.

1282 1585 1414 1616 Athenis
1432 1584 1621 1624 Demophon
1637 1583 1798 1624 regnavit,
1815 1582 1877 1614 sub
1889 1591 1954 1623 quo
1967 1584 2095 1615 Orestes
2110 1583 2278 1616 matricida

1240 1648 1378 1679 Athenas
1405 1647 1513 1685 venit;
1544 1647 1616 1686 post
1640 1645 1896 1686 Demophontem
1921 1653 1997 1677 vero
2025 1647 2185 1686 oxyntes,
2208 1648 2279 1686 post

1241 1711 1326 1741 hunc
1342 1710 1526 1750 Thymoetes
1537 1734 1546 1750 ‚
1561 1709 1616 1750 qui
1629 1719 1727 1750 quum
1749 1718 1880 1750 regnum
1893 1711 1964 1749 post
1979 1710 2077 1749 patris
2089 1709 2214 1741 obitum
2237 1709 2277 1742 ad

1240 1768 1453 1809 (Aplzz‘dam)
1475 1768 1624 1808 fratrem,
1655 1769 1793 1809 Oxyntae
1824 1767 1925 1799 filium
1952 1767 2148 1808 legitimum,
2179 1768 2278 1809 perti-

1240 1836 1315 1859 nere
1336 1827 1448 1867 sciret,
1474 1826 1559 1858 hunc
1575 1835 1630 1867 per
1650 1826 1779 1858 insidias
1805 1825 1938 1865 occidit,
1965 1827 2061 1867 atque
2082 1826 2127 1859 sic
2146 1827 2278 1868 imperio

1240 1886 1359 1926 potitus
1371 1886 1427 1917 est.

1741 1991 1796 2022 51.

1285 2107 1495 2146 Hippomenes
1519 2103 1759 2136 Atheniensium
1784 2104 1930 2144 princeps
1957 2103 2144 2144 magistratu
2169 2104 2280 2145 pulsus

1240 2166 1287 2197 est
1301 2164 1343 2195 ob
1359 2165 1440 2195 hanc
1459 2171 1597 2194 causam.
1620 2162 1696 2194 Erat
1714 2161 1743 2193 ei
1760 2161 1825 2193 filia
1843 2162 1950 2202 virgo,
1965 2170 2062 2202 quam
2081 2162 2160 2195 civis
2172 2163 2279 2195 nescio

1245 2224 1315 2264 quis
1328 2222 1519 2261 vitiavisset;
1536 2221 1636 2252 iratus
1654 2221 1869 2260 Hippomenes
1883 2220 2045 2261 religatam
2061 2229 2136 2252 cum
2148 2229 2232 2262 equo
2245 2221 2279 2253 in

148 2364 179 2367 —
193 2350 243 2377 65.
259 2357 278 2376 κ
288 2347 326 2376 αὶ
340 2346 356 2376 ὃ
366 2345 400 2386 ς]
413 2345 465 2376 καὶ
479 2346 520 2381 ὡς
533 2344 605 2376 cod.
620 2361 661 2367 —
671 2348 720 2375 66.
737 2343 870 2383 Λίξον]
884 2343 956 2378 λίξιν
969 2341 1038 2372 cod.
1052 2359 1092 2367 —
1106 2343 1156 2372 67.
1166 2340 1278 2377 ἤρετο
1290 2338 1301 2379 ]
1314 2339 1409 2378 εἴρετο
1423 2337 1533 2369 codex.
1549 2336 1666 2368 Deinde
1678 2339 1743 2372 πῶς
1759 2347 1791 2368 τε
1805 2338 1837 2367 et
1849 2337 1939 2372 εἰκὼς
1956 2336 2027 2368 cod.
2044 2338 2089 2369 De
2102 2338 2194 2377 regiis
2204 2347 2278 2370 con-

141 2393 220 2423 vivis
234 2401 307 2423 cum
326 2392 405 2423 Lixo
421 2392 530 2423 nostro
550 2390 770 2430 comparandis
782 2390 856 2421 vide
873 2398 945 2429 quae
962 2387 1147 2420 Posidonius
1163 2386 1272 2417 narrat
1285 2386 1396 2425 fragm.
1412 2390 1441 2417 8.
1460 2403 1499 2410 --
1521 2387 1572 2415 68.
1588 2384 1634 2415 ἐπ
1645 2383 1718 2423 εδ.]
1734 2383 1985 2423 ἐπεδαψιλευτότε
2001 2383 2114 2416 codex.
2132 2387 2194 2417 Pro
2207 2385 2276 2417 τότε

142 2439 181 2469 ad
201 2439 373 2478 marginem
391 2436 460 2469 cod.
483 2439 612 2469 notatu-r
624 2437 697 2477 πρός
709 2448 751 2468 τε.
769 2437 930 2476 subjungo
952 2435 1094 2467 tabulam
1113 2434 1279 2465 nominum
1295 2436 1368 2472 quae
1387 2432 1418 2462 in
1441 2431 1501 2462 hoc
1518 2431 1692 2470 fragmento
1708 2432 2021 2463 commemorantur:

430 2516 590 2543 Arnum?
1107 2510 1312 2540 HERACLmAE.
1807 2508 2009 2537 Msnmuanffi.

456 2554 569 2602 Tyion.
1130 2549 1294 2598 Alcimius.
1908 2550 1918 2570 -·

510 2607 517 2624 ²
1124 2605 1298 2668 Sadyattes.

900 2739 920 2749 's
938 2754 1059 2794 KadyS.
1150 2752 1262 2792 Ardys.
1858 2737 1972 2789 Gyges.

886 2796 895 2833 (
912 2795 1094 2833 Damamo)

509 2842 517 2873 ς
885 2836 895 2872 (
908 2839 1070 2876 spermos.
1086 2836 1096 2875 )

455 2876 566 2916 Ardys.
1122 2875 1299 2915 sadyatteS.
1822 2871 1985 2911 Dascylus.
2032 2870 2144 2912 Ardys.

421 2918 593 3007 Sadyz'ntes
1154 2917 1262 2989 Meles.
1828 2953 1982 2993 Dascyius
2001 2952 2152 2985 *Ponticus

451 3056 558 3110 Lixiis.
1139 3041 1273 3078 Myrsus'
1902 2993 1910 3115 ÷

1108 3120 1285 3159 sadyattes.
1348 3118 1451 3152 Tudo.
1837 3116 1953 3155 Gyges.

188 3200 237 3225 50.
265 3194 342 3225 cod.
362 3194 552 3232 Esconsol.
569 3197 606 3225 82
617 3217 625 3232 ,
642 3196 733 3225 14-17
750 3203 779 3224 r.
795 3213 834 3220 --
852 3198 878 3225 1.
891 3194 937 3225 Cf.
953 3194 990 3224 fr.
1007 3197 1043 3225 34
1057 3197 1085 3226 et
1098 3196 1212 3227 Marm.
1226 3197 1297 3226 Par.
1310 3194 1420 3235 epoch.
1435 3197 1486 3226 25.
1500 3210 1541 3216 —
1552 3197 1581 3224 2.
1594 3194 1640 3224 De
1649 3191 1816 3232 Thymoete
1829 3191 1967 3230 Oxyntae
1977 3188 2041 3221 filio
2053 3188 2161 3229 spurio
2173 3187 2271 3228 Aphi-

145 3242 258 3281 drequc
272 3242 383 3279 fratre,
399 3240 470 3272 vide
486 3243 606 3271 Demon
632 3242 640 3278 (
652 3241 687 3271 fr.
709 3242 741 3278 1)
762 3249 813 3280 ap.
841 3241 954 3272 Athen.
975 3243 1034 3275 111,
1057 3250 1086 3281 p.
1110 3246 1167 3280 96,
1186 3244 1225 3273 1).
1246 3241 1349 3273 Fratri
1363 3240 1540 3280 Thymoetoe
1554 3247 1654 3270 unum
1669 3238 1754 3278 regni
1767 3245 1887 3269 annum
1901 3236 2038 3277 assignat
2064 3233 2219 3267 Eusebius
2241 3233 2273 3264 in

147 3287 265 3318 Chi-on.
284 3296 312 3326 p.
333 3290 386 3318 136
400 3288 432 3319 et
448 3291 506 3319 300
529 3287 579 3318 ed.
593 3287 667 3318 Mai.
682 3288 863 3318 Secundum
879 3287 995 3319 Nicolai
1009 3290 1171 3319 auctorem
1189 3287 1325 3327 Aphidas
1340 3287 1469 3318 omnino
1485 3294 1549 3316 non
1568 3286 1747 3325 pervenisse
1761 3283 1801 3315 ad
1823 3291 1955 3323 regnum
1970 3282 2107 3314 videtur.

190 3339 238 3364 221,
274 3333 350 3366 cod.
371 3333 519 3372 Tur.fol
543 3337 626 3372 ,15-'⁴‚
651 3337 688 3364 29
704 3343 732 3365 r.
749 3351 788 3357 —
807 3336 859 3366 154
875 3358 882 3373 ,
899 3336 914 3364 4
938 3342 1002 3366 vso.
1020 3334 1135 3365 Eadem
1158 3334 1269 3366 Suidas
1289 3343 1317 3364 v.
1344 3334 1524 3373 Ἱππομένης
1544 3334 1575 3365 et
1591 3333 1688 3365 schol.
1719 3332 1854 3364 Borolin.
1870 3330 1909 3363 ad
1927 3329 2037 3362 Liban.
2069 3331 2125 3368 Ep.
2155 3335 2185 3367 p.
2217 3329 2272 3358 125
