2338 3765
931 175 1254 215 1³RA03115N1'A.

39 259 130 310 αὖτῷ
162 257 316 309 στρατιὰ,
339 257 455 309 ἀνδρὸς
480 257 563 309 ἔργα
580 259 617 296 τὸ
639 260 713 295 καθ’
748 258 865 294 ἑαυτὸν
890 260 934 300 εἷς
953 261 1058 296 πολε-

37 316 134 367 μίους
154 314 428 364 ἀποδειξάμενος.

93 375 193 412 XVI.
211 372 274 410 Διὰ
286 376 395 408 ταῦτα
413 371 453 417 δὴ
471 373 724 424 ἐπιστρατεύειν
740 371 921 419 ἐγνωκότος
936 371 1059 410 Ἀντιό-

38 447 101 481 χοι.
135 430 224 467 κατὰ
255 432 419 475 Βιθυνῶν,
454 432 470 466 ὁ
503 430 629 467 τούτων
669 428 826 480 βασιλεὺς
862 429 1063 478 Νικομήδης

43 487 320 538 διαπρεσὸεύεται
353 488 434 538 πρὸς
466 487 676 538 Ἡράκλειαν
714 486 915 537 συμμαχίαν
948 488 1062 532 αἰτῶν,

41 545 95 581 καὶ
109 544 269 595 τυγχάνει
282 547 341 589 τῆς
358 546 519 589 σπουδῆς,
535 546 567 581 ἐν
583 543 709 593 ὁμοίοις
722 546 850 594 καιροῖς
862 545 919 580 καὶ
933 543 1064 594 χρείαις

40 601 102 647 τὴν
121 602 268 650 dame-‘qv
289 601 530 651 ὑποσχόμενος.
550 601 610 638 Ἔν
632 600 740 651 τούτῳ
769 600 803 637 δὲ
823 600 1063 651 (Ἡρακλεῶται

40 660 100 707 τήν
113 674 150 696 τε
167 659 289 710 Κίερον
303 659 361 695 καὶ
377 659 437 703 τὴν
452 659 535 696 Τῗον
551 658 766 695 ἀνεσώσαντο
780 657 838 695 καὶ
855 658 915 703 τὴν
933 657 1063 696 Θυνίδα

40 720 117 766 γῆν,
156 717 269 754 πολλὰ
297 718 364 752 τῶν
395 716 583 767 χρημάτων
619 715 877 760 δαπανήσαντες
890 732 897 738 ·
934 715 996 760 τὴν
1030 714 1063 752 δὲ

40 771 227 825 Ἄμαστριν
247 768 303 826 (ἦν
323 773 388 825 γὰρ
404 774 463 810 καὶ
482 773 567 818 αὐτὴ
596 772 683 822 μετὰ
710 775 776 810 τῶν
797 773 908 810 ἄλλων
932 775 1064 825 ἀφῃρη-

42 831 146 881 μένη)
168 831 226 868 καὶ
242 831 381 882 πολέμῳ
398 831 455 868 καὶ
471 831 627 882 χρήμασι
650 830 867 880 βουληθέντες
881 830 962 872 τέως
982 833 1063 867 ἀνα-

40 889 158 926 λαὸεἷν
188 888 292 933 αὐτὴν
322 890 360 926 οὐ
379 889 621 940 κατώρθωσαν,
647 892 705 925 τοῦ
738 888 938 938 κατέχοντος
958 887 1063 934 αὐτὴν

45 946 215 994 Εὐμένους
244 945 489 996 Ἀριοὸαρζάνῃ
518 947 565 996 τῷ
597 945 806 995 Μιθριδάτου
825 944 922 981 παιδὶ
941 950 1065 995 προῖκα

42 1004 170 1051 μᾶλλον
185 1005 397 1052 παραδοῦναι
416 1003 542 1048 ταύτην
560 1002 581 1046 ἢ
600 1001 788 1053 παρέχουσι
806 1002 972 1053 χρήματα
995 1003 1064 1044 τοῖς

41 1059 297 1110 εΗρακλεώταις
321 1059 375 1096 διὰ
391 1060 429 1097 τὸ
445 1063 504 1106 τῆς
526 1062 627 1111 ὀργῆς
646 1059 853 1110 ὑπαχθέντος
869 1059 1060 1108 ἀλόγιστον.

94 1119 214 1156 XVII.
238 1116 330 1155 ‘an
350 1117 383 1154 δὲ
401 1117 475 1160 τοὺς
502 1118 621 1159 αὐτοὺς
639 1118 778 1168 χρόνους
797 1116 973 1168 ἐκδέχεται
993 1115 1068 1159 τοὺς

42 1174 287 1226 (Ηρακλεώτας
317 1178 333 1212 ὃ
359 1175 440 1226 πρὸς
461 1175 624 1221 Ζιποίτην
647 1175 703 1212 τὸν
734 1175 873 1212 Βιθυνὸν
894 1175 1064 1223 πόλεμος,

41 1233 76 1275 ὃς
104 1235 165 1277 τῆς
192 1235 366 1278 Θυνιακῆς
394 1235 542 1284 ἐπῆρχεν
572 1232 727 1284 Θράκης.

40 1290 160 1327 πολλοὶ
176 1293 242 1327 τῶν
261 1290 513 1342 Ἡρακλεωτῶν
529 1290 689 1341 γενναίως
709 1289 948 1340 ἀνδρισάμενοι
965 1305 1066 1326 κατε-

41 1347 212 1393 κόπησαν.
272 1348 342 1385 Καὶ
373 1353 449 1398 νικᾷ
482 1347 542 1396 μὲν
574 1347 663 1384 κατὰ
691 1347 814 1398 κράτος
841 1350 857 1384 ὃ
885 1346 1067 1393 Ζιποίτης,

42 1404 260 1455 συμμαχίδος
278 1404 313 1440 δὲ
340 1404 514 1453 δυνάμεως
540 1409 606 1446 τοῖς
624 1404 884 1454 εΗρακλεώταις
906 1404 1066 1442 ἐπελθού-

41 1476 121 1507 σης,
153 1464 242 1512 φυγῇ
273 1476 334 1506 την
365 1461 460 1533 νίκην
491 1476 730 1512 καταισχυνει·
761 1476 792 1498 οι
821 1460 854 1497 δὲ
884 1461 1070 1532 ἡττημένοι

41 1517 117 1561 τους
137 1517 316 1578 σφετέρους
332 1518 467 1570 νεκροὺς
482 1520 588 1561 ἇδεως
605 1518 833 1561 ἀναλαὸόντες
849 1534 907 1555 και
922 1518 1070 1556 καύσαν-

43 1590 96 1617 τες
109 1605 119 1625 ,
146 1580 219 1612 εἶτα
238 1575 297 1612 καὶ
317 1575 453 1613 πάντων
473 1575 604 1627 κύριοι,
632 1591 710 1627 περι
730 1579 775 1613 ῶν
803 1579 843 1621 ἠν
864 1579 881 1613 ὃ
899 1576 1067 1625 πόλεμος,

43 1632 294 1680 καταστάντες,
313 1633 373 1670 καὶ
393 1633 436 1670 τὰ
461 1635 545 1671 ὀστᾶ
562 1636 628 1670 τῶν
657 1633 879 1685 ἀνῃρημένων
903 1634 1070 1682 ἀνακομί-

782 1232 791 1245 ³
816 1235 822 1242 ¹
876 1227 897 1247 ‘E'
1002 1233 1010 1245 s

799 1235 844 1270 lav
872 1249 900 1284 ῳ
928 1235 1068 1283 πολεμῳ

42 1705 162 1733 σαντες
189 1693 235 1732 εἷς
260 1690 322 1736 τὴν
354 1690 466 1737 πόλιν,
497 1693 667 1743 ἐπιφανῶς
687 1693 720 1727 ἐν
749 1693 796 1741 τῷ
819 1693 885 1727 τῶν
906 1672 1070 1739 ἀριστέων

42 1747 171 1799 ἔθαψαν
192 1747 359 1797 μνήματι.

95 1807 238 1844 XVIII.
270 1805 372 1843 Κατὰ
398 1805 432 1842 δὲ
453 1805 529 1847 τοὺς
547 1804 666 1848 αὐτοὺς
685 1805 826 1856 χρόνους
841 1804 1003 1855 Ἀντιόχῳ
1022 1807 1069 1856 τῷ

44 1862 216 1900 Σελεύκου
232 1862 290 1899 καὶ
310 1862 488 1914 Ἀντιγόνῳ
507 1865 554 1914 τῷ
571 1862 770 1914 Δημητρίου
782 1891 791 1908 ,
807 1861 964 1911 μεγάλων
985 1863 1068 1898 ἑκα-

42 1920 186 1972 τέρωθεν
207 1920 474 1971 στρατευμάτων
501 1920 907 1970 ἀντιπαραταττομένων,
928 1924 1070 1956 κινεῖται

42 1981 60 2015 ὁ
80 1977 229 2027 πόλεμος
242 1978 301 2015 καὶ
322 1978 444 2029 χρόνον
465 1978 589 2028 συχνὸν
611 1978 812 2029 κατέτριψε·
831 1977 1016 2026 συνεμάχει
1036 1976 1069 2013 δὲ

42 2038 90 2087 τῷ
115 2034 175 2085 μὲν
196 2038 214 2072 ὃ
234 2038 294 2081 τῆς
311 2036 467 2078 Βιθυνίας
489 2035 647 2086 βασιλεὺς
661 2034 878 2084 Νικομήδης,
902 2035 1069 2085 Ἀντιόχῳ

44 2092 79 2130 δὲ
99 2093 219 2130 πολλοὶ
239 2093 361 2145 ἕτεροι.
385 2093 496 2131 Οὔπω
515 2093 549 2130 δὲ
568 2092 747 2144 συρραγεὶς
774 2092 943 2143 Ἀντίοχος
963 2092 1067 2129 Ἀντι-

42 2151 152 2202 γόνῳ,
180 2151 237 2188 τὸν
265 2151 348 2203 πρὸς
369 2151 573 2200 Νικομήδην
598 2151 781 2202 χειρίζεται
805 2151 971 2199 πόλεμον·
996 2152 1013 2186 ὃ
1035 2149 1070 2186 δὲ

43 2207 243 2256 Νικομήδης
261 2208 451 2259 ἀλλαχόθεν
472 2224 507 2245 τε
527 2208 687 2257 δυνάμεις
709 2207 874 2258 ἀθροίζει,
902 2206 960 2243 καὶ
982 2222 1069 2255 συμ-

43 2266 168 2316 μαχεῖν
182 2265 265 2316 πρὸς
278 2264 522 2316 Ἡρακλεώτας
536 2264 889 2316 διαπρεσὸευσάμενος
901 2295 909 2310 ,
923 2263 1070 2315 τριήρεις

42 2323 264 2371 τρισκαίδεκα
283 2323 488 2374 συμμάχους
506 2322 693 2371 λαμὸάνει,
715 2323 774 2359 καὶ
794 2323 912 2359 λοιπὸν
935 2323 1071 2358 ἀντικα-

42 2381 197 2418 θίσταται
211 2384 258 2431 τῷ
272 2385 330 2418 τοῦ
345 2381 517 2431 Ἀντιόχου
533 2381 658 2431 στόλῳ.
716 2380 798 2417 Ἐπὶ
808 2380 929 2431 χρόνον
946 2378 980 2415 δέ
994 2394 1069 2415 τινα

44 2437 352 2480 ἀντικαταστάντες
387 2438 571 2486 ἀλληλοις,
604 2437 772 2488 οὐδέτεροι
805 2436 919 2487 μάχης
949 2431 1067 2486 ἧρξαν,

42 2496 119 2532 ἀλλ’
136 2495 304 2547 ἄπρακτοι
325 2495 539 2540 διελύθησαν

95 2555 193 2593 XIX.
223 2553 322 2591 Επεὶ
342 2552 377 2590 δὲ
392 2555 420 2591 l
423 2552 548 2590 αλάται
565 2567 646 2603 προς
660 2552 696 2589 τὸ
715 2552 897 2595 Βυζάντιον
914 2555 996 2596 ἧκον
1010 2565 1068 2586 και

41 2626 104 2657 την
122 2611 287 2656 πλείστην
305 2613 407 2656 αυτῆς
428 2609 597 2661 ἐδῃωσαν,
617 2613 666 2646 τῶ
684 2610 826 2660 πολέμῳ
848 2607 1072 2646 ταπεινωθέν-

40 2683 92 2710 τες
107 2670 136 2705 οι
154 2669 187 2705 ἐν
207 2667 383 2719 Βυζαντίῳ
401 2666 578 2716 πέμπουσι
596 2666 680 2718 πρὸς
695 2682 771 2709 τους
787 2666 1012 2723 συμμάχους
1002 2664 1073 2702 δεό-

42 2740 137 2774 μενοι
157 2725 335 2776 ὠφελείας.
394 2724 466 2762 Καὶ
491 2723 665 2795 παρέσχον
685 2723 745 2771 μὲν
767 2722 891 2764 πάντες
916 2725 960 2764 ὡς
980 2725 1071 2772 εἰχον

41 2782 177 2833 ἰσχύος,
197 2781 371 2832 παρέσχον
393 2780 427 2818 δὲ
447 2797 505 2818 και
525 2783 555 2817 οἱ
575 2796 635 2826 της
655 2780 862 2831 Ηρακλείας
892 2781 1071 2828 (τοσουτον

40 2839 138 2890 γὰρὴ
151 2839 316 2890 πρεσὲεία
330 2838 422 2889 ᾔτει)
438 2854 583 2889 χρυσους
600 2853 634 2874 τε
639 2836 904 2907 τρακισγιλίους.
923 2837 950 2887 (0
937 2837 963 2885 ..)
982 2837 1070 2873 Μετ’

40 2898 77 2934 οὗ
97 2896 184 2933 πολυ
205 2895 240 2933 δὲ
260 2896 462 2943 Νικομηδης
478 2910 554 2938 τους
573 2898 599 2933 l
603 2895 668 2931 αλ’
638 2910 749 2940 ατας,
767 2898 813 2936 οἷς
829 2908 849 2939 η
870 2891 1071 2944 καταορομὴ

39 2956 106 2990 τῶν
125 2953 316 2997 Βυζαντίων
331 2968 384 3002 εγε
388 2953 520 3002 γένητο,
537 2952 701 2994 πολλάκις
716 2953 758 3000 μὲ
762 2968 777 2988 ν
790 2966 1073 3002 επιχειρησαντας

45 3008 117 3063 [εἷς]
135 3010 196 3056 τὴν
215 3010 328 3048 Ἀσίαν
343 3013 589 3062 περαιωθῆναι,
604 3010 809 3052 τοσαυτάκις
823 3008 857 3045 δὲ
879 3007 1071 3059 ἀποτυχόν-

2071 195 2147 231 535

1121 267 1331 303 internecione
1345 275 1488 315 caeditur,
1504 287 1602 317 <pium
1617 280 1732 310 streuui
1748 281 1801 310 viri
1819 281 1956 311 facinora
1968 306 1975 319 ‚
1991 291 2047 311 suo
2065 282 2146 319 loro,

1123 327 1152 357 in
1170 328 1272 359 hostes
1288 329 1442 363 edidisset.

1167 387 1251 416 XVI.
1271 388 1338 418 Hac
1361 388 1400 418 de
1416 398 1507 421 causa
1531 392 1682 423 Antiocho
1700 393 1728 423 in
1750 395 1898 434 Bithynos
1917 396 2146 435 expeditionem

1124 453 1305 486 instituente
1317 480 1325 494 ‚
1338 465 1392 487 rex
1405 458 1515 489 horum
1532 461 1715 493 Nicomedes
1727 473 1779 502 per
1791 465 1907 504 legatos
1921 466 2095 497 subsidium
2109 468 2148 497 ab

1124 522 1374 555 Heracliensibus
1387 526 1463 563 petit
1477 529 1507 558 ct
1518 528 1637 560 obtinet
1649 554 1656 568 ,
1673 531 1829 571 impetrati
1840 534 1971 571 gratiam
1989 543 2020 565 se
2034 536 2148 566 relatu-

1125 599 1207 628 rum,
1222 591 1271 621 ubi
1284 592 1315 622 in
1329 593 1418 624 simili
1433 597 1614 628 necessitate
1627 600 1748 639 tempus
1762 601 1889 641 flagitet,
1903 603 2068 642 pollicitus
2086 607 2150 636 Hae,

1125 660 1289 690 occasione
1300 661 1427 692 Ciernm
1445 665 1475 693 et
1496 665 1586 695 Tium
1607 669 1637 697 et
1651 668 1825 707 Thynidem
1843 673 1956 702 terram
1972 673 2079 703 multis
2098 682 2150 704 ex-

1125 727 1226 765 pensis
1239 727 1277 758 ad
1291 737 1323 760 se
1337 730 1539 763 reduxeruut.
1556 736 1710 766 Amastrin
1725 737 1841 769 interea
1855 739 1942 778 (quxe
1957 743 1987 771 et
2000 741 2064 780 ipsa
2079 751 2150 771 cuin

1126 795 1252 835 reliquis
1265 797 1412 838 adempta
1427 800 1544 840 suerat)
1566 804 1630 834 tam
1651 805 1732 836 bello
1749 816 1842 846 quam
1859 810 1956 848 pretio
1969 820 2152 850 recuperare

1126 863 1202 895 dnm
1231 867 1436 907 percupiunt,
1465 877 1610 902 successu
1633 876 1741 904 carent
1755 876 1842 907 selice
1859 890 1865 907 z
1880 880 2043 917 propterea
2067 880 2150 918 quod

1125 933 1178 972 qui
1196 934 1280 965 illam
1296 936 1422 967 tenebat
1445 940 1600 970 Eumenes
1626 942 1845 982 Ariobarzani,
1872 946 2060 977 Mithridatis
2077 948 2151 985 titio,

1126 1003 1220 1042 gratis
1236 1012 1305 1035 eam
1319 1005 1442 1037 tradere
1455 1016 1551 1046 qnam
1571 1011 1702 1048 pecnnia
1719 1013 1889 1045 revendere
1906 1016 2154 1046 Heracliensibus

1128 1071 1254 1111 mallet,
1273 1074 1395 1105 vesania
1410 1074 1464 1106 irae
1477 1076 1637 1108 subactus.

1167 1132 1265 1161 XVII.
1283 1131 1347 1162 Sub
1360 1133 1485 1172 tempus
1501 1134 1577 1165 illud
1593 1135 1708 1167 bellum
1723 1138 1872 1170 adversus
1888 1141 2027 1179 Zipoeten
2048 1142 2153 1181 Bithy-

1128 1202 1222 1231 num,
1246 1194 1300 1234 qui
1319 1196 1511 1235 Thyniacam
1539 1206 1610 1228 cum
1635 1198 1766 1238 imperio
1783 1201 1949 1232 Thraciam
1974 1203 2154 1241 obtinebat,

1130 1257 1341 1289 Heraclienses
1358 1258 1492 1298 excepit.
1538 1262 1607 1296 Quo
1632 1261 1662 1291 in
1692 1261 1773 1292 bello
1797 1264 2052 1296 Heracleotarum
2077 1267 2156 1297 bona

1128 1329 1199 1359 pars
1213 1321 1334 1352 fortiter
1344 1321 1521 1353 dimicando
1533 1332 1613 1354 caesa
1623 1324 1690 1355 suit.
1708 1326 1747 1355 Et
1755 1325 1886 1357 victoria
1894 1328 2020 1366 quidem
2036 1338 2156 1361 sumina

1129 1384 1158 1414 vi
1174 1385 1295 1423 potitur
1308 1386 1460 1425 Zipoetes:
1475 1387 1528 1418 sed
1541 1388 1593 1418 ubi
1607 1390 1767 1421 sociorum
1782 1391 1899 1422 auxilia
1913 1396 2158 1431 supeiwenerant

1130 1448 1396 1488 Heracliensibus,
1427 1450 1497 1489 suga
1521 1450 1607 1481 iliam
1635 1451 1830 1484 dehonestat.
1877 1457 1955 1494 Ergo
1983 1456 2038 1494 qui
2065 1456 2158 1486 modu»

1130 1511 1380 1549 succubuerant,
1410 1513 1563 1544 cadavera
1587 1523 1717 1546 suornm
1740 1519 1882 1548 asserunt
1900 1519 1931 1548 et
1947 1520 2089 1549 cremant
2110 1529 2157 1550 se-

1129 1582 1203 1605 cure
1231 1584 1238 1604 :
1262 1576 1293 1605 et
1309 1574 1421 1606 exinde
1447 1575 1506 1606 sub
1522 1576 1686 1607 arbitrium
1709 1586 1802 1608 suum
1822 1578 1965 1618 redigunt
1979 1580 2018 1611 de
2046 1581 2160 1620 quihus

1130 1637 1211 1668 bello
1224 1637 1474 1677 disceptabatur;
1499 1641 1530 1670 et
1545 1648 1614 1671 ossa
1631 1640 1868 1673 interfectorum
1885 1643 1915 1673 in
1935 1643 2044 1675 urbem
2064 1646 2159 1675 relata

1130 1701 1294 1741 magnifiee
1320 1702 1350 1732 in
1368 1703 1516 1742 praeclare
1542 1704 1723 1734 meritorum
1749 1705 1787 1735 de
1819 1706 1917 1745 patria
1947 1711 2159 1739 monumento

1130 1764 1281 1794 condunt.

1174 1823 1290 1852 XVIII.
1308 1822 1398 1853 Circa
1421 1822 1487 1853 haec
1520 1824 1662 1862 tempora
1679 1823 1759 1854 inter
1775 1824 1964 1854 Antiochum
1983 1825 2104 1856 Seleuci
2130 1828 2160 1856 et

1131 1884 1321 1923 Antigonum
1350 1885 1499 1915 Demetrii
1533 1886 1678 1916 movetur
1702 1885 1821 1916 bellum
1847 1899 1853 1916 :
1879 1888 1910 1917 et
1935 1886 2010 1916 dum
2035 1896 2160 1925 magnos

1131 1947 1276 1985 utrinque
1305 1949 1473 1985 apparatus
1501 1947 1620 1977 faciunt
1648 1947 1679 1977 in
1708 1948 1813 1986 copias
1843 1947 2010 1987 militares,
2038 1951 2161 1988 tempus

1131 2008 1204 2039 satis
1227 2009 1354 2048 longum
1378 2008 1587 2039 consumitur.
1606 2008 1702 2039 Alteri
1731 2008 1915 2040 Nicomedes
1933 2010 2086 2048 Bithynife
2104 2019 2158 2041 rex

1130 2078 1256 2109 operam
1284 2070 1438 2108 navabat,
1466 2070 1618 2100 Antiocho
1644 2069 1820 2109 complures
1844 2070 1908 2100 alii.
1933 2071 2073 2101 Necdum
2092 2080 2160 2102 eru·

1132 2133 1268 2173 ptionem
1294 2133 1408 2163 fecerat
1429 2133 1461 2162 in
1487 2132 1676 2171 Antigonum
1704 2132 1891 2170 Antiochus,
1918 2141 2016 2172 quum
2042 2133 2159 2164 bellum

1131 2195 1280 2226 adversus
1293 2195 1493 2226 Nicomedem
1509 2195 1653 2225 instituit.
1671 2195 1729 2226 Hie
1745 2195 1838 2234 igitur
1853 2197 1883 2226 et
1896 2196 2025 2226 aliunde
2044 2196 2160 2227 auxilia

1132 2257 1268 2296 colligit,
1295 2259 1325 2288 et
1341 2257 1379 2288 de
1401 2257 1473 2288 belli
1487 2257 1635 2288 societate
1648 2258 1832 2288 Heracleam
1859 2258 1958 2288 missis
1974 2259 2080 2297 legatis
2098 2263 2159 2290 tre-

1131 2322 1231 2352 decim
1258 2322 1289 2351 in
1302 2321 1476 2351 subsidium
1490 2321 1633 2352 triremes
1646 2321 1773 2360 accipit,
1802 2322 1833 2351 et
1849 2322 1917 2351 tum
1931 2320 2059 2351 demum
2079 2322 2159 2351 clas·

1132 2394 1196 2416 sem
1219 2393 1308 2415 suam
1332 2384 1475 2416 Antiochi
1500 2384 1587 2415 classi
1618 2384 1759 2423 opponit.
1789 2384 1854 2414 Etsi
1879 2388 1985 2414 antem
2014 2383 2161 2414 adversas

1132 2443 1323 2482 aliquamdiu
1351 2442 1499 2473 tenebant
1520 2442 1619 2481 acies,
1643 2442 1745 2473 neutri
1771 2444 1876 2472 tamen
1903 2450 2014 2481 pugnae
2036 2442 2160 2472 initium

1133 2503 1269 2540 faciunt3
1284 2501 1336 2532 sed
1347 2501 1464 2540 absque
1477 2500 1590 2531 effectu
1607 2499 1734 2530 tandem
1751 2499 1955 2530 divelluntur.

1172 2561 1254 2590 XIX.
1266 2561 1433 2598 Postquam
1449 2567 1521 2589 vero
1536 2558 1616 2589 Galli
1631 2557 1670 2588 ad
1686 2558 1870 2597 Byzantium
1884 2557 1978 2588 delati
1990 2557 2160 2588 maximam

1132 2616 1257 2646 ditionis
1273 2618 1392 2655 partem
1407 2614 1692 2654 depopulabantur,
1714 2614 1802 2644 fracti
1817 2613 1899 2644 bello
1915 2613 2074 2652 Byzantiui
2089 2637 2097 2652 ,
2109 2622 2160 2643 so-

1132 2675 1252 2705 ciorum
1269 2673 1331 2703 hnc
1349 2673 1422 2703 illue
1439 2671 1629 2702 missitantes
1644 2670 1758 2701 auxilia
1775 2670 1943 2710 implorant
1961 2681 1968 2699 ι
1983 2670 2013 2699 et
2027 2668 2161 2707 quisque

1133 2742 1188 2773 pro
1219 2732 1334 2762 virium
1363 2730 1456 2761 modo
1474 2729 1671 2769 suppeditat;
1695 2728 1908 2759 Heraclienses
1930 2727 2023 2756 etiam
2052 2735 2161 2756 aureos

1132 2788 1340 2830 quatermille
1355 2788 1365 2826 (
1381 2789 1504 2818 tantum
1516 2787 1598 2817 enim
1610 2785 1701 2825 legati
1719 2785 1891 2825 petierant)
1908 2783 2158 2813 suluninistrant.

1134 2848 1176 2886 (2)
1188 2849 1248 2878 Nec
1262 2847 1389 2885 longum
1405 2845 1436 2874 in
1453 2843 1557 2874 medio
1570 2842 1727 2882 spatium,
1743 2850 1841 2880 quum
1854 2839 2038 2871 Nicomedes
2051 2838 2158 2873 Gallis,

1132 2907 1183 2946 qui
1194 2930 1201 2944 ,
1217 2904 1381 2936 incursatis
1394 2901 1637 2942 Byzantinorum
1655 2900 1786 2938 finibus,
1804 2898 1928 2929 tametsi
1944 2905 2159 2935 saepenumero

1133 2962 1163 2992 in
1183 2961 1287 2992 Asiam
1303 2959 1447 2998 trajicere
1468 2957 1590 2994 conati,
1607 2955 1700 2986 toties
1717 2955 1756 2985 ab
1783 2954 1907 2992 incepto
1923 2951 2087 2987 desistere,
2102 2949 2158 2979 ad-

1133 3012 1328 3044 versantibus
1353 3009 1549 3050 Byzantinis,
1567 3006 1668 3038 coacti
1685 3007 1788 3037 essent
1800 3029 1807 3043 ,
1823 3004 1916 3035 certis
1930 3004 2034 3033 tamen
2051 3000 2157 3030 eondi-

54 3078 2153 3104 Μ

82 3141 165 3170 XVI.
191 3141 236 3169 De
252 3139 346 3169 rebus
364 3137 406 3168 cf.
426 3140 537 3176 Droys.
565 3138 584 3168 l.
601 3138 621 3168 l.
642 3146 672 3176 p.
692 3140 762 3168 230.
778 3145 808 3175 p.
829 3140 895 3167 173.
921 3138 988 3167 177.

82 3186 182 3216 XVII.
197 3186 386 3220 Θυνιακῆς...

403 3184 538 3223 Θράκης]
561 3183 667 3222 Thyni
690 3183 832 3214 Thraces
848 3184 969 3217 erant,
985 3189 1062 3221 quae
1077 3188 1165 3211 nunc
1179 3177 1341 3209 Billmnia
1349 3176 1483 3214 serim,
1498 3173 1661 3206 Claudian
1678 3174 1709 3204 in
1726 3175 1854 3211 Eutrop.
1872 3172 1916 3207 H,
1933 3171 2001 3199 247.
2022 3172 2154 3197 Accwuia

44 3231 119 3261 liora
133 3239 165 3261 v.
179 3239 229 3270 ap.
249 3230 393 3261 Eustath.
411 3229 450 3259 ad
466 3228 595 3267 Dionys.
612 3228 727 3266 Perieg.
744 3230 803 3259 795
822 3228 876 3266 (ex
894 3227 1054 3264 Airiano).
1071 3245 1110 3251 -
1127 3225 1207 3255 κατὰ
1225 3234 1329 3263 κρατος
1339 3222 1348 3262 ]
1369 3226 1413 3260 A;
1432 3222 1489 3252 ἀνα
1506 3231 1552 3259 κρ
1573 3220 1656 3259 vulg.

82 3280 194 3309 XVIII.
213 3279 293 3308 extr.
315 3276 485 3317 ἄπρακτοι]
503 3280 545 3314 Α;
563 3276 768 3315 ἁπαράδεκτοι
788 3275 870 3313 vulg.

82 3325 162 3354 XIX.
194 3327 217 3353 1.
244 3322 521 3362 τετρακισχιλίους]
542 3322 653 3361 χιλίους
671 3320 845 3360 Stephanus
862 3320 965 3351 nescio
982 3320 1074 3350 unde

1098 3321 1171 3350 Mox
1189 3316 1290 3349 addidi
1318 3316 1460 3346 voculam
1479 3314 1536 3353 [εἰς
1557 3313 1572 3342 l.
