2338 3765
887 221 1213 259 FRAGMENTA.

0 306 134 357 γράφει.
153 305 257 355 Παρὰ
277 304 311 341 δὲ
332 304 398 346 τοῖς
418 304 571 356 ἀρχαίοις
592 305 646 341 διὰ
663 308 720 341 τοῦ
747 320 761 341 ε
781 304 817 341 τὸ
839 305 1022 355 Περσικὸν,

0 366 44 406 ὡς
69 361 297 413 δειχθήσεται.
331 361 435 412 Παρὰ
466 361 608 413 Χάρακι
635 362 669 399 δὲ
701 362 758 399 καὶ
780 361 865 407 αὕτη
888 362 942 399 διὰ
966 366 1023 399 τοῦ

1 435 34 467 ε,
53 419 94 464 ἣν
113 418 171 455 καὶ
191 417 416 469 Ἐπιφάνειαν
435 434 518 470 φασι
538 420 736 465 κεκλῆσθαι.

51 481 106 514 Et.
119 480 203 526 Byz.
224 491 231 512 ε
247 475 432 526 Ζαρίασπα
446 474 467 521 ἢ
484 477 667 527 Ζαριάσπη
679 508 688 523 ,
704 476 800 519 πόλις
814 476 1023 528 Βακτριανή.

1 534 165 586 Στράὸων
188 533 350 584 ἑνδεκάτῃ
378 535 433 582 (p.
453 535 472 570 5
484 535 556 583 14).
571 533 619 572 Ἣ
633 535 785 572 ἐκαλεῖτο
799 534 856 571 καὶ
870 534 1024 582 Βάκτρα.

0 591 118 645 Χάραξ
139 590 173 628 δὲ
193 590 371 641 οὐδετέρως
391 590 433 628 τὰ
454 591 654 642 Ζαρίασπα.

430 678 595 717 52—53.

50 760 154 796 Idem
178 772 185 794 :
219 757 393 806 Κοίμικος,
423 757 520 800 πόλις
552 757 730 806 Σικελίας,
754 759 786 795 ἐν
814 753 837 808 ἦ
863 757 1027 800 Κώλακος

0 811 100 868 ἦρχεν
127 818 144 853 ὃ
168 815 339 853 Δαιδάλου
363 815 414 851 μ.
439 814 559 866 Χάραξ
585 815 619 852 δὲ
648 814 780 853 Ἴνυκον
803 814 930 860 ταύτην
960 830 1027 866 φη-

0 875 64 913 σίν.
78 876 162 910 Νοῐι
177 875 269 909 dixit
283 874 425 909 Charax
440 875 630 909 Camicum
645 875 797 909 eandem
811 887 894 908 cum
911 875 1026 921 Inyco

0 946 94 977 esse;
111 933 174 967 sed
192 944 308 979 quum
324 932 384 966 alii
403 931 593 968 Camicum
612 932 737 969 Cocali
752 932 876 967 sedem
889 933 1028 979 regiam

0 992 139 1034 dicant,
158 991 356 1026 Characem
371 1002 440 1036 pro
458 1002 502 1024 eo
515 991 678 1037 posuisse
698 992 865 1036 Inycum.
890 990 948 1024 Sic
968 990 1028 1024 lo—

0 1062 82 1085 cum
106 1049 151 1083 ab
181 1055 399 1094 excerptore
431 1048 621 1082 turbatum
648 1047 929 1095 intelligendum
954 1060 1028 1082 esse

0 1106 71 1152 jam
95 1106 286 1141 Cluverius
313 1106 473 1141 monuit.
501 1107 541 1140 V.
571 1105 716 1140 Berkel.
739 1104 784 1139 ad
813 1104 850 1140 h.
880 1105 903 1141 l.
935 1103 1030 1140 Cum

0 1164 157 1199 Charace
178 1162 263 1197 facit
282 1163 475 1197 Pausanias
493 1164 560 1197 VII
573 1189 582 1204 ‚
607 1166 642 1205 4,
665 1162 700 1199 6.

50 1221 184 1256 Idem:
207 1218 410 1269 Ἀχραδινὴ,
439 1221 537 1263 νῆσος
566 1217 692 1268 ἔχουσα
721 1216 818 1253 πόλιν
841 1217 922 1266 πρὸς
953 1218 1029 1259 ταῖς

0 1276 252 1328 Συρακούσαις,
281 1277 322 1323 ἣν
359 1276 582 1327 ἐπολιόρκησε
620 1275 760 1325 Μάρκος
790 1276 807 1311 ὃ
842 1274 1028 1321 Ῥωμαίων

0 1334 202 1386 στρατηγός·
225 1334 313 1371 ἀλλὰ
342 1334 399 1370 καὶ
428 1332 610 1384 Ἀχραδινὴ
646 1334 749 1384 μοῖρα
779 1334 1023 1383 Συρακουσῶν.

0 1392 120 1444 Χάραξ
141 1393 175 1430 δὲ
195 1391 311 1442 χώραν
331 1390 436 1437 αὐτὴν
456 1392 554 1428 καλεῖ
573 1390 631 1427 καὶ
651 1393 765 1435 νῆσον.

482 1471 544 1514 54.

52 1555 153 1589 Idem
177 1566 185 1588 :
206 1550 353 1596 Ἀζιλις,
373 1550 470 1592 πόλις
497 1550 639 1595 Argum.
665 1551 710 1588 Oi
737 1549 771 1587 δὲ
793 1550 870 1602 περὶ
891 1550 1031 1588 Σαλού-

1 1626 90 1648 στιον
111 1611 147 1646 οὐ
168 1608 280 1655 πόλιν,
302 1608 391 1645 ἀλλὰ
411 1609 512 1645 τόπον
544 1608 627 1659 φασὶ
656 1607 714 1644 καὶ
744 1608 899 1656 ποταμὸν
930 1602 1028 1646 εἶναι.

1 1667 97 1711 Τινὲς
121 1667 156 1705 δὲ
178 1666 303 1718 Ἄζιριν
322 1666 409 1715 μετὰ
426 1670 484 1702 τοῦ
504 1681 520 1717 ρ
537 1667 674 1715 λέγουσι
690 1665 746 1702 τὸν
766 1668 888 1717 χῶρον.
910 1664 1031 1716 Χάραξ

2 1726 35 1765 δὲ
55 1724 185 1777 Ἄξιρον
201 1724 292 1772 λέγει
309 1723 426 1769 αὐτήν.
441 1725 640 1771 Hujusloci
652 1725 794 1760 Charax
806 1726 1033 1760 mentionem

1 1787 128 1824 fecerit
157 1798 200 1820 eo
230 1786 336 1827 loco,
358 1784 423 1817 ubi
454 1783 500 1817 de
520 1783 671 1829 Cyrenis
700 1795 718 1816 a
747 1784 853 1817 Batto
875 1783 1033 1818 conditis

2 1845 86 1892 egit.
108 1845 151 1879 V.
169 1842 349 1877 Herodot.
372 1842 433 1885 IV,
460 1839 545 1885 157.
568 1841 702 1875 Muller
717 1841 814 1878 Min.
833 1853 869 1888 p.
890 1841 978 1883 343.

485 1919 546 1957 55.

54 2002 176 2038 Idem:
189 1998 346 2051 Τροιζὴν,
357 1998 453 2040 πόλις
468 1997 742 2043 Πελοποννήσου.
753 1997 860 2037 ’ῚΞστι
876 1998 933 2035 καὶ
945 1998 1033 2044 ἄλλη

4 2111 56 2142 sed
72 2110 155 2150 apud
173 2110 319 2149 antiquos
344 2109 421 2140 urbs
446 2109 570 2140 Persica
588 2117 642 2147 per
655 2116 671 2139 e
685 2108 805 2138 literam
819 2108 976 2146 scribitur,
990 2108 1037 2138 uti

5 2161 281 2194 demonstrabitur.
299 2165 324 2192 A
335 2161 475 2192 Charace
492 2161 600 2192 autem
616 2160 684 2190 haec
701 2168 830 2199 quoque
844 2161 941 2199 Syriae
961 2160 1037 2190 urbs

6 2223 59 2256 per
90 2223 106 2246 e
125 2213 283 2252 scribitur,
319 2221 415 2252 quam
447 2213 541 2244 etiam
570 2211 781 2251 Epiphaniam
806 2213 950 2242 vocatam
972 2220 1038 2243 esse

6 2266 124 2298 dicunt.

45 2318 190 2357 Zariaspa
208 2317 274 2348 sive
291 2316 451 2356 Zariaspa,
468 2315 544 2347 urbs
556 2316 722 2347 Bactriana
733 2339 742 2354 ,
755 2324 827 2354 quae
840 2315 936 2347 etiam
954 2317 1036 2347 Bac-

7 2371 55 2402 tra
77 2370 263 2401 vocabatur.
290 2369 417 2400 Charax
441 2377 517 2399 vero
545 2369 657 2400 neutro
682 2376 794 2408 genere
818 2368 856 2398 τὰ
876 2367 1039 2407 Ζαρίασπα

8 2421 92 2454 dicit.

453 2463 608 2495 52—53·

49 2519 212 2557 Camicus,
230 2518 306 2549 urbs
319 2517 432 2549 Siciliae
444 2517 475 2547 in
492 2525 555 2556 qua
568 2517 702 2548 Cocalus
715 2517 870 2556 regnavit,
888 2517 927 2547 ad
941 2525 1038 2556 quem

8 2570 154 2602 Daedalus
166 2570 263 2600 venit.
287 2570 413 2600 Charax
438 2577 512 2599 vero
537 2568 599 2607 (de
624 2569 753 2599 Daedalo
773 2569 813 2599 ad
835 2569 987 2600 Cocalum
1007 2568 1039 2598 in

10 2621 145 2653 Siciliam
166 2621 310 2651 veniente
333 2620 464 2658 loquens
482 2619 492 2658 )
509 2627 565 2658 pro
583 2619 710 2650 Camico
728 2620 815 2658 ponit
835 2622 978 2659 Inycum.

49 2672 242 2709 Achradine‚
268 2671 369 2702 insula
386 2670 497 2700 urbem
528 2669 646 2700 habens
671 2670 710 2700 ad
738 2672 925 2709 Syracusas,
942 2678 1043 2709 quam

10 2726 133 2756 Marcus
159 2722 326 2755 Marcellus
346 2724 560 2753 Romanorum
591 2720 657 2751 dux
673 2720 834 2751 obsidione
855 2720 964 2751 cinxit.
987 2722 1040 2751 Est

11 2776 103 2807 etiam
114 2774 289 2806 Achradine
299 2782 370 2813 pars
378 2774 616 2812 Syracusarum.
628 2772 752 2803 Charax
760 2780 829 2803 eam
840 2774 871 2802 et
884 2772 1039 2811 regionem

12 2828 42 2858 et
54 2826 187 2858 insulam
200 2824 288 2856 dicit.
497 2867 540 2898 54

54 2923 158 2961 Azilis,
172 2921 246 2952 urbs
258 2921 371 2960 Libyae.
383 2920 550 2951 Sallustius
559 2928 633 2950 vero
650 2927 711 2949 non
726 2919 854 2957 urbem,
866 2918 917 2950 sed
935 2919 1039 2949 locum

15 2975 45 3005 et
58 2973 188 3004 fluvium
206 2981 273 3004 esse
291 2971 377 3002 dicit.
401 2970 550 3002 Nonnulli
570 2969 683 3001 Azirim
698 2978 752 3008 per
770 2969 920 3000 rliteram
934 2969 1039 3000 locum

15 3014 98 3056 hunc
112 3025 235 3056 vocant.
252 3023 377 3056 Charax
395 3024 500 3054 autem
519 3024 656 3053 Azirzcm
667 3021 754 3052 (licit.

2041 232 2112 262 (345

1085 305 1230 355 Τροιζὴν
1252 307 1284 342 ἐν
1318 307 1506 358 Μασσαλίᾳ
1525 309 1584 353 τῆς
1604 307 1772 357 Ἰταλίας,
1794 307 1834 354 ἣν
1857 308 1975 359 Χάραξ
2009 311 2113 360 Τροι-

1086 363 1203 407 ζηνίδα
1225 361 1341 413 χώραν
1370 363 1466 413 φησί.
1502 366 1556 401 Cf.
1590 367 1753 402 Eustath.
1789 367 1835 402 ad
1865 369 1908 404 ll.
1944 381 1985 411 2,
2021 367 2113 410 561,

1086 433 1124 469 p.
1141 421 1229 465 287,
1251 435 1293 457 12
1307 434 1314 456 ε
1327 419 1430 458 Ἔστι
1444 421 1494 470 δὲ,
1508 420 1602 472 φασὶ,
1615 421 1673 458 καὶ
1685 421 1781 472 ἑτέρα
1798 423 1969 473 (Τροιζὴν)
1987 425 2020 460 ἐν
2033 424 2116 462 Ἰτα-

1086 476 1143 528 λίᾳ
1159 479 1444 524 Μασσαλιωτική.
1461 482 1725 528 Exspectabam
1736 482 1767 517 ἐν
1786 480 1930 532 Γαλλίᾳ.
1946 486 2114 518 Ceterum

1087 536 1189 571 locus
1208 538 1372 584 ignotuS,
1393 539 1460 572 nisi
1480 538 1577 573 idem
1596 539 1691 574 sorte
1719 546 1772 574 est
1799 553 1882 574 cum
1920 543 2118 575 Tauroenle

1087 606 1197 640 quem
1231 595 1485 641 Apollodorus
1517 597 1607 632 dicit
1635 610 1693 644 ap.
1720 598 1847 644 Steph.
1879 600 1920 635 B.
1953 611 1989 635 v,
2017 599 2117 635 Ταυ-

1089 649 1186 700 ρόεις.

1140 828 1244 863 Idem
1266 839 1275 865 :
1296 827 1521 878 ’Assopiyiv5<‚
1550 829 1640 872 ἔθνος
1666 830 1847 876 Ἰταλικὸν,
1876 834 1920 873 ὡς
1945 831 2056 874 Ἰόῧας
2086 834 2119 869 ἐν

1088 883 1290 933 ζΡωμαϊκῆς
1303 885 1453 935 ἱστορίας
1464 886 1594 936 πρώτῃ·
1609 906 1622 919 «
1634 887 1746 939 Μέχρι
1760 890 1819 937 μὲν
1829 883 1950 926 οῧντοῦ
1962 891 2119 939 Τρωϊκοῦ

1087 942 1241 990 πολέμου
1257 941 1317 987 τὴν
1340 942 1486 993 ἀρχαίαν
1506 943 1720 995 Ἀὸοριγίνων
1739 946 1924 995 ὀνομασίαν
1945 946 2119 992 διέσωζον,

1089 999 1237 1037 Λατίνου
1253 999 1287 1036 δὲ
1306 999 1589 1050 βασιλεύσαντος,
1606 1000 1693 1038 οὕτω
1707 1003 2045 1054 προσηγορεύθησαν.
2064 1004 2121 1042 Τὰ

1090 1056 1176 1094 αὐτὰ
1195 1057 1252 1094 καὶ
1273 1056 1405 1107 Χάραξ.

1142 1116 1246 1151 Idem
1268 1129 1275 1150 :
1298 1113 1430 1163 Ἄλὸα,
1446 1114 1543 1158 πόλις
1559 1115 1721 1159 Ἰταλίας.
1748 1117 1910 1155 Κλίνεται
1926 1117 1959 1154 δὲ
1976 1117 2120 1164 Ἄλῧας,

1089 1175 1134 1215 ὡς
1152 1172 1288 1221 Χάραξ.

1142 1233 1247 1267 Idem
1279 1246 1286 1267 :
1317 1229 1441 1279 Ἄρδεα
1455 1261 1466 1280 ,
1500 1232 1658 1269 κατοικία
1688 1235 1749 1278 τῆς
1769 1232 1929 1274 Ἰταλίας.
1956 1234 2122 1284 Στράὸων

1089 1287 1231 1338 πέμπτῃ
1244 1289 1298 1337 (p.
1318 1291 1418 1337 228).
1436 1288 1587 1334 Ἐκλήθη
1607 1289 1673 1326 ἀπὸ
1685 1289 1755 1332 ἑνὸς
1766 1292 1832 1326 τῶν
1847 1291 1978 1327 παίδων
1994 1292 2122 1330 Ὀδυσ-

1091 1345 1174 1388 σέως
1199 1346 1258 1383 καὶ
1290 1346 1435 1396 Κίρκης.
1465 1345 1560 1391 Αὕτη
1586 1347 1695 1398 Τροία
1727 1347 1881 1397 ἐλέγετο,
1909 1351 1953 1391 ὡς
1985 1348 2121 1399 Χάραξ.

1096 1421 1110 1435 «
1133 1406 1330 1452 Dionysius
1348 1407 1429 1442 Hal.
1451 1406 1496 1443 A.
1522 1408 1568 1443 R.
1594 1409 1630 1450 l,
1650 1419 1686 1453 p.
1717 1406 1785 1450 43,
1808 1414 1960 1443 testatur
1986 1415 2120 1451 castra,

1091 1464 1165 1497 sive
1180 1462 1339 1512 ιχάρακα,
1361 1477 1441 1510 quae
1459 1464 1559 1511 apud
1575 1466 1802 1499 Laurentum
1823 1466 1862 1499 in
1881 1466 1984 1501 Italia
1998 1467 2122 1512 primo

1091 1523 1216 1567 posuit
1246 1523 1394 1569 AEneas,
1429 1524 1574 1567 Trojtzm
1610 1523 1655 1557 ab
1685 1535 1728 1557 eo
1756 1523 1861 1558 fuisse
1891 1524 2124 1570 appellatam.

1091 1574 1201 1608 Unde
1216 1575 1353 1617 nescio,
1368 1586 1414 1608 an
1430 1587 1507 1608 non
1527 1574 1603 1619 ejus
1620 1576 1746 1609 locum
1762 1577 1963 1621 respexerit
1976 1582 2010 1610 et
2031 1577 2125 1610 male

1097 1631 1372 1666 detruncaverit
1400 1633 1460 1667 liic
1491 1633 1710 1679 Stephanus.
1745 1647 1759 1664 »
1786 1644 2027 1669 HOLSTENIUS.

1582 1736 1643 1784 59.

1149 1828 1253 1863 Idem
1274 1842 1281 1863 :
1301 1826 1540 1878 Ἀλλόὸρυγες,
1556 1827 1645 1869 ἔθνος
1663 1827 1898 1864 δυνατώτατον
1918 1827 2125 1876 Γαλατικὸν,

1096 1886 1140 1926 ὡς
1166 1884 1428 1934 Ἀπολλόδωρος.
1453 1885 1624 1927 Πολύὸιος
1643 1885 1676 1922 δὲ
1698 1886 1753 1922 διὰ
1773 1889 1829 1922 τοῦ
1858 1901 1867 1920 ι
1886 1884 2005 1927 αὐτοὺς
2029 1887 2127 1923 καλεῖ

1096 1941 1338 1993 Ἀλλόῧριγας,
1360 1942 1482 1993 Χάραξ
1503 1942 1536 1979 δὲ
1557 1942 1611 1980 διὰ
1628 1946 1686 1979 τοῦ
1704 1959 1720 1980 0
1742 1946 1862 1993 μικροῦ
1884 1942 2125 1994 Ἀλλόὸρογας·

1096 2001 1126 2036 οἳ
1144 2000 1282 2040 πλείους
1303 1999 1338 2037 δὲ
1363 2000 1417 2036 διὰ
1434 2004 1491 2037 τοῦ
1518 2016 1552 2040 υ.

1581 2125 1637 2155 55.

1136 2191 1264 2220 Troezen
1279 2214 1286 2228 ‚
1301 2190 1375 2220 urbs
1393 2190 1607 2229 Peloponnesi.
1625 2190 1678 2220 Est
1689 2189 1781 2220 etiam
1792 2189 1851 2219 alia
1862 2191 1990 2220 'l'roezrn
2006 2188 2036 2219 in
2050 2190 2127 2219 Mas·

1097 2240 1230 2271 siliotica
1256 2241 1345 2272 Italia
1364 2240 1546 2280 (Gallia),
1576 2249 1671 2280 quam
1698 2241 1822 2272 Charax
1849 2239 2063 2271 Troezenidem
2082 2249 2127 2270 re·

1098 2293 1220 2332 gionem
1237 2293 1322 2324 dicit.

1528 2359 1682 2390 56—58.

1138 2422 1331 2462 Aborigines,
1350 2432 1424 2462 gens
1444 2422 1570 2461 Italica,
1590 2423 1626 2453 ut
1641 2421 1724 2453 Juba
1747 2422 1776 2452 in
1795 2422 1896 2460 primo
1910 2423 2059 2452 Romanae
2080 2421 2127 2451 hi-

1098 2476 1203 2507 storiae
1219 2488 1226 2506 :
1244 2489 1258 2503 κ
1274 2478 1376 2516 Usque
1392 2476 1429 2506 ad
1442 2476 1589 2506 Troicum
1603 2474 1722 2505 bellum
1737 2475 1903 2514 antiquum
1921 2473 2126 2512 Aboriginum

1098 2537 1211 2559 nomen
1220 2530 1395 2565 servarunt,
1404 2527 1541 2559 deindea
1549 2527 1659 2558 Latino
1668 2535 1737 2566 rege
1747 2526 1844 2557 Latini
1856 2524 2007 2556 nominati
2018 2526 2099 2555 sunt.
2110 2537 2125 2551 n

1099 2579 1215 2611 Eadem
1233 2581 1327 2610 etiam
1344 2579 1479 2610 Charax.

1141 2631 1230 2668 Alba,
1249 2630 1324 2661 urbs
1340 2630 1458 2667 ltaliae,
1484 2628 1620 2668 genitivo
1645 2636 1718 2658 casu
1739 2628 1785 2658 est
1803 2627 1922 2663 Ἀλῧας,
1938 2627 1972 2656 ut
1990 2625 2126 2658 Charax.

1139 2683 1257 2719 Ardea,
1274 2681 1371 2712 ltaliae
1392 2680 1521 2711 colonia.
1538 2679 1651 2711 Strabo
1665 2679 1744 2709 libro
1755 2678 1876 2718 quinto.
1897 2679 2015 2708 Nomen
2034 2677 2129 2707 habet

1098 2734 1139 2764 ab
1155 2742 1218 2764 uno
1234 2733 1370 2763 filiorum
1388 2731 1503 2770 Ulyssis
1520 2732 1551 2761 et
1567 2730 1682 2760 Circes.
1700 2731 1774 2760 llaec
1791 2729 1866 2760 olim
1882 2728 1976 2766 Troja
1991 2727 2126 2767 appella-

1099 2785 1204 2823 batur,
1220 2785 1266 2815 uti
1281 2784 1405 2814 Charax
1425 2782 1537 2812 auctor
1551 2782 1608 2812 cst.

1585 2846 1643 2878 59.

1142 2915 1336 2953 Allobryyes
1351 2937 1359 2951 ‚
1386 2921 1460 2952 gens
1484 2911 1605 2943 Gallica
1629 2909 1863 2950 potentissima,
1890 2909 1925 2940 ut
1952 2907 2119 2947 Apollodo-

1100 2976 1163 2998 rus.
1180 2965 1326 3004 Polybius
1340 2973 1393 2995 eos
1417 2972 1472 3002 per
1491 2965 1501 2993 ἐ
1519 2963 1642 2993 literam
1666 2961 1865 3000 Allooriqes,
1895 2959 2022 2992 Charax
2049 2967 2125 2989 vero

1100 3027 1153 3058 per
1166 3027 1183 3049 o
1201 3017 1295 3047 breve
1313 3014 1497 3053 Allobroycs
1512 3015 1613 3044 vocat.

653 3272 826 3278 —————-
835 3264 1063 3285 Q*
1063 3263 1438 3286 saw—*-
1444 3269 1468 3273 β
1473 3269 1483 3273 -
