2338 3765
959 166 1282 208 FRAGMENTA.

67 247 124 284 καὶ
139 246 199 292 τὴν
231 247 292 294 μὲν
308 247 424 298 χώραν
446 248 623 297 κατένειμε
652 250 718 290 τοῖς
743 251 937 297 Ποντικοῖς,
958 250 1033 291 τοὺς
1052 251 1087 287 δὲ

52 303 205 345 ’πολίτας
237 304 366 346 πλοίοις
395 304 568 353 ἐμὸαλὼν,
597 304 746 356 διέφερεν
776 306 830 342 ἐπὶ
854 305 909 342 τὸν
940 307 1084 346 Πόντον,

66 363 105 409 (2)
130 360 368 410 ἹΙρακλεῶται
390 361 441 407 δὲ,
473 362 544 399 ἐπεὶ
563 362 656 414 φιλία
675 363 786 404 αὐτοῖς
805 362 885 413 πρὸς
906 363 1006 406 Χίους
1034 359 1086 409 ἦν,

63 420 96 454 ἐν
117 419 165 469 τῷ
182 417 356 468 παράπλῳ
370 418 429 460 τὰς
446 419 617 462 Ποντικὰς
636 422 718 464 νῆας
730 449 738 465 ,
759 419 795 455 αἳ
811 420 885 461 τοὺς
900 420 1086 470 diffindi&—

62 490 137 516 τους
165 469 259 523 ἦγον,
295 475 550 526 ἐφορμήσαντες
581 478 698 519 αὐταῖς
731 479 799 514 οὐδ’
829 477 1088 526 ἀνθισταμέναις

62 531 158 580 (οὐδὲ
182 531 247 582 γὰρ
282 531 464 583 ἐξήρκουν)
488 536 636 582 κατῆγον
663 533 718 570 ἐπὶ
750 534 810 579 τὴν
844 534 956 572 πόλιν.
1018 537 1045 572 Ι(
1054 536 1087 572 αὶ

61 588 255 639 παραυτίκα
285 588 326 625 τὰ
347 590 430 640 πρὸς
453 589 513 636 τὴν
548 591 667 642 χρείαν
694 595 919 642 χορηγοῦντες
939 591 1088 643 ἀφθόνως

60 646 127 687 τοῖς
147 646 315 691 Χιώταις,
343 646 479 690 τούτους
506 648 761 697 ἀνελάμὸανον,
783 648 840 685 καὶ
869 648 1006 699 ὕστερον
1026 664 1086 696 με·

59 704 282 754 γαλοπρεπῶς
301 704 555 755 δωρησάμενοι,
575 707 608 742 ἐν
625 709 666 757 τῇ
688 706 824 756 πατρίδι
850 706 1086 752 ἀποκατέστη·

61 776 136 799 σαν.

112 819 284 856 XXXIV.
316 817 359 854 ‘H
373 817 406 854 δὲ
428 818 617 867 σύγκλητος
632 819 798 857 Φλάκκον
817 819 1007 870 Οὐαλέριον
1029 821 1086 856 καὶ

59 874 238 924 ψιμέριάν
271 875 401 924 πέμπει
435 878 597 925 πολεμεῖν
622 876 813 926 Μιθριδάτῃ
826 905 836 925 ‚
875 876 1086 927 ἐπιτρέψασα

59 932 116 968 καὶ
135 932 250 983 Σύλλα
271 933 525 981 συλλαμὲάνειν
537 938 595 971 τοῦ
611 933 763 983 πολέμου
775 964 784 982 ,
796 933 896 982 ὅμοια
913 937 1087 985 φρονοῦντι

57 992 99 1039 τῇ
118 990 316 1040 συγκλήτῳ·
338 992 366 1027 εἷ
394 991 428 1028 δὲ
447 992 512 1040 μὴ,
527 992 587 1036 τὴν
607 991 689 1041 πρὸς
705 991 804 1027 αὐτὸν
825 991 987 1043 πρότερον
1008 1007 1087 1029 συν-

58 1047 144 1097 άψαι
176 1048 306 1098 μάχην.
330 1042 440 1091 Οἷτος
456 1049 530 1085 κατ’
546 1048 654 1099 ἀρχὰς
675 1047 736 1096 μὲν
751 1048 922 1090 ποικίλαις
942 1049 1086 1085 ἐπάλαιε

58 1107 244 1156 συμφοραῖς
262 1106 376 1154 (λιμόν
397 1122 432 1143 τε
452 1106 517 1157 γὰρ
540 1106 596 1143 καὶ
623 1105 665 1142 τὰ
685 1105 751 1142 ἀπὸ
777 1108 836 1150 τῆς
854 1105 969 1156 μάχης
987 1106 1086 1143 πταί-

57 1177 172 1209 σματα
188 1162 287 1212 ἔσχε)
301 1193 309 1208 ,
331 1162 538 1214 κατώρθωσε
557 1162 671 1211 μέντοι
688 1161 730 1198 τὰ
748 1162 870 1198 πλείω·
893 1162 946 1199 διὰ
965 1163 998 1199 δὲ
1019 1165 1085 1201 Βυ-

56 1219 196 1260 ζαντίων
216 1220 270 1256 ἐπὶ
291 1221 447 1257 Βιθυνίαν
469 1220 656 1267 διαὸαλὼν,
674 1221 827 1257 κάκεῖθεν
849 1219 904 1256 ἐπὶ
925 1220 1084 1266 Νίκαιαν,

53 1279 114 1321 τῆς
130 1278 266 1328 πορείας
286 1278 379 1324 ἔστη.
402 1277 580 1320 Ὡσαύτως
593 1277 628 1314 δὲ
644 1277 702 1314 καὶ
724 1277 904 1328 Φιμὸρίας
925 1277 997 1325 ἅμα
1018 1280 1084 1321 τοῖς

55 1337 114 1370 σὺν
136 1336 228 1386 αὐτῷ
255 1335 495 1385 διεπεραιώθη.
516 1337 556 1384 (2)
578 1334 746 1373 Φλάκκου
773 1335 808 1371 δὲ
833 1335 1081 1386 δυσχεραίνον-

53 1406 107 1434 τος
121 1422 130 1438 ,
150 1391 200 1428 ὅτι
222 1392 402 1442 Φιμὸρίαν
424 1394 570 1441 μᾶλλον,
600 1392 660 1429 ἅτε
680 1392 721 1437 δὴ
752 1392 998 1443 φιλανθρώπως
1018 1394 1081 1445 ἅρ-

53 1463 176 1498 χοντα,
206 1450 243 1486 τὸ
269 1451 396 1495 πλῆθος
426 1449 596 1501 [ἄρχειν]
616 1449 755 1499 ἠγάπα,
775 1449 832 1486 καὶ
853 1451 1079 1501 διαλοιδορου-

53 1506 152 1554 μένου
172 1507 264 1557 αὐτῷ
292 1523 329 1543 τε
347 1507 404 1543 καὶ
424 1509 490 1543 τῶν
509 1509 729 1557 στρατιωτῶν
753 1512 822 1549 τοῖς
855 1508 1081 1559 ἐπιφανεστέ-

56 1579 141 1614 ροις,
165 1564 223 1601 δύο
244 1567 309 1601 τῶν
332 1564 444 1601 ἄλλων
462 1564 564 1601 πλέον
584 1567 629 1608 εἷς
648 1565 750 1616 ὀργὴν
781 1565 976 1617 ἐξαφθέντες
996 1569 1082 1604 ἀπο-

54 1622 258 1672 σφάττουσιν
295 1622 408 1660 αὐτόν.
433 1623 512 1674 Ἐφ’
543 1617 591 1666 οἷς
615 1626 636 1668 ἡ
660 1623 848 1673 σύγκλητος
868 1623 957 1661 κατὰ
986 1627 1081 1674 Φιμ-

51 1679 146 1730 ὅρίου
179 1679 430 1729 ἠγανάκτησεν.
496 1679 622 1729 τὈμως
662 1675 718 1717 οὖν
747 1681 807 1725 τὴν
845 1681 1079 1729 ἀγανάκτησιν

50 1738 266 1788 κρύπτουσα,
294 1738 461 1775 ὑπατείαν
498 1740 590 1790 αὐτῷ
622 1740 832 1790 ψηφισθῆναι
862 1738 1078 1789 διεπράξατο.

50 1796 94 1833 ‘O
122 1795 156 1832 δὲ
172 1796 286 1841 πάσης
302 1795 447 1845 γεγονὼς
467 1796 606 1845 ἡγεμὼν
632 1799 691 1842 τῆς
709 1796 902 1845 δυνάμεως,
924 1796 983 1838 τὰς
1018 1795 1078 1844 μὲν

49 1853 192 1896 ἑκούσας
209 1852 268 1895 τὰς
284 1853 317 1890 δὲ
340 1854 396 1890 καὶ
419 1853 617 1904 βιαζόμενος
636 1856 703 1890 τῶν
722 1853 855 1890 πόλεων
871 1853 1075 1904 προσήγετο.

52 1910 93 1947 'O
114 1911 148 1946 δὲ
176 1914 234 1947 τοῦ
269 1911 482 1961 Μιθριδάτου
504 1911 593 1957 υἱὸς,
618 1910 795 1956 Ταξίλλην
815 1911 873 1948 καὶ
893 1912 1077 1961 Διόφαντον

48 1968 107 2004 καὶ
138 1968 334 2020 Μένανδρον
356 1968 432 2011 τοὺς
467 1969 622 2019 ἀρίστους
655 1972 724 2006 τῶν
756 1971 956 2019 στρατηγῶν
991 1968 1077 2018 ἔχων

48 2028 122 2073 μεθ’
146 2028 267 2063 ἑαυτοῦ
294 2026 352 2063 καὶ
375 2026 506 2071 πολλὴν
537 2026 629 2074 ἄγων
651 2025 804 2074 δύναμιν,
839 2028 887 2076 τῷ
917 2026 1076 2076 (Ιὶιμὲρίᾳ

47 2083 243 2128 ὑπηντίαζε.
306 2088 347 2133 (3)
370 2083 425 2121 Τὰ
443 2083 503 2132 μὲν
522 2077 579 2120 οὖν
597 2086 718 2134 πρῶτα
737 2083 776 2120 τὸ
792 2082 1076 2134 ἕπικρατέστερον

47 2142 76 2176 οἱ
96 2140 265 2191 βάρὸαροι
281 2141 417 2192 ἔφερον·
441 2140 622 2191 Φιμὸρίας
643 2139 677 2177 δὲ
707 2140 952 2177 ἀνασώσασθαι
970 2156 1077 2191 στρα-

49 2198 222 2247 τηγήματι
242 2198 301 2241 τὰς
322 2200 359 2235 ἐκ
384 2197 608 2248 παρατάξεως
625 2198 826 2240 ἐλαττώσεις
843 2198 1077 2247 διανοούμενος

48 2256 103 2304 (τὸ
123 2256 188 2306 γὰρ
205 2256 367 2305 πολέμιον
384 2257 544 2305 ὑπερεῖχε
559 2255 723 2305 πλήθει),
743 2255 862 2315 ὡςωέπί
878 2271 951 2292 τινα
969 2271 1076 2292 ποτα-

46 2314 108 2362 μὸν
126 2317 191 2350 τῶν
214 2314 420 2364 μαχομένων
451 2314 596 2362 ἑκατέρα
620 2313 762 2362 δύναμις
786 2317 867 2359 ἧκε,
889 2313 946 2349 καὶ
972 2313 1074 2361 μέσον

47 2372 172 2420 ἀμφοῖν
193 2375 310 2408 τοῦτον
346 2370 570 2416 ἐποιήσαντο,
602 2370 734 2419 ὅμὸρου
771 2371 848 2421 περὶ
873 2370 929 2407 τὸν
957 2371 1074 2422 ὄρθρον

45 2428 218 2479 ῥαγέντος,
254 2427 507 2479 ἀπροσδόκητος
537 2431 554 2464 ὃ
575 2431 642 2465 τῶν
673 2428 859 2477 ‘Panionium
887 2429 1076 2479 στρατηγὸς

46 2485 214 2522 διαέῗαίνει
234 2486 288 2522 τὸν
309 2485 477 2534 ποταμὸν,
492 2485 548 2522 καὶ
566 2484 660 2537 ὕπνῳ
676 2488 742 2522 τῶν
759 2486 930 2534 πολεμίων
952 2487 984 2522 ἐν
1001 2487 1074 2529 ταῖς

45 2545 186 2587 σκηναῖς
213 2541 454 2593 κατεχομένων
495 2544 666 2579 ἐπιπεσὼν
699 2542 779 2591 μηδ’
814 2542 1074 2591 αἰσθανομένους

43 2600 268 2646 κατέκτεινεν,
288 2602 410 2649 ὀλίγων
431 2603 497 2636 τῶν
520 2602 552 2637 ἐν
581 2601 777 2649 ἡγεμονίαις
796 2601 1071 2652 διαπεφευγότων

44 2658 101 2694 τὸν
120 2658 256 2708 ὄλεθρον
277 2657 335 2694 καὶ
352 2660 418 2694 τῶν
438 2657 583 2696 ἱππέων.
603 2660 688 2696 Μεθ’
713 2653 758 2695 ὧν
784 2659 842 2695 καὶ
863 2659 1072 2710 Μιθριδάτης

43 2717 60 2750 ὁ
76 2714 287 2765 Μιθριδάτου
304 2743 313 2762 ,
332 2714 390 2751 καὶ
404 2714 486 2764 πρὸς
503 2715 539 2751 τὸ
561 2714 743 2765 Πέργαμον
767 2715 850 2765 πρὸς
866 2716 921 2752 τὸν
939 2719 1070 2768 πατέρα

44 2771 256 2822 Μιθριδάτην
281 2771 353 2820 ἅμα
385 2778 454 2814 τοῖς
474 2771 827 2821 συνεπισπασαμένοις
851 2774 1067 2817 διασώζεται.

45 2828 148 2867 Οὕτω
169 2829 203 2866 δὲ
223 2829 360 2880 βαρείας
379 2833 439 2875 ’.ἧς
469 2836 646 2881 συμφορᾶς
662 2830 720 2866 καὶ
739 2831 902 2881 λαμπρᾶς
921 2837 987 2874 τοῖς
1007 2835 1070 2882 βα-

43 2887 184 2928 σιλικοῖς
213 2886 472 2936 συμπεσούσης,
495 2889 529 2923 αἱ
549 2888 710 2924 πλεῖσται
737 2889 803 2924 τῶν
830 2889 963 2925 πόλεων
987 2889 1069 2940 πρὸς

41 2942 116 2984 τοὺς
140 2943 335 2991 εΡωμαίους
351 2943 543 2992 μετέθεντο.

93 2996 248 3033 XXXV.
280 2995 415 3045 Μαρίου
437 2995 471 3032 δὲ
487 2996 554 3032 ἀπὸ
575 2998 635 3040 τῆς
649 2999 756 3047 φυγῆς
779 2996 1008 3039 ἀνασωθέντος
1023 3000 1068 3040 εἰς

41 3050 101 3096 τὴν
122 3051 280 3102 Ῥώμην,
303 3052 442 3096 Σύλλας
461 3052 579 3094 δεδιὼς
600 3055 685 3102 (τῶν
706 3056 980 3092 ἀντιστασιωτῶν
1002 3055 1067 3106 γὰρ

2101 192 2172 225 543

1149 261 1448 302 navigiisimpositos
1463 266 1491 296 in
1512 269 1645 299 Pontum
1662 270 1791 302 «timuit.
1821 274 1862 301 r'ffl
1883 275 1917 304 *it
1946 277 2172 316 lleraclicnses,

1147 342 1230 379 quod
1248 344 1384 375 amicitia
1403 346 1556 385 ipsiscum
1570 351 1654 382 Chiis
1668 353 1851 391 intercessit,
1869 358 2009 388 l‘untirns
2024 360 2052 389 in
2071 362 2173 390 tran>-

1149 425 1193 456 itu
1213 436 1326 467 navos,
1352 440 1423 469 quae
1446 436 1585 473 captivos
1610 439 1781 479 vellebant,
1800 443 1921 483 adorti,
1937 454 1974 476 ne
2000 448 2174 480 resistentes

1147 507 1274 546 quidem
1295 511 1474 549 (nonenim
1494 519 1540 547 sat
1556 519 1764 560 vii-iuniorat)
1785 523 1813 554 in
1828 526 1937 556 urin-in
1951 527 2118 560 deduxere.
2137 533 2173 560 Et

1147 588 1223 618 tunc
1241 590 1369 628 quidem
1389 594 1471 631 large
1487 596 1579 627 rebus
1603 603 1781 633 necessariis
1802 606 2003 645 suppeditatis
2031 610 2173 642 reficiunt

1147 669 1242 700 Chios
1255 694 1263 708 ,
1281 673 1479 710 postmodum
1496 685 1569 707 vero
1588 680 1710 711 eximiis
1725 683 1854 715 affectos
1871 690 2056 721 muneribus
2070 691 2100 722 in
2119 701 2170 731 pa-

1148 751 1238 782 triam
1254 753 1432 786 restituunt.

1188 836 1328 864 XXXIV.
1352 836 1417 866 Sub
1436 845 1471 867 ca
1488 840 1596 870 Romae
1615 844 1740 875 senatus
1760 848 1883 879 Valerio
1900 850 2010 881 Flacco
2032 855 2062 884 et
2085 854 2169 885 Fim-

1148 906 1223 937 briae
1237 907 1353 939 bellum
1371 909 1616 944 Mithridaticum
1636 918 1820 955 committit,
1845 929 1915 951 cnm
1941 925 2111 964 mandatis,
2137 930 2170 957 ut

1147 981 1280 1020 Syllam,
1308 983 1332 1013 si
1352 985 1457 1022 partes
1485 988 1612 1018 senatus
1628 990 1764 1031 tueatur,
1785 994 1934 1033 adjuvent
1952 1008 1958 1027 :
1976 999 2022 1029 sin
2050 1001 2170 1039 minus,

1146 1064 1219 1086 cum
1236 1056 1302 1094 ipso
1328 1058 1414 1097 prius
1435 1068 1548 1091 manus
1570 1066 1743 1096 conserant.
1786 1068 1841 1098 llle
1859 1070 1951 1108 igitur
1982 1081 2053 1103 cnm
2079 1076 2172 1105 variis

1145 1130 1233 1161 initio
1247 1131 1477 1164 colluctabatur
1488 1135 1580 1166 sortis
1592 1136 1732 1169 adversae
1748 1141 1869 1172 casibus
1883 1153 1889 1173 z
1910 1153 1982 1175 nain
2008 1148 2038 1177 et
2057 1148 2169 1180 samem

1145 1206 1176 1235 et
1189 1205 1297 1237 Martis
1311 1205 1506 1246 iniquitatem
1520 1210 1683 1250 sustinuit3
1698 1213 1728 1243 in
1743 1214 1897 1255 plerisque
1907 1219 2010 1250 tamen
2029 1230 2172 1263 prospere

1144 1275 1279 1306 fortunae
1295 1285 1439 1308 successu
1463 1287 1546 1310 usus¹
1585 1282 1705 1321 Perque
1720 1285 1941 1322 Byzantiorum
1966 1289 2041 1321 lines
2065 1292 2096 1322 in
2120 1295 2170 1324 Bi-

1143 1344 1283 1382 thyniam
1301 1354 1498 1386 progressus,
1513 1350 1543 1379 et
1562 1349 1634 1380 inde
1647 1350 1782 1383 Nicaeam
1802 1363 1910 1386 versus
1925 1358 2036 1388 stativa
2049 1359 2168 1392 habuit.

1142 1418 1185 1453 (2)
1202 1421 1240 1446 At
1255 1420 1399 1448 b‘lactum
1412 1441 1421 1456 ,
1439 1419 1515 1448 dum
1545 1420 1670 1459 indigne
1701 1422 1778 1461 sert,
1796 1424 1835 1454 ab
1858 1427 1999 1458 exercitu
2026 1429 2171 1460 Fimbriae

1142 1486 1212 1525 plus
1229 1486 1344 1525 faveri,
1366 1486 1596 1528 imperiumque
1620 1491 1707 1529 ejus,
1723 1493 1832 1531 utpote
1857 1495 1966 1526 mitius
1996 1499 2026 1528 et
2058 1498 2168 1529 liuma-

1141 1556 1226 1594 nius,
1245 1557 1402 1596 pracferri,
1422 1557 1554 1597 ideoque
1567 1560 1597 1590 et
1613 1560 1715 1599 ipsum
1729 1563 1759 1592 et
1772 1563 1908 1594 militum
1928 1566 2095 1598 nobiliores
2108 1570 2168 1599 cri-

1142 1625 1289 1665 minatur,
1316 1626 1378 1656 duo
1403 1635 1467 1666 prae
1484 1627 1550 1658 aliis
1564 1628 1608 1658 ira
1628 1628 1812 1661 inflammati
1829 1633 1999 1666 trucidant.
2021 1637 2090 1671 Quo
2110 1646 2166 1667 no-

1140 1697 1223 1727 mine
1238 1698 1364 1728 senatus
1376 1697 1521 1728 Fimbriae
1535 1698 1623 1729 irasci
1635 1699 1760 1738 quidem
1772 1723 1781 1739 ‚
1793 1701 1847 1732 sed
1861 1703 1965 1734 tamen
1976 1704 2169 1737 dissimulata

1140 1766 1351 1807 indignatione
1369 1769 1569 1799 consulatum
1594 1769 1621 1799 ei
1641 1769 1870 1802 decernendum
1883 1781 2003 1805 curare.
2022 1776 2080 1806 Hie
2095 1786 2168 1816 ergo

1139 1844 1248 1867 omnes
1261 1836 1319 1867 sub
1331 1837 1459 1876 imperio
1471 1837 1575 1876 copias
1587 1837 1705 1869 habens
1715 1862 1723 1877 ‚
1738 1839 1899 1879 civitates,
1914 1842 1990 1873 alias
2004 1844 2165 1875 voluntale

1139 1905 1294 1944 ipsarum,
1312 1905 1387 1936 alias
1404 1906 1434 1936 vi
1462 1905 1520 1936 sibi
1540 1906 1696 1945 adjunxit.
1721 1908 1909 1941 Mithridatis
1931 1912 2037 1942 autem
2062 1912 2144 1944 filins
2157 1938 2165 1951 ,

1138 1980 1210 2002 eum
1234 1972 1342 2002 Taxile
1357 1974 1389 2003 et
1412 1972 1590 2012 Diophanto
1601 1975 1632 2005 et
1659 1976 1849 2015 Menandro,
1873 1978 1990 2009 ducum
2014 1982 2165 2019 praestan-

1138 2041 1281 2078 tissimis,
1309 2041 1518 2080 conjunctus,
1536 2044 1567 2073 et
1583 2051 1696 2082 magno
1719 2045 1843 2083 agmine
1871 2046 2060 2086 instructus,
2086 2049 2165 2080 Fim-

1138 2109 1214 2140 briae
1227 2111 1382 2140 occursat.
1410 2110 1452 2148 (3)
1473 2112 1510 2141 Et
1523 2111 1624 2150 primo
1641 2111 1847 2143 barbarorum
1863 2114 1944 2146 vires
1960 2117 2164 2156 praecellunt3

1138 2186 1234 2217 qnare
1256 2178 1444 2209 detrimenta
1470 2179 1500 2209 in
1517 2179 1664 2210 conflictu
1682 2182 1810 2219 accepta
1828 2183 2046 2222 strategemate
2064 2194 2163 2216 resar-

1137 2249 1198 2279 cire
1212 2249 1351 2288 cogitans
1367 2248 1503 2279 Fimbria
1526 2249 1642 2287 (hostis
1662 2250 1746 2280 enim
1762 2259 1895 2282 numero
1918 2253 2054 2284 militurn
2068 2263 2162 2294 supe·

1137 2318 1199 2348 rior
1213 2318 1304 2355 erat)
1322 2341 1330 2355 ,
1352 2326 1450 2356 quum
1470 2317 1509 2347 ad
1535 2317 1652 2348 flumen
1671 2318 1828 2357 quoddam
1856 2323 2043 2359 perventum
2069 2326 2165 2361 esset,

1135 2386 1218 2426 quod
1245 2388 1416 2426 utrumqne
1438 2386 1610 2417 exercitum
1631 2387 1802 2427 divideret,
1817 2389 1917 2421 imbre
1943 2392 2001 2422 suh
2015 2400 2162 2424 auroram

1135 2455 1214 2486 sorte
1239 2455 1357 2493 effuso,
1383 2463 1424 2485 ex
1446 2455 1614 2493 improviso
1638 2457 1798 2487 Romanus
1828 2457 1998 2497 imperator
2027 2460 2162 2492 ssuvium

1133 2526 1341 2564 transgressus
1354 2548 1361 2562 ,
1377 2524 1480 2554 hostes
1494 2523 1524 2554 in
1537 2524 1680 2555 tentoriis
1694 2533 1804 2556 somno
1818 2529 1963 2565 gravatos
1976 2528 2018 2558 ita
2032 2537 2162 2569 oppres-

1132 2593 1188 2630 sit,
1214 2593 1251 2623 ut
1267 2601 1305 2623 ne
1323 2592 1474 2623 sentirent
1490 2592 1616 2631 quidem
1636 2605 1642 2624 :
1662 2594 1693 2624 et
1711 2602 1823 2633 magna
1854 2597 1954 2634 strage
1968 2596 2050 2628 edita
2062 2621 2070 2635 ,
2089 2606 2164 2637 prae·

1133 2661 1286 2692 sectorum
1311 2670 1374 2691 non
1402 2661 1491 2692 multi
1521 2663 1552 2692 ct
1578 2661 1700 2701 equites
1726 2671 1835 2693 necem
1868 2664 2055 2703 effugerunt.
2080 2667 2163 2697 inter

1131 2738 1210 2769 quos
1227 2730 1320 2760 eiiam
1338 2729 1547 2767 MitliridateS‚
1562 2730 1640 2769 regis
1654 2730 1736 2761 filius
1747 2754 1756 2769 ,
1774 2732 1961 2770 Pergamum
1972 2732 2011 2763 ad
2025 2735 2160 2773 patrem,

1131 2809 1193 2830 una
1220 2808 1292 2830 cum
1316 2799 1351 2830 iis
1376 2800 1430 2838 qui
1454 2799 1548 2830 simul
1581 2800 1653 2838 fuga
1675 2802 1885 2840 emerserant,
1917 2802 2023 2832 salvus
2048 2803 2160 2833 evasit>

1130 2870 1207 2898 Tam
1224 2867 1327 2907 gravis
1340 2867 1432 2906 igitur
1445 2868 1476 2898 et
1495 2867 1620 2906 insignis
1633 2867 1738 2898 clades
1764 2869 1818 2899 ubi
1836 2869 1925 2908 regiis
1947 2870 2072 2908 accidit,
2089 2870 2154 2910 plu·

1129 2936 1217 2966 rirnae
1234 2935 1375 2966 civitates
1385 2934 1423 2965 ad
1440 2936 1595 2966 Romanos
1612 2935 1824 2967 desciverunt.

1170 3005 1297 3034 XXXV.
1317 3004 1438 3033 Interea
1459 3003 1557 3033 Mario
1582 3012 1598 3034 e
1615 3004 1687 3042 suga
1703 3006 1835 3035 Romam
1853 3014 1997 3043 reverso,
2015 3007 2158 3036 metuens

1128 3061 1214 3100 Sylla
1237 3064 1332 3096 (narn
1349 3060 1388 3091 de
1404 3060 1604 3091 inimicorum
1627 3061 1696 3100 ejus
1722 3062 1855 3093 factione
1881 3063 1933 3093 ille
1951 3064 2017 3093 erat
2032 3063 2041 3100 )
2058 3071 2097 3092 ne
2115 3062 2156 3092 si-

80 3178 221 3208 xxxiv.
247 3182 272 3208 1.
288 3182 341 3208 τοῦ
355 3178 582 3219 πολέμου]θιῃ.
597 3179 761 3219 Schaeser.;
779 3180 847 3210 libri
862 3183 906 3220 τῷ
923 3181 1059 3220 πολέμῳ.
1076 3198 1114 3202 -
1127 3185 1163 3220 τῇ
1179 3181 1358 3221 συγκλήτῳ]
1377 3184 1452 3213 Haec
1468 3182 1641 3212 abundant.
1660 3183 1817 3221 Scaliger.
1837 3201 1875 3207 —-
1892 3184 1945 3218 τὴν
1956 3183 2027 3221 πρὸς
2042 3181 2153 3221 αὐτόν]

41 3224 95 3258 τὴν
111 3222 261 3253 abundat.
283 3225 408 3263 Scaltq.
432 3242 472 3246 —-
490 3229 518 3254 2.
535 3226 594 3255 Φλ.
620 3225 887 3265 δυσχεραίνοντος]
905 3226 953 3257 Cf.
977 3227 1108 3265 Appian.
1127 3227 1147 3257 Ι.
1166 3227 1186 3257 l.
1210 3236 1239 3258 e.
1264 3232 1297 3259 51
1322 3237 1368 3266 sq.
1393 3245 1431 3249 —
1451 3228 1572 3267 ἄρχειν]
1598 3228 1756 3267 abundat3
1784 3237 1838 3266 pro
1854 3228 2041 3281 glossemate
2062 3227 2156 3257 habet

41 3268 155 3306 Orelli;
172 3270 261 3300 uncis
277 3270 402 3301 inclusit
422 3271 550 3302 Bekker.
573 3288 605 3292 —
619 3274 648 3302 3.
667 3271 906 3312 ἀνασώσασθαι]
922 3275 956 3303 Α.
969 3296 977 3310 ,
992 3273 1151 3303 ἀνασῶσαι
1168 3274 1252 3313 vulg.
1266 3291 1306 3296 —-
1319 3275 1370 3304 τὸν
1383 3274 1505 3314 ὄρθρον]
1518 3275 1569 3304 τὸν
1585 3274 1702 3304 omittit
1718 3273 1787 3304 cod.
1805 3277 1839 3304 A.
1859 3293 1896 3298 —
1910 3273 2156 3313 απροσοοκητος]

41 3316 76 3343 Α.
95 3314 329 3353 ἀπροσδοκήτως
344 3317 426 3356 vulg.
440 3336 479 3341 -
495 3316 829 3356 συνεπισπασαμένοις]
843 3317 910 3348 cod.
932 3318 1129 3357 Margunius;
1148 3321 1455 3360 συνεξιππασαμένοις
1470 3321 1576 3351 ceteri.
